3924 6080
180 279 282 335 265
1139 272 1486 329 CHRONICA.
1528 304 1597 314 —-
1635 273 2016 332 AUCTARIUM
2055 271 2543 329 GEMBLACENSE.
3393 278 3500 334 266

241 414 406 469 1147.
518 409 728 464 11.10.
844 407 902 462 F.
955 408 1044 462 11.
1157 409 1331 463 Α.11.
1448 408 1599 463 Η.3.

1949 406 2160 462 cclcsiaa
2190 405 2440 461 tractavit
2486 412 2541 459 et
2585 403 2950 461 confirmavit.
2982 405 3129 461 Inter
3153 407 3264 462 alia
3286 409 3498 478 statuit,

241 507 532 563 Cunradus
563 521 658 560 rex
689 503 1005 559 Heinricum
1049 502 1222 557 ﬁlium
1254 519 1412 558 suum
1454 503 1788 578 Aquisgrani
1891 508 1953 559 ut
1975 501 2196 555 decreta
2218 496 2524 552 Innocentii
2556 512 2715 567 papae
2747 496 3160 566 predecessoris
3195 499 3280 554 sui
3311 508 3428 555 rata
3449 506 3504 555 et

175 597 229 651 in
259 611 450 667 regem
475 593 739 649 sublimat
795 593 974 661 (Mart-
1033 591 1140 659 30),
1200 607 1274 645 ne
1323 600 1446 660 post
1502 591 1791 646 decessum
1895 592 2217 651 inconvulsa
2271 598 2662 661 permanerent
2709 607 2723 657 ;
2764 591 3025 662 quicquid
3075 599 3257 648 autem
3308 593 3502 650 Petrus

175 701 333 739 suum
369 699 597 757 regnum
641 681 853 752 absque
880 679 1132 751 principe
1165 685 1494 746 remaneret,
1526 686 1580 734 et
1609 679 1794 750 aliqua
1896 683 2094 740 Leonis
2140 680 2495 752 pseudOpapa
2559 685 2822 734 statuerat
2852 681 2937 734 vel
2968 681 3337 749 ordinaverat,
3378 683 3506 738 irri-

177 792 358 830 rerum
393 773 733 845 perturbatio
781 778 1110 827 moveretur.
1159 769 1312 826 Multi
1367 771 1788 825 christianorum
1895 779 2008 827 tum
2033 772 2346 837 haberetur,
2379 767 2732 840 promulgans
2759 768 3094 824 sententiam
3127 770 3206 825 sic
3239 773 3505 827 :Ordina-

172 887 272 940 per
303 885 460 924 mare
482 867 770 941 Anglicum
803 865 1036 937 profecti
1080 864 1147 919 ad
1171 865 1533 919 debellandos
1564 865 1793 920 Sarace-
1894 871 2059 922 tio-nes
2087 869 2261 934 factas
2291 881 2324 918 α
2347 865 2458 929 ﬁlio
2487 867 2631 918 Petri
2659 866 2838 919 Leonis
2858 872 2910 919 et
2939 865 3007 920 ab
3033 867 3155 920 aliis
3182 869 3502 922 scismaticis

171 979 292 1028 nos,
323 962 551 1017 tandem
583 975 810 1015 emenso
865 959 1004 1013 mari
1062 958 1118 1011 in
1176 957 1444 1012 Gallitiam
1476 957 1621 1028 apud
1655 958 1792 1010 8³η-
1891 969 1941 1016 et
1970 964 2231 1025 hereticis,
2269 974 2595 1014 evacmunus
2648 966 2699 1012 et
2729 962 2914 1014 irritas
2970 976 3079 1016 esse
3115 977 3411 1017 censemus.
3450 964 3506 1016 In

173 1061 324 1107 ctum
357 1050 621 1106 Jacobum
650 1035 1057 1120 applicuerunt.
1101 1048 1161 1102 Et
1189 1048 1315 1101 inde
1339 1057 1621 1102 moventes
1645 1063 1792 1100 exer-
1895 1053 1993 1106 hac
2014 1051 2225 1121 synodo
2243 1049 2513 1103 adductus
2540 1056 2623 1103 est
2673 1051 3021 1120 supradictus
3073 1052 3350 1106 hereticus
3398 1053 3506 1108 Eu-

173 1146 369 1208 citum,
395 1148 772 1212 pervenerunt
803 1140 871 1193 ad
933 1140 1128 1193 urbem
1169 1139 1566 1192 Saracenorum
1600 1145 1795 1207 poten-
1895 1158 2018 1208 nus,
2047 1149 2100 1196 et
2133 1146 2481 1211 presentatus
2504 1155 2660 1210 papm
2687 1156 2720 1194 a
2739 1142 2975 1212 quodam
2999 1143 3271 1199 catholico
3297 1145 3510 1200 Britan-

173 1233 464 1295 tissimam,
491 1245 612 1300 quae
639 1244 706 1282 ex
762 1227 987 1282 nomine
1037 1226 1346 1281 conditoris
1376 1226 1668 1280 Ulixibona
1699 1225 1792 1279 di-
1896 1230 2001 1284 nia:
2030 1231 2313 1301 episcOpo.
2365 1228 2460 1283 Hic
2511 1228 2685 1301 igitur
2723 1229 2777 1282 in
2828 1231 3109 1286 audientia
3164 1233 3408 1288 omnium
3441 1233 3510 1288 de

171 1324 314 1378 Cilur
345 1341 359 1386 ς
392 1322 487 1376 ubi
517 1321 670 1375 "ario
700 1320 829 1373 belli
884 1326 1086 1373 θνθηιιι
1140 1334 1263 1372 cum
1315 1317 1602 1373 Saracenis
1631 1318 1796 1372 ἀίῐηί-
1895 1343 1995 1382 sua
2021 1341 2281 1396 perversa
2331 1324 2509 1378 heresi
2569 1324 2852 1379 discussus
2883 1333 2939 1380 et
2998 1327 3301 1395 convictus,
3335 1330 3506 1384 vitam

171 1419 383 1476 cantes,
424 1410 721 1477 adjuvante
747 1408 877 1473 Deo,
915 1407 1071 1476 potiti
1099 1416 1228 1460 sunt
1279 1406 1528 1472 victoria,
1559 1415 1618 1461 et
1647 1405 1796 1461 occi-
1897 1416 2120 1487 quidem
2151 1420 2204 1469 et
2254 1414 2524 1479 membra,
2579 1413 2842 1484 episcOpo
2909 1415 3004 1487 qui
3053 1432 3178 1470 eum
3215 1417 3516 1475 adduxerat

173 1501 249 1554 sis
311 1499 400 1554 vel
456 1496 836 1553 exterminatis
884 1496 1192 1562 Saracenis,
1257 1495 1448 1550 urbem
1501 1496 1678 1566 ipsam
1743 1504 1799 1549 et
1899 1505 2304 1577 expostulante,
2329 1505 2573 1572 retinuit,
2615 1505 2712 1560 sed
2746 1515 2929 1560 tamen
2962 1515 3237 1579 praecepto
3268 1525 3425 1580 papa,
3456 1512 3512 1565 in

176 1606 398 1646 omnem
451 1591 506 1643 in
561 1588 795 1643 circuitu
850 1587 1108 1642 viciniam
1160 1587 1348 1659 quiete
1405 1587 1794 1658 possederunt.
1899 1594 2147 1651 custodia
2177 1595 2470 1668 relegatus,
2504 1601 2558 1649 et
2581 1594 2654 1647 ibi
2706 1602 2829 1665 post
2869 1610 2980 1650 non
3014 1596 3247 1651 multum
3281 1606 3509 1670 tempo-

177 1683 429 1754 Eclypsis
483 1682 616 1737 solis
656 1680 795 1736 facta
832 1691 914 1736 est
961 1681 1106 1736 circa
1169 1681 1384 1735 tertiam
1440 1682 1629 1736 horam
1663 1680 1797 1748 diei,
1828 1686 1977 1799 Bris
2006 1694 2252 1741 mortuus
2271 1692 2372 1740 est.
2415 1687 2474 1739 In
2535 1686 2635 1740 hac
2663 1687 2875 1756 synodo
2930 1687 3360 1759 archiepiscopi,
3387 1691 3517 1762 epi-

182 1780 209 1799 Η
237 1778 328 1799 11-Ι
390 1776 710 1799 λῖ----...ι...ἷ-
767 1775 1004 1799 λτ...,¹Ι....Δ
1048 1791 1261 1799 ---Α..---
1295 1776 1358 1799 -,1
1382 1792 1577 1799 ..η---μ
1612 1777 1765 1799 ..-ΔΞΑ
1903 1775 2051 1799 ---..;
2087 1783 2135 1799 ..ι
2169 1775 2391 1799 ..ὶιῑκ-ιΛη
2442 1789 2616 1799 ...ελ-..Α
2665 1774 2728 1799 AA
2784 1774 2931 1799 ...ξιιΑ
2995 1785 3206 1799 ---κιημ
3243 1779 3510 1799 ____J2--_

182 1780 209 1834 7
237 1778 355 1833 Kal.
390 1776 732 1833 Novembris.
766 1775 1008 1831 Necdum
1040 1791 1266 1848 quoque
1294 1776 1360 1831 ad
1382 1792 1581 1847 purum
1612 1777 1799 1830 redin-
1830 1774 1879 1799 υ
1901 1775 2056 1846 scepi
2083 1783 2138 1830 et
2167 1775 2394 1829 abbates
2442 1789 2618 1846 usque
2663 1774 2731 1828 ad
2784 1774 2934 1829 mille
2991 1785 3211 1832 centum
3243 1779 3520 1835 resedisse

182 1875 397 1942 tegrato
419 1866 584 1922 solari
623 1866 855 1934 lumine,
911 1867 1007 1921 sed
1061 1866 1242 1922 adhuc
1285 1865 1621 1922 circumfuso
1651 1866 1803 1936 ecly-
1904 1865 2449 1920 dicuntur.Terrores
2474 1865 2544 1920 de
2571 1865 2706 1921 caelo
2738 1872 2791 1920 et
2837 1873 3193 1938 tempestates
3244 1869 3388 1926 ultro
3429 1886 3524 1927 so-

183 1962 332 2033 ptica
362 1959 623 2032 caligine,
657 1959 874 2014 stellam
906 1957 1337 2028 conspicabilem
1369 1959 1426 2012 in
1465 1973 1592 2012 aere
1648 1957 1804 2012 multi
1905 1960 2083 2027 litum,
2110 1960 2244 2014 alias
2273 1959 2622 2025 clementius,
2679 1959 2813 2013 alias
2883 1961 3274 2016 inclementius
3305 1964 3526 2020 accide-

183 2059 578 2124 suspexerunt.
610 2053 851 2107 Fuerunt
879 2052 1043 2106 etiam
1085 2051 1200 2116 alii,
1235 2051 1329 2123 qui
1373 2052 1652 2118 dixerunt,
1675 2051 1806 2106 sein
1909 2059 2037 2108 runt
2085 2052 2272 2107 Mense
2303 2051 2517 2118 Martio,
2557 2052 2590 2105 8
2653 2051 2759 2105 Kal.
2813 2052 3035 2121 Aprilis,
3101 2070 3224 2108 cum
3269 2055 3388 2110 dies
3411 2057 3522 2125 jam

185 2149 306 2218 ipso
362 2146 500 2202 orbe
557 2144 691 2201 solis
747 2144 1094 2212 majestatem
1150 2143 1393 2198 divinam
1447 2144 1678 2211 vidisse,
1740 2158 1808 2198 eo
1911 2145 2273 2214 advesperam
2321 2143 2630 2208 inclinaret,
2689 2143 3011 2217 gravissima
3073 2143 3228 2199 fuere
3261 2147 3522 2213 tonitrua,

188 2237 358 2291 modo
381 2249 492 2305 quo
522 2251 553 2287 a
575 2231 882 2304 pictoribus
911 2234 966 2287 in
997 2232 1152 2287 libris
1182 2233 1407 2307 depingi
1437 2233 1595 2288 solet.
1630 2232 1687 2285 In
1711 2247 1812 2286 na-
1911 2251 2035 2291 cum
2061 2233 2273 2308 ingenti
2305 2234 2724 2289 choruscatione
2755 2234 3134 2303 etprocellosa
3167 2236 3373 2306 pluvia.
3403 2237 3523 2293 Non

188 2327 281 2381 tali
315 2325 537 2381 Domini
570 2323 778 2379 fulmen
833 2324 1030 2395 irrupit
1091 2323 1355 2395 templum
1398 2322 1807 2393 Hierosolymis,
1911 2332 2092 2378 autem
2123 2323 2306 2377 evenit
2328 2330 2478 2387 tunc,
2498 2321 2647 2393 quod
2694 2321 2801 2375 alio
2827 2330 3076 2392 tempore
3111 2321 3338 2379 evenire
3363 2325 3522 2392 solet,

190 2425 242 2472 et
264 2417 336 2472 de
366 2415 625 2472 columna
664 2431 731 2469 ex
785 2414 1068 2486 lapidibus
1116 2413 1280 2480 facta,
1343 2429 1466 2484 quae
1511 2412 1806 2483 sepulchro
1909 2424 1968 2476 ut
1996 2430 2170 2471 sonus
2209 2413 2301 2468 ille
2332 2414 2399 2467 ad
2427 2429 2588 2468 aures
2613 2413 2896 2468 hominum
2927 2413 3190 2484 paulatim
3217 2417 3522 2484 perveniat,

190 2504 412 2562 Domini
442 2504 692 2575 proxima
705 2511 844 2570 erat,
877 2502 1019 2558 duos
1046 2502 1260 2574 lapides
1286 2502 1524 2576 grandes
1545 2500 1804 2554 excussit.
1908 2519 1972 2559 ac
2001 2502 2204 2558 deinde
2235 2507 2444 2556 crescat
2467 2500 2523 2554 in
2541 2499 2720 2569 majus
2749 2518 2763 2567 ;
2791 2500 2889 2555 sed
2919 2501 2994 2556 ita
3013 2510 3242 2573 repente
3266 2505 3529 2576 etinspe-

192 2596 323 2651 lnde
363 2594 434 2649 ad
463 2593 644 2650 locum
685 2593 994 2664 baptisterii
1028 2607 1378 2662 percurreuS.
1403 2590 1644 2661 lapidem
1673 2605 1811 2643 [ηδτ-
1911 2604 2025 2650 rate
2053 2593 2328 2664 increpuit
2359 2592 2539 2665 fragor
2579 2592 2668 2646 ille
2698 2590 2950 2658 tonitrui,
2986 2600 3046 2648 ut
3074 2608 3270 2649 omnes
3310 2597 3404 2667 qui
3432 2613 3534 2652 au-

195 2690 365 2744 moris
395 2703 716 2753 concavum,
765 2686 860 2756 qui
918 2702 1115 2756 aquam
1174 2684 1433 2756 baptismi
1468 2683 1807 2750 continebat,
1917 2687 2158 2752 dierunt,
2185 2700 2386 2758 magno
2443 2689 2591 2737 metu
2656 2691 2711 2738 et
2776 2684 3168 2741 ammiratione
3195 2695 3534 2744 concuteret.

197 2779 512 2835 minutatim
539 2777 830 2848 confregit.
865 2777 1110 2848 Indeque
1153 2777 1207 2831 in
1248 2783 1490 2832 montem
1525 2776 1670 2846 Syon
1692 2790 1815 2846 per-
1921 2780 2053 2832 [tem
2084 2793 2271 2831 mense
2301 2776 2447 2831 Julio
2477 2776 2534 2828 in
2574 2774 2809 2830 diversis
2866 2775 3002 2831 locis
3041 2792 3242 2850 magna
3274 2779 3542 2837 tonitrua-

196 2871 415 2933 volans,
471 2868 658 2924 turrim
711 2866 956 2922 basilica:
1014 2865 1442 2937 pulcherrimam
1497 2883 1559 2922 ex
1623 2882 1745 2940 mag

1994 2888 2041 2924 m
2074 2877 2128 2925 et
2170 2870 2564 2942 fulgurantium
2613 2876 3004 2940 tempestatum
3075 2871 3358 2929 detonavit
3412 2890 3543 2945 pro—

208 2968 367 3030 parte
399 2955 685 3030 perfregit.
918 3008 924 3014 .
1933 2959 2074 3014 cella
2100 2977 2115 3024 ;
2144 2958 2242 3012 sed
2261 2958 2315 3012 in
2343 2967 2522 3012 castro
2554 2957 2906 3013 Laudunensi
2939 2959 3062 3030 plus
3092 2975 3255 3031 quam
3285 2961 3421 3018 alias
3459 2964 3544 3020 vis

270 3049 435 3106 1148.
655 3049 745 3102 11.
935 3046 1021 3102 12.
1245 3049 1336 3102 12.
1554 3049 1607 3100 4.

1998 3048 2280 3118 mpestatis
2311 3046 2563 3102 deseviit.
2601 3046 2731 3100 Nam
2766 3047 2822 3100 in
2849 3049 3186 3104 monasterio
3215 3051 3390 3106 sancti
3422 3052 3547 3109 Vin-

289 3141 576 3196 Cunradus
597 3147 652 3195 et
679 3139 1004 3196 Ludowicus
1035 3155 1216 3212 reges,
1248 3140 1342 3211 qui
1367 3139 1655 3211 superiore
1687 3151 1833 3190 anno
1859 3103 1908 3172 Ο
1940 3139 2131 3206 eentii,
2159 3155 2283 3194 cum
2316 3137 3004 3207 monachicompletorium
3032 3147 3314 3204 canerent,
3336 3138 3545 3195 fulmen

220 3248 350 3289 cum
374 3228 592 3284 inﬁnito
614 3229 854 3284 exercitu
888 3227 1120 3298 profecti
1153 3227 1368 3283 fuerant
1409 3234 1559 3283 trans
1592 3232 1842 3292 mare,ut
1942 3227 2136 3298 irrupit
2165 3226 2469 3292 basilicam,
2503 3233 2558 3281 et
2586 3227 2726 3281 duos
2773 3227 3074 3283 monachos
3110 3228 3166 3283 in
3197 3230 3367 3286 choro
3397 3239 3552 3287 stan-

229 3338 483 3398 paganos
513 3321 875 3388 debellarent,
909 3319 1080 3374 nichil
1111 3335 1370 3392 prospere
1420 3319 1670 3376 fecerunt
1700 3337 1716 3385 ;
1743 3318 1842 3373 sed
1943 3322 2027 3373 tes
2057 3316 2395 3388 percussitet
2422 3315 2653 3369 extinxit
2685 3332 2699 3389 _;
2732 3315 2864 3369 inde
2910 3317 2978 3371 ad
3004 3317 3183 3386 majus
3226 3320 3394 3376 altare
3425 3336 3553 3392 per-

235 3413 408 3469 tantis
447 3410 720 3466 exercitus
740 3424 930 3465 eorum
991 3408 1206 3463 attritus
1235 3414 1316 3462 est
1365 3407 1702 3472 infortuniis,
1731 3414 1843 3461 tum
1944 3407 2158 3472 volans,
2189 3405 2363 3476 pallas
2381 3403 2579 3473 lineas,
2606 3420 2729 3474 quae
2789 3405 2958 3460 altare
2987 3405 3263 3472 velabant,
3321 3413 3552 3468 exussit.

237 3502 409 3568 fame,
440 3508 551 3556 tum
584 3498 932 3566 mortalitate,
963 3504 1077 3553 tum
1110 3496 1256 3552 ferro
1284 3497 1544 3565 hostium,
1577 3503 1638 3551 ut
1667 3496 1735 3550 de
1763 3501 1844 3550 tot
1942 3495 2152 3554 Accidit
2205 3501 2386 3551 autem
2435 3494 2512 3547 ibi
2558 3494 2822 3566 quiddam
2875 3495 3148 3565 mirabile,
3208 3499 3340 3570 quia
3382 3503 3558 3571 major

215 3595 454 3650 milibus
481 3601 586 3649 tam
627 3591 867 3662 copiosa
907 3587 1277 3644 multitudinis
1331 3588 1420 3644 vix
1476 3588 1636 3659 pauci
1685 3602 1848 3657 repa-
1947 3591 2113 3662 palla,
2142 3605 2266 3660 quae
2296 3589 2538 3658 desuper
2564 3593 2736 3643 totum
2768 3588 2937 3644 altare
2953 3590 3250 3658 ambiebat,
3292 3593 3418 3650 aliis
3441 3597 3562 3667 pal-

225 3689 543 3746 triavcrint.
574 3688 635 3742 Et
664 3687 919 3758 quamvis
949 3685 1190 3752 occulto,
1222 3700 1331 3756 quo
1364 3683 1626 3744 nescitur,
1661 3683 1756 3737 Dei
1767 3683 1853 3751 ju-
1950 3677 2018 3731 lis
2049 3676 2393 3744 ardentibus,
2446 3679 2642 3734 ardere
2698 3694 2811 3734 non
2875 3681 3074 3750 potuit.
3107 3682 3315 3739 Dicitur
3352 3692 3560 3756 autem,

220 3779 370 3836 dicio
396 3779 514 3832 haec
552 3775 876 3841 acciderint,
904 3781 1119 3830 constat
1166 3781 1374 3841 tamen,
1404 3772 1534 3843 quia
1562 3772 1616 3826 in
1640 3771 1856 3827 hostico
1893 3845 1902 3854 κ
1956 3767 2104 3839 quod
2133 3768 2241 3822 alia
2256 3768 2431 3824 multa
2461 3769 2518 3823 in
2571 3769 2766 3825 eadem
2815 3769 3044 3828 basilica
3074 3789 3138 3830 ex
3177 3775 3288 3831 ictu
3317 3776 3567 3834 fulminis

228 3872 325 3926 illo
357 3870 535 3925 multa
560 3868 792 3931 scelera,
818 3866 991 3921 multa
1020 3865 1213 3921 illicita
1253 3874 1306 3920 et
1338 3864 1614 3938 ﬂagitiosa
1643 3870 1856 3934 patrata
1957 3856 2278 3912 acciderunt
2309 3875 2323 3922 ;
2366 3858 2466 3912 86d
2507 3857 2790 3915 sufﬁciunt
2839 3860 2940 3915 ista
2997 3863 3064 3916 ad
3095 3868 3562 3939 cognoscendum,

234 3967 363 4016 sunt
386 3958 457 4013 ab
477 3959 580 4024 eis,
609 3961 662 4011 et
682 3954 753 4011 ob
788 3955 893 4009 hoc
917 3954 996 4008 ira
1025 3953 1122 4008 Dei
1178 3952 1513 4007 ascendente
1543 3966 1712 4021 super
1738 3965 1852 4017 cos,
1956 3957 2196 4020 quantus
2226 3950 2298 4004 sit
2349 3956 2527 4005 terror
2572 3951 2773 4007 divina;
2821 3953 3203 4012 districtionis.
3235 3957 3564 4016 Cameracus

243 4053 428 4108 omnis
462 4055 692 4105 conatus
723 4062 912 4102 eorum
947 4047 1003 4100 in
1038 4060 1273 4100 vacuum
1316 4043 1500 4099 cessit.
1556 4041 1666 4098 Nec
1697 4041 1858 4096 facile
1959 4039 2152 4094 civitas
2182 4055 2247 4095 ex
2278 4056 2475 4115 magna
2507 4051 2658 4112 parte
2689 4043 2774 4097 sui
2824 4043 3084 4101 incendio
3112 4047 3489 4123 conﬂagravit,
3516 4057 3573 4105 et

245 4142 502 4197 invenies
531 4139 645 4194 sive
668 4139 723 4193 in
739 4137 1018 4208 hystoriis,
1046 4135 1233 4191 sivein
1263 4133 1578 4200 annalibus,
1612 4132 1761 4204 quod
1791 4153 1794 4182 λ

2022 4127 2287 4198 'incipalis
2315 4129 2562 4184 aecclesia
2590 4144 2714 4184 cum
2733 4130 2971 4188 claustro
3001 4142 3057 4188 et
3077 4133 3280 4204 palatio
3311 4135 3571 4208 cpiscspi,

242 4233 473 4288 exordio
500 4229 916 4288 christianitatis
944 4243 1120 4299 usque
1174 4227 1242 4282 ad
1292 4234 1509 4298 tempus
1539 4225 1683 4280 istud
1714 4230 1863 4278 tanta
1961 4221 2360 4277 monasterium
2391 4224 2553 4278 etiam
2593 4224 2735 4279 beati
2789 4226 3059 4282 Autberti.
3117 4228 3228 4283 Hoc
3256 4230 3420 4284 etiam
3475 4246 3578 4285 an-

243 4323 542 4380 multitudo
569 4321 758 4392 populi
790 4321 885 4376 Dei
919 4319 1224 4376 tamsubito
1254 4327 1310 4374 et
1340 4325 1445 4373 tam
1471 4316 1864 4372 miserabiliter
1888 4373 1938 4392 n
1965 4330 2038 4370 no
2066 4314 2137 4349 ³⁸⁸
2158 4316 2504 4371 combustum
2550 4324 2632 4371 est
2675 4317 2994 4373 coenobium
3025 4320 3198 4375 sancti
3229 4321 3472 4391 Sepulcri
3521 4323 3579 4375 in

245 4413 574 4484 deperierit,
614 4411 755 4466 sicut
794 4425 943 4464 nunc
975 4408 1179 4464 factum
1235 4416 1335 4462 est.
1391 4406 1667 4481 Eugenius
1722 4422 1866 4477 papa
1887 4373 1941 4442 D
1969 4403 2163 4458 eadem
2193 4403 2352 4459 urbe.
2374 4406 2566 4476 paucis
2591 4406 2750 4460 annis
2781 4423 2810 4460 a
2844 4406 3010 4476 priori
3039 4408 3159 4477 ejus
3186 4409 3580 4464 combustione

253 4502 490 4558 collecta
515 4499 763 4577 generali
817 4497 1029 4570 synodo
1061 4497 1268 4564 Remis,
1327 4497 1498 4551 multa
1528 4512 1694 4568 super
1725 4503 1870 4551 statu
1972 4497 2283 4551 transactis.

1580 4595 1800 4648 VARIiE
1852 4593 2231 4650 LECTIONES.

330 4672 402 4706 ³⁸⁸
429 4673 528 4726 Hic
562 4670 766 4725 desinit
797 4669 886 4726 F3.
923 4669 1113 4723 ultimo
1131 4668 1266 4736 folio
1292 4669 1508 4722 amisso.

3299 4873 3590 4882 —_———_

691 4993 1733 5137 AUCTARIUM
1847 4991 3183 5142 GEMBLACENSE.

342 5228 436 5293 1ζ,
463 5241 663 5280 manus
689 5239 732 5279 s.
763 5229 857 5277 XII
874 5225 1086 5291 scripsit
1104 5203 1221 5290 post
1251 5238 1304 5274 a.
1334 5220 1501 5293 1Ᾱ31ἶ
1527 5226 1582 5293 et_
1605 5225 1733 5274 ante
1769 5235 1823 5274 a.
2000 5220 2070 5274 tia
2097 5219 2361 5274 orationis
2389 5220 2545 5287 adiit,
2594 5227 2649 5276 et
2704 5228 2826 5291 post
2855 5219 3073 5292 expleta
3131 5218 3237 5290 piae
3294 5218 3606 5275 devotionis

567 5296 726 5351 “37.
756 5296 952 5349 Eadem
970 5290 1169 5348 Ῐιαθϐηί
1202 5292 1327 5347 1³3³⁵·
1355 5291 1444 5345 Fi-
1477 5291 1531 5344 2ο
1557 5290 1608 5346 3-
1997 5308 2290 5379 obsequia,
2318 5307 2567 5383 angelica
2587 5290 3340 5374 allocutione—commonitus,
3372 5307 3608 5362 Alexan-

342 5404 474 5457 771.
515 5402 690 5474 Caput
729 5402 995 5458 Johannis
1046 5400 1297 5471 baptistze
1355 5399 1423 5454 ab
1473 5397 1802 5454 Alexandria
1841 5397 1897 5454 in
1998 5399 2171 5453 driam
2203 5397 2487 5470 expetivit,
2518 5407 2574 5454 et
2593 5405 2760 5469 caput
2788 5398 3039 5468 baptista:
3071 5397 3300 5452 Joannis
3330 5413 3360 5451 a
3389 5397 3532 5462 loco,
3556 5398 3610 5452 in

274 5490 630 5563 Aquitaniam
681 5491 1002 5545 transfertur
1044 5491 1146 5544 hoc
1176 5489 1361 5544 modo.
1421 5487 1650 5551 Quidam
1683 5487 1898 5542 Lauda-
1998 5506 2105 5562 quo
2132 5490 2264 5546 olim
2294 5507 2324 5544 a
2348 5491 2674 5560 Theophilo,
2727 5491 2972 5559 ejusdem
3014 5490 3167 5546 urbis
3192 5491 3479 5563 episcOpo,
3515 5505 3610 5546 re-

275 5585 409 5640 bilis
439 5583 564 5639 vitae
586 5585 913 5648 monachus,
969 5581 1192 5638 nomine
1248 5580 1576 5648 Felicianus,
1609 5595 1675 5634 ex
1701 5579 1899 5636 Gallia-
2001 5580 2286 5639 conditum
2343 5579 2541 5646 fuerat,
2574 5580 2772 5636 eodem
2798 5580 2995 5655 angelo
3052 5581 3330 5637 revelante
3371 5581 3615 5650 sustulit,

277 5697 400 5736 rum
443 5678 715 5750 partibus,
755 5692 880 5734 cum
912 5677 1098 5749 paucis
1129 5675 1295 5734 sociis
1328 5674 1902 5751 Hierosolimamgra-
2003 5678 2058 5729 et
2092 5670 2161 5726 ad
2185 5669 2533 5742 Aquitaniam
2580 5668 2637 5727 in
2693 5669 2964 5727 territorio
3018 5671 3337 5746 Engolismo
3397 5672 3617 5730 detulit.

585 5812 886 5874 PATROL.
939 5808 1136 5873 CLX.
3251 5803 3287 5867 9
