3924 6080
378 311 483 368 c367
1589 282 1937 342 SIGEBERTI
1979 278 2490 335 GEMBLACENSIS.
3597 278 3710 335 268

379 437 644 508 Pippinus
671 447 766 487 rex
785 438 916 484 tunc
954 422 1271 481 morabatur
1292 418 1499 475 ibidem
1526 417 1582 470 in
1605 407 1984 508 palatiol,q.uod
2017 409 2065 477 Α
2142 404 2364 508 βρμν.
2394 403 2790 508 Lamb-{Gens
2830 403 3327 508 Thessandrorum,
3525 419 3709 474 usque

382 494 732 600 Angiriacum
764 517 986 583 dicitur,
1019 524 1386 581 cernensque,
1418 522 1519 578 per
1554 519 1681 560 cum
1711 499 1990 556 cotidiana
2090 497 2158 552 ad
2191 496 2245 550 id
2277 495 2547 566 temporis
2571 494 2845 550 idolatrim
2877 495 3159 550 erroribus
3187 501 3334 550 esset
3359 495 3566 562 dedita,
3590 508 3712 564 pre-

385 582 662 688 ind‘igenis
704 582 997 669 beneficia,
1055 601 1270 671 sibique
1333 596 1557 652 crebras
1614 607 1680 646 ex
1738 587 1989 645 hostibus
2090 585 2369 640 dicatione
2399 584 2574 638 sancti
2614 583 2887 638 Lamberti
2926 583 3294 654 Trajectensis
3335 583 3590 655 episc0pi
3640 582 3710 636 ad

381 674 721 769 Aquitanicis
772 693 1032 750 victorias
1062 686 1373 762 provenire,
1407 683 1547 758 regii
1577 679 1762 752 operis
1799 675 1992 731 basili-
2093 675 2257 731 ﬁdem
2291 675 2484 730 Christi
2517 674 2857 730 convertitur
2898 674 2986 731 3‘”.

385 765 505 847 cam
559 787 884 854 construxit,
934 801 1045 840 non
1081 784 1245 854 longe
1273 795 1304 833 a
1351 774 1602 832 Vulturni
1655 765 1991 826 fluminisli-

2162 765 2287 822 710.
2323 765 2706 839 ExtuncLegia
2734 765 2995 834 exaltata,
3043 771 3098 821 et
3128 765 3182 820 in
3238 764 3435 821 urbem
3479 771 3566 820 est
3593 778 3717 819 am-

385 887 522 946 tore,
553 885 606 934 et
627 878 684 932 in
703 893 769 933 ea
789 875 998 932 ciborio
1047 874 1365 927 constructo
1412 861 1633 920 miriﬁci
1665 858 1873 932 aperis,
1901 872 1996 912 ca-
2098 855 2267 928 pliata
2286 855 2375 910 ³⁸⁸.

388 982 486 1046 put
514 975 776 1030 decenter
796 971 1117 1027 adornatum
1155 962 1465 1021 recondidit
1494 956 1833 1032 precursoris
1880 954 1997 1046 bio-

393 1033 695 1125 nachorum
723 1065 890 1119 etiam
907 1059 1222 1118 coenobium
1250 1055 1364 1111 illic
1383 1049 1688 1114 constituit,
1715 1052 1770 1102 et
1790 1043 2001 1117 prediis
2101 1034 2226 1100 sita,
2257 1049 2378 1105 quae
2400 1033 2602 1088 dicitur
2629 1033 2974 1125 Ammanium

391 1163 538 1236 regis
554 1156 843 1233 magniﬁce
875 1151 1068 1209 ditavit
1091 1149 1182 1203 ³⁸⁷.
1585 1230 1595 1236 ⁸
1820 1230 1829 1236 Δ
1939 1222 1949 1232 .

461 1227 585 1309 876.
618 1227 775 1306 R'ollo
809 1246 916 1300 dux
946 1239 1335 1298 Normanniam
1357 1250 1481 1290 cum
1513 1230 1631 1286 suis
1667 1227 1998 1299 penetravit,

391 1353 446 1401 et
475 1345 542 1400 53
561 1341 722 1398 annis
747 1339 804 1393 in
823 1354 888 1393 ea
924 1333 1193 1409 regnavit.
1242 1329 1318 1384 Ab
1351 1328 1457 1382 hoc
1486 1323 1767 1409 derivatur
1795 1329 2002 1409 genea-

2170 947 2290 1001 711.
2329 946 2404 1014 (S.
2439 945 2577 1002 Oda.
2601 989 2611 1000 .
2635 989 2647 1000 .
2671 989 2684 1001 .
2725 945 2956 1018 quievit)
3011 945 3066 1000 in
3120 945 3247 1000 villa
3280 961 3450 1016 super
3504 943 3711 1000 Mosam

3001 1033 3075 1068 390

2174 1126 2298 1182 714.
2329 1125 2562 1180 Sanctus
2592 1124 2866 1180 Hubertus
2894 1124 3202 1180 construxit
3238 1129 3294 1178 et
3325 1122 3596 1177 reditibus
3625 1121 3715 1176 di-

2104 1216 2236 1272 tavit
2260 1215 2652 1270 monasterium
2685 1214 2860 1268 sancti
2885 1213 3024 1267 Petri
3055 1213 3109 1266 in
3132 1213 3336 1268 Leodio
3366 1211 3455 1266 3”.

2173 1312 2296 1368 735.
2329 1294 2491 1383 (Obiit
2526 1318 2754 1367 sanctus
2790 1310 3085 1381 Hubertus)
3149 1308 3406 1364 Succedit
3460 1307 3719 1363 Florber-

393 1435 540 1509 logia
563 1433 765 1487 ducum
815 1402 1256 1483 Normannorum
1306 1425 1361 1474 et
1397 1429 1611 1490 regum,
1671 1408 1765 1482 qui
1823 1421 1889 1460 ex
1919 1402 2002 1458 eis
2102 1405 2298 1509 tus-

392 1503 527 1591 nati,
551 1511 1243 1594 prefueruntpostmodum
1283 1505 1436 1582 genti
1477 1503 1798 1577 Anglorum.

398 1659 460 1722 1η
510 1657 732 1709 natione
755 1648 1080 1726 {.wdigris‘is,‘
1099 1645 1193 1726 qui
1220 1647 1271 1726 et
1299 1657 1352 1695 α,
1384 1628 2001 1726 1‘13‘1-31bgn‘axarg‘qg.

464 1696 1620 1786 aii'iéi'ii'ia’iéhi'bsil’(EuiggusmiiA937;
1634 1701 1775 1786 991:
1845 1696 2000 1786 iota;

2172 1493 2295 1548 771.
2332 1491 2480 1547 Idem
2511 1507 2604 1546 rex
2636 1491 2936 1562 (Pippinus)
2976 1489 3320 1546 fecitfontem
3354 1489 3716 1555 lacunarium,

2105 1582 2173 1637 de
2211 1596 2321 1652 quo
2353 1598 2383 1635 a
2408 1580 2626 1635 duobus
2664 1579 2780 1634 fere
2811 1579 3154 1634 milibussub
3171 1585 3334 1645 terra,
3369 1593 3466 1649 per
3494 1578 3713 1634 ediﬁcia

2107 1672 2464 1739 cementaria,
2506 1673 2561 1725 in
2592 1670 2852 1742 palatium
2893 1671 3015 1739 ejus
3045 1670 3390 1742 aqueductus
3421 1669 3710 1734 inﬂuebat,

469 1744 1050 1852 i8§if"i’32‘§‘i"‘i‘61§.
1068 1744 1537 1848 ψῗὸπέωῗὸὶθῗῖ
1553 1744 1566 1760 ’
1581 1744 1788 1836 ὶηῗᾜ,
1845 1744 2006 1840 (ὶὶέεὲὶ

2150 1781 2158 1820 ι
2187 1765 2362 1836 ipsam
2385 1763 2640 1818 dividens
2668 1777 2889 1834 aquam,
2920 1762 2975 1816 in
3000 1761 3288 1816 basilicam
3319 1761 3493 1816 sancti
3514 1761 3723 1815 Johan-

469 1867 654 1937 1042.)
693 1865 746 1922 3.

464 1999 591 2052 465.
623 1996 810 2063 (Gneo.
852 1991 1011 2058 Tun.)
1041 1988 1231 2042 Annus
1263 1996 1512 2056 presens,
1548 1977 1643 2050 qui
1667 1982 1752 2032 est
1777 1991 1808 2030 a
1834 1980 2008 2063 trans-

398 2091 473 2145 itu
516 2061 688 2142 sancti
714 2079 931 2138 Martini
973 2079 1064 2147 64,
1120 2070 1551 2132 reverentissimi
1604 2065 1853 2137 corporis
1890 2061 2011 2132 ejus

395 2177 752 2238 translatione
801 2169 1118 2245 insignitur.
1155 2167 1287 2222 Cum
1331 2162 1480 2218 cnim
1536 2175 1603 2213 ea
1639 2152 2006 2245 prerogativa,

399 2284 508 2341 qua
525 2267 738 2331 vivens,
767 2244 936 2317 etiarn
961 2263 1211 2314 mortuus
1265 2245 1688 2320 incomparabili
1719 2244 2003 2341 signorum

398 2331 703 2434 fulguraret
741 2352 987 2409 claritate
1026 2369 1042 2404 :
1105 2348 1300 2402 beatus
1359 2343 1686 2412 Perpetuus,
1722 2331 2009 2434 Turonicae

399 2424 636 2506 civitatis
662 2447 913 2511 antistes,
940 2457 1038 2513 pro
1069 2439 1242 2511 priori
1275 2433 1493 2492 edicula
1525 2431 1790 2502 templum
1817 2424 2008 2482 multa:

401 2538 739 2602 ambitionis,
768 2537 985 2590 adeout
1010 2537 1230 2587 centum
1251 2535 1306 2583 et
1340 2523 1548 2601 vigenti
1593 2522 2008 2590 columpnarum

401 2629 538 2684 mira
568 2623 933 2696 dispositione
980 2618 1276 2674 subnixum
1336 2622 1509 2670 totum
1567 2613 2006 2668 concameraret,

399 2731 568 2787 super
586 2693 713 2769 eum
762 2708 1060 2775 editicavit,
1111 2718 1422 2775 corpusque
1480 2706 1781 2755 sanctuma
1819 2693 2010 2766 sepul-

401 2807 532 2863 chro
557 2805 852 2869 elevatum,
890 2801 925 2856 4
962 2798 1143 2854 Nonas
1173 2795 1323 2862 Julii,
1371 2806 1558 2848 annuo
1584 2787 1846 2845 videlicet
1870 2799 2007 2839 con-

398 2894 724 2953 secrationis
750 2893 871 2963 ejus
914 2890 971 2944 in
1000 2889 1322 2959 episcOpum
1372 2884 1485 2950 die,
1519 2881 1576 2936 in
1630 2879 1779 2945 loco,
1809 2877 1866 2930 in
1899 2888 2010 2946 quo

360 3001 549 3047 ,nunc
576 2989 890 3046 veneratur,
949 2976 1202 3052 angelico
1256 2973 1428 3029 fretus
1478 2969 1682 3026 auxilio
1709 2963 2006 3030 transtulit,

397 3077 695 3146 ipsumque
723 3070 990 3141 templum
1009 3066 1205 3122 eodem
1236 3061 1633 3120 nichilominus
1659 3058 1750 3112 die
1764 3062 2007 3126 postmo-

400 3145 531 3221 dum
561 3162 854 3218 dedicavit.
878 3158 1033 3214 Unde
1063 3158 1144 3225 ῆι,
1178 3163 1237 3211 ut
1263 3155 1367 3210 sub
1423 3168 1536 3209 uno
1565 3151 1655 3205 die
1680 3145 1883 3218 triplici
1915 3160 2011 3200 oc-

401 3263 658 3315 currente
678 3252 995 3315 festivitate,
1025 3247 1376 3305 ordinatione
1415 3241 2011 3312 scilicetepiscopatus,

404 3344 766 3404 translatione
783 3338 1059 3411 corporis,
1099 3335 1448 3392 dedicatione
1506 3329 1749 3386 basilicae
1811 3339 1946 3389 suae,
1980 3322 2015 3375 4

405 3438 586 3493 Nonas
605 3433 735 3490 Julii
793 3430 1078 3486 annuatim
1128 3428 1326 3482 beatus
1354 3423 1617 3480 Martinus
1658 3415 2015 3488 sollempnis-

404 3527 547 3581 sima
573 3524 743 3579 totius
770 3516 1244 3591 comprovintialis
1273 3513 1464 3586 pOpuli
1515 3511 1898 3583 frequentatur
1924 3504 2019 3558 de-

403 3619 646 3683 votione.
681 3616 855 3670 Locus
885 3622 1089 3679 autem,
1114 3611 1174 3665 in
1212 3625 1321 3682 quo
1349 3606 1782 3664 sacratissimum
1815 3613 2018 3670 corpus

405 3712 527 3780 ejus
545 3708 799 3782 quiescit,
825 3706 894 3761 ab
943 3704 1080 3759 urbe
1124 3702 1395 3757 Turonica
1452 3699 1798 3756 occidentem
1823 3705 2016 3749 versus

403 3802 556 3857 brevi
583 3799 942 3866 interjacentc
965 3793 1386 3866 campiplanitie
1408 3792 1742 3861 disparatus,
1773 3792 2012 3842 castrum

405 3905 608 3946 novum
624 3893 868 3952 vocatur,
901 3883 996 3939 ubi
1018 3884 1074 3936 in
1119 3883 1368 3953 prcdicto
1396 3880 1625 3952 templo,
1658 3877 1760 3934 sub
1800 3874 2014 3932 ciborio

405 3995 564 4045 auro,
594 3985 845 4051 argento,
876 3974 1227 4047 gemmisque
1282 3971 1501 4037 vestito,
1547 3971 1809 4025 decenter
1843 3966 2018 4022 collo-

405 4077 605 4135 catum,
639 4074 787 4122 tanta
816 4065 1202 4122 miraculorum
1250 4064 1554 4119 illustratur
1578 4058 2012 4135 magniﬁcentia,

405 4169 465 4218 ut
489 4168 603 4217 toto
625 4157 1037 4214 christianitatis
1074 4155 1210 4212 orbe
1228 4153 1594 4227 apostolicam
1621 4150 1853 4227 gloriam
1877 4147 2015 4220 opti-

407 4257 536 4306 neat
551 4250 642 4302 ³⁸⁸.

2108 1853 2196 1908 nis
2223 1853 2496 1923 baptistae,
2537 1867 2638 1922 per
2663 1849 2864 1905 ferrum
2931 1856 2986 1904 et
3033 1865 3110 1904 aes
3159 1849 3483 1914 introduxit,
3526 1849 3601 1903 ita
3664 1856 3726 1903 ut

2107 1945 2209 2000 sub
2270 1943 2478 1999 ciborio
2534 1958 2634 2013 per
2688 1957 3055 1997 marmoream
3109 1941 3429 1996 columnam
3485 1940 3720 1996 interius

2107 2048 2402 2088 concavam
2434 2031 2709 2095 ebulliret,
2739 2028 2927 2101 ibique
2958 2029 3099 2084 sacri
3127 2028 3476 2099 baptismatis
3507 2027 3717 2082 ablutio

2111 2121 2167 2175 in
2189 2123 2398 2176 honore
2421 2119 2634 2175 domini
2667 2118 2840 2174 nostri
2877 2117 3008 2173 Jesu
3024 2117 3220 2172 Christi
3235 2123 3289 2172 et
3309 2116 3482 2171 sancti
3513 2115 3725 2171 Johan-

2109 2212 2196 2266 nis
2221 2211 2471 2282 baptista;
2503 2209 2680 2278 fieret,
2727 2216 2892 2281 atque
2954 2210 3150 2264 iterum
3209 2209 3265 2263 in
3297 2209 3416 2280 ipsa
3445 2208 3724 2263 lacunaria

2109 2306 2400 2355 remearet.
2444 2299 2554 2354 Hoc
2583 2297 2879 2353 cenobium
2908 2297 3162 2370 Angelisz
3190 2303 3416 2352 vocatur
3430 2296 3520 2353 339.

2181 2392 2304 2446 849.
2338 2391 2430 2460 (De
2455 2395 2506 2445 S.
2534 2389 2751 2461 Helena)
2821 2389 3110 2445 recondita
3167 2388 3224 2443 in
3266 2388 3503 2445 cenobio
3541 2386 3718 2443 sancti

2111 2489 2280 2555 Petri,
2313 2488 2462 2560 quod
2495 2487 2868 2558 Altumvyleyr
2905 2487 3127 2542 dicitur.

2181 2581 2286 2636 890
2317 2581 2521 2636 Franco
2549 2579 2847 2650 episcOpus
2876 2576 3179 2649 adquisivit
3230 2576 3573 2648 episcopatui
3631 2575 3734 2630 Le-

2110 2673 2287 2748 giensi
2320 2671 2597 2727 abbatiam
2624 2671 2954 2725 Lobiensem
2980 2677 3036 2725 et
3067 2668 3476 2741 preposituram
3507 2669 3736 2723 Fossen-

2111 2776 2227 2816 sem
2257 2776 2379 2815 cum
2405 2758 2756 2830 appendiciis
2781 2758 2920 2812 suis.

2178 2851 2284 2907 958
2327 2851 2600 2923 (Erluinus
2636 2866 2694 2920 p.
2754 2866 2803 2904 a.
2845 2848 2930 2917 G.)
2963 2864 2994 2903 a
3051 2845 3382 2920 quibusdam
3439 2846 3731 2902 contrariis

2110 2952 2313 3001 sanctae
2342 2944 2600 3020 religioni
2631 2944 2701 2979 ³⁹⁰
2728 2944 2789 3015 (l.
2825 2959 2882 3010 ο,
2911 2944 3011 3014 p.).

2179 3037 2282 3092 987
2335 3036 2592 3091 Succedit
2621 3035 2970 3090 Heriwardus
2989 3033 3161 3102 (376.)

2033 3096 2082 3164 Ο
2181 3126 2308 3181 991.
2369 3125 2515 3181 Obiit
2570 3124 2879 3181 llervardus
2926 3096 3144 3189 abbas;
3196 3121 3442 3178 succedit
3471 3120 3726 3176 Erluinus

2176 3230 2325 3268 ΠΙΟΓ.

2176 3230 2232 3268 ni
2278 3231 2325 3268 r.

2110 3229 2345 3362 Ju10012.
2379 3304 2563 3359 Abbas
2595 3303 2852 3358 Erluiuus
2875 3301 3065 3372 junior
3090 3301 3228 3357 obit.

2186 3394 2346 3449 1037.
2407 3399 2487 3460 (Α.
2541 3392 2715 3463 Leod.)
2764 3391 2912 3447 Obiit
2971 3389 3317 3465 Reginardus
3377 3387 3728 3460 episc0pus;

2119 3485 2369 3541 succedit
2393 3484 2698 3539 Nihardus.

2189 3573 2346 3628 1042.
2377 3574 2495 3640 (1b.)
2522 3572 2666 3628 Obiit
2687 3571 2957 3625 Nihardus
2984 3569 3301 3641 epiSCOpus.

2187 3661 2345 3716 1048.
2379 3659 2573 3715 Abbati
2589 3660 2810 3715 Olberto
2836 3657 3086 3714 succedit
3111 3658 3290 3729 Mysac
3316 3657 3482 3728 (376).

2189 3750 2346 3808 1072.
2383 3751 2526 3806 Obiit
2556 3751 2729 3806 abbas
2757 3751 2936 3822 Mysae
2968 3767 2983 3811 ;
3015 3748 3268 3804 succedit
3297 3748 3621 3804 Tietmarus.

2186 3843 2347 3898 1092.
2379 3842 2522 3898 Obiit
2572 3843 2885 3898 ’Iietmarus
2933 3841 3152 3907 abbas;
3206 3839 3456 3896 succedit
3511 3839 3726 3893 Lietar-

2117 3935 2240 3990 dus.

2225 4049 2303 4104 10.
2331 4064 2532 4104 manus
2559 4064 2603 4104 δ.
2659 4051 2755 4102 XII
2776 4048 2968 4173 esid?
2996 4047 3186 4172 gadem
3232 4045 3432 4100 habent
3487 4042 3616 4100 B3".

2187 4233 2347 4291 1010.
2391 4233 2449 4288 In
2489 4231 2726 4288 cenobio
2756 4230 3063 4286 Florinensi
3121 4244 3219 4301 pro
3249 4227 3489 4290 clericis,
3529 4227 3624 4298 qui
3657 4225 3724 4280 ad

473 4338 580 4394 564
636 4337 732 4392 Hic
762 4335 1049 4392 Lotharius
1111 4332 1408 4390 cenobium
1465 4329 1641 4387 sancti
1670 4326 1914 4384 Medardi
1953 4326 2011 4380 in
2039 4391 2075 4394 _
2116 4321 2221 4377 hoc
2249 4336 2426 4392 usque
2462 4327 2679 4392 tempus
2709 4319 3099 4376 deserviebant
3149 4318 3248 4386 ibi,
3306 4314 3565 4372 monachi
3598 4323 3726 4370 sunt

403 4431 717 4486 Suessionis
743 4429 963 4485 civitate
989 4426 1294 4483 construxit
1338 4433 1394 4480 et
1449 4423 1603 4497 regia
1631 4418 2014 4477 muniﬁcentia
2038 4391 2094 4460 D
2114 4413 2416 4470 constituti.

402 4518 628 4586 dotavit,
655 4525 711 4573 et
742 4518 797 4571 in
817 4532 884 4572 eo
903 4517 1197 4588 sepulturae
1228 4516 1409 4572 locum
1442 4512 1660 4584 accepit
1679 4512 1770 4565 3”.

471 4611 594 4664 592.
641 4609 736 4665 Hic
761 4609 1086 4679 (Gregorius)
1119 4607 1382 4672 decrevit,
1415 4613 1476 4662 ut
1501 4604 1759 4661 monachi
1791 4603 1848 4658 in
1876 4601 2009 4658 ofﬁ-

402 4699 489 4753 cio
517 4698 876 4752 sacerdotalis
900 4698 1102 4771 gradus
1130 4704 1357 4752 utantur
1383 4701 1653 4767 potestate
1692 4692 1902 4768 ligandi
1938 4698 2015 4747 at-

403 4803 513 4858 que
548 4787 894 4844 solvendim.

473 4880 603 4935 651.
635 4880 730 4935 Cui
769 4881 1052 4952 (Remaelo)
1081 4879 1346 4936 successit
1411 4879 1468 4934 in
1527 4877 1830 4950 pontiﬁcali
1864 4877 2013 4953 regi-

403 4975 554 5030 mine
579 4981 801 5030 sanctus
825 4973 1180 5029 Thcodardus
1211 4974 1280 5008 3”
1318 4971 1420 5042 (Cf.
1453 4978 1597 5028 Ann.
1630 4972 1839 5044 Laub.).

473 5069 596 5125 688.
634 5067 986 5123 Innocentius
1011 5067 1138 5121 3808
1178 5066 1332 5136 pacis
1361 5066 1612 5122 osculum
1645 5066 1889 5122 decrevit
1915 5066 2014 5121 da-

405 5161 450 5215 ri
481 5161 572 5216 390.

2186 4502 2342 4557 1015.
2369 4501 2651 4557 Baldricus
2689 4500 2984 4572 episcopus
3032 4499 3412 4554 Florinensem
3443 4495 3720 4552 abbatiam

2115 4589 2414 4663 adquisivit
2439 4591 2488 4646 ei
2513 4590 2600 4646 cui
2619 4597 2836 4660 preerat
2879 4587 3204 4643 Leodicensi
3245 4584 3614 4658 episc0patui.

2186 4680 2342 4735 1088.
2376 4678 2761 4734 Monasterium
2815 4676 2988 4731 sancti
3043 4675 3312 4731 Johannis
3378 4675 3433 4729 in
3489 4671 3722 4728 Florinis

2114 4779 2494 4828 concrematur
2521 4785 2668 4825 anno
2697 4768 3039 4843 sexagesimo
3079 4766 3323 4823 secundo
3373 4781 3488 4821 suae
3531 4777 3727 4820 conse-

2115 4865 2399 4921 cratiouis.

2235 4975 2302 5030 1i.
2336 4990 2536 5030 manus
2561 4990 2606 5029 δ.
2637 4976 2733 5027 XII
2779 4986 2848 5027 ex
2874 4972 3072 5025 Eadem
3096 4970 3297 5026 habent
3332 4968 3423 5024 F1.
3464 4968 3518 5022 2.
3549 4966 3583 5023 3

2684 5044 2943 5114 (cuideest
2976 5041 3155 5112 1133).

2185 5158 2344 5213 1133.
2373 5157 2487 5213 Rex
2525 5156 2821 5232 Anglorum
2874 5154 3162 5210 Heinricus
3214 5152 3353 5209 obiit
3396 5166 3589 5207 mense
3619 5151 3727 5205 De-

1756 5261 1976 5316 VARMZ
1998 5258 2373 5316 LECTIONES.

473 5361 539 5394 ³⁸⁷
579 5363 784 5429 partim
820 5363 879 5413 in
929 5375 1126 5413 rasura
1166 5360 1398 5414 duarum
1455 5362 1742 5424 linearum,
1783 5362 1996 5430 reliqua
2051 5364 2110 5415 in
2138 5363 2400 5427 margine.
2467 5362 2597 5414 Tum
2649 5360 2736 5423 1η.
2782 5360 3020 5429 adjecit:
3060 5359 3218 5413 Verte
3249 5355 3440 5412 folium
3471 5354 3715 5430 ad__istud

401 5431 621 5503 signum
652 5437 714 5503 0,7
742 5436 791 5503 et
836 5435 894 5483 in
943 5432 1069 5497 folii
1104 5435 1252 5484 versi
1277 5435 1521 5498 margine
1573 5437 1775 5500 pergit:
1807 5443 1834 5486 υ
1863 5434 2008 5485 idem
2037 5438 2130 5486 etc.
2160 5439 2218 5486 ut
2247 5436 2435 5487 statim
2466 5433 2716 5486 dabimus
2744 5432 2842 5485 sub
2880 5434 2960 5494 ιη.

400 5502 668 5567 margine.
698 5502 767 5535 39°
805 5503 946 5556 inter
965 5504 1152 5556 lincas.
1188 5502 1252 5536 39'
1279 5505 1337 5556 in
1379 5520 1575 5556 rasura
1615 5519 1781 5557 unius
1811 5504 1965 5558 liuere

3057 5431 3125 5463 ³⁸⁸
3147 5433 3204 5483 in
3247 5442 3469 5483 rasura.
3542 5427 3610 5460 3”
3652 5428 3712 5479 in

1964 5602 2169 5658 NOT/E.

473 5671 615 5742 (376)
640 5669 1070 5726 Gcmblacensis.
