3924 6080
283 293 379 348 271

1485 276 1834 335 SIGEBERTI
1875 273 2389 331 GEMBLACENSIS.

3505 288 3609 342 272

285 419 595 490 Omnesque
628 415 754 470 huic
778 414 1000 469 decreto
1031 409 1270 467 rebelles
1305 404 1806 468 anathematizavit,
1836 411 1892 457 et
1916 406 1968 474 Α
1990 418 2186 458 manus
2216 403 2301 458 vel
2325 420 2508 476 genua
2535 419 2632 460 seu
2661 407 2769 462 alio
2819 409 3066 480 quolibet
3097 412 3283 478 modo,
3325 429 3449 468 cum
3471 430 3610 486 qua-

286 511 395 568 uisi
423 508 838 580 resipiscerent,
869 505 1017 561 bona
1046 519 1235 560 eorum
1257 501 1527 574 publicari
1553 499 1641 553 “’3.

1994 492 2117 546 dam
2146 491 2626 548 animadversione
2651 495 3002 565 prohibebat,
3051 500 3242 556 dicens
3268 516 3326 564 se
3356 503 3437 558 eis
3467 503 3611 559 hunc

355 598 513 655 1048.
542 595 758 652 0diloui
788 594 1132 651 Cluniacensi
1173 593 1323 668 [Iugo
1375 588 1727 646 venerandus
1751 585 1891 642 sub-
1994 601 2202 642 morem
2245 587 2558 661 indulgere,
2593 588 2914 662 futurosque
2964 601 3086 664 post
3116 610 3175 648 se
3207 597 3486 652 asserebat
3514 598 3613 652 hu-

287 687 535 744 stituitur
564 685 651 740 ‘0‘.

359 779 518 837 1076.
569 776 877 833 Lietbertus
922 777 1214 848 episcOpus
1286 768 1698 828 Cameracensis
1753 766 1893 832 obit,

287 873 375 930 cui
420 871 692 928 Gerardus
737 869 983 925 succedit
1023 869 1111 922 ‘05.
1171 865 1470 922 Balduinus
1521 877 1681 934 puer,
1733 859 1899 914 frater

292 961 493 1020 Amulli
518 961 686 1018 occisi
730 961 797 1014 ad
838 959 1207 1034 Doncngium,
1263 954 1487 1010 bellavit
1516 957 1706 1008 contra
1736 965 1894 1004 exer-

290 1055 456 1110 citum
491 1049 665 1122 patrui
725 1049 808 1103 sui
870 1047 1119 1114 Boberti,
1160 1061 1325 1116 quem
1358 1041 1654 1115 pugnando
1691 1039 1898 1094 devicit

290 1149 377 1203 ⁶⁰⁶.
429 1148 583 1218 (Gelu
626 1190 634 1200 .
676 1189 686 1199 .
733 1188 743 1199 .
791 1181 804 1193 .
845 1142 1039 1213 usque)
1093 1141 1147 1192 in
1195 1138 1379 1192 medio
1421 1135 1621 1205 Aprilis
1672 1133 1896 1200 mensis,

290 1242 447 1310 cujus
478 1237 726 1294 soliditas
755 1235 969 1290 duravit
999 1247 1174 1304 usque
1194 1230 1307 1284 Kal.
1344 1227 1646 1299 Aprilis‘m.

362 1330 519 1387 1079.
582 1329 690 1384 Hoc
720 1341 864 1382 anno
905 1327 1182 1394 inceptum
1235 1330 1318 1376 est
1365 1319 1677 1375 coenobium
1725 1317 1900 1373 sancti

292 1420 606 1484 Salvatoris,
649 1417 705 1471 in
763 1415 942 1471 insula
995 1429 1116 1485 quae
1177 1411 1377 1466 dicitur
1435 1408 1811 1480 Aquicinctus.
1873 1423 1902 1460 a

291 1509 426 1564 viris
486 1506 791 1562 illustribus
825 1503 1052 1557 Siehcro
1116 1499 1380 1555 videlicet
1435 1506 1602 1568 atque
1659 1496 1901 1550 Waltero

292 1601 381 1653 ωε.
417 1599 515 1663 Qui
546 1598 804 1652 Sicherus
835 1593 1074 1649 habebat
1129 1605 1354 1645 uxorem
1404 1588 1630 1643 nomine
1687 1584 1904 1639 Matbil-

294 1693 443 1756 dem,
497 1689 740 1745 nobilem
807 1685 1028 1758 quidem
1074 1681 1369 1747 natalibus,
1425 1680 1523 1735 sed
1575 1678 1900 1734 nobiliorem

295 1783 544 1839 moribus
576 1800 590 1847 ;
623 1797 744 1852 quae
794 1779 1087 1852 eonjugem
1138 1792 1299 1830 suum
1332 1772 1580 1828 crebrius
1623 1770 1903 1826 monendo

296 1875 363 1930 ad
386 1876 492 1928 hoc
520 1888 661 1943 opus
691 1869 1126 1945 aggrediendum
1181 1865 1446 1929 incitavit,
1489 1864 1614 1918 ideo
1645 1863 1901 1927 maxime,

297 1963 445 2035 quod
475 1971 723 2017 sanctum
752 1959 1028 2031 quendam
1085 1955 1419 2012 Gordanium
1456 1952 1592 2006 inibi
1623 1953 1903 2024 quondam

299 2056 670 2111 heremiticam
724 2053 889 2107 vitam
943 2049 1165 2104 (luxisse
1199 2046 1494 2102 ferebatur.
1515 2045 1668 2098 Unde
1701 2043 1902 2098 factum

299 2153 400 2212 est,
428 2154 485 2199 ut
511 2142 706 2215 prefati
737 2141 839 2197 viri
867 2138 1199 2194 hinccrebro
1229 2137 1611 2208 colloquentes
1637 2150 1695 2189 se
1718 2143 1908 2189 mutuo

301 2239 694 2301 hortarentur;
737 2240 792 2288 et
817 2231 1212 2294 deliberantes,
1241 2228 1518 2283 Ansellum
1567 2227 1637 2281 de
1682 2226 1911 2282 Ribodi-

301 2331 485 2380 monte
508 2322 914 2378 nobilissimum
942 2319 1116 2374 virum
1139 2318 1368 2384 adeunt,
1395 2323 1448 2370 et
1480 2315 1549 2370 ab
1586 2330 1653 2370 eo
1675 2315 1906 2369 insulam

302 2417 469 2482 illam,
501 2416 629 2487 quia
695 2414 778 2468 sui
823 2421 939 2467 erat
976 2411 1140 2479 juris,
1189 2410 1513 2479 deposcunt.
1572 2410 1636 2462 At
1662 2408 1915 2461 Ansellus

301 2509 487 2564 audita
518 2505 799 2578 peticione
838 2519 1029 2559 eorum
1087 2502 1310 2576 gavisus
1369 2510 1454 2556 est
1508 2500 1690 2565 valde,
1719 2500 1913 2554 etsinc

301 2600 565 2654 dilatione
591 2598 760 2672 gratis
781 2596 929 2667 quod
969 2594 1265 2666 petebatur
1293 2593 1594 2648 concessit.
1631 2593 1817 2662 ltaque
1849 2606 1914 2646 ex

299 2692 554 2747 condicto
589 2691 793 2761 pariter
822 2694 1204 2758 prOperantes,
1265 2685 1574 2739 Gerardum
1600 2683 1912 2739 Cameracaa

299 2780 452 2834 urbis
500 2779 771 2850 presulem
835 2775 1252 2850 aggrediuntur,
1305 2773 1373 2827 ad
1429 2773 1588 2842 cujus
1641 2772 1910 2828 diocesim

300 2876 428 2922 tune
460 2868 612 2922 locus
639 2867 730 2920 ille
750 2864 1061 2936 pertinebat
1091 2881 1105 2927 ;
1138 2861 1273 2934 quid
1323 2861 1507 2916 animo
1526 2869 1742 2933 gerant,
1775 2877 1912 2932 pan-

300 2961 438 3014 dunt
471 2979 484 3025 ;
518 2968 571 3014 et
603 2959 730 3030 quia
762 2958 884 3024 ejus
911 2955 1254 3026 parrochiani
1278 2961 1452 3020 erant,
1493 2961 1699 3008 utvoto
1719 2968 1908 3008 eorum

301 3052 587 3115 assentiat,
648 3054 970 3118 exposcunt.
1029 3046 1239 3112 Quibus
1296 3046 1502 3100 auditis
1557 3045 1910 3100 venerandus

304 3140 550 3213 pontifex
581 3137 941 3192 libentissime
989 3136 1206 3200 annuit,
1263 3145 1595 3206 receptoque
1645 3135 1815 3190 fundo
1842 3136 1911 3191 de

306 3246 470 3284 manu
499 3226 726 3292 Anselli,
758 3226 905 3297 quod
954 3224 1023 3279 ab
1067 3241 1134 3280 eo
1191 3225 1245 3278 in
1286 3224 1622 3279 beneficium
1666 3226 1909 3291 tenebat,

307 3334 428 3372 eum
522 3314 889 3370 harundineto
966 3314 1254 3384 adjacente
1322 3314 1404 3368 eis
1479 3314 1723 3368 tradidit.
1796 3315 1911 3378 Quo

307 3417 555 3480 accepto,
639 3407 956 3463 coenobium
1031 3406 1142 3461 illic
1215 3414 1535 3462 construere
1602 3414 1909 3476 eruperunt,

307 3508 361 3554 et
393 3499 460 3552 de
477 3499 592 3554 suis
619 3497 841 3553 allodiis
862 3503 1245 3567 competenter
1273 3502 1436 3567 prout
1481 3503 1732 3566 poterant
1772 3497 1916 3551 dita-

306 3597 517 3644 verunt.
553 3587 936 3662 Adgregantur
991 3585 1063 3640 ibi
1112 3587 1221 3640 Deo
1277 3585 1461 3640 devoti
1525 3585 1654 3653 viri,
1701 3601 1759 3638 se
1790 3601 1912 3640 cum

307 3679 638 3734 facultatulis
666 3678 781 3732 suis
836 3676 1046 3732 Christo
1089 3676 1446 3741 devoventes,
1506 3675 1626 3742 ejus
1647 3691 1777 3748 grex
1810 3691 1914 3745 pu-

306 3774 462 3829 sillus
491 3789 611 3826 esse
670 3770 988 3843 gestientes.
1046 3769 1286 3832 Quorum
1334 3783 1519 3822 curam
1577 3775 1918 3822 memoratus

306 3863 487 3932 presul
519 3876 741 3932 gerens,
769 3858 908 3912 duos
937 3873 1002 3910 ex
1033 3855 1318 3910 monachis
1377 3855 1774 3910 Hasnoniensis
1799 3871 1910 3910 coe-

307 3949 458 4004 nobii
490 3950 732 4001 honesta:
753 3945 878 3999 vitae
906 3945 972 3998 ad
1001 3944 1368 3998 instituendos
1397 3959 1493 3998 eos
1518 3945 1599 3998 eis
1630 3943 1776 3998 misit
1808 3961 1822 4008 ;
1879 3961 1910 3999 e

307 4036 619 4108 quibusuni
657 4034 851 4088 Alardo
882 4033 1106 4088 nomine
1154 4049 1338 4087 curam
1390 4049 1578 4088 eorum
1614 4033 1910 4103 commisit,

307 4128 556 4181 abbatem
577 4124 870 4180 ordinavit.
899 4123 970 4177 De
997 4138 1108 4194 quo
1159 4122 1288 4193 quia
1335 4138 1394 4177 se
1424 4124 1641 4178 occasio
1675 4124 1915 4196 prebuit,

307 4217 441 4272 libet
489 4215 680 4286 paucis
735 4213 972 4284 aperire,
1037 4212 1195 4281 cujus
1223 4211 1590 4284 simplicitatis
1647 4213 1914 4286 cujusque

305 4306 568 4361 bonitatis
614 4304 796 4358 fuerit.
834 4305 881 4356 Is
927 4303 1158 4370 etenim,
1189 4301 1236 4355 si
1267 4318 1354 4356 res
1385 4303 1648 4375 exigeret,
1679 4314 1737 4357 ut
1770 4319 1913 4375 quo-

1928 1725 1978 1794 Β

1990 676 2146 744 jusce
2175 683 2459 731 exactores
2481 679 2815 734 reverentie.
2847 680 3074 736 Necista
3102 689 3284 737 tamen
3309 683 3611 740 referentes

1999 766 2056 822 in
2082 782 2179 822 eos
2207 767 2536 835 invehimur,
2569 769 2664 839 qui
2726 769 2842 826 haec
2879 787 3030 826 more
3083 773 3472 830 aecclesiastico
3501 775 3610 830 sibi

1998 867 2372 932 congruenter
2399 859 2590 915 sinunt
2618 859 2762 914 fieri.
2801 861 3047 918 Prefatus
3101 865 3348 935 pontifex
3375 883 3612 923 cernens

2001 954 2224 1008 eosdem
2254 953 2446 1009 fratres
2469 954 2612 1008 haud
2647 955 2888 1029 segniter
2929 957 3130 1014 instare
3175 961 3339 1015 rebus
3386 961 3608 1032 coeptis,

1999 1043 2232 1096 eandem
2285 1043 2589 1097 mcclesiam
2649 1045 2985 1101 omnimodis
3037 1055 3298 1119 quantum
3334 1050 3606 1120 prevaluit

2001 1133 2296 1196 libertavit,
2319 1141 2519 1203 praeter
2539 1136 2687 1206 quod
2737 1137 2994 1192 baculum
3044 1139 3331 1213 regiminis
3356 1141 3414 1195 in
3446 1157 3616 1196 manu

2003 1238 2103 1276 sua
2134 1221 2379 1288 retinuit,
2403 1223 2533 1277 utei
2583 1224 2758 1291 daret,
2802 1242 2965 1296 quem
3004 1227 3111 1281 sibi
3138 1230 3494 1302 congregatio
3525 1246 3618 1284 ca-

2006 1312 2202 1368 nonice
2236 1312 2485 1387 eligeret.
2521 1313 2775 1370 Preterea
2802 1316 3036 1371 contulit
3078 1318 3162 1372 eis
3210 1318 3450 1389 quedam
3481 1320 3619 1376 alta-

2003 1403 2125 1470 ria;
2161 1403 2258 1458 sed
2297 1411 2355 1458 et
2381 1403 2667 1459 innumera
2712 1405 3295 1476 impenditbeneﬁcia.
3322 1410 3444 1464 Erat
3464 1411 3611 1465 enim

2003 1495 2060 1549 in
2089 1495 2338 1550 eecclesia
2383 1505 2584 1551 sanctae
2640 1496 2821 1552 Maria:
2879 1497 3283 1567 Cameracensi,
3331 1502 3417 1557 cui
3469 1503 3614 1559 idem

2005 1583 2276 1638 Gerardus
2306 1592 2524 1655 preerat
2562 1585 2880 1656 episcopus,
2911 1588 3248 1644 venerabilis
3267 1590 3619 1647 decauusno-

2004 1676 2154 1730 mine
2195 1676 2368 1749 llugo,
2400 1678 2494 1748 qui
2528 1688 2636 1731 tam
2667 1679 2905 1733 eundem
2938 1680 3260 1751 episcopum
3291 1698 3455 1753 quam
3477 1683 3617 1739 alios

2005 1767 2198 1823 fideles
2224 1769 2370 1824 viros
2393 1768 2815 1825 Cameracenses
2839 1771 3130 1842 utriusque
3161 1773 3373 1827 ordinis
3403 1775 3615 1829 anima-

2006 1859 2117 1925 bat,
2147 1869 2205 1915 ut
2231 1861 2491 1916 liberales
2524 1861 2826 1917 existerent
2855 1864 3161 1934 prescripto
3192 1865 3450 1921 cenobio.
3486 1868 3613 1937 Ipse

2005 1963 2230 2019 quoque
2259 1965 2481 2004 omnem
2510 1965 2652 2020 pene
2680 1951 3042 2006 substantiam
3103 1968 3256 2008 suam
3293 1955 3385 2008 illo
3411 1971 3614 2010 conve-

2008 2036 2210 2101 hebat;
2244 2037 2390 2092 unde
2423 2039 2823 2094 monasterium
2845 2039 3466 2097 ethabitaculafratrum
3490 2061 3614 2099 cum

2009 2128 2356 2183 xcnodochio
2392 2129 2646 2199 primitus
2671 2129 2980 2187 aedificavit.

2083 2217 2241 2273 1080.
2275 2218 2515 2292 Contigit
2541 2220 2702 2274 etiam
2736 2222 2840 2276 hoc
2869 2231 3114 2293 tempore
3131 2223 3241 2279 Deo
3259 2225 3615 2295 permittente

2011 2313 2352 2367 concremari
2412 2313 2782 2384 Aquicinense
2843 2317 3162 2372 coenobium
3227 2334 3326 2389 per
3356 2320 3622 2375 incuriam

2015 2405 2238 2460 fratrum
2273 2407 2362 2474 5°”,
2390 2408 2519 2478 quia
2560 2409 2786 2480 quidam
2816 2427 2846 2465 e
2909 2410 3169 2467 fratribus
3223 2428 3457 2484 vespere
3489 2415 3630 2470 lecto

2014 2514 2116 2554 suo
2147 2499 2366 2554 incaute
2418 2500 2814 2557 circumferens
2871 2504 3076 2571 lumen,
3119 2513 3348 2577 repente
3378 2507 3636 2563 accendit

2013 2599 2274 2656 stramen,
2330 2594 2761 2664 moxqueparies
2820 2595 3102 2665 proximus
3169 2598 3361 2654 stratui
3416 2597 3635 2654 ﬂamma

2013 2681 2290 2737 lambeute
2316 2683 2585 2749 aduritur,
2619 2693 2672 2740 et
2703 2701 2770 2739 ex
2797 2701 2864 2741 eo
2896 2695 3098 2742 caetera
3122 2688 3371 2758 (cf.Ann.
3405 2690 3527 2759 Aq.)

2087 2771 2244 2828 1084.
2281 2773 2478 2828 Comes
2508 2774 2813 2831 Monteusis
2879 2777 3180 2833 Balduinus
3211 2793 3440 2834 uxorem
3482 2779 3636 2836 duxit

2015 2863 2162 2918 Idam
2197 2864 2287 2918 “0.

2082 2959 2220 3013 1086
2275 2959 2540 3015 Riehildis
2566 2961 2847 3017 comitissa
2899 2962 3036 3018 obit.
3090 2965 3154 2999 ‘1‘
3184 2966 3301 3036 (1b.)
3344 2966 3456 3022 Hoc
3481 2982 3628 3021 anno

2011 3058 2328 3107 consecrata
2359 3060 2443 3105 est
2463 3051 2714 3106 aecclesia
2752 3052 2915 3122 hujus
2941 3053 3327 3124 Aquicinensis
3357 3055 3620 3122 coenobii,

2015 3141 2069 3194 in
2104 3140 2310 3194 honore
2341 3139 2549 3194 domini
2613 3142 2784 3195 nostri
2826 3141 2955 3195 Jesu
3012 3141 3207 3197 Christi
3257 3143 3622 3215 ejusdemque

2013 3227 2296 3300 genitricis
2341 3235 2544 3283 sancta
2598 3228 2800 3295 Mariae,
2833 3246 2864 3282 a
2896 3230 3100 3285 domno
3156 3230 3398 3286 Gerardo
3422 3231 3617 3286 Came-

2016 3315 2224 3371 racensi
2256 3315 2540 3386 episcopo,
2573 3317 2968 3389 decretumque
3005 3320 3074 3373 ab
3119 3320 3318 3375 eodem
3361 3320 3620 3391 praesule,

2015 3415 2074 3461 ut
2121 3406 2385 3461 festivitas
2443 3406 2662 3462 illorum
2719 3415 3059 3474 sanctorum,
3116 3424 3346 3480 quorum
3404 3410 3637 3484 pignera

2019 3497 2124 3551 huc
2203 3495 2366 3550 allata
2437 3496 2672 3564 fuerant,
2738 3496 2887 3550 omni
2954 3512 3100 3552 anno
3155 3507 3346 3569 agatur
3411 3499 3468 3552 in
3531 3500 3636 3554 hoc

2018 3585 2139 3640 loco
2170 3586 2258 3640 δι’.

2085 3677 2243 3732 1087.
2278 3677 2422 3732 Obiit
2487 3676 2734 3734 Alardus.
2803 3676 3012 3746 primus
3040 3676 3212 3731 abbas
3263 3677 3426 3747 hujus
3457 3678 3636 3748 Aqui-

2017 3765 2258 3820 cinensis
2291 3765 2553 3820 recclesiaz
2608 3765 2769 3835 ;(Ib.)
2829 3765 2917 3819 cui
2959 3765 3227 3820 successit
3285 3765 3527 3821 Alelmus
3558 3782 3623 3820 ex

2015 3855 2350 3910 Normannia
2379 3855 2448 3910 de
2477 3853 2735 3909 εαξηοῦἰο
2777 3853 2931 3909 Becci
2957 3855 3045 3910 “3.

2085 3946 2221 4000 1088
2243 3944 2387 4000 Obiit
2415 3944 2656 3999 Alelmus
2692 3944 2970 3999 secundus
3007 3943 3179 3998 abbas
3234 3943 3622 4015 Aquieineusis

2012 4033 2272 4089 cmnobii.
2304 4033 2425 4104 (1b.)
2483 4033 2581 4098 Qui
2638 4043 2855 4103 quantae
2911 4032 3173 4087 bonitatis
3202 4031 3384 4098 fuerit,
3411 4032 3626 4103 experti

2018 4132 2147 4180 sunt
2175 4123 2572 4192 febricitantes,
2604 4125 2734 4179 dum
2786 4124 2854 4178 ad
2882 4125 3150 4179 tumulum
3181 4125 3303 4194 ejus
3335 4125 3626 4180 dormien-

2016 4225 2120 4286 tes,
2161 4216 2369 4272 febrem
2400 4233 2525 4272 cum
2568 4231 2762 4272 somno
2813 4216 3020 4288 saepius
3073 4217 3465 4287 deposuerunt.
3536 4215 3630 4270 Cui

2015 4306 2283 4362 successit
2312 4306 2650 4361 Haimericus
2675 4304 3049 4360 Atrebatensis
3076 4306 3398 4369 monachus,
3436 4305 3634 4360 litteris

305 4414 467 4469 quam
503 4395 760 4469 progredi
793 4394 1094 4460 debuisset,
1131 4409 1238 4448 non
1271 4394 1556 4449 meliorem
1579 4410 1780 4467 equum
1804 4397 1912 4451 sibi
1939 4435 1994 4502 D
2018 4399 2268 4454 eruditus
2289 4399 2379 4452 ιιι,

304 4487 564 4562 eligebat,
595 4487 693 4539 sed
747 4493 799 4540 et
827 4502 974 4555 saepe
1031 4483 1256 4548 animal,
1304 4500 1412 4554 quo
1441 4484 1766 4550 vehebatur,
1815 4501 1914 4540 ca-

307 4581 475 4650 pistro
505 4597 600 4650 pro
627 4581 783 4635 freno
808 4580 1052 4651 regebat.
1099 4579 1491 4633 Residentibus
1543 4578 1829 4632 monachis
1862 4580 1917 4632 in

307 4669 564 4735 claustro,
597 4669 651 4721 in
679 4669 863 4722 medio
895 4683 1083 4723 eorum
1113 4669 1360 4734 sedebat,
1389 4678 1443 4722 et
1480 4669 1647 4722 veluti
1682 4669 1920 4738 quilibet

305 4776 371 4814 ex
401 4761 484 4815 eis
511 4776 637 4814 cum
665 4759 964 4815 sobrietate
985 4776 1044 4815 se
1063 4761 1281 4833 agebat,
1308 4759 1652 4814 familiariter
1671 4761 1752 4814 eis
1801 4760 1917 4816 col-

307 4849 632 4920 loquens,et
654 4848 936 4903 dominum
967 4865 1155 4903 eorum
1206 4866 1264 4903 se
1315 4864 1436 4901 esse
1463 4847 1816 4902 obliviscens.
1859 4850 1912 4904 Si

305 4939 429 5011 quis
457 4939 508 4994 ei
530 4939 940 4994 venerationem
971 4940 1291 5011 impendere
1315 4937 1582 4993 voluisset
1607 4941 1910 4996 osculando

2089 4490 2230 4544 1090
2286 4490 2354 4544 Ea
2399 4495 2722 4560 tempestate
2767 4489 2916 4544 venit
2979 4489 3361 4560 Aquieinctum
3405 4488 3629 4560 quidam

2019 4581 2322 4637 monachus
2351 4580 2576 4635 nomine
2604 4579 2931 4648 Gelduinus,
2973 4580 3069 4650 qui
3091 4596 3158 4635 ex
3184 4581 3455 4636 monacho
3497 4581 3635 4636 Lau-

2020 4673 2254 4727 dunensi
2285 4672 2456 4727 abbas
2514 4672 2699 4728 Sancti
2751 4672 3032 4727 Michaelis
3073 4672 3142 4727 de
3185 4672 3482 4737 Terrascia,
3538 4687 3631 4727 re-

2019 4763 2146 4819 licta
2195 4765 2416 4819 abbatia
2467 4764 2539 4818 ob
2597 4779 2838 4819 amorem
2899 4764 3016 4830 Dei,
3075 4765 3323 4820 reclusus
3391 4762 3629 4819 efficitur

2017 4853 2325 4924 Aquicincti
2371 4854 2457 4905 “5.

2088 4944 2246 4998 1092.
2277 4943 2548 4998 Gerardus
2575 4943 2870 5016 cpiscopus
2897 4943 3309 5000 Cameracensis
3340 4944 3459 5001 obit
3488 4944 3634 5016 (1b.),

1658 5069 1878 5124 VARIAS
1897 5072 2280 5128 LECTIONES.

376 5172 446 5212 ¹ο⁰³
465 5171 678 5233 addunt
734 5172 828 5234 8|.
862 5172 914 5232 2.
950 5177 1067 5232 4⁸⁸.
1123 5174 1204 5248 (in
1229 5188 1428 5231 rasura
1455 5189 1641 5242 manu,
1669 5173 1834 5246 paulo
1871 5176 2007 5242 alta,
2063 5175 2156 5231 sed
2208 5175 2367 5246 plane
2409 5176 2600 5243 comta)
2643 5167 2733 5232 Cl.
2780 5178 2867 5231 ἓν.
2925 5178 2978 5232 3.
3031 5177 3090 5230 Ι).
3122 5176 3177 5230 Ε.
3222 5177 3424 5232 Hirsch
3450 5193 3490 5246 p
3543 5176 3629 5230 42.

303 5255 441 5304 recte
467 5251 720 5316 ostendit,
763 5251 1022 5304 Karolum
1051 5264 1108 5302 eo
1138 5265 1279 5302 anno
1316 5265 1656 5318 nequaquam
1688 5251 1865 5303 Roma:
1901 5250 2105 5315 fuisse;
2139 5249 2232 5301 sed
2261 5252 2424 5308 errat.
2461 5265 2627 5317 quum
2661 5250 2812 5303 illum
2829 5251 2999 5302 locum
3023 5266 3057 5301 α
3083 5248 3355 5315 Sigeberto
3386 5251 3443 5302 in
3475 5249 3626 5301 chr-o-

304 5325 462 5375 nieen
491 5328 778 5391 receptum,
811 5322 880 5374 ab
929 5322 1235 5388 insequenti
1285 5325 1463 5373 autem
1506 5320 1739 5389 quodam
1794 5321 2052 5373 monacho
2079 5320 2306 5373 deletum
2339 5324 2514 5388 putat.
2568 5321 2873 5400 Sigebertus
2904 5335 3181 5388 nunquam
3234 5319 3386 5373 illum
3417 5319 3628 5372 habuit.

308 5393 552 5446 Ceterum
581 5395 655 5446 ef.
690 5395 826 5445 Mon.
861 5394 988 5446 Leu.
1044 5391 1109 5446 ll.
1138 5389 1189 5443 Ξ.
1225 5390 1345 5444 160.
1399 5395 1506 5445 not.
1589 5390 1656 5423 θοι
1687 5390 1900 5444 addunt
1931 5389 2020 5443 C1.
2053 5390 2138 5442 2’.
2177 5392 2226 5443 3.
2289 5392 2374 5445 4".
2435 5391 2494 5444 D.
2556 5391 2609 5445 Ε.
2653 5391 2720 5423 ⁴⁰ο
2750 5391 2962 5444 addunt
3017 5391 3108 5443 81.
3151 5390 3205 5442 ἓ.
3250 5389 3340 5444 C1.
3374 5389 3440 5443 2*
3469 5390 3522 5443 3.
3567 5389 3637 5422 ⁴⁰⁶

581 5395 655 5446 cf.
690 5395 826 5445 Mon.
861 5395 988 5446 Leu.
1044 5395 1109 5446 ll.
1138 5395 1189 5443 2.
1225 5395 1345 5444 160.
1399 5395 1506 5445 not.
1589 5395 1656 5423 ⁸⁸³⁵
1687 5395 1900 5444 addunt
1931 5395 2020 5443 (Ἀ.
2053 5395 2138 5442 2’.
2177 5395 2226 5443 3.
2289 5395 2374 5445 4*.
2435 5395 2494 5444 D.
2556 5395 2609 5445 E.
2653 5395 2720 5423 ⁴⁰⁵
2750 5395 2962 5444 addunt
3017 5395 3108 5443 BI.
3151 5395 3205 5442 2.
3250 5395 3340 5444 (Ἀ.
3374 5395 3440 5443 ‘1"
3469 5395 3522 5443 3.

308 5395 552 5446 Ceterum
581 5395 655 5458 cf.
690 5395 826 5445 Men.
861 5395 988 5459 Leg.
1044 5395 1109 5456 ll,
1138 5395 1189 5443 2.
1225 5395 1345 5444 160.
1399 5395 1506 5445 not.
1589 5395 1656 5423 ⁸⁸³⁵
1687 5395 1900 5444 addunt
1931 5395 2020 5443 (Ἀ.
2053 5395 2138 5442 2’.
2177 5395 2226 5443 3.
2289 5395 2374 5445 4".
2435 5395 2494 5444 D.
2556 5395 2609 5445 E.
2653 5395 2720 5423 ⁴⁰⁵
2750 5395 2962 5444 addunt
3017 5395 3108 5443 BI.
3151 5395 3205 5442 Ξ.
3250 5395 3340 5444 (Ἀ.
3374 5395 3440 5443 ‘1"
3469 5395 3522 5443 3.
3567 5395 3636 5422 ⁴υ⁵

306 5463 523 5517 addunt
556 5463 645 5517 81.
676 5462 728 5517 2.
761 5463 875 5515 4'".
905 5469 957 5517 5.
992 5461 1084 5516 Cl.
1117 5460 1203 5514 2*.
1238 5460 1289 5516 3.
1321 5461 1380 5515 Ι).
1417 5461 1471 5515 Ε.
1513 5461 1579 5495 ⁴⁰⁷
1610 5461 1822 5515 addunt
1855 5461 2052 5519 C1.2*.
2078 5461 2130 5516 3.
2162 5462 2251 5514 μ.
2294 5462 2586 5515 ⁴⁰⁸αάιίιιηί
2627 5461 2718 5514 82.
2761 5461 2853 5515 C1.
2882 5462 2969 5514 2’.
3008 5461 3066 5514 Ι).
3102 5459 3159 5513 Ε.
3203 5461 3407 5514 Eadem
3438 5461 3636 5514 habent

304 5534 398 5589 81.
431 5536 518 5587 4'.
549 5534 668 5587 μ’.
693 5533 746 5588 5.
790 5533 904 5592 C3..
937 5533 1031 5588 sed
1059 5534 1119 5587 hi
1142 5533 1351 5586 addunt
1379 5535 1542 5586 etiam
1562 5535 2018 5602 sequentia,,quce
2045 5533 2159 5586 illis
2189 5533 2404 5587 desunt.
2457 5532 2526 5566 “‘9
2543 5532 2762 5585 addunt
2794 5532 2884 5585 ΒΞ.
3000 5530 3089 5587 Cl.
3123 5531 3214 5586 2'.
3237 5531 3306 5602 A3.
3339 5533 3634 5600 Sequentia

306 5605 437 5675 quia
466 5634 532 5675 -έ
563 5612 765 5675 caetera
812 5605 969 5658 habet
995 5620 1132 5658 unus
1167 5604 1259 5658 B5.
1334 5604 1403 5675 ‘_‘°
1433 5604 1562 5675 add.
1617 5599 1709 5659 81.
1741 5605 1814 5675 5._
1844 5599 1934 5657 C'l'.
1968 5603 2053 5657 2*.
2092 5604 2150 5675 D.
2188 5603 2244 5657 Ε.
2315 5604 2378 5636 ⁴¹¹
2413 5603 2541 5657 add.
2581 5603 2764 5675 81.2.
2829 5603 2912 5675 υ.
2946 5602 3060 5656 4¹*.
3226 5599 3298 5675 Cl_
3325 5599 3511 5675 γεῆ-73.
3549 5602 3635 5675 _‘_"

302 5673 642 5749 add._82._£i.
670 5674 761 5749 Cl.
792 5675 886 5749 ἓξ.
913 5678 1002 5749 cui
1049 5673 1404 5749 h_uju_s,_et_iu
1435 5674 1735 5749 honore:-
1768 5673 2005 5749 M_ari_a2,_
2033 5679 2083 5732 et
2123 5674 2521 5749 decretumque
2581 5704 2647 5714 —-
2694 5673 2816 5730 loco
2865 5674 3056 5730 desunt
3140 5673 3208 5708 ‘l’
3225 5673 3355 5727 add.
3393 5673 3486 5730 85.
3537 5673 3630 5728 C1.

301 5746 382 5800 2".
417 5746 485 5780 ⁴¹⁴
506 5746 634 5799 add.
673 5746 766 5800 81.
799 5747 888 5799 (11.
924 5748 990 5780 “5
1020 5747 1152 5801 add.
1178 5747 1270 5799 85.
1305 5747 1390 5800 κί’.
1421 5746 1540 5802 4".
1567 5745 1620 5800 5.
1658 5743 1855 5800 (ἷί.2“.
1886 5747 1938 5800 3.
1982 5747 2040 5802 D.
