3924 6080
309 265 416 321 273

1281 261 1634 317 CHRONICA.
1677 290 1745 304 —-
1784 257 2167 316 AUCTARIUM
2206 256 2670 322 AQUlClNENSE.

3540 261 3645 320 274

314 390 428 462 [qui
461 397 706 445 nostrum
738 387 1053 443 crnnobium
1111 387 1270 442 valde
1301 387 1492 443 dilexit
1521 394 1576 443 et
1623 387 1924 443 sublimare
1949 388 2004 457 Α
2029 384 2202 456 patrie
2234 384 2372 458 legis
2398 383 2568 452 ducti,
2599 398 2658 439 se
2681 384 2892 440 multuo
2924 383 3205 440 trucidant
3237 403 3253 453 ;
3286 386 3378 442 alii
3407 387 3475 442 ad
3504 395 3646 444 tem-

308 480 539 536 studuit.
571 479 726 534 Unde
752 485 1012 534 statutum
1067 487 1174 544 est,
1221 486 1281 533 ut
1326 479 1394 532 ad
1447 479 1668 533 missam
1699 477 1927 532 matuti-

313 572 496 626 nalem
530 570 756 637 cotidie,
791 571 837 624 si
863 570 1247 626 defunctorum
1289 576 1390 636 est,
1450 569 1684 624 collecta
1740 585 1838 640 pro
1865 583 1931 624 eo

310 668 366 714 et
394 660 518 728 ejus
545 658 893 729 coepiscopis
923 659 1170 714 secundo
1219 659 1339 713 loco
1371 659 1588 714 dicatur
1618 660 1730 726 “5.1
1767 658 1933 714 Gual-

316 751 520 804 cherus
545 749 595 804 ei
653 748 902 805 succedit
965 749 1053 804 “7.
1111 751 1168 804 In
1197 749 1464 804 suburbio
1495 749 1832 805 Tornacensi
1859 750 1930 804 ad

311 843 806 916 septentrionalem
861 845 1075 918 plagam
1129 845 1284 899 urbis
1333 845 1726 901 monasterium
1754 844 1928 900 sancti

309 933 524 988 Martini
591 943 910 990 construere
964 934 1160 1005 incipit
1206 935 1321 990 0do
1377 936 1830 1002 Aurelianensis,
1894 935 1928 988 6

312 1020 456 1075 Non.
521 1020 669 1086 Maii,
721 1020 812 1075 die
869 1022 1169 1078 dominico.
1233 1023 1303 1077 Ex
1369 1023 1622 1079 condicto
1684 1038 1926 1094 namque

314 1109 562 1179 predicta
591 1109 680 1164 die
707 1125 774 1165 eo
805 1110 1127 1177 adveniens,
1160 1112 1456 1167 comitante
1493 1113 1598 1167 sibi
1631 1112 1924 1183 sollempni

315 1201 677 1271 processione
722 1199 927 1256 domno
992 1201 1256 1257 Radbodo
1304 1202 1555 1270 ejusdem
1607 1201 1760 1256 urbis
1809 1202 1930 1273 epi-

313 1305 507 1361 scopo,
541 1299 595 1344 et
619 1291 836 1346 clericis
867 1291 974 1345 sibi
1003 1291 1265 1361 subjectis
1313 1292 1576 1347 aacclesiae
1629 1291 1804 1346 beata:
1835 1290 1928 1344 Dei

312 1378 601 1452 genitricis
655 1379 839 1434 Mariae
886 1396 1010 1435 cum
1039 1380 1231 1452 populi
1279 1380 1516 1434 maxima
1554 1379 1927 1445 multitudine,

315 1473 498 1527 locum
530 1471 598 1524 ab
625 1471 820 1526 eodem
852 1471 1096 1542 suscepit
1154 1472 1438 1543 episcOpo,
1471 1487 1584 1526 una
1611 1488 1734 1527 cum
1793 1488 1928 1544 qua-

316 1569 443 1614 tuor
469 1559 728 1614 fratribus
765 1576 953 1616 secum
984 1560 1189 1616 ibidem
1242 1561 1351 1616 Deo
1400 1561 1716 1616 militaturis
1737 1560 1926 1634 regula

317 1651 585 1707 canonica
611 1653 714 1706 sub
746 1651 938 1708 habitu
990 1653 1251 1708 clericali.
1303 1652 1402 1717 Qui
1460 1652 1573 1708 Odo
1623 1652 1929 1707 Aurelianis

315 1741 606 1809 oriundus,
657 1742 885 1799 Tornaci
937 1753 1066 1799 tunc
1107 1745 1372 1815 temporis
1403 1745 1748 1814 scolasticus,
1777 1743 1928 1798 nullo

317 1831 718 1902 Cisalpinorum
755 1832 988 1888 inferior
1011 1833 1153 1888 fama
1214 1835 1599 1890 celebrabatur
1627 1834 1931 1890 dialecticae

314 1924 452 1977 artis
469 1929 899 1996 ceterarumque
957 1925 1269 1981 liberalium
1322 1927 1574 1982 scientia.
1611 1928 1724 1992 Qua
1768 1942 1834 1981 ex
1873 1942 1931 1980 re

315 2011 690 2084 undequaque
737 2014 806 2068 ad
837 2031 963 2068 eum
1008 2015 1225 2071 clericis
1267 2016 1699 2082 confluentibus,
1733 2031 1876 2070 unus
1899 2030 1928 2069 e

314 2101 603 2176 peregrina
627 2104 1027 2173 superveniens
1058 2106 1283 2180 regione
1338 2105 1563 2160 anulum
1593 2121 1822 2160 aureum
1850 2103 1929 2158 illi

312 2194 539 2263 optulit,
593 2196 646 2248 in
703 2211 812 2268 quo
867 2198 1215 2253 monosticon
1254 2199 1360 2253 hoc
1400 2198 1725 2268 inscriptum
1778 2197 1879 2252 fuit
1915 2215 1942 2251 :-

308 2287 524 2340 Anulus
552 2289 780 2342 Odonem
833 2290 976 2344 decet
1026 2305 1226 2346 aureus
1264 2291 1650 2346 Aureliensem.
1694 2290 1818 2346 Haec
1848 2304 1933 2344 re-

312 2374 560 2443 tulimus,
602 2385 660 2430 ut
685 2393 747 2432 ex
799 2378 883 2432 his
926 2379 1270 2450 conjiciatur,
1301 2389 1566 2451 quantum
1594 2379 1740 2450 apud
1768 2394 1932 2434 unam

313 2464 583 2535 regalium
607 2467 978 2522 mcclesiarum
1011 2485 1026 2534 ;
1069 2469 1343 2523 honorem
1387 2467 1594 2522 habere
1647 2474 1856 2538 posset,
1887 2467 1934 2522 si

313 2553 410 2608 illo
438 2556 810 2622 tetendisset;
869 2557 1000 2612 dum
1046 2559 1241 2613 maluit
1298 2558 1515 2614 Christo
1571 2558 1838 2614 adherere
1880 2558 1935 2612 in

315 2649 440 2704 loco
471 2652 732 2721 pauperie
761 2659 814 2706 et
844 2653 1150 2726 indigentia
1177 2654 1266 2706 “8.

397 2746 552 2802 1093.
584 2747 850 2803 Ecclesia
903 2749 1079 2804 sancti
1131 2747 1350 2822 Georgii
1398 2747 1774 2803 Hesdiniensis
1825 2754 1936 2801 tra-

320 2838 472 2894 ditur
499 2840 765 2894 aecclesia:
815 2841 1170 2912 Aquicinensi
1212 2841 1299 2897 διεδ.
1360 2840 1474 2895 0do
1526 2838 1936 2894 Aurelianensis

321 2929 693 2984 invalescente
723 2931 1007 3002 religionis
1043 2930 1258 2986 fervore
1275 2930 1658 2985 monachicum
1687 2929 1933 2982 habitum

321 3037 434 3075 una
472 3037 593 3076 cum
626 3023 827 3077 ceteris
857 3022 1117 3078 fratribus
1139 3023 1371 3092 suscipit
1396 3037 1582 3076 secum
1617 3022 1670 3075 in
1694 3022 1799 3076 hoc
1823 3035 1936 3075 mo.

322 3111 567 3167 nasterio
612 3112 788 3167 sancti
843 3112 1056 3166 Martini
1115 3111 1480 3166 Tornacensis
1517 3109 1848 3166 constitutis.
1878 3109 1939 3164 Et

322 3205 453 3276 quia
483 3213 633 3260 tanta
672 3205 815 3260 fama
849 3206 974 3272 viri,
1008 3213 1065 3260 ut
1116 3205 1476 3275 prediximus,
1508 3205 1938 3274 circumquaque

323 3299 543 3366 diffusa,
577 3309 896 3372 tantumque
928 3301 1116 3355 lumen
1157 3300 1259 3354 sub
1293 3299 1479 3355 modio
1511 3300 1680 3354 latere
1717 3298 1810 3352 diu
1825 3312 1936 3352 non

325 3387 510 3457 potuit
543 3405 556 3442 :
589 3388 684 3442 Dei
712 3388 1084 3454 ordinatione,
1140 3388 1236 3460 qui
1294 3404 1418 3442 eum
1469 3387 1631 3442 altius
1664 3402 1717 3440 in
1750 3393 1937 3456 poste-

330 3493 450 3530 rum
482 3477 781 3532 sublimare
813 3477 1165 3548 disponebat,
1206 3486 1405 3532 cuncta
1456 3475 1813 3548 congregatio
1829 3473 1940 3544 jam

327 3565 440 3619 Deo
471 3565 740 3637 largiente
769 3565 1122 3620 numerosior
1142 3565 1348 3630 adulta,
1381 3563 1632 3617 unanimi
1660 3562 1942 3618 voluntate

329 3655 559 3726 parique
599 3663 725 3710 voto
781 3656 1022 3711 eundem
1075 3656 1318 3711 Odonem
1346 3654 1602 3709 abbatem
1627 3652 1733 3707 sibi
1761 3651 1945 3723 prefe-

327 3744 422 3810 cit,
450 3760 682 3800 assensu
711 3745 957 3799 ltadbodi
1002 3745 1116 3814 jam
1175 3743 1407 3815 predicti
1466 3740 1734 3814 episcopi.
1768 3738 1862 3794 Cui
1887 3739 1942 3792 in

328 3842 537 3889 tantum
571 3834 757 3890 divina
780 3834 954 3907 gratia
985 3833 1160 3899 affuit,
1195 3840 1252 3888 ut
1283 3849 1406 3888 cum
1430 3839 1556 3886 ante
1584 3831 1704 3899 ejus
1737 3829 1944 3884 adven-

327 3936 444 3981 tum
471 3927 615 3982 idem
644 3928 797 3983 locus
827 3943 926 4000 per
952 3928 1056 3984 300
1073 3928 1188 3982 fere
1239 3942 1418 3981 annos
1445 3925 1700 3980 desertus
1729 3922 1941 3986 fuisset,

328 4035 433 4074 nec
454 4020 750 4091 quicquam
772 4020 1000 4076 omnino
1047 4019 1492 4091 appenditiorum
1533 4017 1784 4083 haberet,
1817 4015 1940 4086 plus

328 4123 495 4178 quam
534 4109 604 4161 70
634 4109 934 4163 monachos
997 4107 1139 4162 infra
1169 4111 1234 4163 12
1263 4107 1513 4162 annosin
1544 4121 1610 4162 eo
1639 4120 1940 4179 congrega-

330 4197 491 4264 verit,
530 4197 862 4252 constructis
916 4197 1321 4252 sufticientihus
1374 4196 1454 4250 eis
1499 4193 1760 4261 officinis,
1791 4199 1940 4248 tanta

328 4307 583 4364 agrorum
614 4291 980 4362 amplitudine
1009 4292 1282 4363 adquisita
1311 4298 1568 4362 tantaque
1607 4289 1936 4354 substantia,

329 4400 440 4454 que
471 4384 989 4453 superhabundaret
1043 4385 1112 4438 ad
1153 4384 1501 4439 necessarios
1543 4399 1675 4438 usus
1708 4390 1815 4438 tam
1849 4398 1941 4437 su-
1963 4371 2022 4440 D

332 4471 773 4540 pervenientium
833 4472 1131 4544 hospitum,
1166 4489 1331 4544 quam
1364 4472 1789 4528 inhabitantium
1821 4487 1940 4526 mo-

330 4561 632 4616 nachorum
667 4562 754 4614 "0.
1271 4559 1278 4566 ’

402 4649 560 4705 1095.
604 4650 839 4722 Expulso
877 4650 945 4704 ab
999 4651 1321 4722 episcopatu
1372 4651 1747 4708 Cameracensi
1795 4651 1946 4706 Wal-

332 4739 503 4794 chero
529 4739 804 4794 Manasses
835 4742 883 4794 ei
909 4741 1155 4795 succedit
1193 4742 1281 4795 ‘2‘.

408 4833 560 4890 1096.
595 4833 922 4905 (eliminant)
958 4832 1137 4906 Aliqui
1191 4834 1494 4890 Judeorum
1543 4836 1661 4892 zelo
1706 4836 1946 4891 tenende

1955 1705 2004 1773 Β

2033 494 2134 549 pus
2176 494 2238 532 se
2292 478 2520 534 credere
2595 477 2939 546 simulantes,
2987 485 3110 550 post
3172 481 3240 534 ad
3298 481 3641 538 Judaismum

2031 569 2382 626 revolvuntur
2452 569 2542 635 m,
2615 573 2776 636 (inter
2835 575 3102 642 principes
3170 587 3328 628 cruce
3390 577 3644 643 signatos)

2030 659 2282 714 Ansellus
2338 659 2409 714 de
2480 657 2895 725 Ribodimonte,
2954 658 3210 716 fundator
3258 660 3644 732 Aquicinensis

2030 752 2294 808 aecclesia:
2323 753 2410 815 "3,

2102 842 2258 898 1899.
2295 840 2615 896 Christianis
2672 842 2875 897 'l‘urcos
2940 841 3156 898 fortiter
3208 843 3637 914 debellantibus,

2029 951 2328 1009 eorumque
2369 936 2533 992 urbes
2578 942 2633 991 et
2689 945 2867 992 castra
2921 936 3025 991 sibi
3056 937 3311 994 bellando
3341 941 3640 998 vendican-

2025 1030 2193 1088 tibus.
2227 1027 2454 1098 contigit
2480 1027 2627 1099 apud
2649 1029 3370 1100 quoddammunitissimum
3402 1040 3639 1088 castrum

2029 1120 2253 1176 nomine
2309 1119 2530 1186 Archas,
2560 1120 2642 1175 cis
2697 1120 3039 1176 Hierusalem
3095 1130 3219 1178 octo
3259 1123 3642 1180 mansionibus

2027 1209 2212 1275 situm,
2242 1208 2442 1263 multos
2492 1209 2672 1278 perire
2730 1224 2921 1265 eorum
2949 1229 2963 1276 ;
2992 1227 3114 1266 cum
3145 1212 3349 1283 quibus
3369 1221 3424 1270 et
3447 1215 3649 1270 Ansel-

2029 1301 2115 1356 lus
2141 1301 2210 1355 de
2269 1300 2660 1356 Ribodimonte
2692 1301 2876 1372 lapide
2907 1319 3204 1374 percussus
3237 1306 3293 1361 in
3324 1307 3505 1377 capite
3541 1323 3642 1364 oc-

2029 1391 2262 1457 cumbit,
2308 1390 2408 1446 hoc
2457 1391 2806 1446 solummodo
2867 1401 2989 1462 post
3017 1402 3306 1465 acceptum
3335 1396 3532 1451 vulnus
3568 1406 3649 1453 ter

2031 1492 2289 1554 repetens
2313 1484 2539 1538 verbum
2576 1501 2589 1537 :
2624 1489 2756 1540 Deus
2789 1487 2989 1554 adjuva
3018 1502 3104 1541 me
3126 1486 3215 1541 ‘3‘.

2097 1572 2237 1628 1100
2285 1572 2584 1627 Rotbertus
2642 1587 2826 1627 comes
2875 1573 3292 1629 Flandrensium
3325 1576 3646 1633 aHieroso.

2031 1660 2175 1714 limis
2232 1660 2559 1730 repatrians,
2609 1659 2806 1715 detulit
2886 1677 3074 1717 secum
3125 1663 3410 1719 brachium
3469 1667 3644 1721 sancti

2032 1751 2248 1824 Georgii
2279 1751 2536 1818 martiris,
2561 1753 2710 1823 quod
2767 1753 3034 1808 ecclesiae
3081 1754 3436 1825 Aquicinensi
3470 1764 3650 1814 trans-

2031 1839 2181 1895 misit
2236 1840 2304 1874 ⁴²⁵
2367 1843 2486 1910 [per
2539 1841 2919 1895 venerandum
2965 1841 3330 1898 Haimericum
3390 1845 3643 1901 abbatem
3740 1891 3745 1896 .

2033 1929 2207 2000 ipsius
2234 1927 2342 1984 loci
2389 1927 2598 1983 illatum
2647 1929 2955 2000 Aquicincti
3007 1931 3075 1985 12
3123 1931 3238 1987 Kal.
3293 1932 3422 1987 Julii
3453 1934 3523 1969 ⁴²⁶
3555 1935 3642 2004 (cf.

2030 2024 2172 2074 Ann.
2215 2020 2376 2092 Aq.)].
3196 2073 3200 2076 _

2109 2111 2261 2167 1102.
2291 2111 2449 2182 (Ann.
2483 2110 2604 2181 Δρ.)
2661 2110 2806 2165 Obiit
2846 2111 3184 2168 Haimericus
3211 2115 3416 2170 tercius
3477 2116 3648 2172 abbas

2032 2207 2438 2278 Aquicinensis,
2464 2206 2553 2262 cui
2580 2205 2849 2262 successit
2877 2206 3179 2262 Gelduinus
3201 2208 3292 2263 “7.

2107 2320 2263 2377 1105.
2324 2321 2574 2377 Manasse
2632 2321 3009 2378 Cameracensi
3078 2323 3342 2394 episcopo
3421 2333 3648 2396 accepto

2036 2410 2362 2466 monachico
2422 2411 2632 2476 habitu,
2709 2411 2844 2479 Odo,
2898 2412 3108 2483 primus
3165 2412 3336 2467 abbas
3391 2413 3648 2470 coenobio

2036 2502 2210 2556 sancti
2241 2501 2458 2558 Martini
2482 2502 2846 2558 Tornacensis
2905 2504 3195 2571 aecclesite,
3237 2503 3291 2558 in
3324 2505 3649 2578 episcopatu

2037 2594 2088 2648 ei
2118 2593 2364 2650 succedit
2394 2593 2482 2648 ⁸³⁸.

2107 2706 2265 2761 1109.
2299 2704 2447 2760 Obiit
2477 2705 2642 2760 etiam
2697 2705 2988 2761 Anselmus
3026 2705 3483 2778 archiepiscopus
3514 2707 3654 2763 Can-

2036 2795 2226 2851 tuariaz
2266 2812 2280 2861 ;
2313 2800 2368 2850 et
2400 2794 2552 2866 Hugo
2579 2793 2750 2848 abbas
2801 2793 3174 2850 Cluniacensis
3207 2812 3222 2860 ;
3265 2796 3353 2850 cui
3381 2795 3650 2851 successit

2037 2887 2261 2940 Pontius
2290 2885 2378 2937 η’.
2411 2884 2522 2940 lloc
2544 2883 2710 2939 etiam
2736 2899 2880 2940 anno
2928 2884 3253 2952 Gelduinus,
3287 2891 3480 2957 quarto
3528 2886 3649 2942 loco

2037 2977 2341 3050 Aquicincti
2380 2976 2572 3044 abbas,
2594 2975 2882 3031 fastidiens
2929 2991 3068 3032 onus
3106 2976 3653 3050 regiminis,potius-

1963 3058 2012 3125 C
2039 3084 2148 3139 que
2177 3066 2395 3142 eligens
2452 3066 2633 3121 ocium
2692 3065 2825 3121 olim
2870 3073 3005 3121 actae
3039 3066 3388 3132 reclusionis,
3430 3067 3653 3140 reliquit

2039 3174 2225 3213 curam
2278 3158 2606 3220 animarum,
2667 3165 2723 3212 et
2764 3157 2963 3212 iterum
3015 3155 3245 3213 effectus
3283 3166 3366 3213 est
3403 3157 3653 3214 reclusus

2039 3247 2184 3318 apud
2209 3247 2474 3302 Sanctum
2520 3246 2800 3308 Bertinum
2845 3244 2935 3315 (cf.
2989 3245 3103 3317 ib).
3148 3245 3242 3301 Cui
3299 3248 3567 3302 successit
3597 3237 3684 3302 in.

2039 3353 2168 3392 cura
2200 3337 2456 3408 pastorali
2487 3335 2805 3402 Rotbertus,
2860 3335 3112 3404 ejusdem
3163 3336 3402 3391 ccenobii
3449 3352 3652 3392 mona-

2042 3427 2196 3486 chus,
2228 3424 2322 3496 qui
2355 3423 2594 3494 qualiter
2621 3422 3392 3494 electusfuerit,supersedeo
3406 3440 3650 3492 narrare,

2044 3532 2113 3571 ne
2136 3515 2440 3587 quemlibet
2498 3513 2740 3569 offendat
2795 3529 2979 3568 sermo
3019 3513 3304 3569 relationis
3332 3522 3532 3570 nostra:
3564 3515 3652 3576 ⁴³⁰.

2045 3610 2154 3663 Hoc
2175 3622 2320 3661 anno
2374 3621 2530 3662 sacro
2583 3607 2709 3680 igne
2749 3605 2905 3660 multi
2966 3605 3368 3669 accenduntur,
3395 3608 3657 3662 membris

2045 3701 2218 3755 instar
2247 3697 2549 3754 carbonum
2575 3697 3020 3773 nigrescentibus
3040 3698 3128 3751 ‘3‘.

2115 3813 2278 3869 1111.
2310 3812 2579 3867 Robertus
2609 3811 2997 3882 Aquicinensis
3027 3811 3267 3867 cwnobii
3300 3812 3528 3884 quintus
3559 3814 3656 3868 ab-

2045 3910 2162 3975 bas,
2193 3924 2336 3982 aegre
2357 3907 2560 3969 ferens,
2620 3906 2984 3962 insectatione
3033 3907 3399 3979 quorumdam
3426 3909 3657 3965 saecula-

2047 3999 2185 4055 rium
2217 3999 2401 4054 vexari
2449 3997 2754 4053 azcclesiam
2798 3997 2905 4052 sibi
2972 3998 3262 4066 creditam,
3311 3999 3482 4054 simul
3529 4001 3658 4072 quia

2043 4094 2628 4165 hoceiimputahatur,
2681 4092 2911 4148 consilio
2963 4099 3190 4165 accepto
3247 4094 3456 4150 dimisit
3490 4095 3660 4151 abba-

2043 4185 2200 4250 tiam,
2249 4183 2584 4239 succedente
2637 4183 2688 4236 ei
2739 4182 2946 4237 domno
3006 4182 3191 4239 Alviso
3247 4183 3318 4218 ⁴³²
3359 4184 3652 4255 [monacho

2040 4277 2320 4343 Sithiensi,
2355 4283 2544 4347 postea
2570 4274 2836 4345 episcopo
2889 4273 3234 4330 Atrebatensi
3277 4276 3346 4310 ⁸³³
3384 4275 3474 4346 (cf.
3511 4277 3654 4348 ib.)].

2116 4389 2272 4445 1130.
2303 4389 2544 4443 Domnus
2573 4387 2828 4443 Aibertus
2860 4402 2925 4440 ex
2967 4386 3239 4440 monacho
3271 4385 3658 4456 Crispiniensis

2045 4477 2280 4534 caenobii
2309 4477 2454 4544 (376i
2489 4492 2722 4531 assensu
2754 4481 2809 4530 et
2863 4489 3138 4529 consensu
3188 4473 3460 4528 Lamberti
3485 4475 3659 4529 abba-

2044 4568 2114 4621 tis
2153 4565 2321 4621 claret
2349 4567 2403 4620 in
2436 4563 2606 4619 Gallia
2641 4563 2890 4618 reclusus
2923 4579 2937 4625 ;
2969 4562 3054 4616 vir
3082 4560 3282 4616 nostris
3313 4563 3658 4634 temporibus

2046 4662 2203 4726 nulli,
2228 4667 2318 4715 aut
2348 4660 2459 4715 fere
2514 4657 2794 4713 rarissimo
2857 4655 3282 4726 comparandus.
3336 4656 3434 4712 Hic
3463 4656 3658 4730 viginti

2046 4758 2281 4820 quatuor
2304 4747 2464 4802 annis
2501 4746 2574 4802 ob
2617 4744 2769 4801 omni
2824 4760 2966 4815 pane
3021 4743 3310 4811 abstinuit,
3343 4755 3399 4800 et
3431 4745 3658 4802 totidem

2046 4839 2116 4895 ab
2141 4838 2292 4895 omni
2325 4845 2478 4909 potu,
2510 4835 2754 4907 exceptis
2785 4835 3006 4892 duobus
3036 4853 3051 4902 ;
3083 4836 3232 4908 quod
3263 4835 3417 4892 dictu
3457 4837 3658 4891 mirum

1680 4970 1900 5025 VARUE
1930 4969 2318 5026 LECTlONES.

414 5097 483 5130 ⁵¹⁶
514 5098 897 5167 qui-dicatur
926 5098 1082 5153 habet
1108 5114 1249 5153 unus
1281 5100 1372 5152 Βὸ.
1406 5100 1470 5133 ⁴¹⁷
1503 5101 1634 5155 add.
1669 5102 1758 5156 B1.
1792 5101 1847 5166 2,
1881 5102 1964 5155 4“.
1995 5102 2113 5154 4".
2149 5101 2200 5155 5.
2237 5099 2326 5152 C1.
2357 5098 2444 5152 Ψ.
2478 5099 2530 5151 3.
2565 5097 2626 5153 Ι).
2659 5097 2750 5151 F3.
2784 5099 2850 5132 ⁴¹⁸
2877 5098 3008 5152 add.
3043 5098 3138 5154 B1.
3189 5098 3239 5151 2.

3276 5096 3290 5166 (
3321 5099 3410 5150 cui
3431 5097 3666 5162 fortasse

336 5166 730 5242 deftwritnt‘Ex
758 5170 1452 5242 condicto—indigentiae)
1483 5173 1549 5225 4*
1603 5175 1723 5226 4’*.
1760 5172 1848 5226 C3.
1888 5173 1955 5206 “9
1981 5173 2110 5225 add.
2147 5171 2314 5242 B4".
2341 5175 2396 5223 in
2425 5185 2580 5242 marg
2648 5167 2968 5242 135.7C1U‘”
2996 5169 3391 5242 Andriamunéfl
3412 5167 3536 5242 ῤ’ξ.

335 5239 401 5273 ⁸³⁸
438 5239 571 5294 add.
633 5239 722 5293 B1.
755 5241 808 5292 2.
852 5243 970 5295 4".
1004 5242 1056 5295 5.
1082 5241 1179 5295 C1.
1330 5243 1382 5296 3.
1417 5235 1506 5307 ἅθ’,
1537 5243 1597 5297 D.
1634 5244 1670 5296 Ε
1727 5244 1796 5277 ⁶²²
1819 5243 1948 5296 add.
1988 5243 2114 5299 83'.
2164 5242 2256 5306 C1,
2295 5241 2382 5296 Ψ.
2417 5242 2469 5295 3.
2510 5235 2596 5294 4".
2654 5240 2712 5293 D.
2742 5241 2780 5295 E
2824 5240 2893 5273 "3
2934 5240 3066 5294 add.
3105 5235 3298 5307 B'l.“{i.'
3324 5238 3451 5292 (32³⁸⁵.
3492 5239 3544 5294 3.
3577 5239 3663 5293 4*.

332 5307 404 5380 ξ’
433 5311 559 5363 add.
589 5310 714 5366 B3?
747 5312 944 5365 01.2‘.
993 5313 1047 5366 3.
1079 5314 1164 5365 4‘.
1220 5313 1278 5367 υ.
1312 5313 1381 5346 ⁸³⁵
1413 5314 1542 5366 add.
1605 5313 1774 5370 81.2.
1823 5315 1942 5369 4".
1999 5316 2058 5367 in
2100 5329 2277 5380 marg.
2319 5313 2370 5367 5.
2429 5311 2520 5366 C1.
2560 5311 2648 5366 γ’.
2709 5311 2763 5365 3.
2806 5310 2865 5364 υ.
2928 5310 2984 5364 Ε.

3040 5310 3108 5344 ⁴²⁶
3153 5307 3294 5364 add:
3345 5309 3442 5364 B1.
3474 5307 3527 5364 5.
3570 5309 3664 5364 C1.

331 5378 385 5436 3.
422 5381 489 5414 υτ
521 5382 653 5444 add,
716 5383 808 5438 Bs.
877 5381 971 5446 cs,
1047 5384 1115 5417 ηε
1170 5384 1303 5437 add.
1338 5383 1515 5440 81.2.
1560 5367 1822 5447 me,
1863 5367 1940 5439 5f
1988 5384 2078 5439 Cl.
2113 5385 2181 5438 2*
2213 5367 2266 5441 ἕ.
2319 5384 2408 5439 ιν.
2439 5383 2493 5449 ὅ,
2543 5383 2612 5417 ιη
2649 5383 2867 5437 addunt
2924 5381 3015 5435 Bt.
3071 5379 3125 5434 2.
3172 5380 3244 5435 5.
3289 5367 3470 5436 121.3.
3510 5381 3546 5433 δ
3603 5381 3662 5435 ι).

336 5450 409 5485 ⁸³⁰
442 5451 572 5506 add.
609 5452 702 5507 ΒΞ.
737 5455 788 5507 5.
824 5453 1075 5509 01.5.⁴³¹
1111 5455 1240 5510 add.
1279 5455 1370 5509 B1.
1397 5454 1453 5510 2.
1477 5456 1531 5512 5.
1561 5455 1651 5512 C1.
1681 5455 1750 5510 2"
1791 5455 1843 5511 3.
1864 5456 1918 5512 5'
1953 5457 2011 5511 Ι).
2044 5455 2256 5511 ⁸³³αάἀ.
2294 5454 2388 5510 ΒΞ.
2419 5455 2471 5508 5,
2516 5452 2608 5509 C1.
2649 5453 2706 5509 5.
2739 5453 2808 5487 ⁸³³
2832 5451 2963 5508 add.
2989 5451 3081 5507 C1.
3112 5451 3164 5504 5.

1894 5594 2106 5649 ΝΟΤᾹΞ.

413 5696 552 5765 (377;
591 5695 836 5768 Crespin,
863 5699 1026 5766 dioec,
1048 5700 1475 5757 Cameracensis.
