  <div class='ocr_page' id='page_1' title='image "/cluster/home/n/w/nwhite01/storage/ocr_20150623/160/hvd.32044054760186/143.png"; bbox 0 0 3894 6070; ppageno 0'>
   <div class='ocr_carea' id='block_1_1' title="bbox 237 166 346 227">
    <p class='ocr_par' dir='ltr' id='par_1_1' title="bbox 237 166 346 227">
     <span class='ocr_line' id='line_1_1' title="bbox 237 166 346 227; baseline 0 -1"><span class='ocrx_word' id='word_1_1' title='bbox 237 166 346 227; x_wconf 62' lang='grc'><strong>375</strong></span> 
     </span>
    </p>
   </div>
   <div class='ocr_carea' id='block_1_2' title="bbox 241 388 1266 462">
    <p class='ocr_par' dir='ltr' id='par_1_2' title="bbox 241 388 1266 462">
     <span class='ocr_line' id='line_1_2' title="bbox 241 388 1266 462; baseline -0.002 -17"><span class='ocrx_word' id='word_1_2' title='bbox 241 405 412 446; x_wconf 90' lang='lat' dir='ltr'><strong>conus</strong></span> <span class='ocrx_word' id='word_1_3' title='bbox 435 389 681 462; x_wconf 78' lang='lat' dir='ltr'><strong>diligenti</strong></span> <span class='ocrx_word' id='word_1_4' title='bbox 707 388 832 444; x_wconf 90' lang='lat' dir='ltr'><strong>stilo</strong></span> <span class='ocrx_word' id='word_1_5' title='bbox 860 388 1158 444; x_wconf 88' lang='lat' dir='ltr'><strong>elucidavit</strong></span> <span class='ocrx_word' id='word_1_6' title='bbox 1177 389 1266 443; x_wconf 69' lang='lat'><strong>‘3‘.</strong></span> 
     </span>
    </p>
   </div>
   <div class='ocr_carea' id='block_1_3' title="bbox 1447 161 2342 222">
    <p class='ocr_par' dir='ltr' id='par_1_3' title="bbox 1447 161 2342 222">
     <span class='ocr_line' id='line_1_3' title="bbox 1447 161 2342 222; baseline 0.001 -1"><span class='ocrx_word' id='word_1_7' title='bbox 1447 164 1792 221; x_wconf 82' lang='lat' dir='ltr'><strong>SIGEBERTI</strong></span> <span class='ocrx_word' id='word_1_8' title='bbox 1830 161 2342 222; x_wconf 75' lang='lat' dir='ltr'><strong>GEMBLACENSIS.</strong></span> 
     </span>
    </p>
   </div>
   <div class='ocr_carea' id='block_1_4' title="bbox 239 293 2180 369">
    <p class='ocr_par' dir='ltr' id='par_1_4' title="bbox 239 293 2180 369">
     <span class='ocr_line' id='line_1_4' title="bbox 239 293 2180 369; baseline -0.002 -17"><span class='ocrx_word' id='word_1_9' title='bbox 239 304 338 353; x_wconf 92' lang='lat' dir='ltr'><strong>est.</strong></span> <span class='ocrx_word' id='word_1_10' title='bbox 374 298 536 369; x_wconf 87' lang='lat' dir='ltr'><strong>Cujus</strong></span> <span class='ocrx_word' id='word_1_11' title='bbox 561 295 723 352; x_wconf 87' lang='lat' dir='ltr'><strong>vitam</strong></span> <span class='ocrx_word' id='word_1_12' title='bbox 775 297 1044 351; x_wconf 83' lang='lat' dir='ltr'><strong>Robertus</strong></span> <span class='ocrx_word' id='word_1_13' title='bbox 1087 296 1542 352; x_wconf 88' lang='lat' dir='ltr'><strong>Ostrevandensis</strong></span> <span class='ocrx_word' id='word_1_14' title='bbox 1570 294 1846 352; x_wconf 88' lang='lat' dir='ltr'><strong>archidia-</strong></span> <span class='ocrx_word' id='word_1_15' title='bbox 1868 296 1924 366; x_wconf 84' lang='grc' dir='ltr'>Α</span> <span class='ocrx_word' id='word_1_16' title='bbox 2021 293 2180 349; x_wconf 75' lang='grc'>1152.</span> 
     </span>
    </p>
   </div>
   <div class='ocr_carea' id='block_1_5' title="bbox 3455 165 3566 222">
    <p class='ocr_par' dir='ltr' id='par_1_5' title="bbox 3455 165 3566 222">
     <span class='ocr_line' id='line_1_5' title="bbox 3455 165 3566 222; baseline 0 -1"><span class='ocrx_word' id='word_1_17' title='bbox 3455 165 3566 222; x_wconf 77' lang='grc'>276</span> 
     </span>
    </p>
   </div>
   <div class='ocr_carea' id='block_1_6' title="bbox 2801 294 3558 352">
    <p class='ocr_par' dir='ltr' id='par_1_6' title="bbox 2801 294 3558 352">
     <span class='ocr_line' id='line_1_6' title="bbox 2801 294 3558 352; baseline 0.007 -5"><span class='ocrx_word' id='word_1_18' title='bbox 2801 294 2889 349; x_wconf 91' lang='grc'><strong>16.</strong></span> <span class='ocrx_word' id='word_1_19' title='bbox 3165 295 3247 349; x_wconf 82' lang='grc'><strong>16.</strong></span> <span class='ocrx_word' id='word_1_20' title='bbox 3503 298 3558 352; x_wconf 89' lang='grc'><strong>8.</strong></span> 
     </span>
    </p>
   </div>
   <div class='ocr_carea' id='block_1_7' title="bbox 2021 298 3559 456">
    <p class='ocr_par' dir='ltr' id='par_1_7' title="bbox 2021 298 3559 456">
     <span class='ocr_line' id='line_1_7' title="bbox 2021 298 3558 352; baseline 0.003 -4"><span class='ocrx_word' id='word_1_21' title='bbox 2021 298 2180 349; x_wconf 76' lang='grc'>1152.</span> <span class='ocrx_word' id='word_1_22' title='bbox 2436 298 2522 349; x_wconf 84' lang='grc'><strong>15.</strong></span> <span class='ocrx_word' id='word_1_23' title='bbox 2801 298 2889 349; x_wconf 91' lang='grc'><strong>16.</strong></span> <span class='ocrx_word' id='word_1_24' title='bbox 3165 298 3247 349; x_wconf 80' lang='grc'><strong>16.</strong></span> <span class='ocrx_word' id='word_1_25' title='bbox 3503 298 3558 352; x_wconf 89' lang='grc'>8.</span> 
     </span>
     <span class='ocr_line' id='line_1_8' title="bbox 2021 384 3559 456; baseline 0.003 -18"><span class='ocrx_word' id='word_1_26' title='bbox 2021 387 2180 452; x_wconf 77' lang='lat' dir='ltr'><strong>(Ann.</strong></span> <span class='ocrx_word' id='word_1_27' title='bbox 2218 386 2435 451; x_wconf 79' lang='lat' dir='ltr'><strong>Bland.)</strong></span> <span class='ocrx_word' id='word_1_28' title='bbox 2478 384 2758 440; x_wconf 90' lang='lat' dir='ltr'><strong>Conradus</strong></span> <span class='ocrx_word' id='word_1_29' title='bbox 2788 384 3094 456; x_wconf 82' lang='lat' dir='ltr'><strong>imperator</strong></span> <span class='ocrx_word' id='word_1_30' title='bbox 3132 385 3280 440; x_wconf 89' lang='lat' dir='ltr'><strong>diem</strong></span> <span class='ocrx_word' id='word_1_31' title='bbox 3311 387 3559 442; x_wconf 90' lang='lat' dir='ltr'><strong>ultimum</strong></span> 
     </span>
    </p>
   </div>
   <div class='ocr_carea' id='block_1_8' title="bbox 2436 293 2522 349">
    <p class='ocr_par' dir='ltr' id='par_1_8' title="bbox 2436 293 2522 349">
     <span class='ocr_line' id='line_1_9' title="bbox 2436 293 2522 349; baseline -0.035 0"><span class='ocrx_word' id='word_1_32' title='bbox 2436 293 2522 349; x_wconf 83' lang='grc'><strong>15.</strong></span> 
     </span>
    </p>
   </div>
   <div class='ocr_carea' id='block_1_9' title="bbox 312 476 3564 551">
    <p class='ocr_par' dir='ltr' id='par_1_9' title="bbox 312 476 3564 551">
     <span class='ocr_line' id='line_1_10' title="bbox 312 476 3564 551; baseline -0 -16"><span class='ocrx_word' id='word_1_33' title='bbox 312 482 470 536; x_wconf 88' lang='grc'>1131.</span> <span class='ocrx_word' id='word_1_34' title='bbox 502 480 770 536; x_wconf 92' lang='lat' dir='ltr'><strong>Defuncto</strong></span> <span class='ocrx_word' id='word_1_35' title='bbox 801 480 1007 536; x_wconf 91' lang='lat' dir='ltr'><strong>domno</strong></span> <span class='ocrx_word' id='word_1_36' title='bbox 1066 479 1306 535; x_wconf 86' lang='lat' dir='ltr'><strong>Roberto</strong></span> <span class='ocrx_word' id='word_1_37' title='bbox 1358 480 1699 536; x_wconf 80' lang='lat' dir='ltr'><strong>Atrebatensi</strong></span> <span class='ocrx_word' id='word_1_38' title='bbox 1727 479 1850 551; x_wconf 92' lang='lat' dir='ltr'><strong>epi-</strong></span> <span class='ocrx_word' id='word_1_39' title='bbox 1949 479 2153 534; x_wconf 80' lang='lat' dir='ltr'><strong>claudit</strong></span> <span class='ocrx_word' id='word_1_40' title='bbox 2184 495 2199 543; x_wconf 86' lang='lat'><strong>;</strong></span> <span class='ocrx_word' id='word_1_41' title='bbox 2231 477 2320 532; x_wconf 90' lang='lat' dir='ltr'><strong>cui</strong></span> <span class='ocrx_word' id='word_1_42' title='bbox 2345 477 2614 532; x_wconf 89' lang='lat' dir='ltr'><strong>successit</strong></span> <span class='ocrx_word' id='word_1_43' title='bbox 2645 476 2986 544; x_wconf 88' lang='lat' dir='ltr'><strong>Fredericus,</strong></span> <span class='ocrx_word' id='word_1_44' title='bbox 3018 477 3389 533; x_wconf 85' lang='lat' dir='ltr'><strong>consobrinus</strong></span> <span class='ocrx_word' id='word_1_45' title='bbox 3443 479 3564 549; x_wconf 91' lang='lat' dir='ltr'><strong>ejus</strong></span> 
     </span>
    </p>
   </div>
   <div class='ocr_carea' id='block_1_10' title="bbox 242 570 1847 643">
    <p class='ocr_par' dir='ltr' id='par_1_10' title="bbox 242 570 1847 643">
     <span class='ocr_line' id='line_1_11' title="bbox 242 570 1847 643; baseline -0.001 -15"><span class='ocrx_word' id='word_1_46' title='bbox 242 572 724 643; x_wconf 83' lang='lat' dir='ltr'><strong>scopo,succcssit</strong></span> <span class='ocrx_word' id='word_1_47' title='bbox 765 573 815 627; x_wconf 92' lang='lat' dir='ltr'><strong>ei</strong></span> <span class='ocrx_word' id='word_1_48' title='bbox 857 573 912 626; x_wconf 90' lang='lat' dir='ltr'><strong>in</strong></span> <span class='ocrx_word' id='word_1_49' title='bbox 973 570 1292 643; x_wconf 90' lang='lat' dir='ltr'><strong>pontiﬁcatu</strong></span> <span class='ocrx_word' id='word_1_50' title='bbox 1349 573 1587 629; x_wconf 91' lang='lat' dir='ltr'><strong>domnus</strong></span> <span class='ocrx_word' id='word_1_51' title='bbox 1617 573 1847 639; x_wconf 84' lang='lat' dir='ltr'><strong>Alvisus,</strong></span> 
     </span>
    </p>
   </div>
   <div class='ocr_carea' id='block_1_11' title="bbox 241 661 1848 736">
    <p class='ocr_par' dir='ltr' id='par_1_11' title="bbox 241 661 1848 736">
     <span class='ocr_line' id='line_1_12' title="bbox 241 661 1848 736; baseline -0.002 -16"><span class='ocrx_word' id='word_1_52' title='bbox 241 662 625 736; x_wconf 81' lang='lat' dir='ltr'><strong>Aquicinensis</strong></span> <span class='ocrx_word' id='word_1_53' title='bbox 664 663 932 718; x_wconf 59' lang='lat' dir='ltr'><strong>ecclesia</strong></span> <span class='ocrx_word' id='word_1_54' title='bbox 964 669 1150 717; x_wconf 78' lang='lat' dir='ltr'><strong>sextus</strong></span> <span class='ocrx_word' id='word_1_55' title='bbox 1185 661 1356 716; x_wconf 83' lang='lat' dir='ltr'><strong>abbas</strong></span> <span class='ocrx_word' id='word_1_56' title='bbox 1384 662 1473 728; x_wconf 67' lang='lat'><strong>‘35,</strong></span> <span class='ocrx_word' id='word_1_57' title='bbox 1515 663 1596 716; x_wconf 95' lang='lat' dir='ltr'><strong>vir</strong></span> <span class='ocrx_word' id='word_1_58' title='bbox 1635 676 1848 735; x_wconf 58' lang='lat' dir='ltr'><strong>magna;</strong></span> 
     </span>
    </p>
   </div>
   <div class='ocr_carea' id='block_1_12' title="bbox 246 751 1851 827">
    <p class='ocr_par' dir='ltr' id='par_1_12' title="bbox 246 751 1851 827">
     <span class='ocr_line' id='line_1_13' title="bbox 246 751 1851 827; baseline -0.001 -17"><span class='ocrx_word' id='word_1_59' title='bbox 246 754 532 827; x_wconf 81' lang='lat' dir='ltr'><strong>religionis</strong></span> <span class='ocrx_word' id='word_1_60' title='bbox 561 761 616 809; x_wconf 92' lang='lat' dir='ltr'><strong>et</strong></span> <span class='ocrx_word' id='word_1_61' title='bbox 675 752 973 827; x_wconf 81' lang='lat' dir='ltr'><strong>singularis</strong></span> <span class='ocrx_word' id='word_1_62' title='bbox 1021 752 1331 808; x_wconf 76' lang='lat' dir='ltr'><strong>severitatis</strong></span> <span class='ocrx_word' id='word_1_63' title='bbox 1380 753 1470 819; x_wconf 93' lang='lat' dir='ltr'><strong>(cf.</strong></span> <span class='ocrx_word' id='word_1_64' title='bbox 1512 754 1629 817; x_wconf 59' lang='grc' dir='ltr'><strong>ἰὰ).</strong></span> <span class='ocrx_word' id='word_1_65' title='bbox 1675 751 1766 806; x_wconf 88' lang='lat' dir='ltr'><strong>Cui</strong></span> <span class='ocrx_word' id='word_1_66' title='bbox 1797 754 1851 808; x_wconf 92' lang='lat' dir='ltr'><strong>in</strong></span> 
     </span>
    </p>
   </div>
   <div class='ocr_carea' id='block_1_13' title="bbox 247 843 1858 919">
    <p class='ocr_par' dir='ltr' id='par_1_13' title="bbox 247 843 1858 919">
     <span class='ocr_line' id='line_1_14' title="bbox 247 843 1858 919; baseline 0.001 -19"><span class='ocrx_word' id='word_1_67' title='bbox 247 846 600 919; x_wconf 85' lang='lat' dir='ltr'><strong>Aquicinensi</strong></span> <span class='ocrx_word' id='word_1_68' title='bbox 631 845 883 901; x_wconf 68' lang='lat' dir='ltr'><strong>tecclesia</strong></span> <span class='ocrx_word' id='word_1_69' title='bbox 950 843 1298 900; x_wconf 88' lang='lat' dir='ltr'><strong>substituitur</strong></span> <span class='ocrx_word' id='word_1_70' title='bbox 1323 845 1559 901; x_wconf 88' lang='lat' dir='ltr'><strong>domnus</strong></span> <span class='ocrx_word' id='word_1_71' title='bbox 1585 845 1858 902; x_wconf 85' lang='lat' dir='ltr'><strong>Gozvinus</strong></span> 
     </span>
    </p>
   </div>
   <div class='ocr_carea' id='block_1_14' title="bbox 249 934 828 1007">
    <p class='ocr_par' dir='ltr' id='par_1_14' title="bbox 249 934 828 1007">
     <span class='ocr_line' id='line_1_15' title="bbox 249 934 828 1007; baseline -0.003 -17"><span class='ocrx_word' id='word_1_72' title='bbox 249 936 516 1007; x_wconf 87' lang='lat' dir='ltr'><strong>septimus</strong></span> <span class='ocrx_word' id='word_1_73' title='bbox 544 934 716 989; x_wconf 84' lang='lat' dir='ltr'><strong>abbas</strong></span> <span class='ocrx_word' id='word_1_74' title='bbox 740 934 828 989; x_wconf 74' lang='grc'><strong>⁸³⁸.</strong></span> 
     </span>
    </p>
   </div>
   <div class='ocr_carea' id='block_1_15' title="bbox 321 1024 1856 1096">
    <p class='ocr_par' dir='ltr' id='par_1_15' title="bbox 321 1024 1856 1096">
     <span class='ocr_line' id='line_1_16' title="bbox 321 1024 1856 1096; baseline -0.001 -15"><span class='ocrx_word' id='word_1_75' title='bbox 321 1027 480 1082; x_wconf 73' lang='grc'>1134.</span> <span class='ocrx_word' id='word_1_76' title='bbox 514 1026 625 1080; x_wconf 84' lang='lat' dir='ltr'><strong>Hoc</strong></span> <span class='ocrx_word' id='word_1_77' title='bbox 649 1032 897 1096; x_wconf 87' lang='lat' dir='ltr'><strong>tempore</strong></span> <span class='ocrx_word' id='word_1_78' title='bbox 927 1024 1160 1096; x_wconf 85' lang='lat' dir='ltr'><strong>capella,</strong></span> <span class='ocrx_word' id='word_1_79' title='bbox 1193 1040 1225 1079; x_wconf 88' lang='lat' dir='ltr'><strong>a</strong></span> <span class='ocrx_word' id='word_1_80' title='bbox 1263 1024 1469 1082; x_wconf 91' lang='lat' dir='ltr'><strong>domno</strong></span> <span class='ocrx_word' id='word_1_81' title='bbox 1498 1025 1719 1081; x_wconf 88' lang='lat' dir='ltr'><strong>Aiberto</strong></span> <span class='ocrx_word' id='word_1_82' title='bbox 1745 1027 1856 1096; x_wconf 89' lang='lat' dir='ltr'><strong>jam</strong></span> 
     </span>
    </p>
   </div>
   <div class='ocr_carea' id='block_1_16' title="bbox 252 1114 1858 1188">
    <p class='ocr_par' dir='ltr' id='par_1_16' title="bbox 252 1114 1858 1188">
     <span class='ocr_line' id='line_1_17' title="bbox 252 1114 1858 1188; baseline -0.002 -18"><span class='ocrx_word' id='word_1_83' title='bbox 252 1116 465 1188; x_wconf 87' lang='lat' dir='ltr'><strong>pridem</strong></span> <span class='ocrx_word' id='word_1_84' title='bbox 497 1123 677 1186; x_wconf 89' lang='lat' dir='ltr'><strong>cepta,</strong></span> <span class='ocrx_word' id='word_1_85' title='bbox 721 1115 830 1170; x_wconf 90' lang='lat' dir='ltr'><strong>Deo</strong></span> <span class='ocrx_word' id='word_1_86' title='bbox 847 1114 1066 1170; x_wconf 91' lang='lat' dir='ltr'><strong>volente</strong></span> <span class='ocrx_word' id='word_1_87' title='bbox 1095 1121 1150 1169; x_wconf 92' lang='lat' dir='ltr'><strong>et</strong></span> <span class='ocrx_word' id='word_1_88' title='bbox 1176 1115 1472 1170; x_wconf 83' lang='lat' dir='ltr'><strong>auxiliante</strong></span> <span class='ocrx_word' id='word_1_89' title='bbox 1504 1122 1588 1170; x_wconf 91' lang='lat' dir='ltr'><strong>est</strong></span> <span class='ocrx_word' id='word_1_90' title='bbox 1619 1123 1858 1186; x_wconf 86' lang='lat' dir='ltr'><strong>peracta.</strong></span> 
     </span>
    </p>
   </div>
   <div class='ocr_carea' id='block_1_17' title="bbox 251 1203 1860 1273">
    <p class='ocr_par' dir='ltr' id='par_1_17' title="bbox 251 1203 1860 1273">
     <span class='ocr_line' id='line_1_18' title="bbox 251 1203 1860 1273; baseline -0.001 -12"><span class='ocrx_word' id='word_1_91' title='bbox 251 1207 327 1261; x_wconf 83' lang='lat' dir='ltr'><strong>Ad</strong></span> <span class='ocrx_word' id='word_1_92' title='bbox 346 1205 503 1273; x_wconf 89' lang='lat' dir='ltr'><strong>cujus</strong></span> <span class='ocrx_word' id='word_1_93' title='bbox 559 1203 1008 1260; x_wconf 87' lang='lat' dir='ltr'><strong>benedictionem</strong></span> <span class='ocrx_word' id='word_1_94' title='bbox 1053 1203 1340 1258; x_wconf 90' lang='lat' dir='ltr'><strong>Lietardus</strong></span> <span class='ocrx_word' id='word_1_95' title='bbox 1390 1203 1860 1259; x_wconf 88' lang='lat' dir='ltr'><strong>Cameracensium</strong></span> 
     </span>
    </p>
   </div>
   <div class='ocr_carea' id='block_1_18' title="bbox 254 1293 1862 1367">
    <p class='ocr_par' dir='ltr' id='par_1_18' title="bbox 254 1293 1862 1367">
     <span class='ocr_line' id='line_1_19' title="bbox 254 1293 1862 1367; baseline -0.003 -16"><span class='ocrx_word' id='word_1_96' title='bbox 254 1295 548 1367; x_wconf 87' lang='lat' dir='ltr'><strong>episcopus</strong></span> <span class='ocrx_word' id='word_1_97' title='bbox 590 1294 872 1359; x_wconf 80' lang='lat' dir='ltr'><strong>invitatur,</strong></span> <span class='ocrx_word' id='word_1_98' title='bbox 925 1301 980 1347; x_wconf 92' lang='lat' dir='ltr'><strong>et</strong></span> <span class='ocrx_word' id='word_1_99' title='bbox 1035 1307 1158 1346; x_wconf 93' lang='lat' dir='ltr'><strong>cum</strong></span> <span class='ocrx_word' id='word_1_100' title='bbox 1209 1307 1408 1366; x_wconf 88' lang='lat' dir='ltr'><strong>magno</strong></span> <span class='ocrx_word' id='word_1_101' title='bbox 1441 1293 1684 1362; x_wconf 89' lang='lat' dir='ltr'><strong>tripudio</strong></span> <span class='ocrx_word' id='word_1_102' title='bbox 1742 1309 1862 1348; x_wconf 90' lang='lat' dir='ltr'><strong>eam</strong></span> 
     </span>
    </p>
   </div>
   <div class='ocr_carea' id='block_1_19' title="bbox 254 1381 1863 1453">
    <p class='ocr_par' dir='ltr' id='par_1_19' title="bbox 254 1381 1863 1453">
     <span class='ocr_line' id='line_1_20' title="bbox 254 1381 1863 1453; baseline -0.004 -10"><span class='ocrx_word' id='word_1_103' title='bbox 254 1387 450 1443; x_wconf 82' lang='lat' dir='ltr'><strong>devote</strong></span> <span class='ocrx_word' id='word_1_104' title='bbox 477 1384 782 1439; x_wconf 89' lang='lat' dir='ltr'><strong>benedixit.</strong></span> <span class='ocrx_word' id='word_1_105' title='bbox 812 1383 939 1448; x_wconf 62' lang='lat' dir='ltr'><strong>Quae</strong></span> <span class='ocrx_word' id='word_1_106' title='bbox 959 1399 1060 1453; x_wconf 88' lang='lat' dir='ltr'><strong>per</strong></span> <span class='ocrx_word' id='word_1_107' title='bbox 1086 1383 1154 1438; x_wconf 71' lang='grc'><strong>40</strong></span> <span class='ocrx_word' id='word_1_108' title='bbox 1188 1381 1308 1436; x_wconf 91' lang='lat' dir='ltr'><strong>dies</strong></span> <span class='ocrx_word' id='word_1_109' title='bbox 1333 1381 1401 1436; x_wconf 90' lang='lat' dir='ltr'><strong>ab</strong></span> <span class='ocrx_word' id='word_1_110' title='bbox 1427 1382 1690 1438; x_wconf 90' lang='lat' dir='ltr'><strong>omnibus</strong></span> <span class='ocrx_word' id='word_1_111' title='bbox 1721 1397 1863 1453; x_wconf 86' lang='lat' dir='ltr'><strong>pene</strong></span> 
     </span>
    </p>
   </div>
   <div class='ocr_carea' id='block_1_20' title="bbox 259 1471 1864 1548">
    <p class='ocr_par' dir='ltr' id='par_1_20' title="bbox 259 1471 1864 1548">
     <span class='ocr_line' id='line_1_21' title="bbox 259 1471 1864 1548; baseline -0.001 -20"><span class='ocrx_word' id='word_1_112' title='bbox 259 1475 508 1546; x_wconf 89' lang='lat' dir='ltr'><strong>partibus</strong></span> <span class='ocrx_word' id='word_1_113' title='bbox 547 1473 703 1548; x_wconf 79' lang='lat' dir='ltr'><strong>regni</strong></span> <span class='ocrx_word' id='word_1_114' title='bbox 746 1473 847 1543; x_wconf 46' lang='lat' dir='ltr'><strong>Dei.</strong></span> <span class='ocrx_word' id='word_1_115' title='bbox 869 1472 1131 1527; x_wconf 91' lang='lat' dir='ltr'><strong>instinctu</strong></span> <span class='ocrx_word' id='word_1_116' title='bbox 1159 1471 1234 1526; x_wconf 92' lang='lat' dir='ltr'><strong>ita</strong></span> <span class='ocrx_word' id='word_1_117' title='bbox 1261 1471 1661 1544; x_wconf 90' lang='lat' dir='ltr'><strong>frequentatur,</strong></span> <span class='ocrx_word' id='word_1_118' title='bbox 1696 1479 1753 1526; x_wconf 93' lang='lat' dir='ltr'><strong>ut</strong></span> <span class='ocrx_word' id='word_1_119' title='bbox 1779 1473 1864 1526; x_wconf 84' lang='lat' dir='ltr'><strong>vix</strong></span> 
     </span>
    </p>
   </div>
   <div class='ocr_carea' id='block_1_21' title="bbox 259 1560 1868 1634">
    <p class='ocr_par' dir='ltr' id='par_1_21' title="bbox 259 1560 1868 1634">
     <span class='ocr_line' id='line_1_22' title="bbox 259 1560 1868 1634; baseline -0.002 -16"><span class='ocrx_word' id='word_1_120' title='bbox 259 1572 352 1618; x_wconf 92' lang='lat' dir='ltr'><strong>aut</strong></span> <span class='ocrx_word' id='word_1_121' title='bbox 379 1579 680 1634; x_wconf 89' lang='lat' dir='ltr'><strong>numquam</strong></span> <span class='ocrx_word' id='word_1_122' title='bbox 708 1561 889 1616; x_wconf 90' lang='lat' dir='ltr'><strong>adhuc</strong></span> <span class='ocrx_word' id='word_1_123' title='bbox 913 1561 979 1595; x_wconf 67' lang='lat'><strong>‘37</strong></span> <span class='ocrx_word' id='word_1_124' title='bbox 1009 1560 1287 1616; x_wconf 88' lang='lat' dir='ltr'><strong>hominem</strong></span> <span class='ocrx_word' id='word_1_125' title='bbox 1321 1561 1607 1616; x_wconf 89' lang='lat' dir='ltr'><strong>mortalem</strong></span> <span class='ocrx_word' id='word_1_126' title='bbox 1643 1562 1771 1617; x_wconf 88' lang='lat' dir='ltr'><strong>huic</strong></span> <span class='ocrx_word' id='word_1_127' title='bbox 1792 1562 1868 1615; x_wconf 90' lang='lat' dir='ltr'><strong>si-</strong></span> 
     </span>
    </p>
   </div>
   <div class='ocr_carea' id='block_1_22' title="bbox 264 1649 1869 1722">
    <p class='ocr_par' dir='ltr' id='par_1_22' title="bbox 264 1649 1869 1722">
     <span class='ocr_line' id='line_1_23' title="bbox 264 1649 1869 1722; baseline -0.002 -14"><span class='ocrx_word' id='word_1_128' title='bbox 264 1653 447 1709; x_wconf 89' lang='lat' dir='ltr'><strong>milem</strong></span> <span class='ocrx_word' id='word_1_129' title='bbox 479 1666 643 1705; x_wconf 90' lang='lat' dir='ltr'><strong>nemo</strong></span> <span class='ocrx_word' id='word_1_130' title='bbox 691 1649 910 1704; x_wconf 88' lang='lat' dir='ltr'><strong>viderit.</strong></span> <span class='ocrx_word' id='word_1_131' title='bbox 964 1651 1080 1715; x_wconf 81' lang='lat' dir='ltr'><strong>Quo</strong></span> <span class='ocrx_word' id='word_1_132' title='bbox 1126 1656 1373 1720; x_wconf 90' lang='lat' dir='ltr'><strong>tempore</strong></span> <span class='ocrx_word' id='word_1_133' title='bbox 1425 1650 1680 1706; x_wconf 83' lang='lat' dir='ltr'><strong>similiter</strong></span> <span class='ocrx_word' id='word_1_134' title='bbox 1724 1650 1869 1722; x_wconf 80' lang='lat' dir='ltr'><strong>apud</strong></span> 
     </span>
    </p>
   </div>
   <div class='ocr_carea' id='block_1_23' title="bbox 262 1738 1874 1810">
    <p class='ocr_par' dir='ltr' id='par_1_23' title="bbox 262 1738 1874 1810">
     <span class='ocr_line' id='line_1_24' title="bbox 262 1738 1874 1810; baseline -0.003 -11"><span class='ocrx_word' id='word_1_135' title='bbox 262 1745 570 1799; x_wconf 87' lang='lat' dir='ltr'><strong>Oscannum</strong></span> <span class='ocrx_word' id='word_1_136' title='bbox 609 1739 678 1794; x_wconf 88' lang='lat' dir='ltr'><strong>ab</strong></span> <span class='ocrx_word' id='word_1_137' title='bbox 709 1738 973 1810; x_wconf 85' lang='lat' dir='ltr'><strong>episcOpo</strong></span> <span class='ocrx_word' id='word_1_138' title='bbox 1006 1739 1262 1793; x_wconf 83' lang='lat' dir='ltr'><strong>Remensi</strong></span> <span class='ocrx_word' id='word_1_139' title='bbox 1292 1738 1538 1794; x_wconf 67' lang='lat' dir='ltr'><strong>tecclesia</strong></span> <span class='ocrx_word' id='word_1_140' title='bbox 1581 1754 1874 1794; x_wconf 89' lang='lat' dir='ltr'><strong>consecra-</strong></span> 
     </span>
    </p>
   </div>
   <div class='ocr_carea' id='block_1_24' title="bbox 265 1833 1873 1905">
    <p class='ocr_par' dir='ltr' id='par_1_24' title="bbox 265 1833 1873 1905">
     <span class='ocr_line' id='line_1_25' title="bbox 265 1833 1873 1905; baseline -0.002 -11"><span class='ocrx_word' id='word_1_141' title='bbox 265 1849 353 1894; x_wconf 89' lang='lat' dir='ltr'><strong>tur</strong></span> <span class='ocrx_word' id='word_1_142' title='bbox 382 1833 1251 1905; x_wconf 84' lang='lat' dir='ltr'><strong>,cuiarchiepiscopus,episcOpi</strong></span> <span class='ocrx_word' id='word_1_143' title='bbox 1274 1839 1328 1888; x_wconf 89' lang='lat' dir='ltr'><strong>et</strong></span> <span class='ocrx_word' id='word_1_144' title='bbox 1357 1833 1587 1889; x_wconf 90' lang='lat' dir='ltr'><strong>abbates</strong></span> <span class='ocrx_word' id='word_1_145' title='bbox 1619 1849 1873 1905; x_wconf 90' lang='lat' dir='ltr'><strong>compro-</strong></span> 
     </span>
    </p>
   </div>
   <div class='ocr_carea' id='block_1_25' title="bbox 263 1924 1870 1992">
    <p class='ocr_par' dir='ltr' id='par_1_25' title="bbox 263 1924 1870 1992">
     <span class='ocr_line' id='line_1_26' title="bbox 263 1924 1870 1992; baseline -0.002 -8"><span class='ocrx_word' id='word_1_146' title='bbox 263 1928 518 1984; x_wconf 88' lang='lat' dir='ltr'><strong>vintiales</strong></span> <span class='ocrx_word' id='word_1_147' title='bbox 556 1927 822 1992; x_wconf 89' lang='lat' dir='ltr'><strong>faventes,</strong></span> <span class='ocrx_word' id='word_1_148' title='bbox 845 1924 1278 1990; x_wconf 90' lang='lat' dir='ltr'><strong>multitudinem,</strong></span> <span class='ocrx_word' id='word_1_149' title='bbox 1301 1925 1566 1980; x_wconf 90' lang='lat' dir='ltr'><strong>domnum</strong></span> <span class='ocrx_word' id='word_1_150' title='bbox 1591 1927 1870 1981; x_wconf 84' lang='lat' dir='ltr'><strong>Aibertum</strong></span> 
     </span>
    </p>
   </div>
   <div class='ocr_carea' id='block_1_26' title="bbox 270 2015 1874 2092">
    <p class='ocr_par' dir='ltr' id='par_1_26' title="bbox 270 2015 1874 2092">
     <span class='ocr_line' id='line_1_27' title="bbox 270 2015 1874 2092; baseline -0.003 -16"><span class='ocrx_word' id='word_1_151' title='bbox 270 2021 730 2092; x_wconf 88' lang='lat' dir='ltr'><strong>frequentantem,</strong></span> <span class='ocrx_word' id='word_1_152' title='bbox 771 2015 1064 2087; x_wconf 89' lang='lat' dir='ltr'><strong>prohibere</strong></span> <span class='ocrx_word' id='word_1_153' title='bbox 1091 2025 1384 2086; x_wconf 87' lang='lat' dir='ltr'><strong>ceperunt,</strong></span> <span class='ocrx_word' id='word_1_154' title='bbox 1426 2025 1482 2072; x_wconf 91' lang='lat' dir='ltr'><strong>et</strong></span> <span class='ocrx_word' id='word_1_155' title='bbox 1511 2018 1581 2073; x_wconf 92' lang='lat' dir='ltr'><strong>de</strong></span> <span class='ocrx_word' id='word_1_156' title='bbox 1607 2033 1673 2073; x_wconf 91' lang='lat' dir='ltr'><strong>eo</strong></span> <span class='ocrx_word' id='word_1_157' title='bbox 1705 2018 1874 2073; x_wconf 87' lang='lat' dir='ltr'><strong>multa</strong></span> 
     </span>
    </p>
   </div>
   <div class='ocr_carea' id='block_1_27' title="bbox 267 2104 1874 2178">
    <p class='ocr_par' dir='ltr' id='par_1_27' title="bbox 267 2104 1874 2178">
     <span class='ocr_line' id='line_1_28' title="bbox 267 2104 1874 2178; baseline -0.004 -10"><span class='ocrx_word' id='word_1_158' title='bbox 267 2109 584 2168; x_wconf 88' lang='lat' dir='ltr'><strong>infamando</strong></span> <span class='ocrx_word' id='word_1_159' title='bbox 619 2107 825 2173; x_wconf 91' lang='lat' dir='ltr'><strong>dicere,</strong></span> <span class='ocrx_word' id='word_1_160' title='bbox 858 2121 980 2178; x_wconf 74' lang='lat' dir='ltr'><strong>qua:</strong></span> <span class='ocrx_word' id='word_1_161' title='bbox 1025 2104 1259 2161; x_wconf 90' lang='lat' dir='ltr'><strong>reticere</strong></span> <span class='ocrx_word' id='word_1_162' title='bbox 1309 2105 1507 2161; x_wconf 88' lang='lat' dir='ltr'><strong>melius</strong></span> <span class='ocrx_word' id='word_1_163' title='bbox 1538 2107 1874 2177; x_wconf 87' lang='lat' dir='ltr'><strong>putavimus.</strong></span> 
     </span>
    </p>
   </div>
   <div class='ocr_carea' id='block_1_28' title="bbox 270 2196 1877 2268">
    <p class='ocr_par' dir='ltr' id='par_1_28' title="bbox 270 2196 1877 2268">
     <span class='ocr_line' id='line_1_29' title="bbox 270 2196 1877 2268; baseline -0.001 -10"><span class='ocrx_word' id='word_1_164' title='bbox 270 2205 328 2258; x_wconf 93' lang='lat' dir='ltr'><strong>In</strong></span> <span class='ocrx_word' id='word_1_165' title='bbox 361 2208 569 2256; x_wconf 86' lang='lat' dir='ltr'><strong>tantum</strong></span> <span class='ocrx_word' id='word_1_166' title='bbox 601 2198 748 2256; x_wconf 88' lang='lat' dir='ltr'><strong>enim</strong></span> <span class='ocrx_word' id='word_1_167' title='bbox 780 2213 971 2253; x_wconf 90' lang='lat' dir='ltr'><strong>eorum</strong></span> <span class='ocrx_word' id='word_1_168' title='bbox 993 2196 1263 2268; x_wconf 88' lang='lat' dir='ltr'><strong>prevaluit</strong></span> <span class='ocrx_word' id='word_1_169' title='bbox 1289 2198 1592 2262; x_wconf 90' lang='lat' dir='ltr'><strong>contentio,</strong></span> <span class='ocrx_word' id='word_1_170' title='bbox 1626 2209 1685 2255; x_wconf 91' lang='lat' dir='ltr'><strong>ut</strong></span> <span class='ocrx_word' id='word_1_171' title='bbox 1713 2216 1877 2257; x_wconf 90' lang='lat' dir='ltr'><strong>causa</strong></span> 
     </span>
    </p>
   </div>
   <div class='ocr_carea' id='block_1_29' title="bbox 270 2286 1877 2364">
    <p class='ocr_par' dir='ltr' id='par_1_29' title="bbox 270 2286 1877 2364">
     <span class='ocr_line' id='line_1_30' title="bbox 270 2286 1877 2364; baseline 0.001 -16"><span class='ocrx_word' id='word_1_172' title='bbox 270 2291 616 2364; x_wconf 87' lang='lat' dir='ltr'><strong>probationis</strong></span> <span class='ocrx_word' id='word_1_173' title='bbox 668 2289 734 2343; x_wconf 91' lang='lat' dir='ltr'><strong>ad</strong></span> <span class='ocrx_word' id='word_1_174' title='bbox 807 2303 933 2342; x_wconf 91' lang='lat' dir='ltr'><strong>eum</strong></span> <span class='ocrx_word' id='word_1_175' title='bbox 1011 2286 1296 2341; x_wconf 89' lang='lat' dir='ltr'><strong>mitterent</strong></span> <span class='ocrx_word' id='word_1_176' title='bbox 1375 2287 1633 2342; x_wconf 88' lang='lat' dir='ltr'><strong>abbatem</strong></span> <span class='ocrx_word' id='word_1_177' title='bbox 1693 2291 1877 2350; x_wconf 91' lang='lat' dir='ltr'><strong>Sancti</strong></span> 
     </span>
    </p>
   </div>
   <div class='ocr_carea' id='block_1_30' title="bbox 268 2381 1880 2449">
    <p class='ocr_par' dir='ltr' id='par_1_30' title="bbox 268 2381 1880 2449">
     <span class='ocr_line' id='line_1_31' title="bbox 268 2381 1880 2449; baseline 0.001 -8"><span class='ocrx_word' id='word_1_178' title='bbox 268 2384 792 2441; x_wconf 86' lang='lat' dir='ltr'><strong>Amandidomnum</strong></span> <span class='ocrx_word' id='word_1_179' title='bbox 820 2381 1088 2449; x_wconf 84' lang='lat' dir='ltr'><strong>Absalon,</strong></span> <span class='ocrx_word' id='word_1_180' title='bbox 1137 2391 1191 2438; x_wconf 88' lang='lat' dir='ltr'><strong>et</strong></span> <span class='ocrx_word' id='word_1_181' title='bbox 1220 2383 1473 2439; x_wconf 90' lang='lat' dir='ltr'><strong>abbatem</strong></span> <span class='ocrx_word' id='word_1_182' title='bbox 1528 2386 1710 2442; x_wconf 88' lang='lat' dir='ltr'><strong>Sancti</strong></span> <span class='ocrx_word' id='word_1_183' title='bbox 1778 2390 1880 2444; x_wconf 91' lang='lat' dir='ltr'><strong>Se-</strong></span> 
     </span>
    </p>
   </div>
   <div class='ocr_carea' id='block_1_31' title="bbox 269 2473 1881 2552">
    <p class='ocr_par' dir='ltr' id='par_1_31' title="bbox 269 2473 1881 2552">
     <span class='ocr_line' id='line_1_32' title="bbox 269 2473 1881 2552; baseline 0 -17"><span class='ocrx_word' id='word_1_184' title='bbox 269 2477 444 2552; x_wconf 89' lang='lat' dir='ltr'><strong>pulcri</strong></span> <span class='ocrx_word' id='word_1_185' title='bbox 486 2476 625 2547; x_wconf 84' lang='grc'>(378)</span> <span class='ocrx_word' id='word_1_186' title='bbox 657 2473 969 2538; x_wconf 89' lang='lat' dir='ltr'><strong>Parviuum,</strong></span> <span class='ocrx_word' id='word_1_187' title='bbox 1011 2479 1192 2528; x_wconf 90' lang='lat' dir='ltr'><strong>utrum</strong></span> <span class='ocrx_word' id='word_1_188' title='bbox 1262 2475 1386 2528; x_wconf 89' lang='lat' dir='ltr'><strong>talis</strong></span> <span class='ocrx_word' id='word_1_189' title='bbox 1415 2491 1478 2530; x_wconf 88' lang='lat' dir='ltr'><strong>ac</strong></span> <span class='ocrx_word' id='word_1_190' title='bbox 1511 2483 1692 2532; x_wconf 89' lang='lat' dir='ltr'><strong>tantus</strong></span> <span class='ocrx_word' id='word_1_191' title='bbox 1716 2488 1881 2547; x_wconf 78' lang='lat' dir='ltr'><strong>esset,</strong></span> 
     </span>
    </p>
   </div>
   <div class='ocr_carea' id='block_1_32' title="bbox 271 2563 1883 2644">
    <p class='ocr_par' dir='ltr' id='par_1_32' title="bbox 271 2563 1883 2644">
     <span class='ocr_line' id='line_1_33' title="bbox 271 2563 1883 2644; baseline -0.007 -17"><span class='ocrx_word' id='word_1_192' title='bbox 271 2571 487 2644; x_wconf 85' lang='lat' dir='ltr'><strong>qualem</strong></span> <span class='ocrx_word' id='word_1_193' title='bbox 517 2569 658 2623; x_wconf 89' lang='lat' dir='ltr'><strong>fama</strong></span> <span class='ocrx_word' id='word_1_194' title='bbox 683 2566 750 2620; x_wconf 86' lang='lat' dir='ltr'><strong>de</strong></span> <span class='ocrx_word' id='word_1_195' title='bbox 781 2580 849 2621; x_wconf 92' lang='lat' dir='ltr'><strong>eo</strong></span> <span class='ocrx_word' id='word_1_196' title='bbox 892 2563 1090 2620; x_wconf 79' lang='lat' dir='ltr'><strong>diffusa</strong></span> <span class='ocrx_word' id='word_1_197' title='bbox 1132 2582 1293 2621; x_wconf 87' lang='lat' dir='ltr'><strong>aures</strong></span> <span class='ocrx_word' id='word_1_198' title='bbox 1324 2568 1570 2623; x_wconf 91' lang='lat' dir='ltr'><strong>omnium</strong></span> <span class='ocrx_word' id='word_1_199' title='bbox 1604 2573 1883 2641; x_wconf 75' lang='lat' dir='ltr'><strong>percelle-</strong></span> 
     </span>
    </p>
   </div>
   <div class='ocr_carea' id='block_1_33' title="bbox 271 2657 1884 2729">
    <p class='ocr_par' dir='ltr' id='par_1_33' title="bbox 271 2657 1884 2729">
     <span class='ocr_line' id='line_1_34' title="bbox 271 2657 1884 2729; baseline -0.008 -11"><span class='ocrx_word' id='word_1_200' title='bbox 271 2672 369 2718; x_wconf 91' lang='lat' dir='ltr'><strong>rat.</strong></span> <span class='ocrx_word' id='word_1_201' title='bbox 407 2661 506 2725; x_wconf 86' lang='lat' dir='ltr'><strong>Qui</strong></span> <span class='ocrx_word' id='word_1_202' title='bbox 540 2659 659 2728; x_wconf 83' lang='lat' dir='ltr'><strong>ejus</strong></span> <span class='ocrx_word' id='word_1_203' title='bbox 701 2657 991 2712; x_wconf 90' lang='lat' dir='ltr'><strong>sanctitate</strong></span> <span class='ocrx_word' id='word_1_204' title='bbox 1047 2666 1350 2728; x_wconf 88' lang='lat' dir='ltr'><strong>comperta,</strong></span> <span class='ocrx_word' id='word_1_205' title='bbox 1387 2675 1486 2729; x_wconf 91' lang='lat' dir='ltr'><strong>per</strong></span> <span class='ocrx_word' id='word_1_206' title='bbox 1525 2663 1709 2717; x_wconf 83' lang='lat' dir='ltr'><strong>omnia</strong></span> <span class='ocrx_word' id='word_1_207' title='bbox 1758 2663 1884 2720; x_wconf 89' lang='lat' dir='ltr'><strong>lau-</strong></span> 
     </span>
    </p>
   </div>
   <div class='ocr_carea' id='block_1_34' title="bbox 275 2750 1887 2822">
    <p class='ocr_par' dir='ltr' id='par_1_34' title="bbox 275 2750 1887 2822">
     <span class='ocr_line' id='line_1_35' title="bbox 275 2750 1887 2822; baseline 0.003 -14"><span class='ocrx_word' id='word_1_208' title='bbox 275 2755 469 2808; x_wconf 81' lang='lat' dir='ltr'><strong>dantes</strong></span> <span class='ocrx_word' id='word_1_209' title='bbox 515 2755 707 2818; x_wconf 90' lang='lat' dir='ltr'><strong>Deum,</strong></span> <span class='ocrx_word' id='word_1_210' title='bbox 760 2751 827 2806; x_wconf 89' lang='lat' dir='ltr'><strong>ad</strong></span> <span class='ocrx_word' id='word_1_211' title='bbox 887 2766 985 2806; x_wconf 90' lang='lat' dir='ltr'><strong>cos</strong></span> <span class='ocrx_word' id='word_1_212' title='bbox 1033 2767 1063 2806; x_wconf 88' lang='lat' dir='ltr'><strong>a</strong></span> <span class='ocrx_word' id='word_1_213' title='bbox 1094 2750 1296 2822; x_wconf 88' lang='lat' dir='ltr'><strong>quibus</strong></span> <span class='ocrx_word' id='word_1_214' title='bbox 1343 2753 1494 2808; x_wconf 89' lang='lat' dir='ltr'><strong>missi</strong></span> <span class='ocrx_word' id='word_1_215' title='bbox 1531 2753 1750 2812; x_wconf 88' lang='lat' dir='ltr'><strong>fuerant</strong></span> <span class='ocrx_word' id='word_1_216' title='bbox 1799 2774 1887 2813; x_wconf 88' lang='lat' dir='ltr'><strong>re-</strong></span> 
     </span>
    </p>
   </div>
   <div class='ocr_carea' id='block_1_35' title="bbox 276 2843 553 2899">
    <p class='ocr_par' dir='ltr' id='par_1_35' title="bbox 276 2843 553 2899">
     <span class='ocr_line' id='line_1_36' title="bbox 276 2843 553 2899; baseline 0 -1"><span class='ocrx_word' id='word_1_217' title='bbox 276 2845 430 2899; x_wconf 91' lang='lat' dir='ltr'><strong>diere</strong></span> <span class='ocrx_word' id='word_1_218' title='bbox 464 2843 553 2898; x_wconf 67' lang='lat'><strong>‘3&#39;.</strong></span> 
     </span>
    </p>
   </div>
   <div class='ocr_carea' id='block_1_36' title="bbox 1951 565 3562 638">
    <p class='ocr_par' dir='ltr' id='par_1_36' title="bbox 1951 565 3562 638">
     <span class='ocr_line' id='line_1_37' title="bbox 1951 565 3562 638; baseline 0.001 -16"><span class='ocrx_word' id='word_1_219' title='bbox 1951 569 2012 622; x_wconf 87' lang='lat' dir='ltr'><strong>lu</strong></span> <span class='ocrx_word' id='word_1_220' title='bbox 2037 567 2286 622; x_wconf 72' lang='lat' dir='ltr'><strong>azcclesia</strong></span> <span class='ocrx_word' id='word_1_221' title='bbox 2340 566 2513 621; x_wconf 89' lang='lat' dir='ltr'><strong>sancti</strong></span> <span class='ocrx_word' id='word_1_222' title='bbox 2568 565 2798 634; x_wconf 83' lang='lat' dir='ltr'><strong>Nicolai,</strong></span> <span class='ocrx_word' id='word_1_223' title='bbox 2851 581 2972 638; x_wconf 59' lang='lat' dir='ltr'><strong>quae</strong></span> <span class='ocrx_word' id='word_1_224' title='bbox 3013 574 3326 622; x_wconf 88' lang='lat' dir='ltr'><strong>constructa</strong></span> <span class='ocrx_word' id='word_1_225' title='bbox 3383 576 3467 623; x_wconf 90' lang='lat' dir='ltr'><strong>est</strong></span> <span class='ocrx_word' id='word_1_226' title='bbox 3505 569 3562 623; x_wconf 93' lang='lat' dir='ltr'><strong>in</strong></span> 
     </span>
    </p>
   </div>
   <div class='ocr_carea' id='block_1_37' title="bbox 1952 657 3562 730">
    <p class='ocr_par' dir='ltr' id='par_1_37' title="bbox 1952 657 3562 730">
     <span class='ocr_line' id='line_1_38' title="bbox 1952 657 3562 730; baseline -0.001 -14"><span class='ocrx_word' id='word_1_227' title='bbox 1952 660 2120 730; x_wconf 87' lang='lat' dir='ltr'><strong>Opido</strong></span> <span class='ocrx_word' id='word_1_228' title='bbox 2151 659 2504 725; x_wconf 89' lang='lat' dir='ltr'><strong>Brusellensi,</strong></span> <span class='ocrx_word' id='word_1_229' title='bbox 2545 666 2736 713; x_wconf 84' lang='lat' dir='ltr'><strong>sancta</strong></span> <span class='ocrx_word' id='word_1_230' title='bbox 2797 658 2962 712; x_wconf 78' lang='lat' dir='ltr'><strong>Maria</strong></span> <span class='ocrx_word' id='word_1_231' title='bbox 2993 657 3163 713; x_wconf 76' lang='lat' dir='ltr'><strong>Mater</strong></span> <span class='ocrx_word' id='word_1_232' title='bbox 3191 659 3321 714; x_wconf 85' lang='lat' dir='ltr'><strong>Jesu</strong></span> <span class='ocrx_word' id='word_1_233' title='bbox 3366 658 3562 715; x_wconf 87' lang='lat' dir='ltr'><strong>Christi</strong></span> 
     </span>
    </p>
   </div>
   <div class='ocr_carea' id='block_1_38' title="bbox 1955 748 3567 820">
    <p class='ocr_par' dir='ltr' id='par_1_38' title="bbox 1955 748 3567 820">
     <span class='ocr_line' id='line_1_39' title="bbox 1955 748 3567 820; baseline -0.001 -14"><span class='ocrx_word' id='word_1_234' title='bbox 1955 756 2180 820; x_wconf 87' lang='lat' dir='ltr'><strong>operata</strong></span> <span class='ocrx_word' id='word_1_235' title='bbox 2200 758 2286 805; x_wconf 91' lang='lat' dir='ltr'><strong>est</strong></span> <span class='ocrx_word' id='word_1_236' title='bbox 2312 750 2484 804; x_wconf 93' lang='lat' dir='ltr'><strong>multa</strong></span> <span class='ocrx_word' id='word_1_237' title='bbox 2505 749 2790 804; x_wconf 88' lang='lat' dir='ltr'><strong>miracula.</strong></span> <span class='ocrx_word' id='word_1_238' title='bbox 2812 748 2930 819; x_wconf 81' lang='lat' dir='ltr'><strong>(1b.)</strong></span> <span class='ocrx_word' id='word_1_239' title='bbox 2954 749 3220 804; x_wconf 61' lang='lat' dir='ltr'><strong>IEcclesia</strong></span> <span class='ocrx_word' id='word_1_240' title='bbox 3241 751 3418 806; x_wconf 89' lang='lat' dir='ltr'><strong>sancti</strong></span> <span class='ocrx_word' id='word_1_241' title='bbox 3445 752 3567 806; x_wconf 89' lang='lat' dir='ltr'><strong>Ber-</strong></span> 
     </span>
    </p>
   </div>
   <div class='ocr_carea' id='block_1_39' title="bbox 1957 837 3566 908">
    <p class='ocr_par' dir='ltr' id='par_1_39' title="bbox 1957 837 3566 908">
     <span class='ocr_line' id='line_1_40' title="bbox 1957 837 3566 908; baseline 0.001 -15"><span class='ocrx_word' id='word_1_242' title='bbox 1957 839 2057 894; x_wconf 91' lang='lat' dir='ltr'><strong>tini</strong></span> <span class='ocrx_word' id='word_1_243' title='bbox 2091 854 2214 893; x_wconf 91' lang='lat' dir='ltr'><strong>cum</strong></span> <span class='ocrx_word' id='word_1_244' title='bbox 2249 838 2509 893; x_wconf 91' lang='lat' dir='ltr'><strong>omnibus</strong></span> <span class='ocrx_word' id='word_1_245' title='bbox 2539 837 2887 908; x_wconf 89' lang='lat' dir='ltr'><strong>appendiciis</strong></span> <span class='ocrx_word' id='word_1_246' title='bbox 2917 837 3031 891; x_wconf 89' lang='lat' dir='ltr'><strong>suis</strong></span> <span class='ocrx_word' id='word_1_247' title='bbox 3085 839 3372 894; x_wconf 87' lang='lat' dir='ltr'><strong>combusta</strong></span> <span class='ocrx_word' id='word_1_248' title='bbox 3401 845 3484 894; x_wconf 93' lang='lat' dir='ltr'><strong>est</strong></span> <span class='ocrx_word' id='word_1_249' title='bbox 3511 841 3566 894; x_wconf 91' lang='lat' dir='ltr'><strong>in</strong></span> 
     </span>
    </p>
   </div>
   <div class='ocr_carea' id='block_1_40' title="bbox 1961 928 3569 1000">
    <p class='ocr_par' dir='ltr' id='par_1_40' title="bbox 1961 928 3569 1000">
     <span class='ocr_line' id='line_1_41' title="bbox 1961 928 3569 1000; baseline 0 -16"><span class='ocrx_word' id='word_1_250' title='bbox 1961 930 2080 1000; x_wconf 83' lang='lat' dir='ltr'><strong>ipso</strong></span> <span class='ocrx_word' id='word_1_251' title='bbox 2111 929 2249 985; x_wconf 88' lang='lat' dir='ltr'><strong>festo</strong></span> <span class='ocrx_word' id='word_1_252' title='bbox 2280 928 2454 983; x_wconf 89' lang='lat' dir='ltr'><strong>sancti</strong></span> <span class='ocrx_word' id='word_1_253' title='bbox 2484 929 2712 995; x_wconf 88' lang='lat' dir='ltr'><strong>Bertini,</strong></span> <span class='ocrx_word' id='word_1_254' title='bbox 2756 928 2886 983; x_wconf 91' lang='lat' dir='ltr'><strong>dum</strong></span> <span class='ocrx_word' id='word_1_255' title='bbox 2939 929 3331 986; x_wconf 89' lang='lat' dir='ltr'><strong>matutinorum</strong></span> <span class='ocrx_word' id='word_1_256' title='bbox 3364 931 3569 988; x_wconf 90' lang='lat' dir='ltr'><strong>solem-</strong></span> 
     </span>
    </p>
   </div>
   <div class='ocr_carea' id='block_1_41' title="bbox 1960 1022 2443 1095">
    <p class='ocr_par' dir='ltr' id='par_1_41' title="bbox 1960 1022 2443 1095">
     <span class='ocr_line' id='line_1_42' title="bbox 1960 1022 2443 1095; baseline -0.004 -18"><span class='ocrx_word' id='word_1_257' title='bbox 1960 1022 2092 1093; x_wconf 87' lang='lat' dir='ltr'><strong>pnia</strong></span> <span class='ocrx_word' id='word_1_258' title='bbox 2120 1022 2443 1095; x_wconf 81' lang='lat' dir='ltr'><strong>agebantur.</strong></span> 
     </span>
    </p>
   </div>
   <div class='ocr_carea' id='block_1_42' title="bbox 2033 1112 3567 1169">
    <p class='ocr_par' dir='ltr' id='par_1_42' title="bbox 2033 1112 3567 1169">
     <span class='ocr_line' id='line_1_43' title="bbox 2033 1112 3567 1169; baseline 0.001 -2"><span class='ocrx_word' id='word_1_259' title='bbox 2033 1112 2192 1168; x_wconf 86' lang='grc'>1153.</span> <span class='ocrx_word' id='word_1_260' title='bbox 2472 1113 2524 1166; x_wconf 92' lang='grc'><strong>1.</strong></span> <span class='ocrx_word' id='word_1_261' title='bbox 2808 1114 2892 1168; x_wconf 87' lang='grc'><strong>17.</strong></span> <span class='ocrx_word' id='word_1_262' title='bbox 3173 1114 3260 1168; x_wconf 90' lang='grc'><strong>17.</strong></span> <span class='ocrx_word' id='word_1_263' title='bbox 3515 1115 3567 1169; x_wconf 89' lang='grc'>9.</span> 
     </span>
    </p>
   </div>
   <div class='ocr_carea' id='block_1_43' title="bbox 2036 1203 3574 1275">
    <p class='ocr_par' dir='ltr' id='par_1_43' title="bbox 2036 1203 3574 1275">
     <span class='ocr_line' id='line_1_44' title="bbox 2036 1203 3574 1275; baseline 0.001 -16"><span class='ocrx_word' id='word_1_264' title='bbox 2036 1205 2264 1275; x_wconf 89' lang='lat' dir='ltr'><strong>Eclipsis</strong></span> <span class='ocrx_word' id='word_1_265' title='bbox 2281 1204 2412 1259; x_wconf 92' lang='lat' dir='ltr'><strong>solis</strong></span> <span class='ocrx_word' id='word_1_266' title='bbox 2459 1203 2601 1259; x_wconf 87' lang='lat' dir='ltr'><strong>facta</strong></span> <span class='ocrx_word' id='word_1_267' title='bbox 2630 1212 2716 1259; x_wconf 92' lang='lat' dir='ltr'><strong>est</strong></span> <span class='ocrx_word' id='word_1_268' title='bbox 2767 1205 2799 1258; x_wconf 91' lang='lat'><strong>7</strong></span> <span class='ocrx_word' id='word_1_269' title='bbox 2833 1204 2946 1260; x_wconf 89' lang='lat' dir='ltr'><strong>Kal.</strong></span> <span class='ocrx_word' id='word_1_270' title='bbox 2979 1204 3136 1260; x_wconf 87' lang='lat' dir='ltr'><strong>Febr.</strong></span> <span class='ocrx_word' id='word_1_271' title='bbox 3171 1205 3228 1259; x_wconf 92' lang='lat' dir='ltr'><strong>in</strong></span> <span class='ocrx_word' id='word_1_272' title='bbox 3255 1205 3290 1260; x_wconf 74' lang='lat'><strong>2</strong></span> <span class='ocrx_word' id='word_1_273' title='bbox 3321 1204 3459 1260; x_wconf 89' lang='lat' dir='ltr'><strong>feria</strong></span> <span class='ocrx_word' id='word_1_274' title='bbox 3491 1224 3506 1269; x_wconf 89' lang='lat'><strong>;</strong></span> <span class='ocrx_word' id='word_1_275' title='bbox 3539 1207 3574 1260; x_wconf 91' lang='grc'><strong>5</strong></span> 
     </span>
    </p>
   </div>
   <div class='ocr_carea' id='block_1_44' title="bbox 1966 1292 3576 1363">
    <p class='ocr_par' dir='ltr' id='par_1_44' title="bbox 1966 1292 3576 1363">
     <span class='ocr_line' id='line_1_45' title="bbox 1966 1292 3576 1363; baseline 0 -15"><span class='ocrx_word' id='word_1_276' title='bbox 1966 1295 2094 1348; x_wconf 91' lang='lat' dir='ltr'><strong>ldus</strong></span> <span class='ocrx_word' id='word_1_277' title='bbox 2116 1293 2397 1348; x_wconf 89' lang='lat' dir='ltr'><strong>Februarii</strong></span> <span class='ocrx_word' id='word_1_278' title='bbox 2428 1293 2483 1346; x_wconf 92' lang='lat' dir='ltr'><strong>in</strong></span> <span class='ocrx_word' id='word_1_279' title='bbox 2502 1293 2537 1346; x_wconf 71' lang='lat'><strong>2</strong></span> <span class='ocrx_word' id='word_1_280' title='bbox 2561 1292 2695 1347; x_wconf 91' lang='lat' dir='ltr'><strong>feria</strong></span> <span class='ocrx_word' id='word_1_281' title='bbox 2726 1293 3026 1348; x_wconf 89' lang='lat' dir='ltr'><strong>tonitruum</strong></span> <span class='ocrx_word' id='word_1_282' title='bbox 3059 1294 3302 1349; x_wconf 90' lang='lat' dir='ltr'><strong>auditum</strong></span> <span class='ocrx_word' id='word_1_283' title='bbox 3321 1304 3428 1349; x_wconf 91' lang='lat' dir='ltr'><strong>est.</strong></span> <span class='ocrx_word' id='word_1_284' title='bbox 3457 1295 3576 1363; x_wconf 81' lang='grc' dir='ltr'><strong>(Ιὺ.)</strong></span> 
     </span>
    </p>
   </div>
   <div class='ocr_carea' id='block_1_45' title="bbox 1968 1383 3574 1459">
    <p class='ocr_par' dir='ltr' id='par_1_45' title="bbox 1968 1383 3574 1459">
     <span class='ocr_line' id='line_1_46' title="bbox 1968 1383 3574 1459; baseline 0 -20"><span class='ocrx_word' id='word_1_285' title='bbox 1968 1384 2247 1459; x_wconf 83' lang='lat' dir='ltr'><strong>Eugenius</strong></span> <span class='ocrx_word' id='word_1_286' title='bbox 2268 1401 2409 1455; x_wconf 89' lang='lat' dir='ltr'><strong>papa</strong></span> <span class='ocrx_word' id='word_1_287' title='bbox 2437 1384 2581 1438; x_wconf 92' lang='lat' dir='ltr'><strong>diem</strong></span> <span class='ocrx_word' id='word_1_288' title='bbox 2621 1383 2874 1438; x_wconf 90' lang='lat' dir='ltr'><strong>ultimum</strong></span> <span class='ocrx_word' id='word_1_289' title='bbox 2923 1384 3128 1438; x_wconf 89' lang='lat' dir='ltr'><strong>claudit</strong></span> <span class='ocrx_word' id='word_1_290' title='bbox 3153 1384 3296 1450; x_wconf 65' lang='lat'>(379,</span> <span class='ocrx_word' id='word_1_291' title='bbox 3329 1402 3343 1450; x_wconf 91' lang='lat'><strong>;</strong></span> <span class='ocrx_word' id='word_1_292' title='bbox 3373 1400 3574 1439; x_wconf 90' lang='lat' dir='ltr'><strong>succe-</strong></span> 
     </span>
    </p>
   </div>
   <div class='ocr_carea' id='block_1_46' title="bbox 1968 1475 3577 1546">
    <p class='ocr_par' dir='ltr' id='par_1_46' title="bbox 1968 1475 3577 1546">
     <span class='ocr_line' id='line_1_47' title="bbox 1968 1475 3577 1546; baseline 0.001 -16"><span class='ocrx_word' id='word_1_293' title='bbox 1968 1477 2048 1530; x_wconf 88' lang='lat' dir='ltr'><strong>dit</strong></span> <span class='ocrx_word' id='word_1_294' title='bbox 2077 1475 2127 1530; x_wconf 91' lang='lat' dir='ltr'><strong>ei</strong></span> <span class='ocrx_word' id='word_1_295' title='bbox 2151 1475 2440 1531; x_wconf 90' lang='lat' dir='ltr'><strong>Konradus</strong></span> <span class='ocrx_word' id='word_1_296' title='bbox 2470 1475 2634 1530; x_wconf 77' lang='lat' dir='ltr'><strong>l58u8</strong></span> <span class='ocrx_word' id='word_1_297' title='bbox 2655 1491 2817 1546; x_wconf 91' lang='lat' dir='ltr'><strong>papa,</strong></span> <span class='ocrx_word' id='word_1_298' title='bbox 2859 1476 3073 1530; x_wconf 63' lang='lat' dir='ltr'><strong>Sanctae</strong></span> <span class='ocrx_word' id='word_1_299' title='bbox 3115 1475 3332 1530; x_wconf 62' lang='lat' dir='ltr'><strong>Sabinae</strong></span> <span class='ocrx_word' id='word_1_300' title='bbox 3362 1477 3577 1546; x_wconf 88' lang='lat' dir='ltr'><strong>episco-</strong></span> 
     </span>
    </p>
   </div>
   <div class='ocr_carea' id='block_1_47' title="bbox 1969 1563 3579 1636">
    <p class='ocr_par' dir='ltr' id='par_1_47' title="bbox 1969 1563 3579 1636">
     <span class='ocr_line' id='line_1_48' title="bbox 1969 1563 3579 1636; baseline -0.002 -15"><span class='ocrx_word' id='word_1_301' title='bbox 1969 1582 2092 1636; x_wconf 90' lang='lat' dir='ltr'><strong>pus,</strong></span> <span class='ocrx_word' id='word_1_302' title='bbox 2141 1565 2458 1619; x_wconf 87' lang='lat' dir='ltr'><strong>Anastasius</strong></span> <span class='ocrx_word' id='word_1_303' title='bbox 2503 1565 2830 1635; x_wconf 90' lang='lat' dir='ltr'><strong>appellatus;</strong></span> <span class='ocrx_word' id='word_1_304' title='bbox 2870 1563 3107 1619; x_wconf 90' lang='lat' dir='ltr'><strong>vicarius</strong></span> <span class='ocrx_word' id='word_1_305' title='bbox 3157 1564 3367 1619; x_wconf 89' lang='lat' dir='ltr'><strong>domini</strong></span> <span class='ocrx_word' id='word_1_306' title='bbox 3423 1580 3579 1635; x_wconf 60' lang='lat' dir='ltr'><strong>papae</strong></span> 
     </span>
    </p>
   </div>
   <div class='ocr_carea' id='block_1_48' title="bbox 1974 1653 3582 1727">
    <p class='ocr_par' dir='ltr' id='par_1_48' title="bbox 1974 1653 3582 1727">
     <span class='ocr_line' id='line_1_49' title="bbox 1974 1653 3582 1727; baseline -0.002 -18"><span class='ocrx_word' id='word_1_307' title='bbox 1974 1653 2384 1727; x_wconf 88' lang='lat' dir='ltr'><strong>predecessoris</strong></span> <span class='ocrx_word' id='word_1_308' title='bbox 2411 1653 2519 1708; x_wconf 90' lang='lat' dir='ltr'><strong>sui.</strong></span> <span class='ocrx_word' id='word_1_309' title='bbox 2537 1654 2780 1708; x_wconf 91' lang='lat' dir='ltr'><strong>Domnus</strong></span> <span class='ocrx_word' id='word_1_310' title='bbox 2797 1668 3020 1724; x_wconf 90' lang='lat' dir='ltr'><strong>quoque</strong></span> <span class='ocrx_word' id='word_1_311' title='bbox 3055 1653 3386 1718; x_wconf 81' lang='lat' dir='ltr'><strong>Bernardus,</strong></span> <span class='ocrx_word' id='word_1_312' title='bbox 3410 1653 3582 1707; x_wconf 88' lang='lat' dir='ltr'><strong>abbas</strong></span> 
     </span>
    </p>
   </div>
   <div class='ocr_carea' id='block_1_49' title="bbox 1973 1745 3581 1818">
    <p class='ocr_par' dir='ltr' id='par_1_49' title="bbox 1973 1745 3581 1818">
     <span class='ocr_line' id='line_1_50' title="bbox 1973 1745 3581 1818; baseline -0.003 -14"><span class='ocrx_word' id='word_1_313' title='bbox 1973 1747 2413 1813; x_wconf 90' lang='lat' dir='ltr'><strong>Clarevallensis,</strong></span> <span class='ocrx_word' id='word_1_314' title='bbox 2465 1747 2559 1818; x_wconf 90' lang='lat' dir='ltr'><strong>qui</strong></span> <span class='ocrx_word' id='word_1_315' title='bbox 2589 1747 2745 1818; x_wconf 89' lang='lat' dir='ltr'><strong>quasi</strong></span> <span class='ocrx_word' id='word_1_316' title='bbox 2799 1745 2992 1801; x_wconf 85' lang='lat' dir='ltr'><strong>lucifer</strong></span> <span class='ocrx_word' id='word_1_317' title='bbox 3040 1753 3282 1811; x_wconf 82' lang='lat' dir='ltr'><strong>exortus,</strong></span> <span class='ocrx_word' id='word_1_318' title='bbox 3327 1747 3581 1801; x_wconf 90' lang='lat' dir='ltr'><strong>ordinem</strong></span> 
     </span>
    </p>
   </div>
   <div class='ocr_carea' id='block_1_50' title="bbox 1975 1842 3583 1916">
    <p class='ocr_par' dir='ltr' id='par_1_50' title="bbox 1975 1842 3583 1916">
     <span class='ocr_line' id='line_1_51' title="bbox 1975 1842 3583 1916; baseline -0.002 -18"><span class='ocrx_word' id='word_1_319' title='bbox 1975 1853 2222 1900; x_wconf 91' lang='lat' dir='ltr'><strong>nostrum</strong></span> <span class='ocrx_word' id='word_1_320' title='bbox 2260 1843 2586 1910; x_wconf 88' lang='lat' dir='ltr'><strong>illustrabat,</strong></span> <span class='ocrx_word' id='word_1_321' title='bbox 2631 1843 2885 1916; x_wconf 78' lang='lat' dir='ltr'><strong>migravit</strong></span> <span class='ocrx_word' id='word_1_322' title='bbox 2928 1842 2997 1897; x_wconf 90' lang='lat' dir='ltr'><strong>ad</strong></span> <span class='ocrx_word' id='word_1_323' title='bbox 3047 1843 3339 1898; x_wconf 91' lang='lat' dir='ltr'><strong>Dominum</strong></span> <span class='ocrx_word' id='word_1_324' title='bbox 3394 1843 3583 1912; x_wconf 79' lang='lat'><strong>(380);</strong></span> 
     </span>
    </p>
   </div>
   <div class='ocr_carea' id='block_1_51' title="bbox 1976 1934 3594 2005">
    <p class='ocr_par' dir='ltr' id='par_1_51' title="bbox 1976 1934 3594 2005">
     <span class='ocr_line' id='line_1_52' title="bbox 1976 1934 3594 2005; baseline -0.002 -14"><span class='ocrx_word' id='word_1_325' title='bbox 1976 1937 2134 2005; x_wconf 88' lang='lat' dir='ltr'><strong>cujus</strong></span> <span class='ocrx_word' id='word_1_326' title='bbox 2159 1936 2268 1990; x_wconf 90' lang='lat' dir='ltr'><strong>vita</strong></span> <span class='ocrx_word' id='word_1_327' title='bbox 2299 1942 2354 1990; x_wconf 87' lang='lat' dir='ltr'><strong>et</strong></span> <span class='ocrx_word' id='word_1_328' title='bbox 2379 1935 2630 1990; x_wconf 90' lang='lat' dir='ltr'><strong>doctrina</strong></span> <span class='ocrx_word' id='word_1_329' title='bbox 2685 1934 2740 1988; x_wconf 90' lang='lat' dir='ltr'><strong>in</strong></span> <span class='ocrx_word' id='word_1_330' title='bbox 2774 1943 2986 1990; x_wconf 86' lang='lat' dir='ltr'><strong>tantum</strong></span> <span class='ocrx_word' id='word_1_331' title='bbox 3040 1934 3280 2000; x_wconf 88' lang='lat' dir='ltr'><strong>excellit,</strong></span> <span class='ocrx_word' id='word_1_332' title='bbox 3320 1942 3378 1989; x_wconf 94' lang='lat' dir='ltr'><strong>ut</strong></span> <span class='ocrx_word' id='word_1_333' title='bbox 3409 1935 3594 1988; x_wconf 89' lang='lat' dir='ltr'><strong>minus</strong></span> 
     </span>
    </p>
   </div>
   <div class='ocr_carea' id='block_1_52' title="bbox 1976 2022 3591 2096">
    <p class='ocr_par' dir='ltr' id='par_1_52' title="bbox 1976 2022 3591 2096">
     <span class='ocr_line' id='line_1_53' title="bbox 1976 2022 3591 2096; baseline -0.001 -15"><span class='ocrx_word' id='word_1_334' title='bbox 1976 2026 2068 2091; x_wconf 92' lang='lat' dir='ltr'><strong>sit,</strong></span> <span class='ocrx_word' id='word_1_335' title='bbox 2125 2023 2390 2096; x_wconf 89' lang='lat' dir='ltr'><strong>quicquid</strong></span> <span class='ocrx_word' id='word_1_336' title='bbox 2441 2024 2494 2078; x_wconf 91' lang='lat' dir='ltr'><strong>in</strong></span> <span class='ocrx_word' id='word_1_337' title='bbox 2544 2023 2665 2092; x_wconf 86' lang='lat' dir='ltr'><strong>ejus</strong></span> <span class='ocrx_word' id='word_1_338' title='bbox 2730 2023 2894 2078; x_wconf 91' lang='lat' dir='ltr'><strong>laude</strong></span> <span class='ocrx_word' id='word_1_339' title='bbox 2936 2023 3144 2078; x_wconf 90' lang='lat' dir='ltr'><strong>dictum</strong></span> <span class='ocrx_word' id='word_1_340' title='bbox 3183 2022 3364 2079; x_wconf 90' lang='lat' dir='ltr'><strong>fuerit.</strong></span> <span class='ocrx_word' id='word_1_341' title='bbox 3411 2022 3591 2079; x_wconf 89' lang='lat' dir='ltr'><strong>Turbo</strong></span> 
     </span>
    </p>
   </div>
   <div class='ocr_carea' id='block_1_53' title="bbox 1977 2114 3592 2192">
    <p class='ocr_par' dir='ltr' id='par_1_53' title="bbox 1977 2114 3592 2192">
     <span class='ocr_line' id='line_1_54' title="bbox 1977 2114 3592 2192; baseline -0.002 -19"><span class='ocrx_word' id='word_1_342' title='bbox 1977 2116 2318 2192; x_wconf 85' lang='lat' dir='ltr'><strong>gravissimae</strong></span> <span class='ocrx_word' id='word_1_343' title='bbox 2337 2115 2677 2186; x_wconf 89' lang='lat' dir='ltr'><strong>tempestatis</strong></span> <span class='ocrx_word' id='word_1_344' title='bbox 2733 2131 2832 2186; x_wconf 91' lang='lat' dir='ltr'><strong>per</strong></span> <span class='ocrx_word' id='word_1_345' title='bbox 2871 2114 3009 2170; x_wconf 88' lang='lat' dir='ltr'><strong>ﬁnes</strong></span> <span class='ocrx_word' id='word_1_346' title='bbox 3049 2125 3269 2171; x_wconf 89' lang='lat' dir='ltr'><strong>nostros</strong></span> <span class='ocrx_word' id='word_1_347' title='bbox 3298 2115 3439 2170; x_wconf 89' lang='lat' dir='ltr'><strong>viam</strong></span> <span class='ocrx_word' id='word_1_348' title='bbox 3473 2130 3592 2170; x_wconf 91' lang='lat' dir='ltr'><strong>mo-</strong></span> 
     </span>
    </p>
   </div>
   <div class='ocr_carea' id='block_1_54' title="bbox 1978 2202 3587 2277">
    <p class='ocr_par' dir='ltr' id='par_1_54' title="bbox 1978 2202 3587 2277">
     <span class='ocr_line' id='line_1_55' title="bbox 1978 2202 3587 2277; baseline -0.002 -16"><span class='ocrx_word' id='word_1_349' title='bbox 1978 2207 2130 2273; x_wconf 87' lang='lat' dir='ltr'><strong>litus,</strong></span> <span class='ocrx_word' id='word_1_350' title='bbox 2162 2205 2319 2277; x_wconf 87' lang='lat' dir='ltr'><strong>quasi</strong></span> <span class='ocrx_word' id='word_1_351' title='bbox 2351 2204 2564 2260; x_wconf 90' lang='lat' dir='ltr'><strong>sulcum</strong></span> <span class='ocrx_word' id='word_1_352' title='bbox 2581 2204 2812 2267; x_wconf 89' lang='lat' dir='ltr'><strong>ducens,</strong></span> <span class='ocrx_word' id='word_1_353' title='bbox 2847 2203 3011 2258; x_wconf 92' lang='lat' dir='ltr'><strong>unius</strong></span> <span class='ocrx_word' id='word_1_354' title='bbox 3051 2203 3162 2257; x_wconf 92' lang='lat' dir='ltr'><strong>diei</strong></span> <span class='ocrx_word' id='word_1_355' title='bbox 3195 2202 3397 2258; x_wconf 88' lang='lat' dir='ltr'><strong>itinere</strong></span> <span class='ocrx_word' id='word_1_356' title='bbox 3427 2218 3587 2273; x_wconf 69' lang='lat' dir='ltr'><strong>quae-</strong></span> 
     </span>
    </p>
   </div>
   <div class='ocr_carea' id='block_1_55' title="bbox 1979 2293 3598 2371">
    <p class='ocr_par' dir='ltr' id='par_1_55' title="bbox 1979 2293 3598 2371">
     <span class='ocr_line' id='line_1_56' title="bbox 1979 2293 3598 2371; baseline -0.005 -17"><span class='ocrx_word' id='word_1_357' title='bbox 1979 2315 2088 2371; x_wconf 89' lang='lat' dir='ltr'><strong>que</strong></span> <span class='ocrx_word' id='word_1_358' title='bbox 2110 2297 2261 2354; x_wconf 89' lang='lat' dir='ltr'><strong>velut</strong></span> <span class='ocrx_word' id='word_1_359' title='bbox 2295 2296 2530 2351; x_wconf 89' lang='lat' dir='ltr'><strong>ﬂammis</strong></span> <span class='ocrx_word' id='word_1_360' title='bbox 2560 2296 2788 2366; x_wconf 89' lang='lat' dir='ltr'><strong>depasta</strong></span> <span class='ocrx_word' id='word_1_361' title='bbox 2818 2310 3177 2359; x_wconf 88' lang='lat' dir='ltr'><strong>consumens,</strong></span> <span class='ocrx_word' id='word_1_362' title='bbox 3229 2293 3472 2367; x_wconf 87' lang='lat' dir='ltr'><strong>lugenda</strong></span> <span class='ocrx_word' id='word_1_363' title='bbox 3501 2309 3598 2347; x_wconf 90' lang='lat' dir='ltr'><strong>ve-</strong></span> 
     </span>
    </p>
   </div>
   <div class='ocr_carea' id='block_1_56' title="bbox 1980 2382 3598 2461">
    <p class='ocr_par' dir='ltr' id='par_1_56' title="bbox 1980 2382 3598 2461">
     <span class='ocr_line' id='line_1_57' title="bbox 1980 2382 3598 2461; baseline -0.006 -15"><span class='ocrx_word' id='word_1_364' title='bbox 1980 2390 2142 2461; x_wconf 86' lang='lat' dir='ltr'><strong>stigia</strong></span> <span class='ocrx_word' id='word_1_365' title='bbox 2191 2387 2432 2458; x_wconf 90' lang='lat' dir='ltr'><strong>reliquit.</strong></span> <span class='ocrx_word' id='word_1_366' title='bbox 2484 2388 2644 2455; x_wconf 84' lang='lat' dir='ltr'><strong>(Aug.</strong></span> <span class='ocrx_word' id='word_1_367' title='bbox 2710 2385 2820 2456; x_wconf 85' lang='grc'>19.)</span> <span class='ocrx_word' id='word_1_368' title='bbox 2885 2385 3116 2440; x_wconf 83' lang='lat' dir='ltr'><strong>Ascalon</strong></span> <span class='ocrx_word' id='word_1_369' title='bbox 3174 2390 3333 2454; x_wconf 88' lang='lat' dir='ltr'><strong>capta</strong></span> <span class='ocrx_word' id='word_1_370' title='bbox 3387 2390 3470 2438; x_wconf 90' lang='lat' dir='ltr'><strong>est</strong></span> <span class='ocrx_word' id='word_1_371' title='bbox 3529 2382 3598 2436; x_wconf 90' lang='lat' dir='ltr'><strong>ab</strong></span> 
     </span>
    </p>
   </div>
   <div class='ocr_carea' id='block_1_57' title="bbox 1985 2476 3601 2549">
    <p class='ocr_par' dir='ltr' id='par_1_57' title="bbox 1985 2476 3601 2549">
     <span class='ocr_line' id='line_1_58' title="bbox 1985 2476 3601 2549; baseline -0.005 -13"><span class='ocrx_word' id='word_1_372' title='bbox 1985 2479 2226 2536; x_wconf 89' lang='lat' dir='ltr'><strong>exercitu</strong></span> <span class='ocrx_word' id='word_1_373' title='bbox 2256 2477 2493 2544; x_wconf 90' lang='lat' dir='ltr'><strong>Domini,</strong></span> <span class='ocrx_word' id='word_1_374' title='bbox 2525 2477 2620 2549; x_wconf 90' lang='lat' dir='ltr'><strong>qui</strong></span> <span class='ocrx_word' id='word_1_375' title='bbox 2652 2485 2736 2530; x_wconf 93' lang='lat' dir='ltr'><strong>est</strong></span> <span class='ocrx_word' id='word_1_376' title='bbox 2769 2476 3176 2541; x_wconf 84' lang='lat' dir='ltr'><strong>Jherosolimis,</strong></span> <span class='ocrx_word' id='word_1_377' title='bbox 3205 2481 3260 2529; x_wconf 89' lang='lat' dir='ltr'><strong>et</strong></span> <span class='ocrx_word' id='word_1_378' title='bbox 3287 2490 3543 2544; x_wconf 85' lang='lat' dir='ltr'><strong>possessa</strong></span> <span class='ocrx_word' id='word_1_379' title='bbox 3570 2489 3601 2528; x_wconf 84' lang='lat' dir='ltr'><strong>a</strong></span> 
     </span>
    </p>
   </div>
   <div class='ocr_carea' id='block_1_58' title="bbox 1988 2564 3602 2626">
    <p class='ocr_par' dir='ltr' id='par_1_58' title="bbox 1988 2564 3602 2626">
     <span class='ocr_line' id='line_1_59' title="bbox 1988 2564 3602 2626; baseline -0.005 -1"><span class='ocrx_word' id='word_1_380' title='bbox 1988 2569 2193 2626; x_wconf 87' lang='lat' dir='ltr'><strong>nostris</strong></span> <span class='ocrx_word' id='word_1_381' title='bbox 2221 2587 2234 2623; x_wconf 88' lang='lat'><strong>:</strong></span> <span class='ocrx_word' id='word_1_382' title='bbox 2262 2569 2432 2623; x_wconf 91' lang='lat' dir='ltr'><strong>multo</strong></span> <span class='ocrx_word' id='word_1_383' title='bbox 2461 2577 2645 2622; x_wconf 91' lang='lat' dir='ltr'><strong>tamen</strong></span> <span class='ocrx_word' id='word_1_384' title='bbox 2677 2567 2867 2622; x_wconf 90' lang='lat' dir='ltr'><strong>labore</strong></span> <span class='ocrx_word' id='word_1_385' title='bbox 2888 2582 2953 2621; x_wconf 88' lang='lat' dir='ltr'><strong>ac</strong></span> <span class='ocrx_word' id='word_1_386' title='bbox 2973 2565 3234 2620; x_wconf 89' lang='lat' dir='ltr'><strong>diuturno</strong></span> <span class='ocrx_word' id='word_1_387' title='bbox 3266 2565 3433 2624; x_wconf 88' lang='lat' dir='ltr'><strong>bello.</strong></span> <span class='ocrx_word' id='word_1_388' title='bbox 3465 2564 3602 2618; x_wconf 85' lang='lat' dir='ltr'><strong>mul-</strong></span> 
     </span>
    </p>
   </div>
   <div class='ocr_carea' id='block_1_59' title="bbox 1989 2656 3603 2732">
    <p class='ocr_par' dir='ltr' id='par_1_59' title="bbox 1989 2656 3603 2732">
     <span class='ocr_line' id='line_1_60' title="bbox 1989 2656 3603 2732; baseline -0.006 -14"><span class='ocrx_word' id='word_1_389' title='bbox 1989 2662 2058 2718; x_wconf 90' lang='lat' dir='ltr'><strong>tis</strong></span> <span class='ocrx_word' id='word_1_390' title='bbox 2077 2663 2242 2718; x_wconf 88' lang='lat' dir='ltr'><strong>etiam</strong></span> <span class='ocrx_word' id='word_1_391' title='bbox 2277 2659 2537 2732; x_wconf 88' lang='lat' dir='ltr'><strong>periculis</strong></span> <span class='ocrx_word' id='word_1_392' title='bbox 2567 2666 2623 2714; x_wconf 91' lang='lat' dir='ltr'><strong>et</strong></span> <span class='ocrx_word' id='word_1_393' title='bbox 2667 2658 2928 2730; x_wconf 81' lang='lat' dir='ltr'><strong>gravibus</strong></span> <span class='ocrx_word' id='word_1_394' title='bbox 2971 2657 3187 2711; x_wconf 88' lang='lat' dir='ltr'><strong>damnis</strong></span> <span class='ocrx_word' id='word_1_395' title='bbox 3240 2656 3394 2727; x_wconf 89' lang='lat' dir='ltr'><strong>prius</strong></span> <span class='ocrx_word' id='word_1_396' title='bbox 3441 2671 3603 2710; x_wconf 89' lang='lat' dir='ltr'><strong>exer-</strong></span> 
     </span>
    </p>
   </div>
   <div class='ocr_carea' id='block_1_60' title="bbox 1988 2745 3604 2821">
    <p class='ocr_par' dir='ltr' id='par_1_60' title="bbox 1988 2745 3604 2821">
     <span class='ocr_line' id='line_1_61' title="bbox 1988 2745 3604 2821; baseline -0.006 -12"><span class='ocrx_word' id='word_1_397' title='bbox 1988 2754 2099 2810; x_wconf 88' lang='lat' dir='ltr'><strong>citu</strong></span> <span class='ocrx_word' id='word_1_398' title='bbox 2126 2752 2352 2808; x_wconf 88' lang='lat' dir='ltr'><strong>afﬂicto.</strong></span> <span class='ocrx_word' id='word_1_399' title='bbox 2386 2750 2631 2821; x_wconf 88' lang='lat' dir='ltr'><strong>Namque</strong></span> <span class='ocrx_word' id='word_1_400' title='bbox 2662 2750 2730 2784; x_wconf 76' lang='lat'><strong>“0</strong></span> <span class='ocrx_word' id='word_1_401' title='bbox 2752 2748 2952 2804; x_wconf 91' lang='lat' dir='ltr'><strong>diebus</strong></span> <span class='ocrx_word' id='word_1_402' title='bbox 2965 2757 3170 2803; x_wconf 69' lang='lat' dir='ltr'><strong>sanctae</strong></span> <span class='ocrx_word' id='word_1_403' title='bbox 3189 2747 3284 2801; x_wconf 92' lang='lat' dir='ltr'><strong>Dei</strong></span> <span class='ocrx_word' id='word_1_404' title='bbox 3313 2745 3604 2819; x_wconf 84' lang='lat' dir='ltr'><strong>genitricis</strong></span> 
     </span>
    </p>
   </div>
   <div class='ocr_carea' id='block_1_61' title="bbox 1990 2837 3602 2919">
    <p class='ocr_par' dir='ltr' id='par_1_61' title="bbox 1990 2837 3602 2919">
     <span class='ocr_line' id='line_1_62' title="bbox 1990 2837 3602 2919; baseline -0.007 -17"><span class='ocrx_word' id='word_1_405' title='bbox 1990 2844 2357 2919; x_wconf 87' lang='lat' dir='ltr'><strong>puriﬁcationi</strong></span> <span class='ocrx_word' id='word_1_406' title='bbox 2388 2842 2670 2914; x_wconf 90' lang='lat' dir='ltr'><strong>proximis,</strong></span> <span class='ocrx_word' id='word_1_407' title='bbox 2700 2857 2793 2896; x_wconf 88' lang='lat' dir='ltr'><strong>rex</strong></span> <span class='ocrx_word' id='word_1_408' title='bbox 2847 2839 3349 2910; x_wconf 81' lang='lat' dir='ltr'><strong>Hierosolymorum</strong></span> <span class='ocrx_word' id='word_1_409' title='bbox 3373 2837 3602 2908; x_wconf 86' lang='lat' dir='ltr'><strong>procin-</strong></span> 
     </span>
    </p>
   </div>
   <div class='ocr_carea' id='block_1_62' title="bbox 349 2925 3614 3004">
    <p class='ocr_par' dir='ltr' id='par_1_62' title="bbox 349 2925 3614 3004">
     <span class='ocr_line' id='line_1_63' title="bbox 349 2925 3614 3004; baseline -0.003 -14"><span class='ocrx_word' id='word_1_410' title='bbox 349 2935 508 2990; x_wconf 82' lang='grc'>1135.</span> <span class='ocrx_word' id='word_1_411' title='bbox 549 2931 695 2988; x_wconf 88' lang='lat' dir='ltr'><strong>Obiit</strong></span> <span class='ocrx_word' id='word_1_412' title='bbox 744 2931 980 2986; x_wconf 90' lang='lat' dir='ltr'><strong>domnus</strong></span> <span class='ocrx_word' id='word_1_413' title='bbox 1034 2931 1284 2988; x_wconf 77' lang='lat' dir='ltr'><strong>Aibertus</strong></span> <span class='ocrx_word' id='word_1_414' title='bbox 1342 2932 1446 3003; x_wconf 66' lang='lat' dir='ltr'><strong>piae</strong></span> <span class='ocrx_word' id='word_1_415' title='bbox 1496 2936 1803 3000; x_wconf 56' lang='lat' dir='ltr'><strong>memorias,</strong></span> <span class='ocrx_word' id='word_1_416' title='bbox 1834 2946 1890 2992; x_wconf 91' lang='lat' dir='ltr'><strong>et</strong></span> <span class='ocrx_word' id='word_1_417' title='bbox 1925 2985 1966 3004; x_wconf 62' lang='grc' dir='ltr'>η</span> <span class='ocrx_word' id='word_1_418' title='bbox 1989 2943 2136 2992; x_wconf 91' lang='lat' dir='ltr'><strong>ctum</strong></span> <span class='ocrx_word' id='word_1_419' title='bbox 2168 2949 2416 2999; x_wconf 79' lang='lat' dir='ltr'><strong>movens,</strong></span> <span class='ocrx_word' id='word_1_420' title='bbox 2448 2930 2723 2986; x_wconf 85' lang='lat' dir='ltr'><strong>civitatem</strong></span> <span class='ocrx_word' id='word_1_421' title='bbox 2757 2927 2957 2983; x_wconf 85' lang='lat' dir='ltr'><strong>diffuso</strong></span> <span class='ocrx_word' id='word_1_422' title='bbox 2987 2926 3230 2981; x_wconf 91' lang='lat' dir='ltr'><strong>exercitu</strong></span> <span class='ocrx_word' id='word_1_423' title='bbox 3259 2925 3502 2991; x_wconf 83' lang='lat' dir='ltr'><strong>vallavit,</strong></span> <span class='ocrx_word' id='word_1_424' title='bbox 3554 2931 3614 2980; x_wconf 91' lang='lat' dir='ltr'><strong>et</strong></span> 
     </span>
    </p>
   </div>
   <div class='ocr_carea' id='block_1_63' title="bbox 280 3021 1887 3094">
    <p class='ocr_par' dir='ltr' id='par_1_63' title="bbox 280 3021 1887 3094">
     <span class='ocr_line' id='line_1_64' title="bbox 280 3021 1887 3094; baseline 0 -14"><span class='ocrx_word' id='word_1_425' title='bbox 280 3025 442 3080; x_wconf 88' lang='lat' dir='ltr'><strong>nobis</strong></span> <span class='ocrx_word' id='word_1_426' title='bbox 473 3029 800 3094; x_wconf 89' lang='lat' dir='ltr'><strong>perpetuum</strong></span> <span class='ocrx_word' id='word_1_427' title='bbox 849 3037 1121 3076; x_wconf 90' lang='lat' dir='ltr'><strong>merorem</strong></span> <span class='ocrx_word' id='word_1_428' title='bbox 1181 3021 1405 3092; x_wconf 91' lang='lat' dir='ltr'><strong>reliquit</strong></span> <span class='ocrx_word' id='word_1_429' title='bbox 1449 3023 1718 3079; x_wconf 69' lang='lat' dir='ltr'><strong>absentize</strong></span> <span class='ocrx_word' id='word_1_430' title='bbox 1749 3042 1887 3094; x_wconf 77' lang='lat' dir='ltr'><strong>suae,</strong></span> 
     </span>
    </p>
   </div>
   <div class='ocr_carea' id='block_1_64' title="bbox 278 3113 1888 3181">
    <p class='ocr_par' dir='ltr' id='par_1_64' title="bbox 278 3113 1888 3181">
     <span class='ocr_line' id='line_1_65' title="bbox 278 3113 1888 3181; baseline 0.001 -10"><span class='ocrx_word' id='word_1_431' title='bbox 278 3131 424 3171; x_wconf 80' lang='lat' dir='ltr'><strong>anno</strong></span> <span class='ocrx_word' id='word_1_432' title='bbox 455 3113 852 3170; x_wconf 89' lang='lat' dir='ltr'><strong>incarnationis</strong></span> <span class='ocrx_word' id='word_1_433' title='bbox 888 3113 1102 3168; x_wconf 89' lang='lat' dir='ltr'><strong>Domini</strong></span> <span class='ocrx_word' id='word_1_434' title='bbox 1155 3113 1314 3181; x_wconf 81' lang='grc'>1135,</span> <span class='ocrx_word' id='word_1_435' title='bbox 1354 3114 1680 3172; x_wconf 86' lang='lat' dir='ltr'><strong>inclusionis</strong></span> <span class='ocrx_word' id='word_1_436' title='bbox 1705 3124 1888 3173; x_wconf 90' lang='lat' dir='ltr'><strong>autem</strong></span> 
     </span>
    </p>
   </div>
   <div class='ocr_carea' id='block_1_65' title="bbox 280 3204 1208 3276">
    <p class='ocr_par' dir='ltr' id='par_1_65' title="bbox 280 3204 1208 3276">
     <span class='ocr_line' id='line_1_66' title="bbox 280 3204 1208 3276; baseline -0.01 -12"><span class='ocrx_word' id='word_1_437' title='bbox 280 3225 392 3266; x_wconf 62' lang='lat' dir='ltr'><strong>sua;</strong></span> <span class='ocrx_word' id='word_1_438' title='bbox 419 3207 508 3276; x_wconf 75' lang='lat'><strong>25,</strong></span> <span class='ocrx_word' id='word_1_439' title='bbox 533 3207 624 3262; x_wconf 92' lang='lat' dir='ltr'><strong>die</strong></span> <span class='ocrx_word' id='word_1_440' title='bbox 653 3211 842 3260; x_wconf 88' lang='lat' dir='ltr'><strong>sancto</strong></span> <span class='ocrx_word' id='word_1_441' title='bbox 873 3205 1089 3276; x_wconf 61' lang='lat' dir='ltr'><strong>paschae</strong></span> <span class='ocrx_word' id='word_1_442' title='bbox 1121 3204 1208 3262; x_wconf 69' lang='lat'><strong>“9.</strong></span> 
     </span>
    </p>
   </div>
   <div class='ocr_carea' id='block_1_66' title="bbox 357 3385 1890 3448">
    <p class='ocr_par' dir='ltr' id='par_1_66' title="bbox 357 3385 1890 3448">
     <span class='ocr_line' id='line_1_67' title="bbox 357 3385 1890 3448; baseline 0.004 -6"><span class='ocrx_word' id='word_1_443' title='bbox 357 3388 518 3443; x_wconf 77' lang='grc'>1149.</span> <span class='ocrx_word' id='word_1_444' title='bbox 705 3385 765 3441; x_wconf 83' lang='lat' dir='ltr'><strong>R.</strong></span> <span class='ocrx_word' id='word_1_445' title='bbox 807 3385 895 3441; x_wconf 73' lang='grc'><strong>12.</strong></span> <span class='ocrx_word' id='word_1_446' title='bbox 1046 3386 1104 3442; x_wconf 89' lang='lat' dir='ltr'><strong>F.</strong></span> <span class='ocrx_word' id='word_1_447' title='bbox 1157 3385 1245 3443; x_wconf 88' lang='grc'><strong>13.</strong></span> <span class='ocrx_word' id='word_1_448' title='bbox 1392 3388 1453 3445; x_wconf 80' lang='grc' dir='ltr'><strong>Α.</strong></span> <span class='ocrx_word' id='word_1_449' title='bbox 1494 3388 1581 3445; x_wconf 92' lang='grc'><strong>13.</strong></span> <span class='ocrx_word' id='word_1_450' title='bbox 1734 3389 1794 3446; x_wconf 81' lang='grc' dir='ltr'>Η.</span> <span class='ocrx_word' id='word_1_451' title='bbox 1836 3389 1890 3448; x_wconf 87' lang='grc'><strong>5.</strong></span> 
     </span>
    </p>
   </div>
   <div class='ocr_carea' id='block_1_67' title="bbox 359 3475 1892 3534">
    <p class='ocr_par' dir='ltr' id='par_1_67' title="bbox 359 3475 1892 3534">
     <span class='ocr_line' id='line_1_68' title="bbox 359 3475 1892 3534; baseline 0.001 -2"><span class='ocrx_word' id='word_1_452' title='bbox 359 3477 638 3534; x_wconf 88' lang='lat' dir='ltr'><strong>Conradus</strong></span> <span class='ocrx_word' id='word_1_453' title='bbox 689 3492 780 3530; x_wconf 88' lang='lat' dir='ltr'><strong>rex</strong></span> <span class='ocrx_word' id='word_1_454' title='bbox 829 3475 1294 3531; x_wconf 88' lang='lat' dir='ltr'><strong>Theutonicorum</strong></span> <span class='ocrx_word' id='word_1_455' title='bbox 1345 3483 1400 3532; x_wconf 92' lang='lat' dir='ltr'><strong>et</strong></span> <span class='ocrx_word' id='word_1_456' title='bbox 1444 3477 1771 3534; x_wconf 88' lang='lat' dir='ltr'><strong>Ludowicus</strong></span> <span class='ocrx_word' id='word_1_457' title='bbox 1801 3495 1892 3534; x_wconf 87' lang='lat' dir='ltr'><strong>rex</strong></span> 
     </span>
    </p>
   </div>
   <div class='ocr_carea' id='block_1_68' title="bbox 1921 2986 1969 3051">
    <p class='ocr_par' dir='ltr' id='par_1_68' title="bbox 1921 2986 1969 3051">
     <span class='ocr_line' id='line_1_69' title="bbox 1921 2986 1969 3051; baseline 0 0"><span class='ocrx_word' id='word_1_458' title='bbox 1921 2986 1969 3051; x_wconf 70' lang='grc' dir='ltr'>Ο</span> 
     </span>
    </p>
   </div>
   <div class='ocr_carea' id='block_1_69' title="bbox 1992 3018 3611 3100">
    <p class='ocr_par' dir='ltr' id='par_1_69' title="bbox 1992 3018 3611 3100">
     <span class='ocr_line' id='line_1_70' title="bbox 1992 3018 3611 3100; baseline -0.009 -14"><span class='ocrx_word' id='word_1_459' title='bbox 1992 3045 2173 3100; x_wconf 86' lang='lat' dir='ltr'><strong>usque</strong></span> <span class='ocrx_word' id='word_1_460' title='bbox 2213 3028 2270 3082; x_wconf 91' lang='lat' dir='ltr'><strong>in</strong></span> <span class='ocrx_word' id='word_1_461' title='bbox 2301 3028 2494 3081; x_wconf 85' lang='lat' dir='ltr'><strong>festum</strong></span> <span class='ocrx_word' id='word_1_462' title='bbox 2527 3022 2922 3093; x_wconf 89' lang='lat' dir='ltr'><strong>assumptionis</strong></span> <span class='ocrx_word' id='word_1_463' title='bbox 2949 3020 3197 3090; x_wconf 88' lang='lat' dir='ltr'><strong>ejusdem</strong></span> <span class='ocrx_word' id='word_1_464' title='bbox 3230 3018 3611 3075; x_wconf 59' lang='lat' dir='ltr'><strong>sacratissima</strong></span> 
     </span>
    </p>
   </div>
   <div class='ocr_carea' id='block_1_70' title="bbox 1992 3111 3614 3196">
    <p class='ocr_par' dir='ltr' id='par_1_70' title="bbox 1992 3111 3614 3196">
     <span class='ocr_line' id='line_1_71' title="bbox 1992 3111 3614 3196; baseline -0.007 -22"><span class='ocrx_word' id='word_1_465' title='bbox 1992 3121 2230 3196; x_wconf 83' lang='lat' dir='ltr'><strong>Virginis</strong></span> <span class='ocrx_word' id='word_1_466' title='bbox 2276 3134 2458 3174; x_wconf 90' lang='lat' dir='ltr'><strong>moras</strong></span> <span class='ocrx_word' id='word_1_467' title='bbox 2517 3115 2800 3188; x_wconf 89' lang='lat' dir='ltr'><strong>protraxit.</strong></span> <span class='ocrx_word' id='word_1_468' title='bbox 2833 3113 3085 3169; x_wconf 90' lang='lat' dir='ltr'><strong>Proxima</strong></span> <span class='ocrx_word' id='word_1_469' title='bbox 3139 3127 3270 3187; x_wconf 88' lang='lat' dir='ltr'><strong>ergo</strong></span> <span class='ocrx_word' id='word_1_470' title='bbox 3327 3111 3417 3166; x_wconf 90' lang='lat' dir='ltr'><strong>die</strong></span> <span class='ocrx_word' id='word_1_471' title='bbox 3464 3111 3614 3165; x_wconf 93' lang='lat' dir='ltr'><strong>illius</strong></span> 
     </span>
    </p>
   </div>
   <div class='ocr_carea' id='block_1_71' title="bbox 1993 3205 3614 3270">
    <p class='ocr_par' dir='ltr' id='par_1_71' title="bbox 1993 3205 3614 3270">
     <span class='ocr_line' id='line_1_72' title="bbox 1993 3205 3614 3270; baseline -0.006 0"><span class='ocrx_word' id='word_1_472' title='bbox 1993 3212 2351 3270; x_wconf 87' lang='lat' dir='ltr'><strong>sacratissimi</strong></span> <span class='ocrx_word' id='word_1_473' title='bbox 2408 3211 2532 3266; x_wconf 89' lang='lat' dir='ltr'><strong>festi</strong></span> <span class='ocrx_word' id='word_1_474' title='bbox 2583 3209 2774 3265; x_wconf 90' lang='lat' dir='ltr'><strong>turrim</strong></span> <span class='ocrx_word' id='word_1_475' title='bbox 2822 3224 2947 3263; x_wconf 90' lang='lat' dir='ltr'><strong>cum</strong></span> <span class='ocrx_word' id='word_1_476' title='bbox 3003 3207 3119 3262; x_wconf 90' lang='lat' dir='ltr'><strong>suis</strong></span> <span class='ocrx_word' id='word_1_477' title='bbox 3147 3205 3614 3261; x_wconf 86' lang='lat' dir='ltr'><strong>machinamentis</strong></span> 
     </span>
    </p>
   </div>
   <div class='ocr_carea' id='block_1_72' title="bbox 1995 3303 3612 3371">
    <p class='ocr_par' dir='ltr' id='par_1_72' title="bbox 1995 3303 3612 3371">
     <span class='ocr_line' id='line_1_73' title="bbox 1995 3303 3612 3371; baseline -0.008 -4"><span class='ocrx_word' id='word_1_478' title='bbox 1995 3325 2156 3366; x_wconf 92' lang='lat' dir='ltr'><strong>muro</strong></span> <span class='ocrx_word' id='word_1_479' title='bbox 2189 3308 2435 3364; x_wconf 87' lang='lat' dir='ltr'><strong>admovit</strong></span> <span class='ocrx_word' id='word_1_480' title='bbox 2474 3322 2489 3371; x_wconf 71' lang='grc' dir='ltr'><strong>ς</strong></span> <span class='ocrx_word' id='word_1_481' title='bbox 2521 3314 2577 3360; x_wconf 89' lang='lat' dir='ltr'><strong>et</strong></span> <span class='ocrx_word' id='word_1_482' title='bbox 2623 3303 2855 3359; x_wconf 88' lang='lat' dir='ltr'><strong>artiﬁcio</strong></span> <span class='ocrx_word' id='word_1_483' title='bbox 2893 3303 3253 3358; x_wconf 88' lang='lat' dir='ltr'><strong>subterraneo</strong></span> <span class='ocrx_word' id='word_1_484' title='bbox 3284 3309 3462 3356; x_wconf 90' lang='lat' dir='ltr'><strong>actum</strong></span> <span class='ocrx_word' id='word_1_485' title='bbox 3505 3306 3612 3366; x_wconf 91' lang='lat' dir='ltr'><strong>est,</strong></span> 
     </span>
    </p>
   </div>
   <div class='ocr_carea' id='block_1_73' title="bbox 1994 3388 3615 3465">
    <p class='ocr_par' dir='ltr' id='par_1_73' title="bbox 1994 3388 3615 3465">
     <span class='ocr_line' id='line_1_74' title="bbox 1994 3388 3615 3465; baseline -0.007 -11"><span class='ocrx_word' id='word_1_486' title='bbox 1994 3406 2055 3455; x_wconf 91' lang='lat' dir='ltr'><strong>ut</strong></span> <span class='ocrx_word' id='word_1_487' title='bbox 2083 3413 2270 3452; x_wconf 91' lang='lat' dir='ltr'><strong>murus</strong></span> <span class='ocrx_word' id='word_1_488' title='bbox 2304 3395 2511 3450; x_wconf 91' lang='lat' dir='ltr'><strong>cadens</strong></span> <span class='ocrx_word' id='word_1_489' title='bbox 2531 3394 2698 3448; x_wconf 89' lang='lat' dir='ltr'><strong>latum</strong></span> <span class='ocrx_word' id='word_1_490' title='bbox 2731 3392 3037 3465; x_wconf 85' lang='lat' dir='ltr'><strong>ingressum</strong></span> <span class='ocrx_word' id='word_1_491' title='bbox 3082 3389 3285 3445; x_wconf 91' lang='lat' dir='ltr'><strong>nostris</strong></span> <span class='ocrx_word' id='word_1_492' title='bbox 3317 3388 3615 3460; x_wconf 63' lang='lat' dir='ltr'><strong>prmberet,</strong></span> 
     </span>
    </p>
   </div>
   <div class='ocr_carea' id='block_1_74' title="bbox 1995 3479 3608 3558">
    <p class='ocr_par' dir='ltr' id='par_1_74' title="bbox 1995 3479 3608 3558">
     <span class='ocr_line' id='line_1_75' title="bbox 1995 3479 3608 3558; baseline -0.007 -13"><span class='ocrx_word' id='word_1_493' title='bbox 1995 3490 2208 3546; x_wconf 89' lang='lat' dir='ltr'><strong>Primus</strong></span> <span class='ocrx_word' id='word_1_494' title='bbox 2229 3486 2544 3558; x_wconf 78' lang='lat' dir='ltr'><strong>propositus</strong></span> <span class='ocrx_word' id='word_1_495' title='bbox 2597 3492 2653 3540; x_wconf 91' lang='lat' dir='ltr'><strong>et</strong></span> <span class='ocrx_word' id='word_1_496' title='bbox 2692 3484 2800 3538; x_wconf 85' lang='lat' dir='ltr'><strong>dux</strong></span> <span class='ocrx_word' id='word_1_497' title='bbox 2864 3482 3011 3537; x_wconf 91' lang='lat' dir='ltr'><strong>illius</strong></span> <span class='ocrx_word' id='word_1_498' title='bbox 3037 3481 3337 3546; x_wconf 87' lang='lat' dir='ltr'><strong>exercitus,</strong></span> <span class='ocrx_word' id='word_1_499' title='bbox 3369 3480 3462 3551; x_wconf 92' lang='lat' dir='ltr'><strong>qui</strong></span> <span class='ocrx_word' id='word_1_500' title='bbox 3496 3479 3608 3534; x_wconf 90' lang='lat' dir='ltr'><strong>fra-</strong></span> 
     </span>
    </p>
   </div>
   <div class='ocr_carea' id='block_1_75' title="bbox 289 3568 1871 3650">
    <p class='ocr_par' dir='ltr' id='par_1_75' title="bbox 289 3568 1871 3643">
     <span class='ocr_line' id='line_1_76' title="bbox 289 3568 1871 3643; baseline 0 -16"><span class='ocrx_word' id='word_1_501' title='bbox 289 3573 616 3628; x_wconf 86' lang='lat' dir='ltr'><strong>Francorum</strong></span> <span class='ocrx_word' id='word_1_502' title='bbox 641 3568 985 3641; x_wconf 89' lang='lat' dir='ltr'><strong>procinctum</strong></span> <span class='ocrx_word' id='word_1_503' title='bbox 1011 3568 1248 3635; x_wconf 90' lang='lat' dir='ltr'><strong>solvunt,</strong></span> <span class='ocrx_word' id='word_1_504' title='bbox 1273 3575 1328 3624; x_wconf 89' lang='lat' dir='ltr'><strong>et</strong></span> <span class='ocrx_word' id='word_1_505' title='bbox 1367 3570 1489 3626; x_wconf 89' lang='lat' dir='ltr'><strong>sine</strong></span> <span class='ocrx_word' id='word_1_506' title='bbox 1522 3572 1632 3628; x_wconf 93' lang='lat' dir='ltr'><strong>ullo</strong></span> <span class='ocrx_word' id='word_1_507' title='bbox 1664 3588 1871 3643; x_wconf 82' lang='lat' dir='ltr'><strong>prospe</strong></span> 
     </span>
    </p>
   </div>
   <div class='ocr_carea' id='block_1_76' title="bbox 1980 3568 3608 3650">
    <p class='ocr_par' dir='ltr' id='par_1_76' title="bbox 1997 3575 3608 3650">
     <span class='ocr_line' id='line_1_77' title="bbox 1997 3575 3608 3650; baseline -0.007 -10"><span class='ocrx_word' id='word_1_508' title='bbox 1997 3595 2166 3640; x_wconf 70' lang='lat' dir='ltr'><strong>terna:</strong></span> <span class='ocrx_word' id='word_1_509' title='bbox 2195 3581 2477 3637; x_wconf 90' lang='lat' dir='ltr'><strong>societatis</strong></span> <span class='ocrx_word' id='word_1_510' title='bbox 2515 3577 2860 3650; x_wconf 87' lang='lat' dir='ltr'><strong>professione</strong></span> <span class='ocrx_word' id='word_1_511' title='bbox 2917 3577 3126 3646; x_wconf 89' lang='lat' dir='ltr'><strong>templo</strong></span> <span class='ocrx_word' id='word_1_512' title='bbox 3175 3575 3434 3638; x_wconf 88' lang='lat' dir='ltr'><strong>militant,</strong></span> <span class='ocrx_word' id='word_1_513' title='bbox 3483 3589 3608 3629; x_wconf 92' lang='lat' dir='ltr'><strong>cum</strong></span> 
     </span>
    </p>
   </div>
   <div class='ocr_carea' id='block_1_77' title="bbox 286 3658 3611 3742">
    <p class='ocr_par' dir='ltr' id='par_1_77' title="bbox 286 3658 3611 3742">
     <span class='ocr_line' id='line_1_78' title="bbox 286 3658 3611 3742; baseline -0.002 -24"><span class='ocrx_word' id='word_1_514' title='bbox 286 3662 466 3718; x_wconf 81' lang='lat' dir='ltr'><strong>ritatis</strong></span> <span class='ocrx_word' id='word_1_515' title='bbox 495 3667 694 3716; x_wconf 87' lang='lat' dir='ltr'><strong>eventu</strong></span> <span class='ocrx_word' id='word_1_516' title='bbox 717 3658 785 3713; x_wconf 90' lang='lat' dir='ltr'><strong>ab</strong></span> <span class='ocrx_word' id='word_1_517' title='bbox 814 3659 1008 3713; x_wconf 88' lang='lat' dir='ltr'><strong>itinere</strong></span> <span class='ocrx_word' id='word_1_518' title='bbox 1053 3658 1544 3714; x_wconf 86' lang='lat' dir='ltr'><strong>Jherosolimorum</strong></span> <span class='ocrx_word' id='word_1_519' title='bbox 1600 3670 1894 3717; x_wconf 90' lang='lat' dir='ltr'><strong>revertun-</strong></span> <span class='ocrx_word' id='word_1_520' title='bbox 1997 3691 2097 3731; x_wconf 71' lang='lat' dir='ltr'><strong>suo</strong></span> <span class='ocrx_word' id='word_1_521' title='bbox 2162 3687 2340 3730; x_wconf 76' lang='lat' dir='ltr'><strong>cuneo</strong></span> <span class='ocrx_word' id='word_1_522' title='bbox 2399 3670 2620 3742; x_wconf 67' lang='lat' dir='ltr'><strong>irrupit,</strong></span> <span class='ocrx_word' id='word_1_523' title='bbox 2681 3675 2736 3724; x_wconf 72' lang='lat' dir='ltr'><strong>et</strong></span> <span class='ocrx_word' id='word_1_524' title='bbox 2773 3684 2951 3740; x_wconf 76' lang='lat' dir='ltr'><strong>usque</strong></span> <span class='ocrx_word' id='word_1_525' title='bbox 2999 3667 3068 3722; x_wconf 76' lang='lat' dir='ltr'><strong>ad</strong></span> <span class='ocrx_word' id='word_1_526' title='bbox 3105 3667 3340 3738; x_wconf 73' lang='lat' dir='ltr'><strong>plateam</strong></span> <span class='ocrx_word' id='word_1_527' title='bbox 3374 3665 3611 3721; x_wconf 72' lang='lat' dir='ltr'><strong>civitatis</strong></span> 
     </span>
    </p>
   </div>
   <div class='ocr_carea' id='block_1_78' title="bbox 289 3750 3618 3840">
    <p class='ocr_par' dir='ltr' id='par_1_78' title="bbox 289 3750 3618 3840">
     <span class='ocr_line' id='line_1_79' title="bbox 289 3750 3618 3840; baseline -0 -30"><span class='ocrx_word' id='word_1_528' title='bbox 289 3763 396 3819; x_wconf 92' lang='lat' dir='ltr'><strong>tur,</strong></span> <span class='ocrx_word' id='word_1_529' title='bbox 422 3767 721 3822; x_wconf 88' lang='lat' dir='ltr'><strong>numquam</strong></span> <span class='ocrx_word' id='word_1_530' title='bbox 758 3750 946 3804; x_wconf 90' lang='lat' dir='ltr'><strong>audita</strong></span> <span class='ocrx_word' id='word_1_531' title='bbox 985 3758 1134 3804; x_wconf 88' lang='lat' dir='ltr'><strong>tanta</strong></span> <span class='ocrx_word' id='word_1_532' title='bbox 1165 3751 1486 3806; x_wconf 88' lang='lat' dir='ltr'><strong>infelicitate</strong></span> <span class='ocrx_word' id='word_1_533' title='bbox 1523 3753 1655 3807; x_wconf 89' lang='lat' dir='ltr'><strong>tanti</strong></span> <span class='ocrx_word' id='word_1_534' title='bbox 1694 3754 1905 3808; x_wconf 82' lang='lat' dir='ltr'><strong>exerci-</strong></span> <span class='ocrx_word' id='word_1_535' title='bbox 2007 3763 2225 3840; x_wconf 73' lang='lat' dir='ltr'><strong>agmine</strong></span> <span class='ocrx_word' id='word_1_536' title='bbox 2257 3776 2482 3817; x_wconf 83' lang='lat' dir='ltr'><strong>suorum</strong></span> <span class='ocrx_word' id='word_1_537' title='bbox 2517 3759 2754 3830; x_wconf 87' lang='lat' dir='ltr'><strong>stipatus</strong></span> <span class='ocrx_word' id='word_1_538' title='bbox 2810 3755 3163 3828; x_wconf 87' lang='lat' dir='ltr'><strong>perveniens,</strong></span> <span class='ocrx_word' id='word_1_539' title='bbox 3193 3755 3424 3830; x_wconf 89' lang='lat' dir='ltr'><strong>gradum</strong></span> <span class='ocrx_word' id='word_1_540' title='bbox 3458 3753 3572 3809; x_wconf 83' lang='lat' dir='ltr'><strong>fixit</strong></span> <span class='ocrx_word' id='word_1_541' title='bbox 3605 3771 3618 3818; x_wconf 86' lang='lat'><strong>;</strong></span> 
     </span>
    </p>
   </div>
   <div class='ocr_carea' id='block_1_79' title="bbox 291 3841 1871 3926">
    <p class='ocr_par' dir='ltr' id='par_1_79' title="bbox 291 3841 1871 3915">
     <span class='ocr_line' id='line_1_80' title="bbox 291 3841 1871 3915; baseline 0 -15"><span class='ocrx_word' id='word_1_542' title='bbox 291 3855 396 3901; x_wconf 90' lang='lat' dir='ltr'><strong>tus.</strong></span> <span class='ocrx_word' id='word_1_543' title='bbox 457 3844 620 3912; x_wconf 82' lang='lat' dir='ltr'><strong>(Ann.</strong></span> <span class='ocrx_word' id='word_1_544' title='bbox 667 3842 878 3911; x_wconf 76' lang='lat' dir='ltr'><strong>Bland.)</strong></span> <span class='ocrx_word' id='word_1_545' title='bbox 950 3841 1188 3911; x_wconf 84' lang='lat' dir='ltr'><strong>Hyemps</strong></span> <span class='ocrx_word' id='word_1_546' title='bbox 1270 3841 1596 3914; x_wconf 84' lang='lat' dir='ltr'><strong>gravissima</strong></span> <span class='ocrx_word' id='word_1_547' title='bbox 1646 3851 1871 3915; x_wconf 89' lang='lat' dir='ltr'><strong>quattuo</strong></span> 
     </span>
    </p>
   </div>
   <div class='ocr_carea' id='block_1_80' title="bbox 1980 3841 3618 3926">
    <p class='ocr_par' dir='ltr' id='par_1_80' title="bbox 2005 3847 3618 3926">
     <span class='ocr_line' id='line_1_81' title="bbox 2005 3847 3618 3926; baseline -0.007 -14"><span class='ocrx_word' id='word_1_548' title='bbox 2005 3856 2320 3912; x_wconf 88' lang='lat' dir='ltr'><strong>ibiartatus</strong></span> <span class='ocrx_word' id='word_1_549' title='bbox 2365 3851 2632 3926; x_wconf 85' lang='lat' dir='ltr'><strong>angustiis</strong></span> <span class='ocrx_word' id='word_1_550' title='bbox 2697 3851 3026 3921; x_wconf 87' lang='lat' dir='ltr'><strong>platearum,</strong></span> <span class='ocrx_word' id='word_1_551' title='bbox 3083 3847 3338 3903; x_wconf 90' lang='lat' dir='ltr'><strong>maceriis</strong></span> <span class='ocrx_word' id='word_1_552' title='bbox 3385 3847 3618 3911; x_wconf 84' lang='lat' dir='ltr'><strong>cinctus,</strong></span> 
     </span>
    </p>
   </div>
   <div class='ocr_carea' id='block_1_81' title="bbox 293 3931 3619 4016">
    <p class='ocr_par' dir='ltr' id='par_1_81' title="bbox 293 3931 3619 4016">
     <span class='ocr_line' id='line_1_82' title="bbox 293 3931 3619 4016; baseline -0.005 -10"><span class='ocrx_word' id='word_1_553' title='bbox 293 3933 576 3990; x_wconf 67' lang='grc' dir='ltr'><strong>ηιαηδίδιιδ</strong></span> <span class='ocrx_word' id='word_1_554' title='bbox 607 3931 836 3987; x_wconf 60' lang='lat' dir='ltr'><strong>imam&quot;</strong></span> <span class='ocrx_word' id='word_1_555' title='bbox 861 3938 915 3986; x_wconf 69' lang='grc' dir='ltr'>εί</span> <span class='ocrx_word' id='word_1_556' title='bbox 938 3931 1207 4001; x_wconf 59' lang='lat' dir='ltr'><strong>Pre‘m&#39;“it</strong></span> <span class='ocrx_word' id='word_1_557' title='bbox 2007 3952 2062 4002; x_wconf 87' lang='lat' dir='ltr'><strong>et</strong></span> <span class='ocrx_word' id='word_1_558' title='bbox 2092 3942 2693 4016; x_wconf 90' lang='lat' dir='ltr'><strong>superimminentibus</strong></span> <span class='ocrx_word' id='word_1_559' title='bbox 2719 3947 2989 3995; x_wconf 90' lang='lat' dir='ltr'><strong>tectorum</strong></span> <span class='ocrx_word' id='word_1_560' title='bbox 3021 3939 3360 4005; x_wconf 88' lang='lat' dir='ltr'><strong>domatibus,</strong></span> <span class='ocrx_word' id='word_1_561' title='bbox 3388 3947 3445 3993; x_wconf 90' lang='lat' dir='ltr'><strong>et</strong></span> <span class='ocrx_word' id='word_1_562' title='bbox 3469 3936 3619 3992; x_wconf 92' lang='lat' dir='ltr'><strong>omni</strong></span> 
     </span>
    </p>
   </div>
   <div class='ocr_carea' id='block_1_82' title="bbox 2009 4027 3622 4107">
    <p class='ocr_par' dir='ltr' id='par_1_82' title="bbox 2009 4027 3622 4107">
     <span class='ocr_line' id='line_1_83' title="bbox 2009 4027 3622 4107; baseline -0.006 -16"><span class='ocrx_word' id='word_1_563' title='bbox 2009 4043 2163 4107; x_wconf 90' lang='lat' dir='ltr'><strong>parte</strong></span> <span class='ocrx_word' id='word_1_564' title='bbox 2201 4033 2518 4090; x_wconf 87' lang='lat' dir='ltr'><strong>conﬂuente</strong></span> <span class='ocrx_word' id='word_1_565' title='bbox 2541 4030 2699 4086; x_wconf 91' lang='lat' dir='ltr'><strong>turba</strong></span> <span class='ocrx_word' id='word_1_566' title='bbox 2724 4028 3158 4095; x_wconf 88' lang='lat' dir='ltr'><strong>circumventus,</strong></span> <span class='ocrx_word' id='word_1_567' title='bbox 3183 4027 3534 4099; x_wconf 88' lang='lat' dir='ltr'><strong>opprimitur,</strong></span> <span class='ocrx_word' id='word_1_568' title='bbox 3566 4034 3622 4082; x_wconf 91' lang='lat' dir='ltr'><strong>et</strong></span> 
     </span>
    </p>
   </div>
   <div class='ocr_carea' id='block_1_83' title="bbox 366 4112 3619 4189">
    <p class='ocr_par' dir='ltr' id='par_1_83' title="bbox 366 4112 3619 4189">
     <span class='ocr_line' id='line_1_84' title="bbox 366 4112 3619 4189; baseline -0.001 -16"><span class='ocrx_word' id='word_1_569' title='bbox 366 4119 492 4174; x_wconf 88' lang='lat' dir='ltr'><strong>Orta</strong></span> <span class='ocrx_word' id='word_1_570' title='bbox 513 4123 596 4172; x_wconf 84' lang='lat' dir='ltr'><strong>est</strong></span> <span class='ocrx_word' id='word_1_571' title='bbox 624 4114 906 4172; x_wconf 80' lang='lat' dir='ltr'><strong>contentio</strong></span> <span class='ocrx_word' id='word_1_572' title='bbox 935 4112 1080 4168; x_wconf 91' lang='lat' dir='ltr'><strong>inter</strong></span> <span class='ocrx_word' id='word_1_573' title='bbox 1107 4113 1397 4170; x_wconf 90' lang='lat' dir='ltr'><strong>Henricum</strong></span> <span class='ocrx_word' id='word_1_574' title='bbox 1428 4117 1748 4189; x_wconf 89' lang='lat' dir='ltr'><strong>episcopum</strong></span> <span class='ocrx_word' id='word_1_575' title='bbox 1773 4119 1904 4174; x_wconf 88' lang='lat' dir='ltr'><strong>Leo-</strong></span> <span class='ocrx_word' id='word_1_576' title='bbox 2007 4141 2130 4181; x_wconf 89' lang='lat' dir='ltr'><strong>cum</strong></span> <span class='ocrx_word' id='word_1_577' title='bbox 2164 4123 2315 4178; x_wconf 90' lang='lat' dir='ltr'><strong>omni</strong></span> <span class='ocrx_word' id='word_1_578' title='bbox 2371 4121 2529 4176; x_wconf 90' lang='lat' dir='ltr'><strong>turba</strong></span> <span class='ocrx_word' id='word_1_579' title='bbox 2583 4134 2808 4174; x_wconf 91' lang='lat' dir='ltr'><strong>suorum</strong></span> <span class='ocrx_word' id='word_1_580' title='bbox 2837 4118 3212 4174; x_wconf 89' lang='lat' dir='ltr'><strong>obtruncatur.</strong></span> <span class='ocrx_word' id='word_1_581' title='bbox 3247 4117 3489 4180; x_wconf 83' lang='lat' dir='ltr'><strong>Quorum</strong></span> <span class='ocrx_word' id='word_1_582' title='bbox 3521 4131 3619 4170; x_wconf 89' lang='lat' dir='ltr'><strong>ca-</strong></span> 
     </span>
    </p>
   </div>
   <div class='ocr_carea' id='block_1_84' title="bbox 295 4204 3624 4292">
    <p class='ocr_par' dir='ltr' id='par_1_84' title="bbox 295 4204 3624 4292">
     <span class='ocr_line' id='line_1_85' title="bbox 295 4204 3624 4292; baseline -0.005 -25"><span class='ocrx_word' id='word_1_583' title='bbox 295 4212 577 4267; x_wconf 90' lang='lat' dir='ltr'><strong>dicensem</strong></span> <span class='ocrx_word' id='word_1_584' title='bbox 591 4215 646 4263; x_wconf 92' lang='lat' dir='ltr'><strong>et</strong></span> <span class='ocrx_word' id='word_1_585' title='bbox 669 4205 982 4263; x_wconf 86' lang='lat' dir='ltr'><strong>Heinricum</strong></span> <span class='ocrx_word' id='word_1_586' title='bbox 1009 4204 1262 4260; x_wconf 90' lang='lat' dir='ltr'><strong>comitem</strong></span> <span class='ocrx_word' id='word_1_587' title='bbox 1295 4205 1712 4262; x_wconf 85' lang='lat' dir='ltr'><strong>Namucensem.</strong></span> <span class='ocrx_word' id='word_1_588' title='bbox 1750 4207 1905 4263; x_wconf 89' lang='lat' dir='ltr'><strong>Unde</strong></span> <span class='ocrx_word' id='word_1_589' title='bbox 1935 4267 1953 4292; x_wconf 62' lang='lat'><strong><em>‘</em></strong></span> <span class='ocrx_word' id='word_1_590' title='bbox 1973 4219 2122 4292; x_wconf 54' lang='lat' dir='ltr'><strong>|pica</strong></span> <span class='ocrx_word' id='word_1_591' title='bbox 2141 4219 2195 4273; x_wconf 80' lang='lat' dir='ltr'><strong>in</strong></span> <span class='ocrx_word' id='word_1_592' title='bbox 2219 4233 2389 4272; x_wconf 84' lang='lat' dir='ltr'><strong>unum</strong></span> <span class='ocrx_word' id='word_1_593' title='bbox 2421 4214 2704 4271; x_wconf 80' lang='lat' dir='ltr'><strong>cumulum</strong></span> <span class='ocrx_word' id='word_1_594' title='bbox 2723 4219 2852 4268; x_wconf 75' lang='lat' dir='ltr'><strong>sunt</strong></span> <span class='ocrx_word' id='word_1_595' title='bbox 2872 4219 3157 4287; x_wconf 65' lang='lat' dir='ltr'><strong>congesta,</strong></span> <span class='ocrx_word' id='word_1_596' title='bbox 3193 4217 3252 4266; x_wconf 66' lang='lat' dir='ltr'><strong>ut</strong></span> <span class='ocrx_word' id='word_1_597' title='bbox 3286 4211 3403 4284; x_wconf 70' lang='lat' dir='ltr'><strong>regi</strong></span> <span class='ocrx_word' id='word_1_598' title='bbox 3445 4209 3624 4281; x_wconf 69' lang='lat' dir='ltr'><strong>Baby-</strong></span> 
     </span>
    </p>
   </div>
   <div class='ocr_carea' id='block_1_85' title="bbox 295 4267 1871 4384">
    <p class='ocr_par' dir='ltr' id='par_1_85' title="bbox 295 4294 1871 4375">
     <span class='ocr_line' id='line_1_86' title="bbox 295 4294 1871 4375; baseline -0.004 -17"><span class='ocrx_word' id='word_1_599' title='bbox 295 4309 632 4375; x_wconf 83' lang='lat' dir='ltr'><strong>congregato</strong></span> <span class='ocrx_word' id='word_1_600' title='bbox 685 4296 942 4369; x_wconf 88' lang='lat' dir='ltr'><strong>utrinque</strong></span> <span class='ocrx_word' id='word_1_601' title='bbox 999 4294 1246 4350; x_wconf 85' lang='lat' dir='ltr'><strong>exercitu</strong></span> <span class='ocrx_word' id='word_1_602' title='bbox 1296 4297 1599 4370; x_wconf 84' lang='lat' dir='ltr'><strong>congressi,</strong></span> <span class='ocrx_word' id='word_1_603' title='bbox 1647 4297 1871 4368; x_wconf 89' lang='lat' dir='ltr'><strong>superio</strong></span> 
     </span>
    </p>
   </div>
   <div class='ocr_carea' id='block_1_86' title="bbox 1980 4267 3620 4384">
    <p class='ocr_par' dir='ltr' id='par_1_86' title="bbox 1980 4267 3620 4384">
     <span class='ocr_line' id='line_1_87' title="bbox 2007 4267 3581 4292; baseline -0.006 -2"><span class='ocrx_word' id='word_1_604' title='bbox 2007 4267 2121 4292; x_wconf 69' lang='grc' dir='ltr'><strong>ιη’-</strong></span> <span class='ocrx_word' id='word_1_605' title='bbox 2143 4267 2194 4273; x_wconf 82' lang='grc'><strong>·--</strong></span> <span class='ocrx_word' id='word_1_606' title='bbox 2224 4267 2388 4272; x_wconf 55' lang='grc' dir='ltr'><strong><em>---”-ν-</em></strong></span> <span class='ocrx_word' id='word_1_607' title='bbox 2427 4267 2631 4271; x_wconf 28' lang='lat' dir='ltr'><strong>‘rmm&quot;</strong></span> <span class='ocrx_word' id='word_1_608' title='bbox 2762 4267 2771 4268; x_wconf 47' lang='grc' dir='ltr'>ί</span> <span class='ocrx_word' id='word_1_609' title='bbox 2839 4267 2847 4268; x_wconf 48' lang='grc' dir='ltr'>ί</span> <span class='ocrx_word' id='word_1_610' title='bbox 2917 4267 2925 4268; x_wconf 48' lang='grc' dir='ltr'>ί</span> <span class='ocrx_word' id='word_1_611' title='bbox 2982 4267 3015 4287; x_wconf 76' lang='grc' dir='ltr'>ο</span> <span class='ocrx_word' id='word_1_612' title='bbox 3144 4267 3156 4278; x_wconf 87' lang='grc' dir='ltr'><em>ι</em></span> <span class='ocrx_word' id='word_1_613' title='bbox 3349 4267 3382 4284; x_wconf 83' lang='grc' dir='ltr'>υ</span> <span class='ocrx_word' id='word_1_614' title='bbox 3559 4267 3581 4281; x_wconf 77' lang='grc' dir='ltr'><em>υ</em></span> 
     </span>
     <span class='ocr_line' id='line_1_88' title="bbox 1980 4275 3620 4384; baseline -0.005 -16"><span class='ocrx_word' id='word_1_615' title='bbox 1980 4275 2170 4370; x_wconf 66' lang='grc' dir='ltr'><strong>ἰοῐιίω</strong></span> <span class='ocrx_word' id='word_1_616' title='bbox 2198 4328 2297 4384; x_wconf 89' lang='lat' dir='ltr'><strong>pro</strong></span> <span class='ocrx_word' id='word_1_617' title='bbox 2327 4311 2486 4384; x_wconf 86' lang='lat' dir='ltr'><strong>signo</strong></span> <span class='ocrx_word' id='word_1_618' title='bbox 2535 4308 2780 4365; x_wconf 64' lang='lat' dir='ltr'><strong>victoriae</strong></span> <span class='ocrx_word' id='word_1_619' title='bbox 2819 4313 3162 4363; x_wconf 86' lang='lat' dir='ltr'><strong>ostentarent</strong></span> <span class='ocrx_word' id='word_1_620' title='bbox 3191 4323 3206 4370; x_wconf 89' lang='lat'><strong>;</strong></span> <span class='ocrx_word' id='word_1_621' title='bbox 3236 4320 3469 4376; x_wconf 89' lang='lat' dir='ltr'><strong>corpora</strong></span> <span class='ocrx_word' id='word_1_622' title='bbox 3489 4319 3620 4360; x_wconf 91' lang='lat' dir='ltr'><strong>vero</strong></span> 
     </span>
    </p>
   </div>
   <div class='ocr_carea' id='block_1_87' title="bbox 297 4387 1871 4472">
    <p class='ocr_par' dir='ltr' id='par_1_87' title="bbox 297 4387 1869 4464">
     <span class='ocr_line' id='line_1_89' title="bbox 297 4387 1869 4464; baseline -0.004 -15"><span class='ocrx_word' id='word_1_623' title='bbox 297 4393 470 4450; x_wconf 90' lang='lat' dir='ltr'><strong>factus</strong></span> <span class='ocrx_word' id='word_1_624' title='bbox 494 4393 812 4464; x_wconf 81' lang='lat' dir='ltr'><strong>episcopus,</strong></span> <span class='ocrx_word' id='word_1_625' title='bbox 843 4404 952 4446; x_wconf 92' lang='lat' dir='ltr'><strong>non</strong></span> <span class='ocrx_word' id='word_1_626' title='bbox 997 4387 1118 4444; x_wconf 88' lang='lat' dir='ltr'><strong>sine</strong></span> <span class='ocrx_word' id='word_1_627' title='bbox 1173 4389 1467 4444; x_wconf 91' lang='lat' dir='ltr'><strong>multorum</strong></span> <span class='ocrx_word' id='word_1_628' title='bbox 1497 4389 1634 4445; x_wconf 90' lang='lat' dir='ltr'><strong>cede</strong></span> <span class='ocrx_word' id='word_1_629' title='bbox 1676 4389 1869 4446; x_wconf 90' lang='lat' dir='ltr'><strong>victori</strong></span> 
     </span>
    </p>
   </div>
   <div class='ocr_carea' id='block_1_88' title="bbox 1980 4387 3627 4472">
    <p class='ocr_par' dir='ltr' id='par_1_88' title="bbox 2009 4397 3627 4472">
     <span class='ocr_line' id='line_1_90' title="bbox 2009 4397 3627 4472; baseline -0.007 -12"><span class='ocrx_word' id='word_1_630' title='bbox 2009 4405 2066 4460; x_wconf 91' lang='lat' dir='ltr'><strong>in</strong></span> <span class='ocrx_word' id='word_1_631' title='bbox 2104 4419 2262 4459; x_wconf 91' lang='lat' dir='ltr'><strong>muro</strong></span> <span class='ocrx_word' id='word_1_632' title='bbox 2293 4401 2728 4472; x_wconf 89' lang='lat' dir='ltr'><strong>suspenderunt,</strong></span> <span class='ocrx_word' id='word_1_633' title='bbox 2753 4398 2913 4454; x_wconf 90' lang='lat' dir='ltr'><strong>nobis</strong></span> <span class='ocrx_word' id='word_1_634' title='bbox 2935 4397 3399 4467; x_wconf 87' lang='lat' dir='ltr'><strong>improperantes,</strong></span> <span class='ocrx_word' id='word_1_635' title='bbox 3425 4401 3480 4449; x_wconf 90' lang='lat' dir='ltr'><strong>et</strong></span> <span class='ocrx_word' id='word_1_636' title='bbox 3509 4411 3627 4449; x_wconf 92' lang='lat' dir='ltr'><strong>ver-</strong></span> 
     </span>
    </p>
   </div>
   <div class='ocr_carea' id='block_1_89' title="bbox 298 4482 1871 4562">
    <p class='ocr_par' dir='ltr' id='par_1_89' title="bbox 298 4485 634 4556">
     <span class='ocr_line' id='line_1_91' title="bbox 298 4485 634 4556; baseline -0.006 -14"><span class='ocrx_word' id='word_1_637' title='bbox 298 4485 504 4556; x_wconf 88' lang='lat' dir='ltr'><strong>potitus</strong></span> <span class='ocrx_word' id='word_1_638' title='bbox 534 4493 634 4540; x_wconf 90' lang='lat' dir='ltr'><strong>est.</strong></span> 
     </span>
    </p>
   </div>
   <div class='ocr_carea' id='block_1_90' title="bbox 1980 4482 3624 4562">
    <p class='ocr_par' dir='ltr' id='par_1_90' title="bbox 2008 4482 3624 4562">
     <span class='ocr_line' id='line_1_92' title="bbox 2008 4482 3624 4562; baseline -0.007 -14"><span class='ocrx_word' id='word_1_639' title='bbox 2008 4493 2093 4548; x_wconf 91' lang='lat' dir='ltr'><strong>bis</strong></span> <span class='ocrx_word' id='word_1_640' title='bbox 2121 4490 2476 4562; x_wconf 55' lang='lat' dir='ltr'><strong>blasphemia</strong></span> <span class='ocrx_word' id='word_1_641' title='bbox 2499 4487 2799 4544; x_wconf 86' lang='lat' dir='ltr'><strong>exercitum</strong></span> <span class='ocrx_word' id='word_1_642' title='bbox 2829 4485 2926 4540; x_wconf 88' lang='lat' dir='ltr'><strong>Dei</strong></span> <span class='ocrx_word' id='word_1_643' title='bbox 2958 4490 3340 4555; x_wconf 90' lang='lat' dir='ltr'><strong>provocantes.</strong></span> <span class='ocrx_word' id='word_1_644' title='bbox 3380 4482 3624 4537; x_wconf 89' lang='lat' dir='ltr'><strong>Tandem</strong></span> 
     </span>
    </p>
   </div>
   <div class='ocr_carea' id='block_1_91' title="bbox 369 4573 1871 4648">
    <p class='ocr_par' dir='ltr' id='par_1_91' title="bbox 369 4587 1871 4648">
     <span class='ocr_line' id='line_1_93' title="bbox 369 4587 1871 4648; baseline -0.005 -1"><span class='ocrx_word' id='word_1_645' title='bbox 369 4592 530 4648; x_wconf 86' lang='grc'>1151.</span> <span class='ocrx_word' id='word_1_646' title='bbox 818 4590 909 4645; x_wconf 75' lang='grc'>14.</span> <span class='ocrx_word' id='word_1_647' title='bbox 1146 4587 1236 4645; x_wconf 87' lang='grc'>15.</span> <span class='ocrx_word' id='word_1_648' title='bbox 1528 4588 1613 4643; x_wconf 86' lang='grc'><strong>15.</strong></span> <span class='ocrx_word' id='word_1_649' title='bbox 1850 4588 1871 4640; x_wconf 82' lang='grc'><strong>7</strong></span> 
     </span>
    </p>
   </div>
   <div class='ocr_carea' id='block_1_92' title="bbox 1980 4573 3626 4648">
    <p class='ocr_par' dir='ltr' id='par_1_92' title="bbox 2009 4573 3626 4644">
     <span class='ocr_line' id='line_1_94' title="bbox 2009 4573 3626 4644; baseline -0.009 -3"><span class='ocrx_word' id='word_1_650' title='bbox 2009 4583 2182 4641; x_wconf 84' lang='lat' dir='ltr'><strong>nostri</strong></span> <span class='ocrx_word' id='word_1_651' title='bbox 2215 4584 2271 4637; x_wconf 92' lang='lat' dir='ltr'><strong>in</strong></span> <span class='ocrx_word' id='word_1_652' title='bbox 2306 4581 2535 4638; x_wconf 91' lang='lat' dir='ltr'><strong>Domino</strong></span> <span class='ocrx_word' id='word_1_653' title='bbox 2582 4577 2898 4643; x_wconf 86' lang='lat' dir='ltr'><strong>confortati,</strong></span> <span class='ocrx_word' id='word_1_654' title='bbox 2933 4575 3308 4631; x_wconf 85' lang='lat' dir='ltr'><strong>devotissimis</strong></span> <span class='ocrx_word' id='word_1_655' title='bbox 3345 4573 3626 4644; x_wconf 90' lang='lat' dir='ltr'><strong>supplica-</strong></span> 
     </span>
    </p>
   </div>
   <div class='ocr_carea' id='block_1_93' title="bbox 372 4664 3630 4751">
    <p class='ocr_par' dir='ltr' id='par_1_93' title="bbox 372 4664 3630 4751">
     <span class='ocr_line' id='line_1_95' title="bbox 372 4664 3630 4751; baseline -0.006 -12"><span class='ocrx_word' id='word_1_656' title='bbox 372 4685 749 4740; x_wconf 87' lang='lat' dir='ltr'><strong>Fructusterra</strong></span> <span class='ocrx_word' id='word_1_657' title='bbox 774 4682 968 4738; x_wconf 87' lang='lat' dir='ltr'><strong>habuit</strong></span> <span class='ocrx_word' id='word_1_658' title='bbox 997 4682 1199 4738; x_wconf 88' lang='lat' dir='ltr'><strong>uberes</strong></span> <span class='ocrx_word' id='word_1_659' title='bbox 1225 4699 1240 4747; x_wconf 90' lang='lat'><strong><em>;</em></strong></span> <span class='ocrx_word' id='word_1_660' title='bbox 1274 4680 1372 4736; x_wconf 91' lang='lat' dir='ltr'><strong>sed</strong></span> <span class='ocrx_word' id='word_1_661' title='bbox 1406 4680 1714 4751; x_wconf 89' lang='lat' dir='ltr'><strong>pluviarum</strong></span> <span class='ocrx_word' id='word_1_662' title='bbox 1744 4679 1908 4734; x_wconf 92' lang='lat' dir='ltr'><strong>inun-</strong></span> <span class='ocrx_word' id='word_1_663' title='bbox 2012 4677 2257 4733; x_wconf 89' lang='lat' dir='ltr'><strong>tionibus</strong></span> <span class='ocrx_word' id='word_1_664' title='bbox 2281 4691 2342 4730; x_wconf 90' lang='lat' dir='ltr'><strong>se</strong></span> <span class='ocrx_word' id='word_1_665' title='bbox 2374 4672 2606 4728; x_wconf 90' lang='lat' dir='ltr'><strong>Domino</strong></span> <span class='ocrx_word' id='word_1_666' title='bbox 2637 4669 3067 4732; x_wconf 89' lang='lat' dir='ltr'><strong>committentes,</strong></span> <span class='ocrx_word' id='word_1_667' title='bbox 3101 4675 3156 4722; x_wconf 90' lang='lat' dir='ltr'><strong>et</strong></span> <span class='ocrx_word' id='word_1_668' title='bbox 3186 4671 3387 4720; x_wconf 74' lang='lat' dir='ltr'><strong>sanctze</strong></span> <span class='ocrx_word' id='word_1_669' title='bbox 3419 4664 3630 4737; x_wconf 76' lang='lat' dir='ltr'><strong>Deigc~</strong></span> 
     </span>
    </p>
   </div>
   <div class='ocr_carea' id='block_1_94' title="bbox 303 4757 3630 4840">
    <p class='ocr_par' dir='ltr' id='par_1_94' title="bbox 303 4757 3630 4840">
     <span class='ocr_line' id='line_1_96' title="bbox 303 4757 3630 4840; baseline -0.006 -11"><span class='ocrx_word' id='word_1_670' title='bbox 303 4773 527 4829; x_wconf 87' lang='lat' dir='ltr'><strong>datione</strong></span> <span class='ocrx_word' id='word_1_671' title='bbox 550 4789 581 4826; x_wconf 90' lang='lat' dir='ltr'><strong>a</strong></span> <span class='ocrx_word' id='word_1_672' title='bbox 624 4771 914 4827; x_wconf 88' lang='lat' dir='ltr'><strong>festivitate</strong></span> <span class='ocrx_word' id='word_1_673' title='bbox 961 4771 1135 4826; x_wconf 89' lang='lat' dir='ltr'><strong>sancti</strong></span> <span class='ocrx_word' id='word_1_674' title='bbox 1195 4769 1464 4825; x_wconf 80' lang='lat' dir='ltr'><strong>Johannis</strong></span> <span class='ocrx_word' id='word_1_675' title='bbox 1491 4785 1665 4840; x_wconf 91' lang='lat' dir='ltr'><strong>usque</strong></span> <span class='ocrx_word' id='word_1_676' title='bbox 1696 4769 1764 4823; x_wconf 89' lang='lat' dir='ltr'><strong>ad</strong></span> <span class='ocrx_word' id='word_1_677' title='bbox 1796 4784 1913 4824; x_wconf 92' lang='lat' dir='ltr'><strong>me-</strong></span> <span class='ocrx_word' id='word_1_678' title='bbox 2015 4767 2192 4823; x_wconf 90' lang='lat' dir='ltr'><strong>nitrici</strong></span> <span class='ocrx_word' id='word_1_679' title='bbox 2226 4776 2352 4822; x_wconf 90' lang='lat' dir='ltr'><strong>vota</strong></span> <span class='ocrx_word' id='word_1_680' title='bbox 2383 4766 2670 4829; x_wconf 85' lang='lat' dir='ltr'><strong>facientes,</strong></span> <span class='ocrx_word' id='word_1_681' title='bbox 2700 4760 2862 4816; x_wconf 88' lang='lat' dir='ltr'><strong>tertia</strong></span> <span class='ocrx_word' id='word_1_682' title='bbox 2898 4758 2990 4814; x_wconf 88' lang='lat' dir='ltr'><strong>die</strong></span> <span class='ocrx_word' id='word_1_683' title='bbox 3021 4757 3089 4812; x_wconf 89' lang='lat' dir='ltr'><strong>ad</strong></span> <span class='ocrx_word' id='word_1_684' title='bbox 3132 4773 3345 4812; x_wconf 91' lang='lat' dir='ltr'><strong>murum</strong></span> <span class='ocrx_word' id='word_1_685' title='bbox 3377 4771 3630 4811; x_wconf 87' lang='lat' dir='ltr'><strong>accesse-</strong></span> 
     </span>
    </p>
   </div>
   <div class='ocr_carea' id='block_1_95' title="bbox 304 4843 3629 4934">
    <p class='ocr_par' dir='ltr' id='par_1_95' title="bbox 304 4843 3629 4934">
     <span class='ocr_line' id='line_1_97' title="bbox 304 4843 3629 4934; baseline -0.006 -17"><span class='ocrx_word' id='word_1_686' title='bbox 304 4863 452 4918; x_wconf 90' lang='lat' dir='ltr'><strong>dium</strong></span> <span class='ocrx_word' id='word_1_687' title='bbox 477 4860 704 4934; x_wconf 86' lang='lat' dir='ltr'><strong>Augusti</strong></span> <span class='ocrx_word' id='word_1_688' title='bbox 745 4859 931 4915; x_wconf 90' lang='lat' dir='ltr'><strong>omnia</strong></span> <span class='ocrx_word' id='word_1_689' title='bbox 961 4867 1228 4924; x_wconf 86' lang='lat' dir='ltr'><strong>vastante,</strong></span> <span class='ocrx_word' id='word_1_690' title='bbox 1287 4859 1374 4913; x_wconf 88' lang='lat' dir='ltr'><strong>vix</strong></span> <span class='ocrx_word' id='word_1_691' title='bbox 1426 4859 1493 4912; x_wconf 89' lang='lat' dir='ltr'><strong>ad</strong></span> <span class='ocrx_word' id='word_1_692' title='bbox 1545 4859 1911 4913; x_wconf 84' lang='lat' dir='ltr'><strong>maturitatem</strong></span> <span class='ocrx_word' id='word_1_693' title='bbox 2015 4863 2162 4923; x_wconf 91' lang='lat' dir='ltr'><strong>runt,</strong></span> <span class='ocrx_word' id='word_1_694' title='bbox 2197 4855 2559 4909; x_wconf 90' lang='lat' dir='ltr'><strong>instrumenta</strong></span> <span class='ocrx_word' id='word_1_695' title='bbox 2605 4850 2825 4915; x_wconf 89' lang='lat' dir='ltr'><strong>bellica,</strong></span> <span class='ocrx_word' id='word_1_696' title='bbox 2885 4846 3170 4902; x_wconf 85' lang='lat' dir='ltr'><strong>machinas</strong></span> <span class='ocrx_word' id='word_1_697' title='bbox 3195 4852 3250 4900; x_wconf 90' lang='lat' dir='ltr'><strong>et</strong></span> <span class='ocrx_word' id='word_1_698' title='bbox 3289 4843 3629 4899; x_wconf 87' lang='lat' dir='ltr'><strong>balistasad-</strong></span> 
     </span>
    </p>
   </div>
   <div class='ocr_carea' id='block_1_96' title="bbox 308 4935 3628 5022">
    <p class='ocr_par' dir='ltr' id='par_1_96' title="bbox 308 4935 3628 5022">
     <span class='ocr_line' id='line_1_98' title="bbox 308 4935 3628 5022; baseline -0.005 -17"><span class='ocrx_word' id='word_1_699' title='bbox 308 4949 581 5022; x_wconf 88' lang='lat' dir='ltr'><strong>perduxit.</strong></span> <span class='ocrx_word' id='word_1_700' title='bbox 613 4949 746 5003; x_wconf 88' lang='lat' dir='ltr'><strong>Nam</strong></span> <span class='ocrx_word' id='word_1_701' title='bbox 770 4948 955 5002; x_wconf 88' lang='lat' dir='ltr'><strong>vinum</strong></span> <span class='ocrx_word' id='word_1_702' title='bbox 989 4957 1043 5004; x_wconf 91' lang='lat' dir='ltr'><strong>et</strong></span> <span class='ocrx_word' id='word_1_703' title='bbox 1071 4949 1242 5003; x_wconf 89' lang='lat' dir='ltr'><strong>ceteri</strong></span> <span class='ocrx_word' id='word_1_704' title='bbox 1299 4949 1506 5005; x_wconf 89' lang='lat' dir='ltr'><strong>fructus</strong></span> <span class='ocrx_word' id='word_1_705' title='bbox 1535 4965 1601 5003; x_wconf 88' lang='lat' dir='ltr'><strong>ex</strong></span> <span class='ocrx_word' id='word_1_706' title='bbox 1631 4956 1786 5020; x_wconf 86' lang='lat' dir='ltr'><strong>parte</strong></span> <span class='ocrx_word' id='word_1_707' title='bbox 1815 4948 1912 5003; x_wconf 82' lang='lat' dir='ltr'><strong>de-</strong></span> <span class='ocrx_word' id='word_1_708' title='bbox 2017 4956 2328 5012; x_wconf 91' lang='lat' dir='ltr'><strong>moverunt,</strong></span> <span class='ocrx_word' id='word_1_709' title='bbox 2361 4944 2469 4999; x_wconf 89' lang='lat' dir='ltr'><strong>ﬁde</strong></span> <span class='ocrx_word' id='word_1_710' title='bbox 2519 4949 2860 4999; x_wconf 88' lang='lat' dir='ltr'><strong>constantes.</strong></span> <span class='ocrx_word' id='word_1_711' title='bbox 2909 4939 3046 4994; x_wconf 88' lang='lat' dir='ltr'><strong>Crux</strong></span> <span class='ocrx_word' id='word_1_712' title='bbox 3087 4952 3217 4993; x_wconf 88' lang='lat' dir='ltr'><strong>vero</strong></span> <span class='ocrx_word' id='word_1_713' title='bbox 3264 4935 3542 4991; x_wconf 88' lang='lat' dir='ltr'><strong>dominica</strong></span> <span class='ocrx_word' id='word_1_714' title='bbox 3575 4935 3628 4989; x_wconf 90' lang='lat' dir='ltr'><strong>in</strong></span> 
     </span>
    </p>
   </div>
   <div class='ocr_carea' id='block_1_97' title="bbox 307 5028 3630 5115">
    <p class='ocr_par' dir='ltr' id='par_1_97' title="bbox 307 5028 3630 5115">
     <span class='ocr_line' id='line_1_99' title="bbox 307 5028 3630 5115; baseline -0.005 -15"><span class='ocrx_word' id='word_1_715' title='bbox 307 5045 559 5100; x_wconf 89' lang='lat' dir='ltr'><strong>fecerunt</strong></span> <span class='ocrx_word' id='word_1_716' title='bbox 587 5061 602 5111; x_wconf 89' lang='lat'><strong>;</strong></span> <span class='ocrx_word' id='word_1_717' title='bbox 630 5052 686 5098; x_wconf 91' lang='lat' dir='ltr'><strong>et</strong></span> <span class='ocrx_word' id='word_1_718' title='bbox 716 5041 864 5115; x_wconf 91' lang='lat' dir='ltr'><strong>quod</strong></span> <span class='ocrx_word' id='word_1_719' title='bbox 896 5041 966 5096; x_wconf 89' lang='lat' dir='ltr'><strong>de</strong></span> <span class='ocrx_word' id='word_1_720' title='bbox 997 5041 1118 5098; x_wconf 90' lang='lat' dir='ltr'><strong>uvis</strong></span> <span class='ocrx_word' id='word_1_721' title='bbox 1146 5042 1434 5099; x_wconf 89' lang='lat' dir='ltr'><strong>collectum</strong></span> <span class='ocrx_word' id='word_1_722' title='bbox 1464 5050 1565 5110; x_wconf 93' lang='lat' dir='ltr'><strong>est,</strong></span> <span class='ocrx_word' id='word_1_723' title='bbox 1609 5043 1664 5098; x_wconf 91' lang='lat' dir='ltr'><strong>in</strong></span> <span class='ocrx_word' id='word_1_724' title='bbox 1696 5058 1916 5100; x_wconf 88' lang='lat' dir='ltr'><strong>acorem</strong></span> <span class='ocrx_word' id='word_1_725' title='bbox 2018 5042 2274 5098; x_wconf 90' lang='lat' dir='ltr'><strong>manibus</strong></span> <span class='ocrx_word' id='word_1_726' title='bbox 2327 5037 2649 5109; x_wconf 66' lang='lat' dir='ltr'><strong>patriarchae</strong></span> <span class='ocrx_word' id='word_1_727' title='bbox 2701 5051 2898 5110; x_wconf 87' lang='lat' dir='ltr'><strong>agmen</strong></span> <span class='ocrx_word' id='word_1_728' title='bbox 2953 5028 3308 5105; x_wconf 86' lang='lat' dir='ltr'><strong>precedebat.</strong></span> <span class='ocrx_word' id='word_1_729' title='bbox 3338 5029 3469 5083; x_wconf 90' lang='lat' dir='ltr'><strong>Tum</strong></span> <span class='ocrx_word' id='word_1_730' title='bbox 3501 5041 3630 5083; x_wconf 80' lang='lat' dir='ltr'><strong>vero</strong></span> 
     </span>
    </p>
   </div>
   <div class='ocr_carea' id='block_1_98' title="bbox 305 5123 3634 5198">
    <p class='ocr_par' dir='ltr' id='par_1_98' title="bbox 305 5123 3634 5198">
     <span class='ocr_line' id='line_1_100' title="bbox 305 5123 3634 5198; baseline -0.006 -6"><span class='ocrx_word' id='word_1_731' title='bbox 305 5152 523 5194; x_wconf 87' lang='lat' dir='ltr'><strong>versum</strong></span> <span class='ocrx_word' id='word_1_732' title='bbox 554 5147 659 5193; x_wconf 90' lang='lat' dir='ltr'><strong>est.</strong></span> <span class='ocrx_word' id='word_1_733' title='bbox 2017 5136 2218 5192; x_wconf 91' lang='lat' dir='ltr'><strong>virtute</strong></span> <span class='ocrx_word' id='word_1_734' title='bbox 2243 5131 2461 5190; x_wconf 90' lang='lat' dir='ltr'><strong>Domini</strong></span> <span class='ocrx_word' id='word_1_735' title='bbox 2491 5128 2801 5194; x_wconf 89' lang='lat' dir='ltr'><strong>manifesta,</strong></span> <span class='ocrx_word' id='word_1_736' title='bbox 2845 5123 3089 5198; x_wconf 89' lang='lat' dir='ltr'><strong>percussi</strong></span> <span class='ocrx_word' id='word_1_737' title='bbox 3137 5129 3266 5178; x_wconf 90' lang='lat' dir='ltr'><strong>sunt</strong></span> <span class='ocrx_word' id='word_1_738' title='bbox 3305 5136 3502 5177; x_wconf 88' lang='lat' dir='ltr'><strong>omnes</strong></span> <span class='ocrx_word' id='word_1_739' title='bbox 3527 5135 3634 5174; x_wconf 65' lang='lat' dir='ltr'><strong>cae—</strong></span> 
     </span>
    </p>
   </div>
   <div class='ocr_carea' id='block_1_99' title="bbox 1679 5235 2318 5293">
    <p class='ocr_par' dir='ltr' id='par_1_99' title="bbox 1679 5235 2318 5293">
     <span class='ocr_line' id='line_1_101' title="bbox 1679 5235 2318 5293; baseline -0.003 -2"><span class='ocrx_word' id='word_1_740' title='bbox 1679 5237 1899 5293; x_wconf 62' lang='lat' dir='ltr'><strong>VARIA‘J</strong></span> <span class='ocrx_word' id='word_1_741' title='bbox 1938 5235 2213 5293; x_wconf 79' lang='lat' dir='ltr'><strong>LECTION</strong></span> <span class='ocrx_word' id='word_1_742' title='bbox 2221 5235 2318 5290; x_wconf 91' lang='lat' dir='ltr'><strong>ES.</strong></span> 
     </span>
    </p>
   </div>
   <div class='ocr_carea' id='block_1_100' title="bbox 380 5337 2372 5409">
    <p class='ocr_par' dir='ltr' id='par_1_100' title="bbox 380 5337 2372 5409">
     <span class='ocr_line' id='line_1_102' title="bbox 380 5337 2372 5409; baseline -0.001 -15"><span class='ocrx_word' id='word_1_743' title='bbox 380 5337 458 5409; x_wconf 30' lang='grc' dir='ltr'><strong>Ψ,</strong></span> <span class='ocrx_word' id='word_1_744' title='bbox 499 5339 630 5398; x_wconf 86' lang='lat' dir='ltr'><strong>add.</strong></span> <span class='ocrx_word' id='word_1_745' title='bbox 692 5339 787 5394; x_wconf 86' lang='grc' dir='ltr'>Β1.</span> <span class='ocrx_word' id='word_1_746' title='bbox 846 5338 902 5393; x_wconf 82' lang='grc'><strong>5.</strong></span> <span class='ocrx_word' id='word_1_747' title='bbox 967 5337 1035 5373; x_wconf 71' lang='grc'><strong>⁸⁸⁸</strong></span> <span class='ocrx_word' id='word_1_748' title='bbox 1089 5337 1222 5393; x_wconf 82' lang='lat' dir='ltr'><strong>add.</strong></span> <span class='ocrx_word' id='word_1_749' title='bbox 1286 5337 1382 5392; x_wconf 88' lang='lat' dir='ltr'><strong>B3.</strong></span> <span class='ocrx_word' id='word_1_750' title='bbox 1437 5339 1492 5393; x_wconf 87' lang='grc'><strong>5.</strong></span> <span class='ocrx_word' id='word_1_751' title='bbox 1560 5337 1631 5375; x_wconf 75' lang='grc'><strong>⁴³⁶</strong></span> <span class='ocrx_word' id='word_1_752' title='bbox 1686 5340 1818 5396; x_wconf 86' lang='lat' dir='ltr'><strong>add.</strong></span> <span class='ocrx_word' id='word_1_753' title='bbox 1880 5339 1949 5374; x_wconf 76' lang='grc'><strong>⁵³⁷</strong></span> <span class='ocrx_word' id='word_1_754' title='bbox 2005 5341 2088 5395; x_wconf 76' lang='lat' dir='ltr'><strong>ita</strong></span> <span class='ocrx_word' id='word_1_755' title='bbox 2141 5337 2372 5409; x_wconf 70' lang='lat' dir='ltr'><strong>conﬁcio</strong></span> 
     </span>
    </p>
   </div>
   <div class='ocr_carea' id='block_1_101' title="bbox 310 5407 2077 5537">
    <p class='ocr_par' dir='ltr' id='par_1_101' title="bbox 310 5407 2057 5537">
     <span class='ocr_line' id='line_1_103' title="bbox 310 5407 2057 5537; baseline 0.051 -85"><span class='ocrx_word' id='word_1_756' title='bbox 310 5407 379 5442; x_wconf 68' lang='grc' dir='ltr'><strong>διο</strong></span> <span class='ocrx_word' id='word_1_757' title='bbox 417 5407 734 5483; x_wconf 82' lang='lat' dir='ltr'><strong>Namquc-</strong></span> <span class='ocrx_word' id='word_1_758' title='bbox 761 5424 1022 5481; x_wconf 67' lang='grc'><strong>90⁵⁸⁸⁵⁵³</strong></span> <span class='ocrx_word' id='word_1_759' title='bbox 1045 5409 1241 5467; x_wconf 58' lang='lat' dir='ltr'><strong><em>desunt</em></strong></span> <span class='ocrx_word' id='word_1_760' title='bbox 1270 5409 1367 5464; x_wconf 68' lang='lat'><strong>85&#39;</strong></span> <span class='ocrx_word' id='word_1_761' title='bbox 1867 5481 2057 5537; x_wconf 74' lang='grc' dir='ltr'><strong>ΝΟΤᾹΞ</strong></span> 
     </span>
    </p>
   </div>
   <div class='ocr_carea' id='block_1_102' title="bbox 2095 5547 2602 5622">
    <p class='ocr_par' dir='ltr' id='par_1_102' title="bbox 2095 5547 2602 5622">
     <span class='ocr_line' id='line_1_104' title="bbox 2095 5547 2602 5622; baseline -0.02 -13"><span class='ocrx_word' id='word_1_762' title='bbox 2095 5550 2242 5622; x_wconf 89' lang='grc'>(380)</span> <span class='ocrx_word' id='word_1_763' title='bbox 2271 5553 2333 5607; x_wconf 86' lang='grc' dir='ltr'><strong>ῐ).</strong></span> <span class='ocrx_word' id='word_1_764' title='bbox 2365 5550 2428 5604; x_wconf 73' lang='lat' dir='ltr'><strong>at</strong></span> <span class='ocrx_word' id='word_1_765' title='bbox 2466 5547 2602 5620; x_wconf 79' lang='lat' dir='ltr'><strong>Aug.</strong></span> 
     </span>
    </p>
   </div>
   <div class='ocr_carea' id='block_1_103' title="bbox 366 4020 1899 4080">
    <p class='ocr_par' dir='ltr' id='par_1_103' title="bbox 366 4020 1899 4080">
     <span class='ocr_line' id='line_1_105' title="bbox 366 4020 1899 4080; baseline -0.001 -1"><span class='ocrx_word' id='word_1_766' title='bbox 366 4023 504 4079; x_wconf 79' lang='grc'>1150</span> <span class='ocrx_word' id='word_1_767' title='bbox 779 4020 866 4074; x_wconf 89' lang='grc'><strong>13.</strong></span> <span class='ocrx_word' id='word_1_768' title='bbox 1139 4020 1223 4074; x_wconf 76' lang='grc'>14.</span> <span class='ocrx_word' id='word_1_769' title='bbox 1507 4022 1592 4078; x_wconf 72' lang='grc'>14.</span> <span class='ocrx_word' id='word_1_770' title='bbox 1846 4023 1899 4080; x_wconf 92' lang='grc'><strong>6.</strong></span> 
     </span>
    </p>
   </div>
   <div class='ocr_carea' id='block_1_104' title="bbox 2432 5322 3632 5402">
    <p class='ocr_par' dir='ltr' id='par_1_104' title="bbox 2432 5322 3632 5402">
     <span class='ocr_line' id='line_1_106' title="bbox 2432 5322 3632 5402; baseline -0.01 -12"><span class='ocrx_word' id='word_1_771' title='bbox 2432 5353 2447 5402; x_wconf 89' lang='lat'><strong>;</strong></span> <span class='ocrx_word' id='word_1_772' title='bbox 2495 5333 2566 5389; x_wconf 88' lang='lat' dir='ltr'><strong>ad</strong></span> <span class='ocrx_word' id='word_1_773' title='bbox 2629 5333 2724 5388; x_wconf 88' lang='lat' dir='ltr'><strong>Bt.</strong></span> <span class='ocrx_word' id='word_1_774' title='bbox 2791 5328 2861 5365; x_wconf 78' lang='grc'><strong>⁴³⁸</strong></span> <span class='ocrx_word' id='word_1_775' title='bbox 2917 5327 3047 5384; x_wconf 86' lang='lat' dir='ltr'><strong>add.</strong></span> <span class='ocrx_word' id='word_1_776' title='bbox 3108 5325 3202 5380; x_wconf 91' lang='grc' dir='ltr'>Β1.</span> <span class='ocrx_word' id='word_1_777' title='bbox 3262 5323 3332 5360; x_wconf 75' lang='grc'><strong>⁴³⁹</strong></span> <span class='ocrx_word' id='word_1_778' title='bbox 3384 5322 3515 5378; x_wconf 82' lang='lat' dir='ltr'><strong>add.</strong></span> <span class='ocrx_word' id='word_1_779' title='bbox 3567 5322 3632 5378; x_wconf 84' lang='lat' dir='ltr'><strong>Bt</strong></span> 
     </span>
    </p>
   </div>
   <div class='ocr_carea' id='block_1_105' title="bbox 379 5549 982 5612">
    <p class='ocr_par' dir='ltr' id='par_1_105' title="bbox 379 5549 982 5612">
     <span class='ocr_line' id='line_1_107' title="bbox 379 5549 982 5612; baseline 0.002 -6"><span class='ocrx_word' id='word_1_780' title='bbox 379 5549 520 5612; x_wconf 71' lang='lat' dir='ltr'><strong>I378;</strong></span> <span class='ocrx_word' id='word_1_781' title='bbox 551 5551 982 5608; x_wconf 85' lang='lat' dir='ltr'><strong>Cameracensis.</strong></span> 
     </span>
    </p>
   </div>
   <div class='ocr_carea' id='block_1_106' title="bbox 379 5621 867 5690">
    <p class='ocr_par' dir='ltr' id='par_1_106' title="bbox 379 5621 867 5690">
     <span class='ocr_line' id='line_1_108' title="bbox 379 5621 867 5690; baseline 0 -14"><span class='ocrx_word' id='word_1_782' title='bbox 379 5621 526 5690; x_wconf 87' lang='lat'><strong>(379)</strong></span> <span class='ocrx_word' id='word_1_783' title='bbox 558 5624 621 5678; x_wconf 91' lang='lat' dir='ltr'><strong>D.</strong></span> <span class='ocrx_word' id='word_1_784' title='bbox 649 5625 680 5677; x_wconf 90' lang='grc'><strong>7</strong></span> <span class='ocrx_word' id='word_1_785' title='bbox 710 5621 867 5678; x_wconf 86' lang='lat' dir='ltr'><strong>Julii.</strong></span> 
     </span>
    </p>
   </div>
  </div>
