3894 6070
163 199 275 252 277

1175 194 1526 274 CHRONICA.
1565 224 1629 233 —
1673 190 2050 247 AUCTARIUM
2089 192 2542 256 AQUICINENSE.

3403 202 3512 256 278

163 326 360 390 citate,
386 323 483 390 ita,
515 328 575 378 ut
599 336 724 378 cum
778 320 1015 376 morales
1067 319 1278 392 lapides
1333 320 1529 376 balista
1559 335 1660 376 suo
1684 320 1789 374 im-
1812 319 2298 392 Aomnibuspace
2323 322 2666 392 compositis,
2717 327 3000 382 contentio
3050 327 3215 402 longo
3255 337 3505 402 tempore

164 428 304 490 petu
335 420 390 472 in
423 417 608 472 medio
637 431 830 471 eorum
871 416 1169 481 emitteret,
1201 414 1384 469 nullus
1422 413 1663 485 lapidem
1694 429 1787 469 ve-

166 511 417 564 nientem
459 507 680 574 viderit,
704 516 764 562 ut
789 507 958 562 aloco
1009 507 1253 572 cederet,
1287 506 1568 578 ictumque
1591 505 1795 577 lapidis

167 601 500 656 declinaret.
536 599 817 654 Postremo
839 596 1012 653 coacti
1047 597 1325 653 civitatem
1395 598 1451 651 in
1479 613 1675 652 manus
1714 612 1794 652 re-

166 693 254 763 gis
293 692 543 756 tradunt,
577 696 631 744 et
659 705 728 744 ex
762 689 855 744 illo
886 699 1133 760 tempore
1183 690 1414 745 Ascalon
1443 696 1627 744 nostra
1655 688 1797 743 facta

168 791 276 850 est,
305 790 408 837 eta
441 781 640 836 nostris
667 796 925 852 possessa
956 781 1058 845 “i;
1095 779 1227 835 urbs
1256 780 1356 835 150
1383 781 1626 836 turribus
1656 795 1794 850 prae-

169 873 374 927 validis
403 872 639 940 munita,
671 878 725 926 et
748 870 1048 926 cenaculis
1073 870 1354 926 domatum
1387 871 1443 926 in
1475 871 1798 942 plateissuis

169 962 328 1034 quasi
359 970 547 1031 crypta
578 960 853 1032 laquearis
907 965 1242 1031 supertecta,
1284 967 1340 1016 et
1387 959 1796 1032 quodammodo

176 1051 654 1128 inexpugnabilis.

244 1143 409 1198 1154⁸
562 1142 624 1196 R.
665 1140 718 1196 2.
859 1140 917 1195 F.
970 1141 1055 1197 18.
1197 1141 1257 1194 A.
1293 1141 1378 1196 18.
1531 1141 1592 1195 H.
1635 1141 1722 1196 10.

248 1234 576 1290 Anastasius
602 1249 744 1304 papa
775 1248 841 1288 ex
870 1233 973 1288 hac
1009 1233 1121 1288 vita
1149 1232 1390 1289 decessit
1420 1250 1434 1299 ;
1467 1233 1716 1288 succedit
1745 1234 1796 1288 ei

174 1331 434 1386 Nicolaus
475 1336 640 1384 antea
682 1329 861 1384 dictus
911 1329 1210 1400 episcopus
1253 1329 1601 1394 Albanensis,
1639 1329 1798 1399 cujus

175 1438 383 1478 nomen
426 1427 695 1475 mutatum
741 1426 822 1475 est
869 1419 1141 1473 Adrianus
1193 1435 1334 1490 papa
1374 1419 1534 1475 159118
1569 1417 1656 1489 (cf.
1688 1424 1792 1476 An.

174 1512 391 1576 Blandi
448 1509 558 1563 Rex
617 1509 672 1563 in
729 1507 923 1581 Anglia
978 1507 1306 1562 constitutus
1361 1514 1444 1562 est
1487 1507 1797 1574 Heinricus,

174 1602 340 1670 cujus
366 1617 502 1654 avus
540 1598 643 1654 fuit
672 1598 764 1652 ille
821 1613 1052 1671 magnus
1080 1603 1135 1651 et
1184 1595 1427 1650 famosus
1459 1597 1668 1671 Angliaa
1700 1613 1792 1653 rex

182 1692 494 1747 Reinricus.
529 1692 663 1746 Filia
686 1705 922 1762 namque
953 1690 1093 1757 ejus,
1125 1704 1249 1760 quae
1283 1688 1602 1759 imperatori
1628 1697 1800 1760 nupta

182 1783 504 1855 imperatrix
530 1782 815 1838 dicebatur
843 1787 899 1835 et
931 1789 1067 1847 erat,
1110 1779 1298 1835 comiti
1323 1779 1708 1852 Andegavensi
1742 1779 1797 1834 in

181 1875 450 1948 conjugio
475 1880 598 1944 post
627 1873 748 1941 ejus
779 1888 1065 1927 excessum
1105 1871 1382 1942 c0pulata,
1435 1870 1583 1926 hunc
1631 1869 1702 1925 de
1732 1887 1799 1927 eo

181 1969 452 2040 suscepit,
473 1976 528 2024 et
552 1968 747 2023 fratres
775 1968 912 2036 ejus.
956 1966 1056 2032 Qui
1083 1982 1206 2021 cum
1238 1965 1424 2021 adhuc
1458 1965 1666 2020 lactens
1695 1965 1798 2020 sub

179 2057 358 2112 ubere
409 2056 636 2112 nutricis
674 2064 840 2121 esset,
891 2054 1152 2109 defuncto
1207 2069 1309 2108 avo
1365 2053 1486 2122 ejus
1545 2053 1801 2110 Heinrico

181 2162 332 2218 rege,
369 2145 427 2199 in
454 2143 703 2218 Angliam
716 2143 1057 2213 deportatus,
1081 2142 1358 2197 electione
1375 2142 1622 2196 omnium
1653 2143 1802 2214 prin-

179 2239 363 2308 cipum
395 2236 537 2291 datis
584 2235 909 2305 juramentis
968 2234 1024 2287 in
1080 2249 1252 2309 regno
1284 2233 1640 2289 confirmatus
1694 2245 1797 2290 est.

182 2327 400 2381 Electus
431 2331 516 2378 est
545 2340 734 2379 comes
759 2323 1090 2394 Stephanus,
1119 2329 1388 2396 cognatus
1420 2323 1562 2391 ejus,
1591 2323 1683 2395 qui
1713 2341 1803 2379 re-

179 2434 349 2492 gnum
387 2423 601 2491 regeret
629 2423 684 2470 et
714 2431 840 2470 eum
870 2415 1134 2470 educaret
1159 2414 1251 2482 (cf.
1299 2419 1400 2470 An.
1434 2417 1672 2481 Bland.).
1699 2416 1795 2482 Qui

180 2510 498 2581 Stephanus
525 2525 556 2563 a
584 2507 928 2578 principibus
955 2523 1277 2579 persuasus,
1343 2523 1574 2582 regnum
1603 2507 1801 2563 invasit

180 2605 233 2652 et
260 2596 456 2650 tenuit.
501 2595 612 2650 Hoc
665 2604 970 2666 comperto,
1027 2594 1345 2665 imperatrix
1384 2595 1633 2670 Angliam
1674 2611 1798 2650 cum

183 2687 426 2742 exercitu
458 2686 802 2760 ingreditur;
837 2687 1027 2741 multis
1056 2685 1392 2760 etgravibus
1422 2685 1615 2758 preliis
1644 2702 1801 2741 com-

185 2775 390 2842 missis,
423 2775 596 2830 multa
625 2775 885 2830 audacter
925 2790 1096 2845 opera
1125 2776 1380 2846 patravit.
1438 2776 1515 2830 Ad
1545 2775 1798 2831 ultimum

185 2872 310 2935 post
332 2864 600 2935 plurimos
651 2880 849 2932 annos,
887 2865 1000 2934 jam
1032 2865 1218 2921 adulto
1268 2865 1361 2921 illo
1405 2866 1634 2936 juvene,
1687 2867 1801 2923 filio

1895 419 2167 482 protracta
2208 429 2274 467 ea
2327 413 2646 470 conditione
2690 415 2843 471 finita
2886 425 2990 484 est,
3060 429 3120 474 ut
3177 421 3506 479 Godefridus

1896 499 2275 555 confirmatum
2309 501 2414 555 sibi
2447 502 2730 569 ducatum,
2772 505 3110 561 advocatiam
3172 509 3355 564 Sancti
3384 511 3511 566 Tru-

1896 588 2078 656 donis,
2110 589 2392 644 castellum
2453 591 2601 646 Rode
2642 592 2788 661 (382)
2843 594 3110 663 obtineat,
3170 605 3333 670 atque
3383 616 3506 656 om-

1897 678 2070 739 nium.
2094 695 2218 750 qua:
2239 679 2482 749 possidet
2504 680 2649 734 idem
2671 696 2858 737 comes
2917 692 3038 754 post
3068 687 3352 742 decessum
3384 690 3504 758 ejus

1898 768 2252 824 medietatem
2301 769 2578 840 accipens,
2648 771 2993 828 hereditario
3057 775 3182 843 jure
3221 793 3508 836 successor

1836 877 1841 882 ’
1897 858 2011 914 ﬁat.
2032 860 2119 913 Μ.

1969 951 2127 1007 1156.
2275 953 2328 1005 4.
2473 952 2563 1006 20.
2708 953 2762 1008 2.
2912 955 2999 1008 12.

1967 1041 2274 1112 Philippus,
2297 1040 2441 1096 filius
2469 1041 2790 1099 Theoderici
2823 1046 3042 1102 comitis
3069 1048 3506 1111 Flandrensium.

1897 1132 2066 1188 tiliam
2113 1132 2328 1188 Rodulﬁ
2376 1133 2894 1190 Viromandcnsium
2957 1139 3172 1194 comitis
3227 1141 3508 1196 Elizabeth

1900 1238 2127 1277 uxorem
2156 1221 2308 1276 ducit
2330 1223 2544 1277 Belvaci
2573 1223 2666 1293 (cf.
2701 1227 2802 1278 An.
2837 1227 3050 1292 Bland.)

1969 1314 2128 1368 1157.
2277 1313 2330 1368 5.
2477 1313 2568 1369 21.
2749 1317 2806 1368 3.
2990 1316 3074 1373 13.

1971 1403 2132 1474 (Αηη.
2161 1403 2380 1473 Bland.)
2407 1401 2779 1457 Theodericus
2807 1417 2996 1457 comes
3041 1404 3296 1461 Flandrie
3337 1407 3509 1462 tercio

1897 1494 2320 1550 Jherosolimam
2378 1493 2515 1564 petit
2577 1510 2700 1549 cum
2742 1494 2932 1549 Sibilla
2985 1511 3170 1552 uxore.
3228 1498 3354 1553 Post
3378 1515 3511 1570 quo-

1903 1608 2022 1646 rum
2070 1590 2376 1646 discessum
2435 1591 2745 1662 Philippus,
2802 1589 2950 1646 filius
2993 1608 3203 1658 eorum,
3247 1594 3512 1649 adversus

1902 1684 2158 1756 Symonis
2195 1683 2263 1738 de
2310 1683 2430 1738 Orzi
2467 1683 2571 1737 sibi
2606 1684 2806 1755 subjici
2835 1685 3078 1739 nolentis
3107 1686 3510 1741 contumaciam

1900 1775 2267 1831 edomandam
2290 1775 2586 1831 exercitum
2617 1775 2788 1843 ducit,
2824 1786 2879 1832 et
2912 1777 3022 1832 [nci
3046 1777 3334 1833 castellum
3364 1777 3514 1834 obsi-

1901 1865 1994 1920 det
2015 1872 2071 1919 et
2100 1863 2264 1934 capit.

1972 1952 2128 2008 1158.
2311 1953 2364 2006 6.
2547 1953 2638 2006 22.
2821 1955 2874 2008 4,
3062 1955 3148 2008 14.

1971 2041 2258 2112 Philippus
2304 2055 2489 2096 comes
2543 2040 2815 2106 Flandrie,
2849 2039 2997 2096 filius
3032 2042 3381 2108 Theoderici,
3417 2059 3510 2097 na-

1899 2132 2076 2187 valem
2122 2129 2532 2200 expeditionem
2595 2129 2746 2183 ducit
2796 2129 3061 2184 adversus
3102 2129 3506 2186 Theodericum

1901 2222 2156 2278 comitem
2211 2220 2498 2275 Hollandie
2529 2227 2582 2276 et
2633 2220 2835 2291 piratas
2863 2221 2964 2274 sub
2988 2221 3108 2289 ejus
3139 2221 3370 2276 tuitione
3419 2223 3512 2276 de-

1900 2323 2116 2389 gentes,
2160 2321 2216 2370 et
2262 2315 2503 2386 acceptis
2558 2314 2846 2370 obsidibus
2877 2314 3048 2370 victor
3101 2315 3410 2381 revertitur,
3458 2323 3513 2371 et

1901 2408 2148 2464 Beverne
2175 2406 2314 2476 (383)
2339 2406 2634 2461 comburit.

1970 2501 2130 2556 1159.
2321 2499 2370 2553 7.
2554 2499 2646 2552 23.
2828 2497 2880 2552 5.
3066 2499 3136 2554 15

1923 2617 1926 2621 ·
1969 2590 2344 2646 Theodericus
2374 2604 2561 2644 comes
2592 2587 2842 2644 Flandrie
2877 2588 3036 2643 tertia
3067 2589 3184 2644 vice
3215 2589 3514 2646 Jhcrosoli-

1901 2683 2310 2739 marevertitur.

1973 2773 2134 2827 1160.
2281 2772 2334 2826 8.
2483 2769 2574 2824 21.
2722 2770 2774 2825 6.
2924 2770 3009 2826 16.

1975 2866 2459 2936 (An.1159,Sept.)
2504 2864 2627 2919 Post
2669 2863 2890 2918 Adriani
2923 2881 3081 2936 papae
3135 2875 3365 2920 mortem
3396 2875 3515 2921 orta

185 2972 309 3022 suo,
341 2956 626 3028 Stephano
675 2957 837 3012 etiam
888 2956 1094 3023 subito,
1126 2973 1229 3012 nec
1281 2957 1414 3013 satis
1467 2965 1598 3014 nota
1629 2967 1804 3015 morte
1831 2984 1880 3052 Ο
1905 2966 1989 3015 est
2015 2958 2287 3014 dissensio
2317 2956 2498 3028 gravis
2529 2956 2583 3010 in
2613 2955 2866 3011 zecclesia
2901 2956 3145 3012 Romana
3182 2957 3252 3011 de
3285 2966 3513 3028 papatu,

187 3045 472 3109 defuncto,
496 3043 670 3099 filium
700 3060 859 3100 suum
924 3044 1238 3101 Heinricum
1289 3045 1345 3100 in
1391 3062 1563 3122 regno
1592 3046 1800 3103 consti-
1839 3043 1879 3052 ν
1901 3049 2195 3104 Frederico
2226 3048 2561 3118 imperatore
2593 3061 2714 3100 cum
2746 3045 3110 3101 orientalibus
3137 3045 3512 3111 Octavianum,

189 3133 309 3189 tuit.

258 3227 417 3283 1155.
687 3224 740 3282 3.
1024 3227 1108 3282 19.
1366 3230 1416 3282 1.
1709 3230 1796 3285 11.

255 3321 564 3389 Imperator
599 3316 938 3384 Fredericus,
999 3319 1276 3389 praeterito
1307 3335 1454 3376 anno
1499 3320 1795 3391 profectus,

183 3414 287 3467 hoc
318 3426 471 3465 anno
496 3410 722 3465 Romam
773 3411 1048 3481 pervenit,
1093 3410 1280 3466 multis
1322 3411 1377 3466 in
1410 3413 1606 3468 itinere
1639 3413 1797 3470 labo-

181 3504 336 3558 ribus
362 3501 596 3568 attritus,
652 3508 707 3556 et
737 3501 968 3555 diversis
1021 3502 1294 3557 hostiliter
1345 3503 1748 3559 obsistentibus
1781 3519 1796 3572 ;

181 3612 322 3668 quos
350 3609 548 3650 omnes
572 3594 641 3648 ad
673 3593 1015 3649 deditionem
1039 3595 1618 3665 atquesubjectionem
1653 3611 1802 3651 com-

179 3686 339 3756 pulit.
371 3685 483 3740 Sed
512 3700 636 3740 cum
667 3699 698 3738 a
749 3683 1010 3738 Romanis
1065 3684 1413 3756 principibus
1461 3686 1688 3741 minime
1711 3702 1800 3741 re-

179 3778 481 3848 ciperetur.
506 3777 734 3833 Romam
763 3787 971 3834 armata
1008 3795 1174 3835 manu
1224 3778 1532 3851 ingreditur
1561 3795 1575 3845 ;
1601 3795 1798 3850 papam

177 3866 480 3920 Adrianum
540 3867 776 3922 amicum
830 3867 936 3922 sibi
994 3877 1049 3923 et
1122 3874 1308 3938 aptum
1371 3868 1686 3935 inveniens,
1746 3868 1799 3923 in

179 3957 436 4013 azcclesia
466 3957 641 4013 sancti
686 3959 826 4013 Petri
881 3959 1272 4015 benedictione
1302 3959 1571 4032 imperiali
1606 3960 1803 4016 confir-

178 4057 362 4104 matur
387 4056 443 4105 et
468 4059 783 4105 coronatur.
819 4051 1043 4106 Interim
1085 4052 1357 4107 exercitus
1386 4052 1529 4121 ejus,
1562 4053 1801 4108 hostium

181 4158 293 4197 non
328 4141 593 4216 ignorans
641 4142 893 4210 insidias,
953 4150 1124 4198 totum
1159 4143 1508 4214 procinctum
1539 4145 1807 4201 zecclesize

180 4233 359 4288 sancti
383 4233 529 4287 Petri
553 4239 794 4289 armatus
825 4233 1284 4302 circumdederat,
1317 4235 1493 4290 donec
1542 4235 1803 4292 omnibus

177 4325 920 4395 expletiscumimperatore
958 4326 1332 4400 egrederetur.
1388 4327 1616 4382 Romani
1677 4328 1805 4399 qui-

178 4413 416 4468 busdam
470 4413 728 4479 residuis,
769 4429 908 4485 quos
950 4414 1198 4469 incautos
1243 4422 1664 4486 occupaverant,
1716 4416 1803 4471 in-

179 4507 447 4575 terfectis,
469 4524 594 4563 cum
645 4507 981 4579 imperatore
1032 4508 1512 4583 congrediuntur;
1543 4509 1644 4563 sed
1678 4526 1802 4566 mox

179 4597 234 4650 in
277 4595 465 4668 fugam
493 4595 655 4658 versi,
689 4596 758 4650 ad
779 4596 989 4651 Tiberis
1019 4597 1234 4651 alveum
1271 4606 1565 4672 coguntur.
1601 4599 1800 4664 Quanti

178 4688 235 4742 in
267 4704 576 4762 congressu
613 4688 934 4756 ceciderint,
961 4689 1150 4761 quanti
1185 4689 1242 4743 in
1270 4690 1499 4746 ﬂumine
1527 4691 1800 4746 submersi

179 4776 314 4842 sint,
366 4775 588 4847 scriptis
649 4776 994 4831 committere
1052 4793 1162 4833 non
1217 4778 1417 4834 audeo.
1496 4780 1804 4850 Imperator

179 4864 360 4919 victor
409 4864 737 4938 regreditur.
795 4864 1121 4920 Godefridus
1161 4867 1374 4937 junior,
1431 4868 1542 4922 dux
1594 4869 1793 4924 Lotha-

178 4955 398 5030 ringize,
433 4953 599 5009 filiam
631 4955 865 5010 Heinrici
897 4957 1115 5012 comitis
1163 4957 1589 5034 Lemburgensis
1637 4959 1801 5030 (281),

182 5047 238 5100 in
271 5045 536 5120 conjugio
583 5047 812 5102 sortitus
835 5054 918 5102 est
960 5065 975 5113 ;
1029 5064 1128 5118 per
1174 5049 1321 5121 quod
1377 5050 1596 5106 tandem
1633 5050 1802 5106 rebus

1900 3139 2075 3210 quiet
2107 3137 2310 3202 Yictor,
2353 3135 2704 3190 ltaliensibus
2755 3149 2886 3190 vero
2927 3134 3280 3203 Rollandum,
3321 3136 3416 3208 qui
3458 3144 3516 3193 et

1898 3233 2225 3298 Alexander,
2271 3247 2470 3302 papam
2523 3230 2627 3284 sibi
2683 3229 3028 3301 rapientibus
3053 3230 3332 3298 “’.,Obiit
3361 3231 3512 3287 Guil-

1900 3328 2098 3382 lelmus
2125 3325 2311 3399 Longa
2338 3323 2503 3394 Speie
2532 3338 2718 3377 comes
2749 3322 3098 3378 Boloniensis
3124 3323 3247 3378 sine
3276 3324 3507 3379 herede.

1897 3415 2146 3469 Matheus
2209 3425 2362 3476 vero,
2394 3409 2541 3464 filius
2582 3409 2910 3464 Theoderici
2969 3410 3188 3464 comitis
3221 3410 3508 3478 Flandrie,

1900 3500 2064 3554 tiliam
2089 3498 2351 3570 Stephani
2379 3497 2526 3571 regis
2546 3496 2866 3571 Anglorum,
2893 3496 2962 3550 de
3004 3498 3337 3552 monasterio
3371 3499 3516 3566 (384)

1898 3594 1994 3650 ubi
2025 3599 2141 3648 erat
2169 3594 2278 3647 Deo
2305 3598 2628 3647 consecrata
2657 3599 2891 3662 raptam,
2950 3589 3106 3645 duxit
3173 3607 3422 3659 uxorem,
3461 3601 3516 3648 et

1899 3702 2000 3758 per
2043 3702 2163 3741 eam
2198 3685 2422 3740 obtinet
2459 3684 2778 3739 comitatum
2831 3683 3238 3738 Boloniensem.
3295 3684 3409 3749 Qua
3444 3686 3513 3740 de

1900 3796 2066 3836 causa
2086 3796 2116 3833 a
2147 3778 2411 3832 Samsone
2474 3777 2765 3832 Remorum
2824 3775 3245 3848 archiepiscOpo
3277 3777 3514 3849 ejusque

1901 3870 2263 3946 suifraganeis
2292 3869 2569 3942 episc0pis
2619 3867 2879 3924 omnibus
2907 3869 3435 3938 excommunicatus,
3457 3878 3512 3926 et

1903 3981 1936 4020 a
1966 3971 2117 4036 patre
2173 3978 2273 4018 suo
2314 3961 2653 4017 Theoderico
2693 3961 2892 4016 comite
2950 3968 3006 4016 et
3059 3961 3223 4018 fratre
3256 3962 3512 4034 Philippo

1908 4053 2202 4110 obsidione
2227 4051 2424 4106 bellica
2455 4051 2685 4106 nimium
2707 4049 2922 4105 attritus
2944 4060 3048 4106 est.

1982 4145 2137 4201 1161.
2251 4145 2306 4197 9.
2417 4143 2488 4198 25
2655 4145 2708 4197 7.
2857 4145 2944 4200 17.

1980 4233 2272 4305 (Sept.21.)
2302 4230 2448 4286 Obiit
2502 4234 2731 4288 Samson
2795 4234 3087 4290 Remorum
3127 4239 3512 4309 archiepisco-

1904 4344 2027 4400 pus.
2078 4325 2336 4382 Succedit
2387 4324 2652 4380 Henricus
2718 4325 3132 4382 Belvacensium
3188 4329 3512 4398 episcOpus,

1905 4416 2070 4471 frater
2132 4414 2406 4470 Ludowici
2464 4413 2609 4486 regis
2675 4413 3000 4468 Francorum
3094 4415 3510 4473 Belvacensium

1903 4505 2287 4576 0pi5c0patum
2311 4503 2543 4574 suscipit
2591 4501 3030 4568 Bartholomcus,
3084 4502 3370 4557 Remensis
3396 4521 3512 4561 aec-

1903 4596 2086 4652 clesiaa
2155 4596 2594 4651 archidiaconus.
2655 4592 2844 4646 Fames
2901 4593 3078 4648 valida
3135 4595 3256 4662 (An.
3333 4597 3513 4668 1162.;

1905 4688 2230 4744 Fredericus
2255 4687 2551 4757 imperator
2579 4683 2946 4740 Mediolanum
2991 4685 3126 4742 vicit
3166 4694 3220 4743 et
3252 4687 3307 4742 in
3341 4690 3508 4745 dedi-

1907 4780 2112 4835 tionem
2143 4778 2343 4852 coegit,
2374 4779 2409 4832 5
2435 4777 2595 4832 annis
2621 4775 2925 4832 obsessam.

1975 4871 2130 4926 1162.
2283 4869 2371 4924 10.
2520 4867 2610 4922 26.
2757 4869 2808 4921 8.
2962 4870 3048 4924 18.

1978 4958 2282 5012 Alexander
2331 4973 2472 5028 papa
2529 4956 2826 5013 concilium
2879 4957 3112 5015 Turonis
3160 4969 3311 5016 tenet
3352 4963 3521 5031 (285).

1907 5051 2078 5120 (Febr.
2114 5049 2224 5118 10.)
2252 5048 2396 5104 Obiit
2428 5048 2727 5128 Balduinus
2758 5068 2850 5106 rex
2877 5052 3368 5110 Jherosolimorum
3400 5053 3520 5107 sine

1538 5155 1758 5210 VARI/1'1
1792 5154 2063 5210 LECTION
2077 5155 2167 5209 ES.

257 5248 325 5326 ξιί
345 5248 648 5326 §eq_uentz'a
673 5249 871 5326 damus
896 5267 962 5326 ea:
993 5249 1199 5326 84._§.,
1240 5268 1366 5308 nam
1406 5253 1497 5308 B3.
1529 5255 1726 5309 abhinc
1746 5255 1978 5321 vestigia
2000 5254 2162 5324 hujus
2195 5254 2615 5311 continuationis
2657 5273 2885 5326 prorsus
2933 5259 3149 5313 deserit.
3182 5257 3250 5290 ⁸⁸³
3279 5257 3359 5311 ita
3391 5257 3518 5313 BP.

1757 5395 1967 5450 ΝΟΤᾹΞ.

185 5320 309 5374 4”.
337 5319 545 5375 Eadem
574 5321 742 5376 multo
768 5322 1054 5391 ampliauit
1081 5321 1176 5378 B5.

258 5491 410 5566 (381)
439 5491 819 5566 hlargaretam.

256 5563 410 5634 (382)
439 5562 654 5634 Rhode,
687 5579 859 5634 prope
882 5565 1178 5622 Waterloo.

261 5633 409 5703 (383)
449 5633 627 5706 Prope
658 5633 1046 5708 Antvvcrpiam.

1984 5496 2132 5566 (381)
2168 5495 2526 5553 Rummesiaa.

1984 5567 2127 5636 (385)
2162 5567 2221 5622 A.
2260 5567 2417 5624 1163.
