3894 6070
356 164 465 222 279
1587 171 1925 229 SIGEBERTI
1968 135 2480 230 GEMBbACENSlS.
3578 176 3698 233 280

360 294 764 384 herede,gfiiius
802 294 1059 384 Fulconis
1078 297 1244 373 regis.
1289 298 1552 357 Succedit
1581 301 1633 357 ei
1673 302 1975 358 Amalricus
2002 304 2050 373 Α
2078 304 2221 360 Petri
2272 306 2522 377 quaedam
2582 306 2806 375 femina,
2836 306 3095 363 undecim
3126 307 3410 364 mensibus
3438 310 3697 384 gravida,

360 382 529 476 “8‘91:
547 382 697 476 εἱαεῇ
721 397 909 476 009195
930 383 1000 476 (ξε
1026 383 1228 476 ³9998·
2074 403 2293 475 peperit
2331 411 2658 467 monstrum,
2681 403 2940 458 deorsum
2974 402 3266 459 formatum
3319 410 3380 460 ut
3407 382 3696 476 pharetra,

435 473 588 529 1163.
669 473 730 528 Β.
774 474 865 531 11.
940 474 997 530 F.
1060 474 1149 531 27.
1228 477 1287 532 Α.
1356 479 1409 531 9.
1490 478 1552 536 Η.
1611 481 1662 535 1.
1745 480 1896 535 U1.

2154 510 2291 548 rsum
2324 502 2385 548 ut
2411 492 2586 567 galea,
2612 492 2690 548 ibi
2723 494 2935 550 habens
2959 493 3069 549 duo
3095 509 3321 551 cornua.
3364 473 3442 564 (Α.
3473 496 3692 566 Αᾳιιὶο.)

432 568 515 637 (Α.
539 566 755 637 Bland.)
792 566 1167 623 Theodericus
1190 583 1376 625 comes
1427 578 1622 642 quarto
1670 572 1970 628 Jherosoli-

2158 583 2220 639 iit
2239 566 2442 639 domna
2489 583 2719 654 Sibylla,
2766 583 3185 640 Flandrensium
3242 586 3541 652 comitissa,
3577 585 3692 656 piae

360 673 504 712 mam
552 657 708 728 petit.
738 657 882 714 Obiit
911 658 1074 713 Giezo
1128 676 1221 714 rex
1276 661 1614 734 ngarorum
1650 664 1816 732 (386),
1847 680 1974 720 suc-
2072 671 2377 738 memoriae,
2434 678 2728 744 postquam
2772 671 2843 727 10
2903 672 3066 728 annis
3112 672 3509 744 Hierosolymis
3535 673 3692 743 apud

358 746 508 803 cedit
536 746 849 818 Stephanus
903 744 1049 802 filius
1114 749 1255 817 ejus,
1310 748 1520 805 habens
1550 766 1774 808 uxorem
1802 752 1970 809 ﬁliam
2073 762 2330 817 Sanctum
2357 761 2616 816 Lazarum
2655 761 2949 816 serviebat.
3464 751 3467 754 ’

361 841 604 896 Heinrici
656 841 1056 897 Austrasiorum
1113 842 1470 910 marchionis,
1522 846 1619 917 qui
1663 851 1781 901 erat
1808 846 1977 903 frater
2147 850 2306 907 1166.
2455 851 2544 905 14.
2692 850 2780 907 30.
2929 849 2998 904 12
3217 851 3268 905 4.
3452 852 3507 905 4.

363 937 599 992 Conradi
629 936 1198 1007 imperatoris,Giezo,
1227 937 1395 994 frater
1409 940 1658 1006 ejusdem
1683 941 1972 1013 Stephani.
2148 939 2269 1009 (An.
2304 938 2489 1005 1167.)
2514 939 2722 994 Bellum
2746 939 2892 994 inter
2921 938 3271 994 Ludowicum
3298 954 3482 1013 regem
3515 938 3695 993 Fran-

364 1027 707 1100 Ungarorum
746 1042 975 1099 regnum
1024 1027 1208 1082 turbat
1265 1035 1319 1084 et
1375 1027 1599 1085 infestat
1653 1030 1973 1101 plurimum,
2078 1044 2267 1087 corum
2296 1039 2352 1085 et
2392 1030 2702 1085 Heinricum
2762 1046 2948 1105 regem
3016 1030 3331 1104 Anglorum,
3400 1045 3499 1101 pro
3531 1030 3695 1102 regni

365 1113 570 1169 auxilio
620 1113 886 1169 Manuelis
926 1113 1072 1187 regis
1123 1114 1280 1184 cujus
1311 1113 1480 1171 ﬁliam
1513 1117 1586 1172 ob
1615 1118 1720 1174 hoc
1748 1119 1978 1175 duxerat
2078 1122 2162 1176 sui
2193 1122 2463 1177 terminis.
2499 1121 2831 1178 Ludowicus
2860 1138 2972 1185 rex,
3008 1122 3211 1178 auxilio
3255 1122 3496 1195 Philippi
3528 1122 3696 1177 Flau-

366 1219 613 1261 uxorem.
1380 1230 1381 1233 η
2080 1212 2363 1267 drensium
2417 1212 2656 1279 comitis,
2706 1227 2892 1285 regem
2948 1210 3244 1283 Anglorum
3296 1210 3465 1287 fugat,
3498 1219 3554 1266 et
3584 1226 3695 1281 pax

439 1293 597 1347 1164.
750 1294 838 1349 12.
984 1295 1076 1351 28.
1236 1296 1325 1351 10.
1507 1297 1563 1351 2.
1745 1299 1801 1352 2.
2078 1302 2224 1357 inter
2247 1316 2345 1357 eos
2372 1316 2547 1373 usque
2583 1301 2639 1356 in
2680 1301 2885 1373 pascha
2920 1301 3204 1372 sequentis
3252 1302 3383 1356 anni
3421 1300 3694 1357 firmatur.

440 1384 563 1448 (An.
596 1380 783 1449 1165.)
816 1381 895 1453 [Α.
923 1382 1139 1454 Bland.]
1173 1382 1463 1456 Philippus
1499 1399 1686 1441 comes
1727 1386 1979 1441 Flandrie
2081 1393 2225 1449 Obiit
2254 1394 2492 1450 domnus
2530 1394 2824 1450 Nicholaus
2889 1393 3300 1450 Cameracensis
3338 1394 3641 1465 episcopus
3673 1414 3694 1461 ;

367 1484 492 1525 cum
522 1484 747 1541 magno-
776 1468 1024 1525 θκθτοίίιι
1076 1470 1314 1527 mimum
1389 1472 1760 1548 pergitAquis
1786 1473 1844 1527 in
1882 1489 1978 1529 ηδ·
2081 1486 2330 1542 succedit
2370 1487 2565 1543 Petrus
2592 1486 2736 1542 ﬁlius
2763 1485 3089 1542 Theoderici
3145 1486 3560 1541 Flandrensium
3592 1500 3699 1541 co-

369 1563 462 1618 tali
494 1562 713 1618 Domini
741 1562 888 1635 (387)
934 1564 1004 1618 ad
1062 1564 1267 1620 curiam
1306 1565 1568 1623 FrideriCi
1608 1567 1977 1638 imperatoris.
2010 1622 2057 1648 η
2080 1577 2572 1648 mitis(.4n.1167.)
2612 1578 2820 1632 Ducatu
2848 1577 3098 1633 Rainaldi
3143 1576 3485 1633 Coloniensis
3515 1577 3703 1633 archi-

746 1622 757 1633 .
872 1622 884 1635 ,
1450 1622 1457 1623 κ
1689 1622 1705 1638 .
1740 1622 1745 1623 κ
1834 1622 1866 1623 η
1944 1622 1977 1634 κ,
2394 1622 2516 1633 ην.
2536 1622 2571 1648 .,
2612 1622 2820 1632 ,κν-η.
2850 1622 3098 1633 .........._-
3147 1622 3485 1633 ν-.ν...ν..ν.-
3515 1622 3666 1633 ων...

372 1676 403 1713 a
432 1673 542 1730 quo
569 1656 919 1714 Cameracum
951 1661 1220 1731 suscepit,
1282 1662 1445 1718 homo
1476 1662 1598 1732 ejus
1627 1664 1894 1730 effectus;
1928 1672 1985 1719 ct
2010 1622 2061 1690 Β
2083 1666 2330 1738 episcopi
2355 1675 2409 1722 et
2439 1666 2728 1722 Christiani
2752 1666 3213 1741 Moguntinensis,
3239 1667 3529 1723 Alexandri
3552 1684 3701 1739 quo-

372 1762 627 1821 magnam
669 1761 861 1817 pacem
893 1746 1325 1804 Flandrensibus
1380 1766 1480 1821 per
1508 1757 1708 1806 terram
1743 1752 1983 1824 impera-
2085 1771 2193 1826 que
2220 1755 2573 1811 Leodicensis
2601 1756 2872 1827 episcopi,
2905 1756 3195 1812 orientalis
3233 1757 3505 1812 exercitus
3557 1756 3697 1811 Fre-

376 1837 509 1893 toris
533 1837 702 1893 eundi
729 1854 794 1895 ac
813 1838 1085 1894 redeundi
1141 1840 1397 1895 obtinuit.
1461 1843 1610 1898 Idem
1640 1860 1672 1899 a
1714 1844 1867 1900 curia
1897 1860 1986 1900 re-
2085 1844 2256 1900 derici
2297 1844 2646 1915 imperatoris
2671 1851 2909 1919 stragem
2950 1844 3079 1900 fecit
3116 1845 3436 1917 quindecim
3482 1845 3701 1899 milium

374 1938 615 1999 vertens,
643 1932 827 1988 statim
859 1933 1002 2005 patri
1026 1948 1128 1990 suo
1157 1933 1497 1993 Theoderico
1526 1938 1712 1994 comiti
1743 1939 1981 1994 aJhero-
2085 1936 2154 1991 de
2176 1935 2456 2002 Romanis,
2490 1936 2734 2007 reliqnos
2773 1952 2948 2008 usque
2974 1937 3042 1992 ad
3094 1937 3332 1993 Tiberim
3387 1936 3561 2009 fugat.
3594 1937 3704 1991 Su-

376 2026 572 2081 solima
593 2025 813 2082 obviam
847 2025 1232 2097 proficiscitur.
2088 2027 2321 2098 pradicti
2353 2028 2600 2099 episcopi
2615 2036 2669 2084 et
2692 2028 2849 2084 multi
2875 2029 2967 2083 alii
2999 2037 3056 2085 et
3085 2029 3314 2085 abbates
3361 2027 3567 2083 ibidem
3602 2044 3707 2098 pc-

445 2121 602 2178 1165.
751 2120 839 2175 13.
986 2119 1078 2176 29.
1230 2123 1314 2176 11.
1463 2122 1516 2180 3.
1719 2123 1771 2180 3.

1230 2123 1314 2176 11.
1463 2122 1516 2180 3.
1719 2123 1771 2180 3.
2089 2116 2333 2173 stilentia
2363 2117 2565 2174 mortui
2597 2126 2749 2175 sunt.

447 2218 566 2275 (An.
602 2210 784 2281 1165.)
854 2211 979 2283 [1b.]
1034 2212 1323 2284 Philippus
1381 2229 1569 2270 comes
1618 2214 1989 2279 Flandrimmt
2163 2210 2286 2278 (Αη.
2319 2209 2504 2280 1368.)
2538 2210 2857 2267 Ludowicus
2922 2227 3009 2265 rex
3078 2211 3406 2267 Francorum
3462 2218 3517 2265 et
3574 2210 3711 2265 Phi-

374 2302 623 2358 Matheus
643 2299 814 2357 frater
850 2302 990 2370 ejus,
1041 2315 1229 2356 comes
1258 2301 1522 2358 Boloniae.
1573 2310 1628 2358 et
1663 2303 1989 2361 Godefridus
2089 2300 2275 2371 lippus
2296 2314 2483 2355 comes
2523 2299 2881 2355 Flandrorum
2938 2300 3137 2355 iterum
3194 2307 3420 2355 movent
3475 2298 3715 2370 expedi-

376 2396 486 2451 dux
508 2391 891 2459 Lovaniensis,
940 2408 1064 2448 cum
1108 2399 1322 2463 septem
1364 2392 1481 2449 fere
1510 2394 1735 2451 milibus
1764 2396 1987 2453 navium
2089 2392 2296 2447 tionem
2323 2391 2587 2446 adversus
2639 2391 2953 2446 Heinricum
3006 2406 3192 2466 regem
3227 2391 3455 2462 Angliae.
3487 2389 3716 2444 Francis

378 2482 787 2557 expeditionem
810 2488 1033 2538 movent
1085 2482 1351 2559 adversus
1377 2483 1783 2540 Theodericum
1815 2487 1989 2542 comi-
2094 2480 2473 2537 invidentibus
2488 2489 2545 2536 et
2580 2481 2998 2537 detrahentibus
3022 2480 3408 2553 frequentibus
3439 2481 3584 2536 bene
3610 2486 3705 2555 ge-

381 2581 491 2630 tem
521 2570 825 2627 Hollandia:
854 2569 1130 2642 ;quemin
1150 2571 1491 2627 deditionem
1517 2574 1836 2628 venientem
1868 2590 1992 2629 cum
2093 2576 2192 2631 stis
2205 2575 2445 2648 Philippi
2460 2576 2694 2642 comitis,
2727 2576 3023 2633 sinclaudc
3042 2577 3350 2633 revertitur.
3374 2577 3482 2637 (An
3520 2576 3709 2643 1168.)

382 2665 498 2722 suis
526 2678 714 2721 comes
738 2661 1006 2717 Flandriae
1062 2661 1271 2718 diutius
1318 2664 1494 2719 tenuit
1542 2664 1598 2718 in
1656 2665 1991 2737 captivitate.
2102 2662 2232 2718 Cum
2260 2665 2533 2720 Saxonum
2569 2665 2700 2731 dux,
2722 2664 2815 2737 qui
2839 2665 3035 2721 eodem
3064 2680 3209 2720 anno
3247 2664 3416 2720 filiam
3469 2664 3709 2720 Heinrici

312 2830 319 2839 λ
386 2761 445 2815 ln
475 2757 733 2814 Gandavo
780 2753 963 2811 infans
982 2761 1146 2811 natus
1176 2762 1260 2810 est
1296 2756 1462 2811 trium
1481 2756 1748 2828 capitum,
1781 2758 1997 2813 habens
2099 2758 2245 2833 regis
2277 2759 2572 2834 Anglorum
2605 2759 2835 2816 duxerat
2864 2775 3090 2816 uxorem
3113 2758 3299 2815 “3...”

386 2850 442 2906 in
473 2847 617 2905 collo
656 2844 886 2902 caudam
918 2844 1170 2916 pecudis.
1227 2844 1491 2901 Similiter
1536 2846 1590 2900 in
1640 2846 1769 2902 villa
1818 2846 1990 2903 sancti

1734 2949 1954 3006 VARI/13
1982 2951 2359 3008 LECTIONES.

459 3048 529 3083 δι’
553 3050 634 3103 ita
663 3048 865 3102 desinit
891 3045 1000 3100 84*
1025 3048 1083 3101 in
1120 3045 1301 3101 media
1324 3048 1534 3117 pagina
1559 3047 1676 3103 ΒΡ.
1702 3049 1825 3119 jam
1855 3050 2057 3106 desinit
2076 3054 2135 3107 in
2164 3053 2486 3109 revertitur.

461 3218 610 3292 (386)
631 3219 693 3276 9.
725 3218 789 3275 31
833 3216 934 3273 Mai
963 3214 1124 3272 1161.
1922 3148 2134 3205 ΝΟΜ
2188 3220 2328 3293 (387)
2358 3223 2418 3275 A.
2454 3221 2614 3278 1163.

812 3523 1901 3687 AUCTARIUM
1962 3525 3310 3654 AFFLIGEMENSE

448 3737 761 3799 Monachus
799 3731 1018 3801 quidem
1048 3731 1451 3799 Afﬂigemensis
1481 3730 1790 3801 (Afﬂighem
1819 3736 1961 3788 inter
1986 3733 2304 3789 Gandavum
2333 3736 2383 3785 et
2409 3731 2721 3799 Bruxellas)
2744 3731 3440 3796 Sizebertum,Anselmum.
3470 3732 3721 3787 611111ὺέ8-

448 3748 761 3799 Monachus
799 3748 1018 3801 quidem
1048 3748 1451 3799 Antigemensis
1481 3748 1623 3798 (A1111
1666 3748 1790 3788 nem
1819 3748 1961 3788 inter
1986 3748 2304 3789 uanaavum
2333 3748 2383 3785 ei
2409 3748 2721 3799 uruxeuas)
2744 3748 3440 3796 Sazeverrummnsetmum.
3470 3748 3721 3787 maia-

399 3820 574 3861 censes
603 3803 892 3871 descripsit
921 3816 1044 3874 cum
1063 3802 1442 3874 additionibus
1466 3748 1917 3859 Gembfacensium
1944 3810 2143 3874 prater
2180 3820 2214 3857 a
2251 3803 2377 3869 987,
2408 3802 2534 3867 991,
2576 3802 2735 3867 1012,
2772 3802 2929 3874 1037,
2986 3801 3520 3869 1042,1048,1072,
3562 3801 3726 3874 1090,

401 3876 560 3940 1092,
591 3875 732 3932 1099
769 3872 1033 3942 omnibus.
1060 3872 1160 3942 His
1179 3874 1297 3939 ipse
1332 3873 1638 3929 additiones
1668 3876 1879 3941 fecitea:
1900 3872 2160 3930 Auctario
2186 3875 2537 3942 Aquicinensi
2575 3890 2626 3928 a.
2659 3873 2798 3928 1096
2847 3889 2915 3926 ea:
2942 3874 3235 3928 annalibus
3248 3873 3726 3928 Blandinimsibus

401 3964 437 4001 a
487 3945 615 4011 606,
653 3943 779 4009 610,
810 3941 937 4005 639,
987 3940 1111 4009 640,
1158 3942 1286 4005 645,
1324 3942 1450 4007 658,
1500 3943 1628 4010 662,
1659 3946 1785 4011 664,
1825 3945 1950 4009 665,
1974 3946 2101 4008 674,
2151 3940 2295 4009 676,
2323 3944 2450 4006 678.
2496 3944 2620 4008 684,
2653 3944 2780 4010 695,
2812 3944 2938 4009 697,
2969 3944 3096 4005 698,
3123 3945 3252 4009 720,
3284 3944 3409 4009 763,
3439 3944 3566 4007 772,
3596 3944 3726 4009 806,

401 4017 528 4085 807,
580 4016 705 4083 812,
746 4012 874 4085 836,
904 4011 1054 4085 A851,
1098 4010 1225 4085 855,
1257 4013 1681 4085 870,879-882,
1722 4010 1850 4083 885,
1882 4018 2010 4084 887,
2039 4017 2163 4073 891.
2195 4017 2321 4081 893,
2350 4016 2476 4080 896,
2518 4014 2642 4080 912,
2673 4014 2799 4082 913,
2830 4015 2956 4081 918,
2989 4013 3117 4080 928,
3143 4013 3419 4085 931,932.
3453 4014 3724 4085 911,949,

402 4082 528 4155 951,
570 4082 698 4155 960,
737 4082 1059 4155 975,71002,
1088 4082 1435 4155 1013,1014,
1463 4084 1625 4154 1020,
1666 4082 2014 4155 1023,1036,
2040 4086 2203 4152 1038,
2233 4086 2395 4149 1041,
2422 4085 2581 4148 1048,
2617 4085 2774 4153 1057,
2807 4086 2967 4150 1061,
2998 4085 3159 4151 1063,
3186 4084 3346 4145 1067.
3375 4085 3534 4151 1086,
3566 4084 3725 4148 1087,

408 4153 566 4223 1093,
598 4153 759 4229 1094,
788 4153 1129 4229 1100,1106.
1161 4153 1498 4221 1209-1111,
1531 4153 1866 4224 1118,1145,
1900 4153 2014 4215 tum
2043 4175 2132 4214 eas
2180 4175 2315 4229 quas
2342 4158 2498 4224 infra
2524 4157 2797 4212 dabimus.
2821 4158 3287 4214 Continuationem
3314 4160 3397 4211 ita
3424 4158 3649 4223 confecit
3668 4162 3731 4210 ut

405 4246 455 4284 a.
507 4227 812 4286 1149-1155
834 4228 1252 4297 Aquicinensem
1277 4229 1561 4300 exciperet,
1602 4245 1685 4284 res
1710 4227 2474 4300 potissimumAﬂligemenses
2496 4243 2563 4282 ea:
2592 4229 2759 4300 hujus
2774 4231 3094 4300 mmzasterii
3118 4230 3353 4300 Historia
3380 4228 3468 4282 illi
3489 4230 3731 4300 inserens

401 4306 592 4373 postea
622 4307 801 4357 autem
829 4302 944 4373 suis
965 4300 1212 4367 vestigiis
1224 4299 1545 4373 incenderet.
1564 4298 1797 4371 Scripsit
1820 4306 1944 4357 ante
1971 4319 2022 4356 a.
2060 4301 2218 4367 1189,
2244 4307 2306 4355 ut
2330 4299 2687 4373 docentverba
2698 4299 3099 4373 ejushuncqui
3123 4298 3287 4373 modo
3301 4305 3554 4373 regnata.
3594 4298 3731 4373 1154

410 4368 502 4430 Usi
529 4389 587 4429 eo
609 4375 835 4442 merant
849 4372 1135 4427 Albericus
1169 4372 1354 4426 Trium
1380 4372 1629 4427 Pontium
1654 4368 1705 4427 et
1756 4374 2060 4428 Balduinus
2108 4373 2437 4427 Minovensis
2489 4368 2654 4439 (388).
2689 4370 2885 4425 Edidit
2910 4368 3122 4439 primus
3149 4368 3490 4426 Miratissed
3508 4383 3627 4440 quas
3663 4369 3731 4423 de

407 4447 736 4517 imperatore
754 4459 875 4501 cum
905 4443 1065 4498 laude
1093 4442 1244 4498 dicta
1270 4443 1593 4510 inveniebat,
1620 4446 1820 4500 tacitus
1847 4447 2031 4501 omnia
2054 4445 2254 4498 omisit.
2280 4442 2559 4499 Secundus
2588 4442 2783 4498 Strave
2802 4443 2980 4497 Mirati
3000 4446 3205 4496 textum
3242 4442 3472 4511 ﬁdeliter
3493 4442 3725 4510 repetiit.

407 4519 516 4574 Nos
554 4516 750 4572 damus
776 4532 845 4571 ea:
864 4516 1061 4579 eodem,
1080 4528 1185 4584 quo
1210 4516 1453 4580 Μίνωας,
1479 4516 1641 4570 unico
1679 4515 1857 4571 codice
1882 4516 2012 4570 B3”.
2045 4514 2200 4584 cujus
2216 4513 2399 4568 scriba
2417 4514 2770 4584 iEihamensis
2791 4528 2955 4584 quum
2993 4515 3052 4567 in
3078 4514 3479 4584 continuatione
3501 4511 3641 4567 nihil
3668 4511 3737 4565 de

459 4532 516 4573 os
554 4532 750 4572 aamus
776 4532 845 4571 ea:
864 4532 1061 4579 coaem,
1080 4532 1185 4580 quo
1210 4532 1453 4580 inmens,
1479 4532 1641 4570 unico
1679 4532 1857 4571 comce
1882 4532 2012 4570 δότ’.

407 4603 504 4644 suo
528 4590 853 4643 monasterio
880 4583 1312 4655 interpo’laverit,
1343 4600 1406 4640 ea
1431 4599 1642 4656 quoque
1671 4601 1793 4656 qua
1819 4588 1879 4641 in
1907 4603 1960 4641 a.
1996 4583 2154 4652 1005,
2176 4584 2338 4651 1033,
2378 4583 2530 4652 1063,
2580 4583 2744 4651 1139,
2775 4583 2840 4639 de
2868 4584 2963 4638 hoc
2987 4588 3311 4650 narrantur,
3344 4583 3467 4654 jam
3505 4584 3738 4651 Afﬂige-

409 4661 580 4712 mensi
595 4661 803 4729 scripta
826 4657 1288 4713 essecrediderim.

482 4779 607 4834 597.
642 4779 739 4833 llic
766 4779 961 4834 beatus
975 4778 1274 4854 Gregorius
1303 4778 1809 4854 interrogatus,eur
1839 4785 2029 4836 sancta
2051 4783 2101 4851 ε
2128 4784 2348 4847 animos,
2375 4782 2474 4835 alii
2516 4782 2926 4847 fermentatum.
2982 4783 3106 4833 Esse
3132 4792 3368 4848 namque
3404 4779 3680 4833 ecclesiam
3705 4778 3740 4830 4

413 4868 742 4926 universalis
770 4866 1008 4923 ecclesia
1037 4883 1148 4923 non
1177 4884 1290 4924 uno
1319 4869 1485 4926 modo
1512 4869 1718 4941 ubique
1752 4875 2019 4925 terrarum
2124 4871 2401 4926 ordinibus
2419 4872 2765 4927 distributum
2792 4873 3063 4939 novimus,
3088 4874 3451 4926 Romanorum
3476 4869 3737 4936 videlicet,

413 4965 707 5015 consecret
745 4956 1152 5024 eucharistiam,
1195 4958 1339 5013 hanc
1396 4973 1504 5014 non
1562 4958 1724 5014 valde
1765 4975 2022 5032 magnam
2123 4963 2614 5018 Alexandrinorum
2638 5007 2655 5030 ,
2714 4963 3200 5027 Hierosolimorum,
3257 4961 3733 5026 Antiochenarum,

404 5049 512 5119 sed
541 5048 703 5105 valde
730 5046 921 5103 utilem
967 5048 1279 5117 composuit
1330 5047 1621 5120 epistolam
1658 5051 1829 5106 :Solet
1863 5052 2025 5121 plane
2123 5070 2241 5125 quae
2264 5056 2822 5123 generalitercecclesie
2871 5059 3289 5124 nuncupantur,
3321 5059 3371 5107 et
3409 5067 3537 5107 cum
3565 5067 3738 5105 unam

413 5154 622 5197 movere
645 5137 953 5204 nonnullos,
984 5137 1122 5206 quod
1148 5139 1210 5192 in
1236 5138 1455 5194 ecclesia
1479 5140 1578 5194 alii
1601 5142 1834 5208 o/Terunl
1856 5156 2026 5210 panes
2129 5150 2347 5199 teneant
2375 5144 2534 5208 ﬁdem
2558 5145 2900 5211 catholicam,
2931 5143 3150 5199 diversis
3180 5146 3418 5197 utuntur
3434 5140 3742 5207 ofﬁciorum

1957 5241 2169 5298 ΝΟΤᾸΞ.

488 5339 631 5411 (388)
654 5338 757 5404 Qui
785 5354 910 5395 cum
934 5338 1082 5414 dicat
1113 5355 1126 5392 :
1158 5337 1515 5414 Haﬂligensis
1553 5340 1844 5414 monachus
1867 5340 2025 5414 chro-
2124 5345 2227 5409 set,
2260 5343 2518 5400 eumdem
2546 5350 2731 5399 tamen
2789 5358 2967 5414 usque
2997 5341 3066 5396 ad
3119 5356 3173 5395 a.
3204 5339 3350 5414 1163
3402 5339 3472 5414 ad
3510 5336 3741 5393 verbum

415 5414 596 5485 nicum
616 5409 777 5467 suam
826 5411 1096 5485 perduxit
1126 5424 1296 5485 usque
1326 5411 1425 5485 ad,
1451 5426 1509 5485 a._
1565 5412 1629 5467 ι).
1668 5411 2025 5485 1143,1nno-
2128 5414 2440 5485 exscripsit.
2497 5409 3163 5485 Simillimum'errorem
3208 5411 3266 5485 in
3310 5409 3564 5485 ΔΡεοικξιζιο
3603 5424 3748 5485 quo:

414 5484 576 5537 centii
600 5497 760 5557 papa:
787 5476 883 5543 x11,
956 5476 1271 5538 Conradfv.
1322 5482 1427 5557 Qui
1451 5483 1611 5557 plane
1663 5483 1749 5537 his
1776 5476 1873 5552 qui
1900 5486 2025 5557 ante
2128 5500 2245 5557 que
2282 5476 2337 5541 εἰ
2392 5485 2627 5542 Rodulfo
2658 5501 2825 5557 supra
2872 5484 3118 5557 vidimus
3166 5481 3374 5557 c0133
3402 5476 3743 5557 unde,_quid

389 5551 921 5629 .eumgscripserunt,
966 5569 1073 5609 non
1119 5557 1234 5629 tam
1286 5551 1644 5629 conferendas
1669 5551 1836 5623 quam
1863 5556 2027 5629 etiam
2128 5551 2459 5614 testimoniis
2488 5574 2652 5629 quam
2677 5551 3001 5614 certissimis
3032 5553 3390 5611 tribuendum
3415 5552 3507 5618 sit,
3539 5551 3745 5608 edace-

412 5625 801 5693 prwferendus,
833 5627 878 5679 si
906 5640 1012 5680 non
1026 5627 1349 5696 scriptorum
1370 5627 1502 5679 vitio
1527 5625 1855 5696 deprauatus
1884 5626 2024 5693 fuis,
2128 5643 2271 5683 mur.
