3924 6080
315 249 416 305 281

1263 245 1612 304 CHRONICA.
1655 278 1718 286 -
1758 243 2141 302 AUCTARIUM
2180 245 2694 301 AFFLIGEMENSE.

3531 243 3643 301 282

318 377 609 448 mysteriis.
646 375 798 432 Unde
820 378 904 445 ﬁt,
925 380 986 430 ut
1009 377 1240 431 Romana
1256 377 1478 432 ecclesia
1499 376 1693 446 oﬁ'erat
1733 378 1934 431 azimos
1958 378 2013 448 Α
2110 373 2266 433 1033.
2300 377 2361 430 ln
2387 373 2586 430 diebus
2625 373 2882 450 Ragineri
2931 373 3232 448 Longicolli
3273 371 3534 430 traditum
3564 379 3654 430 est

313 482 509 538 panes,
537 471 760 538 propter
787 467 935 537 quod
972 468 1230 523 Dominus
1267 469 1382 523 sine
1422 468 1540 523 ulla
1567 470 1936 524 commissione

318 559 553 628 suscepit
580 571 822 623 carnem,
852 558 992 612 sicut
1027 558 1291 626 scriptum
1319 561 1424 612 est:
1459 577 1488 608 αι
1523 557 1756 614 Verbum
1811 571 1938 612 caro

317 650 532 714 factum
567 652 664 715 est,
721 648 994 703 habitavit
1029 649 1090 702 in
1153 649 1326 703 nobis.
1359 667 1390 699 ii
1446 649 1534 704 Sic
1571 649 1747 704 azimo
1796 663 1939 718 pane

316 738 560 806 efﬁcitur
585 751 778 806 corpus
817 737 1040 793 Christi.
1107 735 1240 792 Nam
1275 742 1440 792 cetere
1485 739 1698 794 ecclesie
1747 753 1938 808 supra-

317 830 461 884 dicte
496 829 732 898 aferunt
767 829 1148 895 fermentatum
1173 845 1276 899 pro
1302 845 1381 888 eo.
1413 831 1557 901 quod
1582 832 1802 886 verbum
1821 847 1934 900 pa-

317 923 423 976 tris
451 920 707 976 indutum
732 925 812 976 est
835 937 997 976 carne
1023 926 1072 977 et
1099 928 1177 977 est
1219 938 1372 978 verus
1411 926 1550 978 Deus
1576 927 1627 976 et
1650 938 1811 977 verus
1841 924 1939 977 ho-

318 1028 426 1079 mo,
455 1014 539 1067 ita
566 1017 628 1068 ut
662 1001 1046 1080 fermentatum
1092 1016 1466 1070 commiscetur
1488 1015 1702 1082 farina,
1731 1020 1780 1070 et
1817 1017 1940 1084 efﬁ-

314 1104 463 1156 citur
511 1116 703 1172 corpus
727 1103 944 1157 Domini
994 1105 1169 1158 nostri
1196 1103 1321 1158 Iesu
1353 1103 1558 1159 Christi
1585 1120 1792 1158 verum.
1832 1104 1940 1160 Sed

316 1199 502 1248 tamen
539 1198 652 1250 tam
673 1195 916 1250 Romana
943 1195 1179 1249 ecclesia.
1214 1212 1380 1264 quam
1406 1201 1570 1251 cetere
1598 1198 1940 1266 supranomi-

315 1289 446 1339 nate
471 1286 684 1339 ecclesie
699 1299 804 1353 pro
849 1284 1158 1338 inviolabili
1201 1285 1328 1353 ﬁde,
1370 1291 1480 1340 tam
1508 1288 1745 1340 azimum
1773 1303 1937 1357 quam

309 1375 694 1439 fermentatum
723 1373 854 1426 dum
881 1375 1164 1439 sumimus,
1196 1389 1364 1428 unum
1387 1389 1582 1444 corpus
1614 1375 1827 1429 Domini
1848 1391 1938 1430 no-

314 1463 424 1517 stri
473 1463 599 1516 Jesu
637 1463 842 1518 Christi
895 1463 1150 1530 efﬁcitur.
1186 1464 1560 1520 Certissimum
1595 1468 1771 1518 autem
1800 1466 1938 1518 sicut

313 1553 561 1606 dicimus
618 1551 868 1606 divinum
903 1553 1127 1606 interest
1178 1558 1595 1620 sacramentum,
1649 1555 1938 1608 secundum

317 1640 466 1710 quod
481 1641 706 1708 tegimus
727 1642 788 1694 in
809 1641 1114 1708 evangelio:
1150 1660 1172 1691 ι
1207 1642 1406 1696 Mulier
1432 1643 1552 1706 illa,
1583 1658 1687 1712 que
1725 1647 1937 1712 accepto

2036 461 2422 519 fraudulenter
2446 471 2686 518 castrum
2719 462 2866 535 quod
2898 462 3102 519 dicitur
3125 463 3337 530 Eiham,
3369 468 3426 518 et
3455 460 3648 519 datum

2037 563 2121 612 est
2174 555 2444 612 Balduino
2501 554 2756 622 Barbato,
2816 554 2908 626 qui
2959 563 3193 612 castrum
3241 551 3491 610 funditus
3550 554 3652 611 de-

2037 647 2254 704 struxit.

2111 739 2269 796 1063.
2313 739 2422 796 Hoc
2452 738 2507 794 in
2555 753 2700 794 anno
2748 739 3040 795 cenobium
3099 738 3422 794 Eihamense
3451 753 3484 793 a
3523 736 3650 792 Bal-

2038 829 2209 886 duino
2231 828 2434 884 comite
2465 834 2519 884 et
2545 827 2732 882 Athela
2761 827 3045 883 comitissa
3070 832 3443 883 constructum
3473 830 3577 878 est.

2107 919 2248 976 1083
2281 921 2444 990 (Hist.
2493 920 2654 990 ΑΓΛ.)
2720 917 3115 992 Afﬂigemense
3171 915 3463 972 cenobium
3520 914 3650 982 talo,

2039 1013 2336 1068 auxiliante
2367 1011 2501 1078 Deo,
2554 1011 2792 1082 sumpsit
2820 1010 3127 1066 exordium.
3173 1007 3494 1063 Predicante
3529 1006 3655 1061 We-

2039 1104 2271 1170 therico,
2300 1117 2460 1158 servo
2493 1103 2610 1168 Dei,
2641 1102 2737 1174 qui
2769 1103 2924 1174 quasi
2955 1101 3112 1156 stella
3146 1099 3416 1154 matutina
3445 1097 3502 1152 in
3533 1112 3652 1152 me-

2038 1196 2392 1262 dio‘nebule,
2426 1193 2734 1266 eﬁ‘ugandis
2763 1193 3194 1250 obscuritatibus
3242 1190 3448 1246 erroris
3475 1204 3652 1260 appa-

2039 1286 2169 1352 ruit,
2227 1283 2477 1340 conversi
2510 1283 2754 1354 quinquc
2785 1283 2990 1338 milites
3045 1282 3160 1337 suis
3189 1280 3402 1352 integre
3444 1293 3653 1334 renun-

2037 1380 2194 1434 tiant.
2221 1380 2369 1434 lnter
2397 1393 2537 1450 quos
2564 1377 2838 1432 Gerardus
2868 1377 3051 1448 Niger,
3106 1376 3200 1447 qni
3232 1375 3432 1429 ceteris
3469 1371 3650 1428 excel-

2037 1468 2242 1524 lentior
2283 1467 2590 1533 videbatur,
2649 1465 2891 1522 doctoris
2936 1465 3020 1520 sui
3073 1463 3306 1518 consilio
3356 1462 3651 1529 animatus,

2037 1573 2161 1613 cum
2187 1555 2351 1612 sociis
2376 1555 2557 1610 locum
2591 1553 2840 1625 Afﬂigem
2867 1553 3110 1618 dictum,
3135 1551 3276 1606 sicut
3301 1551 3549 1617 nomine,
3574 1550 3655 1605 sic

2037 1645 2189 1701 omni
2230 1643 2480 1698 barbarie
2513 1642 2801 1705 incultum,
2831 1641 3036 1712 quippe
3069 1641 3160 1712 qui
3197 1637 3646 1695 latrocinantium

311 1697 578 1797 fermento
600 1729 886 1785 abscondit
921 1697 981 1784 in
998 1730 1184 1797 farine
1209 1734 1336 1786 sata
1355 1732 1484 1785 tria.
1511 1697 1674 1786 donec
1702 1697 1938 1798 fermen-
1964 1697 2013 1765 Β
2274 1697 2680 1788 conventiculis
2707 1697 2866 1801 aptus
2905 1697 3039 1792 erat,
3086 1697 3350 1784 ediﬁcare
3395 1732 3449 1781 et
3496 1726 3652 1782 clau-

314 1823 493 1875 tatum
527 1824 604 1874 est
630 1822 799 1874 totum
833 1841 878 1874 η.
921 1818 1122 1874 Mulier
1157 1819 1374 1874 videtur
1415 1820 1552 1874 mihi
1583 1835 1694 1874 esse
1719 1824 1936 1889 aposto-
2033 1828 2206 1876 atrum
2233 1820 2287 1874 in
2317 1835 2384 1875 eo
2413 1826 2692 1874 exstruere
2722 1817 3043 1892 aggreditur
3060 1817 3150 1872 Μ.

313 1916 425 1970 lica
446 1915 767 1984 predicatio,
794 1914 878 1970 vel
905 1916 1146 1982 ecclesia,
1177 1930 1279 1986 que
1303 1915 1369 1970 de
1425 1916 1656 1971 diversis
1676 1915 1935 1985 partibus

311 2003 644 2077 congregata
677 2015 773 2064 est.
808 2012 920 2066 Hec
957 2009 1098 2064 tollit
1127 2011 1470 2077 fermentum,
1501 2011 1558 2064 id
1583 2014 1660 2064 est
1679 2011 1937 2065 noticiam

310 2099 399 2151 uel
416 2097 833 2165 intelligentiam
857 2102 1170 2153 sanctarum
1196 2101 1619 2169 scripturarum,
1647 2104 1696 2153 et
1717 2098 1935 2154 abscon.

311 2185 402 2240 dit
432 2184 575 2240 illud
597 2187 660 2240 in
683 2187 870 2252 farine
904 2191 1027 2242 sata
1056 2190 1189 2255 tria,
1228 2193 1290 2242 ut
1320 2191 1550 2258 spiritus
1589 2193 1640 2242 et
1677 2190 1862 2244 anima
1887 2192 1940 2243 et

309 2291 511 2346 corpus
539 2279 602 2332 in
640 2292 808 2332 unum
824 2279 1048 2334 redacta
1068 2284 1209 2335 inter
1237 2295 1293 2334 se
1329 2294 1439 2334 non
1475 2280 1803 2350 discrepent,
1844 2279 1939 2334 sed

311 2371 602 2438 impetrent
626 2384 662 2423 a
681 2373 862 2438 patre,
892 2371 1160 2442 quicquid
1183 2372 1466 2442 petierint.
1499 2373 1672 2427 Amen

393 2459 551 2516 1005.
585 2461 691 2515 Iste
717 2460 826 2515 dux
863 2461 1192 2518 Godefridus
1229 2461 1408 2518 dictus
1445 2471 1529 2517 est
1567 2461 1932 2518 Eihamensis.

313 2548 445 2602 Erat
475 2557 656 2602 autem
714 2548 902 2603 Eiham
941 2550 1207 2622 oppidum
1241 2558 1295 2606 et
1333 2557 1570 2606 castrum
1629 2551 1940 2605 munitissi-

313 2652 468 2691 mum
495 2635 662 2706 (389),
687 2646 745 2692 et
794 2637 956 2693 sedes
992 2639 1321 2710 principalis
1373 2639 1603 2695 ducatus
1636 2638 1790 2713 regni
1822 2637 1935 2695 Lo-

314 2729 533 2784 tliarici.
567 2729 668 2794 Qui
698 2729 806 2784 dux
837 2729 1163 2786 Codefridus
1191 2731 1344 2786 duxit
1379 2731 1716 2796 Mathildem,
1763 2731 1936 2786 ﬁliam

315 2820 638 2877 Herimanni
677 2820 836 2876 ducis
882 2821 1184 2890 Saxonum,
1237 2823 1458 2879 viduam
1517 2823 1761 2878 relictam
1805 2823 1933 2878 Bal-

314 2912 522 2966 dewini
561 2911 800 2980 comitis,
855 2913 952 2985 qui
989 2913 1286 2970 eratﬁlius
1323 2913 1529 2971 Arnulﬁ
1563 2916 1746 2988 magni
1780 2932 1937 2970 mar-

313 3005 556 3060 chionis.
593 3005 667 3061 De
701 3022 810 3078 qua
850 3006 996 3063 idem
1025 3008 1356 3065 Godet‘ridus
1389 3009 1582 3086 genuit
1611 3019 1721 3066 tres
1768 3009 1935 3078 ﬁlios,

315 3096 697 3165 Godet‘ridum,
731 3097 1117 3168 Gozcelonem,
1162 3099 1536 3157 chcelonem.
1592 3101 1818 3157 Hezcelo
1850 3118 1939 3158 co-

313 3202 458 3253 mes,
498 3196 624 3258 post
660 3195 894 3244 mortem
927 3189 1108 3256 ducis,
1148 3198 1388 3247 castrum
1429 3193 1617 3248 Eiham
1646 3208 1769 3248 cum
1801 3208 1938 3265 pro-

313 3278 501 3334 vincia
529 3279 894 3336 Brabantensi
925 3284 1175 3353 suscepit
1200 3292 1256 3338 et
1285 3283 1380 3339 diu
1412 3284 1609 3340 tenuit.
1655 3284 1748 3340 Hic
1791 3285 1941 3340 enim

315 3369 517 3441 genuit
547 3368 716 3424 tilium
741 3371 968 3426 nomine
993 3370 1409 3438 llerimannum,
1433 3382 1488 3428 et
1511 3371 1685 3428 filium
1715 3373 1941 3429 nomine

319 3462 692 3527 Berthildem;
725 3465 822 3538 qui
851 3465 984 3520 dum
1007 3465 1188 3522 adhuc
1203 3467 1439 3536 juvenes
1463 3476 1668 3535 essent,
1691 3467 1939 3524 defuncti

317 3555 466 3615 sunt,
497 3549 628 3605 etin
659 3551 895 3607 ecclesia
921 3553 1070 3624 apud
1095 3553 1319 3610 Felseka
1355 3555 1581 3626 sepulti.
1617 3556 1716 3622 Qui
1751 3564 1944 3627 postea

321 3640 519 3696 multis
559 3641 951 3698 miraculorum
981 3645 1158 3716 signis
1211 3646 1552 3713 claruerunt,
1586 3647 1681 3702 sed
1724 3663 1754 3702 a
1802 3648 1943 3702 Ver-

324 3733 674 3788 dunensibus
724 3735 1010 3790 monachis
1053 3735 1249 3792 furtive
1292 3739 1457 3794 ablati
1512 3747 1657 3795 sunt.
1708 3740 1942 3796 Alteram

324 3840 552 3897 quoque
584 3824 750 3882 ﬁliam
813 3827 1042 3883 tradidit
1088 3830 1285 3901 nuptui
1331 3831 1626 3908 Reginero,
1674 3832 1944 3889 Montensi

322 3916 538 3983 comiti,
568 3917 732 3972 simul
762 3934 888 3974 cum
919 3926 1031 3976 tota
1063 3922 1346 3993 provincia
1399 3923 1780 3980 Brabantensi.
1841 3925 1944 3980 De-

323 4010 456 4064 inde
488 4026 611 4065 cum
635 4013 822 4068 omnia
847 4030 947 4070 sua
971 4016 1038 4070 ad
1067 4023 1252 4071 votum
1289 4017 1623 4083 ordinasset,
1654 4019 1844 4075 relicto
1886 4019 1944 4074 in

321 4115 526 4155 manus
553 4101 812 4178 Regincri
841 4112 1018 4160 castro
1049 4115 1103 4161 et
1127 4107 1416 4176 comitatu,
1447 4109 1594 4180 apud
1627 4110 1945 4165 Verdunum

328 4187 563 4246 effectus
592 4200 676 4246 est
706 4195 1028 4250 monachus.

402 4281 558 4336 1807.
605 4281 662 4337 In
695 4282 953 4340 Gandavo
1005 4285 1278 4342 adventus
1333 4287 1580 4358 corporis
1618 4289 1792 4344 sancti
1854 4289 1945 4343 Li-

2111 1931 2266 1987 1086.
2297 1931 2415 1996 (1b.)
2447 1927 2854 2002 Afﬂigemensis
2882 1927 3120 1984 ownobii
3178 1926 3518 1994 fundatores,
3551 1925 3648 1998 qui

2037 2022 2294 2079 omnibus
2319 2020 2572 2089 abjectis,
2607 2019 2680 2073 ita
2700 2019 2833 2074 nudi
2852 2019 2919 2073 ad
2947 2016 3317 2073 ediﬁcandum
3345 2018 3644 2074 claustrum

2038 2120 2431 2176 convenerant,
2453 2120 2514 2165 ut
2541 2109 2714 2164 nichil
2744 2125 2956 2176 secum,
2985 2116 3170 2179 preter
3194 2123 3366 2179 panes
3396 2118 3530 2175 tres,
3562 2107 3649 2162 di-

2038 2201 2268 2258 midium
2297 2215 2518 2256 caseum
2551 2208 2605 2254 et
2631 2213 2806 2269 pauca
2834 2196 3171 2253 ferramenta
3199 2196 3521 2262 detulerint,
3561 2195 3652 2251 vix

2040 2297 2214 2352 tribus
2249 2295 2410 2352 annis
2466 2294 2690 2357 exactis,
2733 2309 2765 2347 a
2809 2293 3050 2348 Gerardo
3109 2291 3486 2347 Cameracensi
3541 2290 3658 2362 epi-

2037 2403 2208 2459 scopo
2238 2388 2294 2442 iu
2334 2388 2544 2443 honore
2571 2384 2947 2456 apostolorum
2981 2383 3128 2440 Petri
3177 2390 3234 2438 et
3271 2381 3424 2437 Pauli
3475 2381 3658 2438 eccle-

2038 2479 2176 2534 siam
2215 2477 2456 2534 dedicari
2489 2476 2716 2532 faciunt.
2749 2475 3035 2532 Comitissa
3079 2475 3248 2531 Adela
3278 2490 3405 2530 cum
3440 2473 3658 2531 duobus

2041 2567 2168 2624 ﬁliis
2195 2569 2334 2636 suis,
2358 2569 2612 2624 Heinrico
2637 2576 2692 2624 et
2720 2567 3036 2631 Godefrido,
3069 2567 3137 2621 ad
3171 2564 3542 2621 ediﬁcandum
3570 2563 3659 2620 in-

2040 2662 2112 2718 ibi
2193 2659 2507 2717 coenobium
2560 2659 2797 2715 eundem
2864 2658 3046 2714 locum
3093 2659 3349 2714 libertate
3400 2656 3652 2713 donavit.

2038 2754 2274 2810 Predicti
2322 2753 2515 2808 fratres
2565 2752 2888 2819 monachos,
2929 2768 2961 2806 a
3006 2751 3212 2823 quibus
3269 2749 3657 2805 monachicum

2037 2845 2286 2902 ordinem
2321 2843 2614 2905 discerent,
2673 2841 2776 2896 sibi
2832 2839 3253 2896 adsociaverunt
3287 2839 3360 2908 (V.
3395 2837 3656 2909 Amulli.)

2037 2935 2318 3000 Arnulfus,
2363 2933 2709 2991 Suessonicas
2775 2931 3012 2989 civitatis
3067 2931 3390 3004 episcopus.
3458 2929 3658 3001 spiritu

1962 3070 2010 3138 Ο
2040 3027 2354 3100 prophetie,
2380 3026 2614 3098 puritate
2653 3025 2787 3090 vite,
2811 3022 3164 3080 etmiraculis
3179 3021 3517 3079 venerabilis
3544 3019 3656 3076 cla-

2053 3120 2175 3138 ..κ-,γ
2233 3117 2519 3138 Αι]-..1.Α-ι
2580 3116 2724 3138 tam“
2771 3116 2821 3138 ξ..
2887 3114 3111 3138 ---ι-..ε-
3148 3113 3317 3138 --_-a:
3374 3112 3516 3138 “An—1
3561 3111 3655 3138 DA:

2039 3120 2180 3188 ruit;
2221 3117 2522 3174 Aldenbort
2579 3116 2726 3188 (390)
2769 3116 2824 3171 in
2883 3114 3116 3171 ecclesia
3147 3113 3321 3170 sancti
3374 3112 3520 3170 Petri
3560 3111 3658 3168 Dei

2041 3220 2180 3272 nutu
2218 3213 2502 3286 sepelitur.

2116 3331 2272 3386 1087.
2302 3331 2546 3386 Domnus
2585 3328 2910 3404 Fulgentius
2967 3327 3132 3396 hujus
3188 3325 3408 3382 cenobii
3452 3323 3662 3396 primus

2042 3421 2217 3477 abbas
2243 3421 2348 3477 hoc
2376 3435 2524 3476 anno
2555 3420 2766 3476 electus
2797 3427 2881 3475 est
2911 3418 2969 3474 in
2990 3417 3284 3474 festivitate
3309 3416 3488 3471 sancti
3518 3413 3662 3471 Mar-

2043 3511 2146 3567 tini
2175 3511 2243 3546 “5
2271 3511 2408 3580 (Hist
2433 3510 2586 3579 Afﬂ.)
2618 3509 2772 3583 llugo
2813 3509 2986 3564 abbas
3016 3506 3414 3563 Chuniacensis
3458 3498 3663 3576 pietate

2045 3601 2301 3675 insignis,
2329 3600 2664 3656 discretione
2687 3599 3005 3672 precipuus,
3033 3598 3322 3655 sanctitate
3353 3605 3408 3653 et
3437 3596 3664 3672 religio-

2047 3708 2118 3747 ne
2145 3692 2326 3747 clarus
2346 3689 2600 3745 habetur.

2119 3804 2276 3860 1088.
2307 3802 2430 3874 (1b.)
2474 3802 2584 3858 Hoc
2622 3815 2768 3857 anno
2801 3801 3040 3856 domnus
3085 3798 3424 3873 Fulgentius,
3452 3798 3663 3869 primus

2048 3893 2211 3961 hujus
2262 3890 2485 3948 cenobii
2525 3889 2718 3956 abbas;
2774 3895 3130 3946 consecratus
3157 3895 3240 3944 est
3284 3888 3339 3942 in
3371 3885 3666 3943 festivitate

2047 3987 2222 4042 sancti
2239 3985 2478 4061 Georgii.

2122 4098 2277 4155 1091.
2314 4099 2432 4172 (1b.)
2464 4097 2674 4155 Nobilis
2701 4097 2788 4154 vir
2819 4095 3172 4152 Herbrandus
3225 4095 3411 4151 divina
3453 4096 3664 4168 revela-

2046 4190 2196 4246 tione
2253 4189 2587 4248 ammonitus
2612 4205 2643 4244 a
2681 4194 2871 4244 sancto
2901 4187 3082 4254 Petro,
3142 4202 3204 4242 se
3234 4202 3266 4241 a
3311 4187 3666 4243 damnatione

2045 4277 2243 4334 videns
2270 4277 2607 4345 absolutum,
2635 4276 2782 4348 apud
2803 4275 3099 4351 Afﬁighem
3138 4275 3206 4330 ad
3246 4275 3664 4331 conversionem

323 4374 442 4430 vini
477 4375 834 4432 Hibernensis
863 4379 1268 4452 archiepiscopi
1301 4389 1356 4437 et
1403 4382 1655 4455 martyris
1685 4383 1936 4455 piissimi,

2052 4368 2214 4424 venit.
2247 4368 2346 4434 Qui
2378 4367 2658 4424 tricesimo
2702 4366 2795 4422 die
2841 4381 2965 4420 mox
2996 4381 3027 4420 a
3059 4366 3170 4420 Deo
3225 4371 3466 4418 vocatur.
3497 4363 3666 4428 Quem

329 4463 400 4519 16
438 4464 552 4520 Kal.
590 4467 742 4539 Sept.
776 4469 864 4524 “‘.

403 4555 557 4613 1030.
595 4558 790 4616 Comes
838 4561 1156 4628 Balduinus,
1188 4563 1281 4634 qui
1335 4563 1514 4619 dictus
1544 4572 1628 4620 est
1661 4565 1944 4633 Barbatus,

325 4647 681 4719 congregatis
725 4649 1034 4705 marchisiaa
1071 4665 1186 4705 suae
1225 4658 1542 4708 sanctorum
1599 4654 1945 4724 corporibus,

326 4732 586 4799 Bavonis,
634 4734 1047 4812 Wandregisili,
1106 4739 1358 4807 Amandi,
1417 4740 1658 4806 Vedasti,
1714 4741 1943 4810 Bertini,

329 4823 610 4893 Winnoci,
689 4845 813 4885 cum
885 4831 1008 4887 aliis
1086 4832 1546 4890 innumerabilius
1628 4843 1944 4892 sanctorum

327 4913 580 4986 reliquiis
632 4927 888 4990 presente
957 4923 1184 4996 Hugone
1267 4925 1622 4982 Noviomensi
1680 4927 1944 5000 episcopo

324 5024 452 5064 cum
495 5009 620 5065 aliis
648 5012 900 5082 pluribus
930 5015 1210 5086 episcopis
1257 5026 1312 5072 ct
1339 5017 1656 5085 abbatibus,
1711 5034 1946 5091 congre-

324 5096 662 5168 gatistotius
694 5101 849 5176 regni
881 5102 965 5158 sui
999 5103 1329 5174 primatibus
1377 5107 1524 5177 apud
1574 5106 1944 5162 Aldenardum

325 5204 522 5258 pacem
553 5189 624 5245 ab
645 5194 798 5248 omni
829 5194 1036 5266 populo
1061 5195 1404 5265 conjuratam
1432 5196 1636 5253 ﬁrmari
1664 5198 1814 5254 fecit.

2045 4463 2221 4518 secuti
2267 4463 2515 4534 quinque
2544 4460 2642 4516 ﬁlii
2689 4461 2830 4530 ejus,
2862 4459 3031 4513 frater
3058 4471 3278 4528 quoque
3320 4456 3504 4528 magni
3557 4471 3666 4512 no-

2045 4550 2214 4606 minis
2246 4558 2302 4606 et
2348 4550 2616 4622 potentia,
2649 4547 2875 4604 nomine
2909 4546 3280 4622 lggelbertus,
3319 4560 3516 4602 omnes
3549 4541 3669 4602 t'bn-

2046 4641 2213 4698 sorati
2267 4642 2337 4697 ad
2399 4641 2634 4697 celestes
2695 4640 2990 4695 thesauros
3060 4646 3278 4692 terrena
3337 4636 3668 4708 patrimonia

2046 4732 2464 4789 transtulerunt.

2117 4841 2276 4898 1093.
2311 4839 2667 4908 Lanfrancus,
2727 4839 3136 4896 Cantuariensis
3187 4839 3425 4896 ecclesie
3475 4839 3666 4896 archi-

2046 4930 2343 5002 episcopus
2373 4928 2524 4984 diem
2554 4927 2806 4984 ultimum
2838 4928 3063 4985 claudit.
3115 4929 3210 4986 Cui
3252 4929 3501 4986 succedit
3558 4929 3670 4983 An-

2046 5022 2274 5087 selmus,
2306 5020 2415 5075 vita
2442 5026 2497 5076 et
2533 5019 2785 5076 doctrina
2834 5021 3150 5093 precipuus,
3199 5020 3304 5078 ﬂos
3355 5019 3667 5092 presulum,

2049 5114 2138 5168 lux
2179 5111 2377 5185 patrie,
2413 5127 2512 5184 per
2536 5113 2724 5169 omnia
2770 5114 3014 5171 imitator
3061 5113 3332 5190 magistri,
3373 5110 3468 5184 qui
3501 5117 3559 5168 ct
3583 5110 3674 5168 di-

2047 5217 2208 5257 versa
2238 5203 2508 5274 cpuscula
2536 5202 2864 5275 conscripsit
2893 5203 3037 5277 (39t)

1681 5297 1904 5354 VARLE
1943 5289 2319 5358 LECTIONES.

401 5387 475 5422 ⁴⁸⁴
503 5391 629 5473 ῌωο
657 5393 717 5445 in
744 5393 862 5473 cod.
896 5395 1055 5473 addit
1083 5411 1277 5473 manus
1300 5399 1466 5467 paulo
1502 5402 1778 5457 recentior.
1821 5401 1890 5436 ⁸⁸⁸
1935 5407 2054 5460 Hac
2077 5407 2130 5458 et
2163 5403 2342 5460 codice
2365 5403 2732 5461 Gemblacensi
2757 5419 2950 5460 manus
2980 5405 3032 5458 ιλ
3059 5401 3282 5468 addidit
3327 5404 3401 5473 (et
3429 5404 3552 5460 inde
3573 5403 3612 5462 [ι’
3614 5403 3668 5463 3.

1899 5543 2106 5600 ΝΟΤᾸΞ.

324 5466 387 5512 ut
425 5461 639 5530 opinor,
667 5477 736 5517 ea:
763 5466 880 5534 ipso
899 5470 1081 5522 nostra
1109 5467 1238 5522 83‘.

401 5628 548 5710 1389)
591 5630 831 5710 {Scribam
861 5635 976 5690 sive
1007 5636 1265 5710 Eenacm.
1286 5652 1458 5710 prope
1488 5639 1873 5710 0udenaarde.

398 5699 545 5770 (390)
585 5699 924 5781 0udenburg
953 5723 1125 5780 prope
1155 5699 1430 5777 Ostende;
1487 5709 1556 5768 cf.
1591 5711 1809 5772 Contin.
1844 5715 1947 5773 Ur-

2048 5645 2408 5704 sicamninam
2431 5663 2482 5702 a.
2509 5647 2669 5704 1087.

2117 5715 2264 5789 (39f)
2297 5716 2375 5776 Cf.
2413 5717 2630 5778 Contin.
2661 5715 3102 5790 Ursicampinam
3127 5733 3185 5776 ι.
3221 5716 3383 5778 1097.
