3924 6080
273 242 377 299 283

343 369 497 426 1095.
558 371 867 440 (Heinricus
924 386 1112 427 comes
1167 372 1542 446 Lovaniensis)
1599 376 1878 432 secundus

2053 373 2206 428 1149.

271 463 436 532 hujus
475 463 715 518 nominis
759 462 986 519 Tornaci
1041 467 1342 536 perimitur.
1408 468 1666 525 Succedit
1716 470 1882 528 frater

274 552 393 620 ejus
422 551 767 606 Codefridus.

353 668 485 723 1096
510 672 660 736 (Hist.
693 671 836 738 Am.)
868 671 962 725 lda
995 671 1406 728 Boloniensium
1449 673 1729 731 comitissa
1769 684 1880 732 tra-

274 757 414 812 didit
442 757 605 812 nobis
633 760 947 828 ecclesiam,
971 779 1094 832 qua:
1119 769 1204 817 est
1233 763 1286 817 in
1318 765 1447 820 villa
1467 766 1728 838 Genapia,
1757 785 1880 825 cum

273 844 503 901 decimis
535 855 589 902 et
619 849 890 904 universis
930 850 1050 918 ejus
1090 852 1376 918 reditibus,
1405 857 1884 914 consentientibus

273 937 400 993 tiliis
453 939 574 1008 ejus
613 940 908 997 Godefrido
962 942 1122 1009 duce,
1171 943 1463 1000 Eustachio
1510 953 1563 1002 et
1597 948 1880 1006 Balduino.

273 1025 422 1080 ldem
461 1027 788 1084 Godefridus
825 1031 954 1098 dux,
1006 1031 1150 1086 ﬁlius
1204 1033 1343 1101 ejus,
1393 1035 1448 1088 in
1506 1037 1700 1092 eadem
1756 1039 1884 1096 villa

273 1119 518 1192 quinque
549 1138 771 1178 mansos
821 1129 961 1182 terre
990 1126 1152 1180 nobis
1208 1127 1454 1199 donavit,
1487 1129 1554 1184 ad
1595 1147 1734 1202 quos
1765 1133 1883 1204 ipsa

273 1217 466 1280 postea
481 1213 745 1282 quasdam
775 1224 958 1284 partes
983 1217 1461 1288 circumjacentes,
1520 1221 1683 1292 plane
1712 1239 1880 1279 unum

273 1300 644 1371 continentes,
671 1302 725 1358 in
751 1313 1106 1377 augmentum
1135 1309 1428 1365 concessit.

346 1414 502 1470 1099.
536 1417 660 1488 (1b.)
701 1419 900 1474 Cellam
961 1421 1245 1477 Fraxinam
1293 1424 1534 1480 domnus
1565 1426 1883 1502 Fulgentius

271 1509 446 1566 abbas
486 1513 730 1584 suscepit
760 1516 1080 1588 regendam.

351 1621 504 1676 1100.
556 1625 653 1689 (Ib.

1485 245 1828 300 SIGEBEBTI
1868 243 2388 301 GEMBLACENSIS.

3498 249 3602 304 284

2326 373 2386 426 lt.
2430 373 2518 426 12.
2635 373 2820 430 F.13.
2937 375 2997 429 A.
3114 373 3198 430 13.
3317 375 3473 430 11.5.

2635 373 2690 430 F.
2735 375 2820 430 13.
2937 375 2997 429 Α.
3114 373 3198 431 13.

2052 465 2229 536 (Auct.
2258 465 2463 535 Aquic.)
2503 466 2806 535 Imperator
2856 465 3137 521 Conradus
3167 471 3222 521 et
3251 481 3345 521 rex
3378 467 3603 522 Francie

1984 553 2310 609 Ludowicus
2360 553 2482 608 sine
2513 552 2626 608 ullo
2656 553 2853 609 effectu
2895 555 3242 624 procinctum
3267 555 3509 622 solvunt,
3549 567 3606 610 et

1983 649 2051 703 ab
2107 648 2304 703 itinere
2343 646 2830 704 Hierosolimorum
2883 656 3254 717 revertuntur,
3295 665 3598 720 numquam

1982 741 2170 795 audita
2211 739 2699 794 tantainfelicitate
2729 740 2862 794 tanti
2891 741 3186 796 exercitus.
3223 741 3448 812 Hiemps
3473 759 3596 815 gra-

1983 828 2206 884 vissima
2234 832 2266 883 4
2305 828 2590 883 mensibus
2610 829 2838 884 invaluit
2865 836 2918 883 et
2947 829 3235 900 prevaluit.

2057 941 2215 996 1150.
2437 940 2520 997 13.
2747 942 2832 996 14.
3056 943 3143 997 14.
3401 943 3454 998 6.

2055 1033 2236 1104 (Auct.
2266 1032 2474 1102 Aquic.)
2534 1031 2658 1087 Orta
2688 1040 2771 1087 est
2791 1035 3071 1089 contentio
3114 1034 3254 1088 inter
3281 1035 3597 1090 Heinricum

1985 1125 2308 1196 episcopum
2339 1123 2723 1191 Leodiensem,
2771 1131 2826 1179 et
2855 1125 3170 1180 Heinricum
3201 1127 3461 1182 comitem
3495 1128 3602 1181 Na-

1984 1232 2324 1271 mueensem.
2375 1213 2568 1270 Comes
2591 1215 2840 1286 quidem,
2895 1225 2955 1270 ut
2984 1217 3382 1284 dominaretur,
3418 1218 3602 1273 inten-

1983 1305 2181 1374 debat;
2239 1304 2554 1375 episcopus,
2587 1313 2647 1358 ut
2690 1305 2775 1359 sui
2809 1299 2901 1359 ab
2941 1305 3062 1373 ejus
3124 1305 3499 1362 dominatione
3551 1314 3606 1361 et

1983 1396 2134 1472 gravi
2192 1395 2560 1466 Oppressione
2616 1395 3008 1461 liberarentur,
3063 1397 3364 1468 satagebat.
3407 1397 3607 1452 Milites

1981 1488 2197 1545 comitis
2228 1488 2283 1542 in
2325 1487 2600 1558 quandam
2658 1487 2863 1553 villam,
2918 1504 3029 1559 que
3084 1497 3320 1544 vocatur
3391 1489 3600 1559 Hoylon

1981 1571 2377 1640 convenerant,
2425 1591 2661 1646 quorum
2691 1591 2853 1641 unus,
2907 1576 3000 1646 qui
3049 1576 3231 1646 potior
3277 1577 3591 1643 videbatur,

664 1624 694 1735 )Δ
725 1625 963 1735 filiam"
991 1637 1173 1735 5.3110111.
1195 1631 1428 1688 Andre“?
1460 1649 1629 1735 [ξξόΡθ
1671 1637 1740 1690 ΒΓ
1743 1653 1878 1735 1³3³⁸
1978 1681 2175 1720 manus
2217 1665 2272 1718 in
2299 1624 2643 1735 epi5010pum,
2685 1672 2745 1718 ut
2774 1624 3182 1734 eumjcaperet,
3234 1664 3458 1734 injecit;
3500 1665 3596 1720 sed

274 1716 432 1764 suam
463 1712 697 1768 domnus
721 1716 890 1772 abbas
926 1719 1245 1794 Fulgentius
1271 1724 1515 1794 suscepit
1557 1727 1874 1800 regendam.
1905 1740 1956 1809 Β
1979 1760 2099 1831 ipse
2129 1775 2188 1813 se
2217 1759 2286 1813 ab
2315 1712 2382 1814 ero
2411 1712 2933 1829 sugripigns'iraws
2963 1712 3095 1813 δάος
3124 1712 3192 1812 ³ίῖ
3226 1712 3416 1814 θοδτωη
3444 1712 3592 1813 ’διώ-

347 1823 504 1880 1180.
546 1826 834 1884 Anselmus
892 1831 1292 1899 Laudunensis,
1327 1835 1522 1893 doctor
1572 1839 1882 1912 doctorum,

278 1918 562 2016 preelarus
589 1922 854 1991 habetur;
912 1928 1005 1998 qui
1042 1944 1151 1983 non
1183 1930 1286 1984 soli
1324 1931 1428 1986 sibi
1470 1934 1752 2000 laboravit,
1786 1939 1885 1994 sed

279 2012 334 2096 in
361 2012 470 2061 vita
499 2025 595 2063 sua
643 2012 845 2068 multos
893 2016 1156 2072 erudiens
1197 2027 1318 2088 post
1375 2033 1603 2078 mortem
1637 2033 1888 2096 posteros

215 2105 228 2120 '
280 2092 470 2150 beatos
500 2096 647 2166 fecit,
675 2116 814 2171 quos
843 2103 1059 2174 scriptis
1083 2106 1201 2161 suis
1230 2108 1420 2164 ditavit

353 2206 507 2298 1163.
536 2207 856 2264 Immunitas
878 2212 1282 2286 Afﬂigemensis
1302 2219 1534 2276 ecclesie
1555 2223 1718 2278 etiam
1751 2243 1886 2298 apo-

273 2295 466 2350 stolica
492 2301 814 2356 auctoritate
863 2320 894 2357 a
927 2304 1171 2362 Paschali
1211 2325 1353 2379 papa
1391 2313 1712 2370 corrobatur
1739 2295 1885 2375 anno

269 2389 303 2442 6
328 2389 680 2488 pontiﬁcatus
709 2395 848 2488 ejus,
867 2397 1109 2455 Domnus
1131 2402 1450 2475 Fulgentius
1472 2407 1646 2465 abbas
1673 2411 1877 2482 locum,

273 2480 367 2548 qui
408 2480 597 2536 Forest
627 2482 847 2552 dicitur,
880 2487 1128 2559 suscipit.

352 2591 503 2646 1119.
533 2589 738 2647 'Cellam
771 2595 826 2649 in
875 2598 1178 2657 Bornehcm
1235 2603 1382 2676 (392)
1417 2608 1655 2665 domnus
1709 2613 1882 2669 abbas

275 2683 593 2753 Fulgentius
623 2688 867 2757 suscepit
899 2693 1218 2761 regendam,
1277 2698 1527 2754 tradente
1576 2702 1794 2771 abbate,
1829 2716 1884 2762 et

274 2772 556 2863 canonicis
570 2773 690 2842 ejus
716 2776 1002 2833 monachis
1021 2777 1198 2850 factis,
1223 2784 1352 2855 quia
1379 2803 1477 2857 per
1505 2803 1603 2845 eos
1627 2792 1744 2863 regi
1770 2810 1881 2850 non

277 2867 492 2930 poterat
521 2861 607 2918 “6.

343 2953 499 3008 1120.
535 2953 683 3012 Obiit
707 2958 946 3014 domnus
972 2962 1297 3033 Fulgentius
1337 2970 1506 3026 abbas
1534 2974 1745 3043 primus
1784 2976 1880 3031 Af-

1984 1855 2297 1910 versionem
2339 1853 2556 1908 fortiter
2599 1853 2864 1908 incitavit.
2931 1853 3192 1916 Tandem,
3247 1845 3436 1907 nescio
3490 1868 3600 1922 quo

1988 1933 2311 2013 infortunio,
2328 1947 2562 2003 ecclesia
2590 1962 2856 2002 succensa
2881 1953 2988 2010 est,
3015 1954 3069 2001 et
3091 1962 3307 2012 omnes,
3338 1945 3432 2016 qui
3459 1945 3513 1999 in
3540 1961 3605 1999 ea

1986 2040 2369 2112 confugerant,
2393 2037 2666 2093 combusti
2695 2043 2855 2101 sunt;
2889 2035 3388 2106 miserabiliterque
3413 2035 3598 2105 perie-

1987 2137 2130 2184 runt.
2176 2129 2298 2198 (1b.)
2349 2126 2592 2181 Tandem
2632 2134 2966 2200 congregato
3008 2125 3267 2196 utrinque
3328 2124 3599 2189 exercitu,

1986 2215 2269 2291 congressi
2296 2225 2452 2278 sunt;
2505 2215 2803 2284 episcOpus
2861 2213 3113 2282 superior
3141 2212 3316 2267 factus
3355 2221 3456 2266 est.
3500 2211 3606 2265 Co-

1986 2310 2171 2363 mitem
2213 2307 2439 2382 fugavit,
2472 2306 2543 2360 de
2588 2306 2705 2360 suis
2735 2305 3086 2382 potentiores
3133 2302 3303 2374 cepit,
3349 2305 3444 2356 sed
3473 2318 3602 2358 cum

1986 2377 2302 2456 miserabili
2311 2398 2447 2455 cede
2479 2398 2774 2453 multorum
2813 2377 3290 2466 victoria‘potitus
3320 2401 3421 2450 est.

2052 2512 2211 2567 1151.
2429 2510 2498 2563 14
2740 2508 2824 2563 15.
3047 2505 3132 2561 15.
3391 2506 3442 2560 7.

2054 2603 2228 2673 (Auct.
2255 2604 2464 2672 Aquic.)
2498 2600 2722 2655 Fructus
2778 2606 2919 2654 terra
2966 2597 3168 2651 uberes
3226 2595 3438 2660 habuit,
3495 2595 3595 2649 sed

1987 2695 2296 2767 pluviarum
2328 2692 2689 2747 inundatione
2715 2709 2746 2746 a
2777 2689 3074 2746 festivitate
3111 2688 3284 2744 sancti
3333 2688 3608 2744 Johannis

1984 2807 2159 2862 usque
2187 2790 2254 2844 ad
2273 2789 2518 2844 medium
2545 2789 2845 2859 Augustum
2879 2785 3065 2840 omnia
3105 2790 3375 2849 vastante,
3408 2783 3498 2837 vix
3532 2783 3602 2836 ad

1988 2881 2357 2936 maturitatem
2391 2878 2667 2949 perduxit.
2701 2877 2833 2931 Nam
2864 2877 3052 2930 vinum
3091 2884 3148 2930 et
3187 2875 3364 2930 ceteri
3395 2874 3607 2929 fructus

1986 2985 2184 3042 magna
2221 2986 2286 3023 ex
2313 2973 2464 3038 parte
2493 2966 2837 3030 defecerunt,
2885 2972 2940 3020 et
2969 2965 3117 3037 quod
3156 2964 3224 3020 de
3269 2963 3393 3019 uvis
3430 2963 3603 3018 colle-

274 3045 634 3118 ﬂigemensis,
684 3054 778 3122 qui
822 3055 968 3110 bono
1022 3057 1218 3115 Christi
1307 3064 1475 3121 odore
1523 3083 1624 3123 sua
1676 3072 1892 3128 ornavit
1918 3059 2135 3129 Cotum
2168 3065 2271 3125 est,
2301 3058 2360 3112 in
2388 3071 2606 3112 acorem
2640 3071 2857 3111 versum
2885 3063 2987 3110 est.

273 3145 524 3211 tempora
553 3160 728 3216 usque
775 3148 844 3202 ad
893 3156 1425 3213 consummationem
1465 3161 1594 3216 vite.
1630 3163 1888 3223 Succedit

275 3233 514 3289 domnus
552 3235 758 3294 Franco
816 3243 1060 3299 secundo
1128 3247 1248 3303 loco
1308 3250 1478 3307 abbas
1532 3257 1882 3326 constitutus,

277 3344 403 3421 vere
434 3329 490 3384 in
521 3332 708 3388 multis
758 3335 1066 3393 laudabilis.
1103 3341 1389 3399 Basilicam
1440 3347 1882 3421 Afﬂigemensem

275 3415 545 3513 fundavit,
577 3421 742 3513 libris
763 3432 817 3480 et
843 3431 1184 3485 ornamentis
1212 3448 1331 3488 eam
1361 3415 1662 3507 decoravit,
1696 3444 1886 3513 predia

277 3507 562 3577 ampliavit
591 3511 924 3584 religionem
953 3517 1296 3576 conﬁrmavit
1321 3523 1410 3576 “7.

349 3596 506 3651 1122.
552 3599 894 3658 Norhbertus
925 3605 1140 3663 claruit.

347 3688 506 3780 1126.
545 3691 841 3749 Balduinus
894 3696 1220 3755 Gaudensis.
1255 3703 1463 3772 primus
1494 3707 1640 3763 inter
1681 3711 1889 3780 primos

279 3776 533 3871 Flandrie
561 3788 616 3835 et
655 3783 965 3851 Brabantie,
1013 3789 1438 3864 principumque
1479 3776 1758 3871 princeps,
1800 3819 1890 3858 se-

279 3866 404 3922 culo
436 3870 766 3926 renuncians
805 3880 1130 3939 tonsoratur,
1162 3877 1566 3954 defunctusque
1606 3888 1660 3942 in
1675 3866 1888 3961 templo

283 3957 632 4029 Afﬂigemnie
662 3963 933 4032 sepelitur
962 3966 1048 4019 “5.

355 4051 512 4149 1194.
557 4054 800 4112 Domnus
853 4060 1054 4119 Franco
1109 4071 1387 4127 secundus
1440 4072 1614 4128 abbas
1669 4073 1891 4149 Afﬂige-
1949 4077 1956 4083 ’

284 4145 493 4200 mensis
521 4148 788 4218 moritur;
821 4153 1075 4212 Albertus
1113 4163 1360 4220 succedit
1389 4165 1478 4219 “7.

354 4239 510 4335 1190.
564 4243 807 4301 Domnus
858 4249 1112 4308 Albertus
1150 4255 1322 4312 abbas
1360 4259 1766 4335 Atﬂigemensis
1796 4279 1893 4334 pa-

2059 3166 2219 3220 1152.
2443 3164 2530 3217 15.
2757 3161 2845 3217 16.
3068 3160 3154 3215 16.
3408 3159 3462 3213 8.

2059 3258 2230 3327 (Auct.
2264 3257 2471 3326 Aquic.)
2499 3253 2782 3309 (lonradus
2812 3252 3110 3323 imperator
3140 3250 3287 3306 diem
3343 3249 3602 3305 ultimum

1986 3346 2218 3412 claudit;
2268 3344 2358 3400 cui
2385 3341 2653 3400 successit
2703 3341 3025 3396 Fredericus
3055 3341 3427 3396 Romanorum
3457 3338 3606 3404 ϐΟιιε,

1987 3437 2351 3494 consobrinus
2403 3436 2544 3507 ejus,
2618 3434 2879 3490 concordi
2960 3432 3276 3504 principum
3335 3429 3610 3485 sententia

1989 3527 2220 3582 electus.
2274 3527 2332 3580 ln
2364 3524 2601 3581 ecclesia
2657 3522 2833 3577 sancti
2873 3521 3105 3588 Nicolai,
3151 3537 3260 3592 que
3290 3525 3605 3575 constructa

1987 3626 2071 3676 est
2110 3620 2170 3674 in
2197 3619 2366 3690 opido
2407 3617 2765 3675 Brusellensi.
2801 3626 2992 3671 sancta
3051 3615 3218 3670 Maria
3258 3620 3433 3669 mater
3477 3613 3611 3668 Jesu

1991 3711 2182 3766 Christi
2215 3718 2442 3780 operata
2474 3716 2557 3764 est
2591 3716 2738 3765 tanta
2769 3708 3053 3774 miracula,
3087 3707 3236 3778 quod
3277 3723 3308 3761 a
3339 3706 3610 3776 tempori-

1992 3802 2095 3857 bus
2119 3802 2494 3873 apostolorum
2541 3801 2682 3856 adeo
2715 3816 2912 3872 magna
2942 3808 2996 3854 et
3027 3797 3342 3870 frequentia
3401 3798 3455 3851 in
3499 3805 3607 3852 tam

1991 3888 2144 3945 brevi
2193 3898 2440 3960 tempore
2493 3904 2763 3959 nusquam
2825 3888 2936 3942 sint
2993 3887 3198 3942 audita.
3263 3888 3397 3941 Dum
3461 3885 3610 3940 enim

1992 3996 2269 4036 consensu
2298 3979 2514 4034 abbatis
2554 3979 2966 4053 Afﬂigemensis
3006 3985 3060 4034 ct
3087 3978 3321 4034 consilio
3353 3976 3606 4044 fratrum,

1991 4072 2252 4127 feretrum
2292 4071 2429 4126 illud
2459 4071 2514 4125 in
2547 4071 2756 4126 honore
2786 4077 2976 4126 sancte
3007 4069 3196 4134 Marie,
3254 4084 3388 4123 auro
3420 4075 3476 4122 et
3523 4085 3611 4122 ar-

1991 4169 2159 4236 gento
2207 4159 2596 4232 Operiendum,
2650 4159 2718 4213 ab
2773 4157 3010 4214 ecclesia
3077 4157 3400 4213 Waverensi
3456 4155 3609 4227 (393)

1993 4267 2116 4306 cum
2177 4250 2378 4305 ceteris
2420 4248 2668 4320 reliquiis
2722 4263 2829 4319 que
2889 4249 2945 4301 in
2985 4246 3180 4302 eadem
3221 4245 3608 4310 continentur,

283 4332 502 4432 ἦξοτδίίε
533 4351 662 4392 cure
693 4338 872 4396 honus
897 4343 1154 4416 deponit;
1213 4350 1450 4407 domnus
1479 4332 1671 4408 Fetrus
1697 4332 1894 4410 succe-
1911 4363 1969 4432 Ι)
1996 4341 2189 4397 luisset
2213 4341 2458 4407 allatum,
2491 4348 2546 4396 et
2576 4341 2631 4394 in
2672 4339 2908 4394 ecclesia
2943 4338 3119 4394 sancti
3179 4336 3388 4393 Nicolai
3442 4351 3607 4392 reve-

284 4419 364 4474 dit
391 4422 477 4478 “7.

288 4597 298 4606 .
359 4509 514 4567 1139.
548 4512 765 4583 Dejecta
810 4525 893 4574 est
922 4529 1132 4578 vetusta
1176 4525 1517 4583 Eihamensis
1550 4530 1806 4596 ecclesia,
1839 4537 1894 4585 et

286 4605 505 4669 incepta
534 4611 617 4657 est
657 4621 816 4673 nova,
850 4624 879 4662 a
910 4609 1198 4669 Snellardo
1236 4614 1456 4671 abbate.
1499 4616 1578 4670 Ab
1612 4617 1716 4673 isto
1748 4635 1894 4676 anno

283 4686 430 4755 cepit
455 4688 626 4746 fames
658 4696 722 4748 12
749 4711 925 4751 annos
963 4700 1287 4768 perduraus.

354 4778 508 4831 1140.
571 4781 854 4841 lleinricus
917 4805 1123 4860 comes,
1191 4791 1338 4849 ﬁlius
1399 4796 1556 4852 ducis
1613 4797 1890 4854 Godefridi

281 4869 566 4961 superiore
621 4889 768 4930 anno
823 4879 1089 4950 defuncti,
1142 4885 1336 4941 militie
1375 4886 1598 4961 cingulo
1638 4888 1891 4960 deposito

284 4957 693 5031 Afliigomcnsis
747 4969 1048 5024 monachus
1078 4971 1274 5043 factus,
1332 4957 1552 5033 celestis
1583 4957 1776 5033 militie
1816 4979 1891 5033 si-

283 5050 577 5176 gna‘c‘ulum
627 5057 869 5128 accepit,
923 5067 978 5115 et
1035 5063 1146 5120 cito
1177 5075 1400 5124 vocatus
1448 5086 1480 5125 a
1518 5071 1630 5126 Deo
1686 5070 1892 5145 migra-

283 5141 357 5176 uit

283 5147 360 5196 vit
389 5147 476 5198 “5.

1995 4445 2180 4489 renter
2209 4433 2470 4500 locatum,
2499 4432 2682 4487 statim
2714 4437 2979 4500 operante
3011 4429 3199 4484 divina
3255 4429 3474 4495 virtute,
3511 4443 3611 4498 per

1995 4521 2191 4576 merita
2217 4519 2461 4594 gloriose
2495 4518 2730 4592 Virginis
2756 4518 2872 4572 ceci
2906 4517 3106 4583 visum,
3158 4515 3309 4570 surdi
3341 4514 3612 4581 auditum,

1995 4613 2173 4669 claudi
2198 4628 2443 4689 gressum
2476 4611 2769 4682 recipiunt,
2802 4621 2859 4664 et
2915 4616 2993 4665 tot
3024 4609 3226 4664 infirmi
3289 4608 3457 4664 variis
3488 4609 3607 4662 lan-

1993 4705 2258 4777 guoribus
2282 4703 2555 4775 oppressi,
2595 4719 2626 4756 a
2666 4701 2906 4773 paschali
2952 4700 3301 4755 hebdomada
3331 4714 3508 4770 usque
3556 4699 3613 4753 in

1993 4796 2139 4851 diem
2167 4796 2467 4851 nativitatis
2504 4795 2676 4849 sancti
2706 4793 2998 4856 Johannis,
3050 4792 3339 4847 sanitatem
3370 4799 3610 4861 optatam

1991 4890 2272 4946 consecuti
2293 4901 2438 4944 sunt.
2496 4889 2552 4942 Si
2607 4887 2798 4943 fratres
2851 4886 3169 4958 supradicte
3222 4885 3469 4941 ecclesia:
3502 4886 3609 4939 hec

1992 4995 2092 5050 per
2119 4977 2334 5052 singula
2358 4976 2471 5030 stili
2501 4974 2683 5030 officio
2725 4975 2964 5030 fidelium
3001 4975 3279 5030 memoriae
3322 4989 3615 5029 commen-

1994 5073 2236 5137 dassent,
2292 5086 2402 5126 non
2435 5086 2660 5142 parvum
2694 5070 2952 5125 volumen
2984 5070 3222 5142 posteris
3265 5069 3614 5140 profuturum

1993 5161 2449 5233 conscripsissent
2523 5162 2633 5216 Hoc
2661 5161 2808 5217 bono
2865 5161 3033 5217 odore
3067 5169 3180 5219 tota
3212 5159 3499 5232 provincia
3553 5159 3614 5213 iu

1617 5265 1695 5318 νΑ
1708 5265 1836 5320 ΡιῘΙΕ
1865 5265 2245 5320 LECTIONES.

449 5350 578 5440 ζζςξξρ
600 5357 656 5440 ξς
688 5353 818 5440 Mf,
850 5356 957 5440 ινιτ
981 5357 1195 5440 necent.
1227 5361 1302 5440 “7_
1325 5363 1524 5440 [laci-11
1556 5364 1683 5431 ΒΜ,
1729 5367 1832 5418 4⁵*
1854 5371 2065 5440 tantum
2081 5371 2292 5440 erctcnt,
2311 5370 2368 5420 in
2397 5367 2503 5421 83"
2523 5381 2631 5421 non
2657 5366 2909 5435 leguntur
2933 5381 2947 5432 ;
2981 5365 3074 5421 sed
3098 5368 3348 5437 apparet,
3374 5382 3436 5420 ea
3465 5380 3500 5420 a
3521 5379 3618 5420 ne-

285 5424 427 5470 mine
447 5424 559 5474 nisi
586 5424 656 5476 ab
677 5430 892 5480 auctore
921 5428 1302 5497 Afﬂigemensi
1319 5435 1555 5502 profecto
1583 5424 1726 5501 esse;
1754 5438 1900 5492 unde
1929 5438 2015 5491 hic
2043 5424 2394 5492 emhibenius..

1846 5535 2058 5592 NOT/E.

356 5618 503 5690 (392)
530 5623 681 5680 inter
706 5626 856 5684 Alost
881 5637 937 5685 et
966 5632 1357 5704 Antwerpiam.

1968 5637 2112 5704 (393)
2145 5637 2380 5704 Wawre,
2415 5653 2526 5694 non
2557 5637 2747 5709 procul
2779 5654 2809 5692 a
2833 5636 3131 5694 Waterloo.
