3924 6080
191 239 303 296 285

1181 243 1526 300 CHHONICA.
1568 275 1638 285 ——-
1676 246 2058 302 AUCTARIUM
2099 243 2612 301 AFFLIGEMENSE.

3427 239 3534 295 286

191 368 347 423 brevi
379 384 631 439 respersa
659 385 675 434 ;
727 383 838 425 non
869 369 1048 426 solum
1079 385 1144 426 ex
1170 371 1393 438 nostris,
1423 373 1722 442 sedletiam
1748 390 1813 429 ex
1839 381 1890 448 Α
1915 375 2180 447 quicquid
2210 375 2267 429 in
2301 375 2423 443 ejus
2445 373 2604 427 laude
2634 371 2840 426 dictum
2871 369 3054 425 fuerit.
3089 368 3199 423 Nec
3233 383 3396 438 parva
3425 367 3532 421 mi-

192 461 361 516 valde
393 461 619 516 remotis
649 461 896 532 partibus
951 461 1129 517 factus
1177 471 1262 518 est
1316 479 1618 520 concursus
1673 465 1812 521 divi-

192 557 307 604 tum
332 555 389 604 et
419 565 726 620 pauperum
750 568 764 614 ;
797 550 1012 606 diverse
1041 551 1217 608 astatis
1246 561 1302 608 et
1339 553 1623 625 utriusque
1651 571 1816 610 sexus

192 639 391 695 ﬁdeles
443 655 570 695 cum
628 640 1009 696 oblationibus
1091 643 1206 698 suis
1269 653 1690 712 convenerunt,
1761 654 1817 701 et

192 734 403 782 tantam
435 729 749 799 pecuniam,
781 745 892 801 que
935 745 1046 787 non
1077 730 1238 787 facile
1277 735 1552 788 numerari
1612 741 1812 806 potest,

193 816 294 871 hac
326 818 546 873 ratione
585 817 941 874 dividendam
969 820 1316 888 obtulerunt;
1375 823 1574 892 partim
1604 823 1815 880 scilicet

191 908 245 962 in
275 909 684 965 sustentatione
715 927 1042 982 pauperum,
1076 913 1272 984 partim
1319 913 1374 968 in
1420 915 1815 970 restauratione

192 1003 584 1070 ecclesiarum,
639 1005 836 1074 partim
890 1006 945 1059 in
1002 1021 1134 1061 usus
1195 1006 1421 1062 fratrum
1478 1008 1536 1062 in
1582 1008 1817 1065 ecclesia

196 1092 609 1168 llafﬁigemensi
653 1095 740 1151 vel
757 1095 1077 1152 Wavereusi
1099 1098 1210 1152 Deo
1240 1099 1818 1155 servientium.Abbas

191 1185 357 1239 etiam
393 1185 835 1262 Hafﬂigemensis
854 1195 909 1242 et
941 1188 1138 1244 fratres
1161 1189 1282 1258 ejus
1309 1189 1525 1260 pedites
1552 1207 1726 1262 usque
1746 1190 1817 1246 ad

193 1273 378 1344 ipsum
429 1275 660 1344 opidum
716 1284 1136 1339 convenerunt.
1191 1277 1286 1332 ubi
1330 1277 1472 1333 albis
1518 1279 1697 1334 vestiti
1762 1286 1818 1335 et

194 1366 389 1435 cappis
424 1365 622 1430 induti,
658 1368 1066 1437 processiouem
1106 1369 1468 1426 multitudine
1514 1371 1818 1426 monacho-

194 1466 320 1504 rum
347 1453 652 1522 composite
683 1464 738 1509 et
765 1456 996 1512 honeste
1024 1457 1449 1524 ordinaverunt;
1478 1465 1534 1514 et
1573 1459 1654 1514 sic
1682 1475 1816 1514 can-

195 1541 390 1610 tando,
425 1545 590 1600 Deum
632 1556 687 1600 et
716 1548 836 1616 ejus
869 1549 1194 1623 genitricem
1248 1551 1636 1619 collaudando,
1692 1567 1816 1606 cum

196 1651 402 1709 magna
431 1635 604 1708 gloria
643 1644 698 1692 et
723 1641 993 1710 applausu
1036 1643 1206 1697 totius
1236 1643 1448 1714 p0puli,
1500 1643 1593 1715 qui
1626 1659 1691 1699 ea
1729 1644 1821 1698 die

195 1728 460 1781 dicuntur
488 1727 602 1783 fere
633 1730 702 1784 ad
751 1731 821 1785 3O
865 1731 1019 1786 milia
1077 1734 1427 1802 convenisse,
1483 1735 1539 1789 in
1586 1735 1822 1790 ecclesia

195 1817 378 1872 sancti
436 1817 640 1874 Nicolai
682 1819 1050 1877 intraverunt.
1116 1825 1366 1878 Attestati
1419 1832 1550 1879 sunt
1607 1824 1821 1891 fideles,

196 1926 503 1982 numquam
554 1927 614 1966 se
645 1910 831 1983 aliquo
876 1921 1174 1981 conventu,
1207 1916 1300 1986 qui
1364 1914 1539 1970 factus
1592 1916 1662 1971 sit
1722 1915 1822 1970 ali-

197 2003 450 2073 quando,
466 2003 580 2058 sive
594 2003 946 2074 imperatoris
961 2005 1077 2060 sive
1087 2006 1247 2075 jussu
1268 2007 1497 2064 Romani
1517 2006 1818 2078 pontiﬁcis,

199 2108 309 2151 tam
344 2098 628 2153 honestam
665 2106 718 2154 ct
745 2109 850 2154 tam
884 2099 1030 2156 bene
1061 2103 1371 2158 ordinatam
1406 2100 1820 2173 processiouem

198 2189 428 2244 vidisse.
461 2189 746 2255 Quoddam
778 2191 1008 2263 insuper
1027 2193 1384 2262 beneﬁcium,
1425 2194 1574 2267 quod
1598 2210 1709 2250 non
1739 2201 1821 2250 est

197 2277 425 2332 silentio
459 2279 913 2349 pretereundum,
943 2280 1054 2336 imo
1084 2297 1252 2352 super
1289 2291 1472 2337 cetera
1531 2298 1819 2340 commen-

198 2369 471 2436 dandnm,
529 2370 650 2440 ipsa
695 2371 938 2445 gloriosa
977 2373 1207 2428 Domina
1254 2375 1490 2430 contulit
1545 2382 1660 2431 toto
1722 2375 1819 2430 illo

197 2470 448 2532 tempore
480 2461 737 2519 ﬁdelibus
763 2465 908 2531 suis;
961 2482 1058 2536 per
1087 2470 1236 2538 quod
1293 2467 1438 2522 bella
1487 2468 1677 2533 multa,
1711 2484 1820 2539 que

193 2551 310 2619 jam
359 2551 658 2625 instigante
688 2553 932 2629 maligno
971 2554 1245 2611 concitata
1290 2554 1529 2622 fuerant,
1565 2566 1622 2610 et
1673 2556 1821 2610 sedi-

200 2643 386 2697 tiones
415 2645 703 2714 consOpite
732 2645 1083 2717 quieverunt.
1133 2648 1268 2702 Dum
1301 2647 1451 2703 enim
1493 2663 1557 2702 ex
1589 2647 1822 2702 diversis

201 2731 450 2801 partibus
503 2731 660 2786 multi
717 2733 1129 2801 convenissent,
1182 2735 1252 2789 de
1316 2735 1521 2806 quibus
1574 2735 1820 2789 auditum

201 2824 306 2883 est,
340 2818 486 2888 quod
547 2817 756 2876 inimici
800 2829 989 2876 essent
1039 2822 1107 2877 ad
1160 2821 1418 2888 invicem,
1477 2823 1659 2877 statim
1703 2822 1823 2877 sine

201 2908 314 2962 ulla
365 2909 655 2964 exactione
708 2912 944 2980 pecunie
1004 2913 1088 2968 vel
1128 2913 1376 2985 qualibet
1419 2913 1815 2979 satisfactione,

199 3017 308 3072 que
337 2999 484 3054 inter
507 3001 788 3057 seculares
813 3004 869 3057 in
900 3002 1218 3073 hujusmodi
1252 3007 1491 3079 negotiis
1515 3005 1654 3060 solet
1677 3005 1816 3073 fieri,

197 3089 321 3145 solo
352 3090 449 3144 Dei
480 3090 675 3146 timore
716 3099 771 3146 et
817 3107 1004 3148 amore
1053 3093 1299 3164 piissime
1341 3095 1532 3150 matris
1562 3095 1818 3166 correpti,

202 3181 519 3236 interventu
555 3181 801 3236 ﬁdelium
836 3183 890 3238 in
950 3200 1084 3254 pace
1132 3185 1473 3241 reconciliati
1524 3195 1673 3241 suut.
1717 3187 1827 3242 Hoc

203 3274 363 3330 ﬁnito
396 3283 640 3347 tempore
667 3277 897 3332 relatum
941 3286 1022 3334 est
1045 3278 1310 3335 feretrum
1357 3281 1415 3334 in
1456 3297 1621 3352 supra
1652 3281 1830 3337 nomi-

201 3377 390 3423 natam
433 3370 721 3425 ecclesiam
757 3386 880 3425 cum
928 3371 1198 3443 reliquiis,
1232 3389 1334 3428 nec
1375 3380 1558 3429 tamen
1584 3381 1698 3429 toto
1729 3373 1823 3428 illo

201 3475 355 3515 anno
396 3461 561 3514 desiit
603 3469 780 3516 mater
809 3463 1186 3519 misericordie
1217 3480 1247 3518 a
1276 3465 1451 3534 ceptis
1480 3465 1627 3519 circa
1663 3463 1824 3518 inﬁr-

203 3569 330 3608 mos
370 3551 680 3609 beneﬁciis.
727 3556 913 3627 (Ιὸἰὰ.)
954 3556 1197 3612 Ecclesia
1233 3555 1409 3612 sancti
1449 3557 1656 3612 Bertini
1701 3574 1824 3613 eum

203 3643 466 3699 omnibus
521 3645 873 3716 appendiciis
920 3649 1036 3703 suis
1095 3648 1381 3704 combusta
1428 3655 1511 3702 est
1583 3648 1636 3702 in
1706 3649 1826 3720 ipso

205 3735 350 3790 festo
370 3736 545 3791 sancti
579 3737 809 3802 Bertini,
861 3739 990 3793 dum
1040 3740 1436 3795 matutinorum
1492 3739 1828 3812 sollempnia

205 3824 539 3898 agebantur.

282 3911 435 3968 1153.
589 3913 649 3967 R.
693 3915 744 3968 1.
898 3915 956 3970 F.
991 3915 1075 3971 17.
1229 3917 1408 3971 Α.1¹7.
1557 3917 1616 3973 Η.
1659 3919 1692 3973 9

276 4001 463 4068 (Auct.
511 4003 739 4072 Aquic.)
800 4002 1032 4073 Eclipsis
1095 4003 1229 4060 solis
1271 4005 1412 4059 facta
1470 4014 1554 4060 est
1605 4006 1634 4060 7
1705 4007 1819 4061 Kal.

206 4091 338 4146 Feb.
373 4092 430 4145 in
486 4093 520 4145 2
573 4092 735 4157 feria;
776 4095 810 4147 5
851 4094 979 4148 ldus
1010 4095 1287 4150 Februarii
1334 4097 1390 4151 in
1425 4097 1460 4150 2
1501 4097 1637 4152 feria
1679 4098 1824 4152 toni-

204 4193 394 4237 truum
442 4184 688 4238 auditum
737 4195 838 4240 est.
873 4187 1253 4243 Brusellenses
1291 4188 1517 4259 opidani
1566 4189 1821 4256 injuriam

203 4289 371 4345 quam
414 4274 674 4343 prcterito
699 4290 845 4330 anno
886 4275 1072 4330 abbati
1104 4284 1158 4331 et
1197 4276 1456 4333 fratribus
1482 4278 1602 4346 ejus
1633 4288 1825 4350 utpote

208 4365 464 4420 homines
503 4365 640 4419 dura
688 4367 904 4422 cervice
949 4377 1008 4422 et
1054 4368 1109 4422 in
1167 4383 1267 4422 sua
1306 4371 1584 4424 sententia
1625 4344 1902 4426 mentisD

206 4451 485 4507 obstinate
515 4453 834 4518 intulerant,
869 4457 971 4511 hoc
1001 4472 1146 4512 anno
1174 4465 1549 4527 correxerunt,
1585 4460 1689 4516 hoc
1725 4461 1828 4517 sci-

208 4544 339 4599 licet
380 4545 574 4601 modo:
636 4547 764 4618 quia
823 4548 929 4619 ipsi
988 4549 1271 4605 Dominam
1319 4562 1560 4607 nostram
1624 4584 1694 4594 —
1747 4554 1829 4610 sic

211 4638 368 4694 enim
400 4639 555 4694 aiunt
593 4641 739 4711 (394)
791 4673 855 4682 -—
886 4641 957 4697 de
995 4644 1231 4698 ecclesia
1269 4645 1587 4701 Waverensi
1626 4647 1827 4703 devote

210 4740 266 4784 et
298 4730 580 4786 humiliter
619 4733 895 4800 tollentes,
940 4750 1064 4788 cum
1111 4736 1320 4791 honore
1353 4744 1740 4808 susceperunt,
1773 4745 1826 4794 et

211 4835 313 4874 suo
370 4827 620 4890 tempore
669 4820 898 4891 paciﬁce
945 4831 1000 4877 et
1047 4840 1168 4878 cum
1229 4826 1433 4899 gaudio
1475 4827 1823 4883 remiserunt.

213 4909 397 4978 (lbid.)
434 4909 711 4981 Eugenius
744 4927 884 4980 papa
932 4911 1079 4967 diem
1128 4914 1380 4969 ultimum
1413 4916 1652 4984 claudit;
1700 4933 1830 4972 suc-

210 4998 360 5053 cedit
390 4999 441 5053 ei
470 4999 756 5056 Konradus
803 5002 980 5069 15808,
1030 5005 1226 5060 Sancte
1276 5006 1477 5062 Sabine
1507 5009 1828 5080 episcOpus,

212 5093 538 5148 Anastasius
566 5095 900 5166 appellatus,
942 5097 1178 5153 vicarius
1216 5099 1426 5154 domini
1456 5118 1595 5174 pape
1629 5103 1832 5173 prede-

210 5184 452 5239 cessoris
482 5185 589 5241 sui.
623 5186 868 5242 Domnus
897 5204 1120 5261 quoque
1159 5191 1472 5248 Bernardus
1501 5193 1674 5248 abbas
1711 5194 1832 5250 Cla-

213 5275 556 5342 revallensis,
609 5278 701 5348 qui
777 5279 935 5350 quasi
1017 5281 1214 5337 lucifer
1285 5289 1528 5352 exortus,
1578 5285 1829 5341 ordinem

214 5374 462 5422 nostrum
523 5368 856 5438 illustrabat,
902 5372 1157 5446 migravit
1196 5375 1263 5428 ad
1304 5372 1631 5445 Dominum;
1681 5379 1838 5449 cujus

212 5454 324 5509 vita
381 5462 439 5510 et
488 5455 738 5514 doctrina
787 5460 844 5514 in
876 5468 1088 5517 tantum
1121 5463 1360 5533 excellit,
1419 5471 1480 5521 ut
1529 5466 1712 5522 minus
1744 5468 1834 5535 sit,

1845 3051 1893 3117 C

1913 467 2084 522 raculi
2131 467 2309 538 portio
2366 471 2472 531 est,
2512 463 2661 535 quod
2727 463 2831 517 hoc
2885 477 3030 516 anno
3081 466 3230 514 tanta
3269 459 3535 514 sterilitas

1914 559 2060 633 agris
2101 557 2303 613 nostris
2365 555 2636 622 incubuit,
2684 553 2836 626 quod
2885 553 2974 607 vix
3039 552 3272 608 duorum
3327 551 3411 605 vel
3463 549 3531 604 ad

1914 649 2078 703 trium
2120 646 2394 702 mensium
2426 645 2585 700 nobis
2634 644 2837 698 victum
2884 639 3100 695 suffecit
3145 636 3325 693 omnis
3373 634 3532 704 copia

1917 736 2123 791 mensis
2165 743 2372 791 nostre.
2407 733 2593 804 (Ibid.)
2624 731 2810 786 Turbo
2869 727 3194 803 gravissime
3235 730 3530 794 tempesta-

1915 826 1984 881 tis
2037 841 2135 896 per
2187 824 2326 878 lines
2357 828 2574 878 nostros
2621 820 2766 874 viam
2823 817 3070 881 molitus,
3103 811 3259 909 quasi
3319 811 3530 909 sulcum

1915 915 2144 980 ducens,
2164 915 2330 970 unius
2355 913 2463 968 diei
2498 911 2695 966 itinere
2735 921 2956 979 queque
2986 903 3138 959 velut
3169 900 3405 955 flammis
3435 900 3533 953 de-

1916 1016 2073 1076 pasta
2112 1019 2466 1068 consumens,
2507 998 2748 1074 lugenda
2794 993 3022 1069 vestigia
3061 989 3305 1062 reliquit.
3360 985 3534 1058 (ιὺὶιί.)

1915 1099 2146 1154 Ascalon
2178 1105 2337 1167 capta
2369 1100 2453 1149 est
2478 1093 2547 1148 ab
2579 1090 2822 1146 exercitu
2876 1084 3117 1150 Domini,
3159 1083 3254 1154 qui
3286 1087 3369 1136 est
3410 1079 3536 1134 Hie-

1918 1186 2228 1256 rosolymis,
2282 1194 2338 1239 et
2377 1197 2634 1254 possessa
2663 1197 2693 1234 a
2732 1177 2971 1242 nostris;
3023 1174 3200 1229 multo
3233 1181 3412 1226 tamen
3454 1169 3538 1222 la-

1917 1277 2048 1334 bore
2096 1294 2159 1333 ac
2210 1277 2470 1331 diuturno
2520 1271 2686 1336 bello,
2739 1267 2929 1324 multis
2958 1266 3124 1322 etiam
3173 1259 3438 1334 periculis
3483 1263 3538 1311 et

1918 1369 2181 1444 gravibus
2231 1366 2449 1421 damnis
2507 1364 2663 1436 prius
2720 1358 2961 1416 exercitu
3001 1356 3229 1412 afﬂicto.
3291 1352 3537 1444 Namque

1916 1441 2116 1518 diebus
2141 1468 2330 1515 sancte
2363 1457 2458 1513 Dei
2496 1453 2782 1531 genitricis
2831 1447 3203 1522 purificationi
3251 1441 3536 1516 proximis,

1917 1571 2012 1610 rex
2050 1552 2554 1622 Hierosolymorum
2596 1546 2940 1618 procinctum
2995 1539 3187 1602 movit,
3231 1543 3413 1608 portas
3440 1533 3540 1588 ob-

1922 1646 2087 1713 sedit,
2116 1652 2172 1700 et
2211 1659 2398 1698 muros
2438 1640 2675 1696 civitatis
2741 1635 2941 1692 diﬁ‘uso
2999 1629 3242 1686 exercitu
3299 1625 3538 1689 vallavit,

1924 1734 2209 1792 nocturnis
2264 1731 2533 1798 excubiis,
2581 1730 2780 1784 diurno
2859 1722 3005 1778 bello
3060 1721 3140 1776 eis
3196 1719 3542 1772 incessanter

1923 1825 2244 1888 imminens,
2276 1837 2450 1892 usque
2490 1821 2546 1874 in
2580 1819 2776 1874 festum
2821 1809 3218 1883 assumptionis
3279 1803 3531 1901 ejusdem

1924 1913 2294 1970 sacratissime
2334 1908 2574 1984 Virginis
2618 1920 2802 1960 moras
2852 1901 3194 1990 pertraliens,
3255 1905 3310 1950 et
3357 1893 3540 1990 infati-

1921 2005 2120 2079 gabilis
2149 2002 2471 2074 perdurans.
2507 1995 2758 2052 Proxima
2784 2007 2916 2066 ergo
2971 1990 3061 2044 die
3103 1987 3248 2042 illius
3270 1987 3535 2079 sacratis-

1920 2077 2046 2151 simi
2105 2094 2250 2159 festi,
2282 2090 2471 2146 turrim
2517 2104 2641 2143 cum
2690 2085 2806 2140 suis
2851 2077 3314 2137 machinamentis
3377 2086 3534 2129 muro

1921 2187 2197 2252 admovit;
2239 2193 2294 2240 et
2315 2180 2545 2238 artiﬁcio
2577 2179 2940 2234 subterraneo
2980 2179 3160 2226 actum
3196 2177 3298 2234 cst,
3331 2173 3390 2221 ut
3417 2180 3539 2218 mu-

1920 2297 2014 2336 rus
2099 2278 2305 2333 cadens
2367 2274 2535 2328 latum
2621 2271 2934 2344 ingressum
2998 2260 3199 2317 nostris
3261 2255 3519 2328 preberet

1922 2374 2112 2443 Itaque
2159 2367 2329 2424 nostri
2382 2370 2550 2421 ruunt
2593 2371 2647 2417 et
2696 2361 2949 2448 irrunnt;
2982 2345 3542 2448 primusprepositus

1921 2469 1978 2516 et
2005 2460 2114 2514 dux
2155 2457 2304 2512 illius
2341 2453 2637 2518 exercitus,
2670 2449 2763 2521 qui
2809 2447 3050 2501 fraterne
3100 2445 3382 2496 societatis
3412 2447 3543 2506 pro-

1923 2554 2168 2611 fessione
2199 2549 2406 2621 templo
2460 2546 2716 2612 militant,
2750 2558 2873 2598 cum
2933 2552 3035 2593 suo
3095 2547 3273 2589 cuneo
3330 2528 3541 2598 irrepit,

1924 2657 1979 2703 et
2030 2659 2209 2716 usque
2269 2642 2337 2696 ad
2399 2640 2635 2711 plateam
2709 2631 2965 2696 civitatis,
3037 2626 3267 2722 agmine
3315 2634 3539 2722 suorum

1924 2713 2204 2806 stipatus,
2262 2728 2641 2802 perveniens,
2699 2723 2929 2798 gradum
2989 2717 3134 2782 ﬁxit;
3193 2713 3272 2808 ibi
3337 2715 3543 2808 artatus

1923 2823 2192 2897 angustiis
2273 2820 2577 2892 platearum
2611 2856 2626 2885 ,
2695 2811 2954 2868 maceriis
3017 2808 3234 2863 cinctus
3267 2843 3281 2868 ,
3339 2807 3395 2854 et
3453 2812 3542 2897 su:

1922 2910 2441 2986 perimminentibus
2513 2913 2779 2961 tectorum
2849 2899 3186 2964 domatibus,
3252 2900 3539 2993 etO-omni

1923 2981 2073 3074 parte
2105 2999 2422 3056 conﬂuente
2451 2995 2611 3051 turba
2651 2994 3082 3052 circumventus,
3114 2981 3446 3057 Opprimitur
3487 2981 3542 3030 et

1925 3114 2049 3153 cum
2079 3095 2230 3152 omni
2290 3092 2452 3148 turba
2480 3104 2705 3144 suorum
2747 3086 3124 3142 obtruncatur.
3178 3079 3418 3143 Quorum
3456 3087 3544 3127 ca-

1930 3187 2040 3258 pita
2071 3186 2126 3239 in
2151 3200 2325 3239 unum
2355 3179 2636 3237 cumulum
2659 3183 2788 3232 sunt
2807 3178 3091 3246 congesta,
3121 3176 3180 3224 ut
3211 3165 3326 3240 regi
3359 3161 3546 3231 Baby-

1929 3274 2076 3331 lonie
2106 3290 2206 3344 pro
2248 3273 2408 3348 signo
2446 3269 2676 3324 victorie
2715 3271 3087 3325 ostentarent;
3143 3269 3374 3327 corpora
3416 3265 3546 3348 vero

1931 3370 1988 3423 in
2042 3382 2198 3422 muro
2255 3347 2692 3434 suspenderunt,
2751 3357 2913 3413 nobis
2967 3355 3452 3434 improperantes:
3493 3347 3549 3396 et

1927 3458 2109 3513 verbis
2143 3431 2494 3525 blasphemie
2527 3450 2829 3505 exercitum
2879 3443 2975 3499 Dei
3006 3442 3391 3525 provocantes.
3415 3431 3548 3485 Tan-

1926 3548 2051 3602 dem
2084 3523 2343 3600 nostri—in
2398 3539 2632 3596 Domino
2662 3532 2955 3591 confortati
3006 3528 3120 3600 regi
3153 3523 3431 3585 dicebant,
3489 3527 3549 3572 ut

1928 3638 2156 3694 viriliter
2184 3641 2476 3709 pugnaret,
2505 3639 2560 3687 et
2609 3630 2682 3684 de
2711 3626 2808 3682 Dei
2839 3618 3219 3679 misericordia
3276 3628 3388 3669 non
3437 3610 3537 3709 de-

1926 3705 2216 3805 speraret,
2266 3705 2466 3798 'cujus
2567 3734 2699 3783 tunc
2792 3720 3028 3777 maxime
3131 3713 3324 3768 adesse
3395 3705 3548 3805 solet

1928 3794 2213 3889 auxilium,
2246 3794 2390 3878 cum'
2413 3820 2569 3874 deest
2599 3833 2702 3872 nec
2729 3819 2984 3886 speratur
3029 3811 3352 3863 humanum.
3387 3794 3542 3864 Quod

1926 3933 2058 3990 ergo
2097 3915 2522 3973 christianorum
2565 3909 2786 3982 prOprie
2820 3903 3122 3977 presidium
3178 3903 3281 3962 est,
3329 3889 3548 3990 confes-

1924 3981 2082 4065 sione
2116 4013 2490 4078 peccatorum,
2541 3981 2967 4058 elemosinarum
3030 3991 3315 4084 largitate,
3352 3990 3414 4084 et
3440 3981 3543 4084 de-

1925 4096 2228 4152 votissimis
2259 4091 2764 4170 supplicationibus
2783 4105 2844 4144 se
2868 4085 3096 4142 Domino
3115 4078 3548 4171 committentes,

1925 4193 1981 4240 et
2009 4193 2198 4240 sancte
2224 4157 2608 4256 Dei-genitrici
2633 4187 2758 4236 vota
2809 4177 3098 4235 facientes,
3131 4166 3314 4225 ‘tcrlia
3361 4161 3451 4217 die
3467 4157 3552 4261 ad

1927 4292 2142 4330 murum
2201 4251 2576 4338 accesserunt,
2643 4273 3006 4326 instrumenta
3057 4260 3278 4325 bellica,
3340 4251 3548 4308 machi-

1929 4382 2027 4420 nas
2054 4373 2108 4420 et
2157 4366 2382 4420 balistas
2415 4365 2798 4427 admoverunt,
2861 4357 2969 4412 fide
3019 4356 3353 4409 constantes.
3415 4341 3554 4395 Crux

1927 4475 2056 4515 vero
2086 4459 2363 4515 dominica
2394 4459 2450 4513 in
2482 4458 2736 4513 manibus
2767 4450 3076 4524 pati'iarche
3107 4457 3306 4517 agmen
3352 4450 3548 4508 prece-

1929 4553 2113 4619 debat,
2153 4553 2519 4608 certissimum
2549 4549 2778 4606 victorie
2834 4545 3054 4617 pignus,
3122 4534 3272 4609 quod
3325 4541 3550 4631 semper

1930 4645 2135 4701 nostris
2187 4646 2240 4700 in
2269 4645 2530 4701 omnibus
2583 4641 2774 4713 preliis
2833 4637 2950 4692 fuit.
3015 4633 3147 4687 Tum
3203 4641 3335 4683 vero
3379 4629 3554 4678 virtus

1930 4737 2146 4792 Domini
2215 4736 2505 4792 manifesta
2564 4734 2687 4802 fuit,
2742 4733 2958 4804 linguas
3014 4723 3368 4794 blasphemas
3412 4714 3552 4771 edo-

1929 4830 2088 4896 muit,
2123 4838 2177 4887 et
2197 4846 2415 4886 omnem
2449 4826 2841 4884 conﬁdentiam
2860 4820 3232 4906 superborum
3249 4810 3472 4881 dejecit,
3495 4813 3554 4906 et

1929 4921 2164 4977 consilio
2204 4917 2514 4989 dissipavit.
2543 4916 2633 4970 Vir
2661 4915 2755 4970 ille
2787 4913 2882 4985 qui
2910 4924 3142 4983 presens
3163 4905 3286 4970 fuit,
3317 4909 3371 4999 et
3399 4905 3551 4999 omni

1934 5020 2180 5082 tempore
2211 4988 2520 5065 obsidionis
2565 5007 2619 5060 in
2663 5005 2908 5061 exercitu
2941 4999 3174 5064 duravit,
3217 4992 3364 5066 quod
3394 4988 3556 5052 vidit,

1936 5105 2096 5161 nobis
2127 5102 2384 5158 narravit.
2417 5101 2665 5157 Percussi
2718 5107 2848 5156 sunt
2877 5112 3073 5154 omnes
3112 5092 3363 5151 cecilate,
3393 5087 3466 5139 ita
3497 5089 3558 5137 ul

1935 5214 2059 5254 cum
2089 5198 2332 5254 molares
2380 5194 2592 5266 lapides
2628 5193 2826 5249 balista
2866 5205 2968 5246 suo
3009 5188 3218 5257 impetu
3252 5182 3307 5235 in
3371 5177 3556 5232 medio

1939 5304 2139 5344 eorum
2169 5287 2467 5350 emitteret,
2498 5284 2682 5339 nullus
2712 5282 2954 5354 lapidem
2989 5277 3302 5334 venientem
3335 5267 3557 5327 viderit.

1937 5384 1997 5433 ut
2027 5394 2058 5432 a
2086 5378 2208 5434 loco
2241 5376 2486 5441 cederet,
2519 5374 2800 5444 ictumque
2831 5368 3032 5442 lapidis
3063 5363 3384 5421 declinaret.
3417 5358 3557 5424 Quid

1938 5469 2113 5526 multa
2136 5469 2357 5526 fcoacti
2397 5474 2545 5534 sunt,
2577 5481 2741 5539 quam
2783 5467 3141 5540 negaverant,
3181 5456 3279 5512 Dei
3306 5455 3560 5512 conﬁteri

1774 5596 1982 5654 NOTAE.

283 5656 431 5727 (394)
461 5657 847 5716 Notre-Dame.
