3894 6070
387 236 490 292 287

1600 249 1942 306 SlGEBERTl
1963 251 2492 309 -GEMBLACENSIS.

3621 269 3742 327 288

384 361 669 430 virtutem,
726 372 780 420 et
834 382 997 437 quem
1057 370 1537 442 blasphemabant,
1609 391 1833 432 suorum
1873 393 1995 434 esse
2021 382 2072 449 Α
2102 379 2338 436 hostium
2395 397 2505 438 non
2561 384 2822 456 ignorans
2862 386 3120 456 insidias,
3159 396 3334 446 totum
3379 395 3744 465 procinctum

385 452 608 508 ﬁdelem
637 464 1000 526 protectorem
1023 471 1078 519 et
1107 465 1431 533 adjutorem.
1459 469 1592 543 Ergo
1614 471 1756 526 ultra
1775 470 1994 528 differre

389 557 499 598 non
526 545 793 614 valentes,
832 549 1108 608 civitatem
1152 553 1207 609 in
1239 573 1435 612 manus
1473 560 1620 634 regis
1655 560 1897 629 tradunt,
1938 570 1994 619 et

387 650 451 688 ex
481 636 575 691 illo
602 646 849 711 tempore
881 645 1112 702 Ascalon
1145 658 1328 705 nostra
1359 651 1500 707 facta
1530 660 1631 722 est,
1663 663 1771 711 eta
1793 660 1995 713 nostris

391 741 668 796 possessa.
729 733 880 789 Istud
945 737 1089 793 inter
1142 741 1373 798 maxime
1430 745 1680 800 miranda
1735 749 1995 804 miracula

391 815 715 875 miraculum
755 839 878 879 esse
924 827 1159 892 videtur,
1218 832 1366 901 quod
1415 833 1546 888 urbs
1601 836 1706 890 1δο
1755 838 1994 892 turribus

391 914 689 980 prevalidis
716 920 946 989 munita,
998 930 1053 977 et
1095 927 1372 982 cenaculis
1402 929 1682 985 domatum
1715 932 1768 985 in
1798 933 1994 1003 plateis

389 1001 506 1056 suis
547 1006 706 1076 quasi
736 1017 923 1080 crypta
955 1011 1249 1084 laqueariis
1278 1026 1608 1088 supertecta,
1631 1027 1686 1075 et
1722 1001 1994 1092 quodam-

390 1092 557 1148 modo
603 1093 1071 1169 inexpugnabilis,
1127 1103 1348 1158 tandem
1382 1107 1677 1177 aliquando
1707 1109 1852 1164 vinei
1894 1125 1994 1179 po-

393 1185 516 1252 tuit,
574 1193 721 1260 quod
762 1192 815 1246 in
856 1195 1110 1266 hystoriis
1156 1209 1401 1255 veterum
1454 1218 1720 1275 nusquam
1774 1205 1992 1279 legitur.

462 1279 602 1334 1154
711 1285 868 1339 ΚΞ.
979 1289 1036 1344 F.
1082 1291 1166 1345 18.
1278 1294 1335 1347 Α.
1385 1295 1467 1349 18.
1581 1296 1639 1349 ll.
1685 1296 1771 1353 10.

462 1371 638 1440 (Auct.
689 1379 901 1449 Aquis.)
965 1381 1278 1438 Anastasius
1334 1403 1475 1456 papa
1534 1404 1600 1443 ex
1631 1392 1733 1444 hac
1759 1391 1870 1445 vita
1899 1392 1999 1446 de-

391 1463 586 1528 cessit;
638 1468 890 1522 succedit
935 1470 984 1524 ei
1028 1472 1298 1528 Adrianus
1343 1477 1523 1543 159ιιε,
1557 1487 1717 1535 antea
1747 1481 2001 1537 Nicolaus

391 1549 592 1617 dictus,
626 1554 921 1627 episcopus
949 1559 1289 1618 Albanensis.
1322 1566 1430 1619 Rex
1480 1568 1534 1621 in
1580 1570 1771 1642 Anglia
1799 1572 2003 1626 consti-

391 1651 542 1698 tutus
577 1653 658 1701 est
699 1647 1001 1718 Heinricus,
1033 1654 1186 1722 cujus
1215 1673 1348 1712 avus
1399 1659 1498 1714 fuit
1543 1661 1632 1716 ille
1686 1679 1919 1737 magnus
1949 1672 2002 1719 et

394 1736 638 1793 famosus
691 1742 883 1816 Anglic
932 1761 1022 1800 rex
1056 1748 1362 1807 lleinrieus.
1406 1753 1540 1808 Filia
1590 1736 1825 1828 namque
1859 1759 1997 1829 ejus,

391 1843 498 1899 que
536 1830 851 1902 imperatori
884 1844 1070 1907 nupta,
1109 1841 1420 1912 imperatrix
1447 1845 1750 1916 dicebatur,
1783 1856 1838 1903 et
1887 1858 2002 1905 erat

396 1919 581 1974 comiti
616 1922 996 1997 Andegavensi
1029 1930 1081 1984 in
1121 1933 1380 2008 conjugio
1419 1944 1543 2005 post
1567 1939 1686 2007 ejus
1715 1956 2000 1997 excessum

394 2008 669 2077 copulata,
749 2013 893 2069 hunc
953 2019 1046 2088 qui
1119 2021 1284 2075 modo
1335 2032 1528 2095 regnat
1594 2026 1756 2097 (295),
1816 2029 1884 2082 de
1935 2046 2000 2086 eo

393 2103 657 2172 suscepit,
692 2112 745 2158 et
770 2105 964 2163 fratres
1001 2111 1137 2179 ejus.
1170 2113 1411 2178 Quicum
1441 2115 1621 2173 adhuc
1660 2120 1865 2175 lactens
1896 2122 1998 2176 sub

389 2187 558 2244 ubere
615 2193 846 2248 nutricis
889 2205 1034 2253 esset
1077 2200 1338 2257 defuncto
1404 2221 1504 2260 avo
1552 2207 1671 2274 ejus
1743 2208 1996 2266 Heinrico

390 2295 540 2353 rege,
573 2298 695 2338 cum
728 2287 1004 2345 cunabulo
1036 2290 1092 2346 in
1127 2294 1373 2366 Angliam
1419 2297 1742 2368 deportatus
1797 2308 1898 2366 est,
1945 2309 1999 2358 ct
2056 2291 2069 2301 ’

387 2370 460 2426 ibi
499 2373 771 2434 electione
811 2382 1058 2436 omnium
1091 2384 1427 2457 principum,
1484 2390 1624 2446 datis
1649 2391 2000 2464 juramentis,

392 2461 447 2515 in
477 2479 648 2534 regno
678 2466 1034 2526 conﬁrmatus
1085 2482 1187 2529 est.
1219 2475 1281 2529 Et
1306 2477 1434 2548 quia
1475 2480 1576 2533 sub
1614 2496 1779 2537 manu
1812 2499 2004 2553 procu-

390 2556 586 2610 ratoris
611 2574 787 2629 usque
814 2562 882 2615 ad
913 2564 1188 2636 legitimos
1227 2586 1402 2626 annos
1433 2588 1558 2626 eum
1587 2577 1790 2630 servari
1823 2593 1995 2648 opor-

391 2644 561 2713 tebat,
605 2649 814 2705 electus
869 2664 952 2709 est
985 2670 1173 2711 comes
1203 2658 1514 2730 Stephanus
1559 2672 1822 2738 cognatus
1855 2644 1994 2737 ejus,

389 2737 484 2808 qui
517 2755 746 2812 regnum
779 2755 1014 2816 regeret,
1063 2755 1117 2802 et
1150 2765 1277 2804 cum
1299 2752 1579 2810 educaret.
1616 2737 1715 2820 Qui
1765 2758 1997 2828 Stepha-

385 2844 489 2883 nus
531 2847 563 2883 a
603 2831 949 2903 principibus
989 2854 1302 2907 persuasus,
1351 2849 1408 2896 ct
1449 2857 1638 2899 eorum
1672 2847 2000 2902 adulationi-

387 2918 488 2974 bus
519 2920 682 2975 nimis
731 2939 905 2994 prono
937 2925 1120 2983 favore
1159 2946 1220 2984 se
1272 2931 1564 3000 inclinans,
1615 2940 2002 3009 supplantator

389 3019 443 3064 et
479 3012 729 3079 proditor
787 3014 982 3082 factus,
1024 3007 1256 3093 regnum
1315 3021 1516 3079 invasit
1545 3035 1601 3080 et
1657 3007 1851 3085 tenuit.
1889 3033 1998 3090 lloc

391 3105 674 3166 comperto
726 3110 901 3158 mater
938 3122 1103 3178 supra
1155 3110 1381 3165 modum
1413 3113 1660 3170 mulieris
1698 3119 1882 3175 animo
1922 3131 1998 3178 at-

393 3186 603 3243 tollitur
629 3200 684 3246 ct
715 3193 991 3267 efferatur,
1012 3216 1117 3256 nec
1145 3218 1299 3259 mora
1321 3203 1723 3277 intercedente,
1748 3212 1996 3286 Angliam

391 3291 515 3331 cum
547 3283 789 3340 exercitu
821 3289 1156 3364 ingreditur;
1212 3299 1400 3355 multis
1425 3311 1479 3358 et
1507 3305 1766 3377 gravibus
1805 3283 1999 3379 p‘reliis

391 3371 722 3444 commissis,
774 3381 941 3438 multa
972 3385 1234 3444 audacter
1270 3407 1438 3463 Opera
1468 3371 1717 3466 patravit.
1752 3371 1829 3452 Ad
1871 3397 1997 3453 ulti-

393 3473 563 3556 mum,
595 3472 720 3533 post
749 3468 1014 3538 plurimos
1058 3494 1255 3550 annos,
1296 3483 1405 3551 jam
1437 3484 1626 3540 adulto
1671 3486 1764 3542 illo
1793 3488 2002 3556 juvene

390 3548 504 3605 ﬁlio
552 3568 673 3623 suo,
726 3559 1005 3635 Stephano
1060 3548 1478 3643 etiamsubito,
1531 3594 1636 3633 nec
1687 3581 1820 3635 satis
1873 3591 2002 3636 nota

391 3649 562 3697 morte
605 3645 888 3722 defuncto,
934 3657 1106 3716 ﬁlium
1138 3679 1298 3720 suum
1356 3667 1667 3725 Heinricum
1724 3671 1781 3724 in
1830 3685 2002 3743 regno

391 3731 692 3789 constituit.

468 3823 625 3880 1155.
846 3836 898 3891 3.
1127 3845 1212 3899 19.
1433 3851 1480 3903 1.
1706 3853 1790 3908 11.

463 3916 650 3985 (Λυσι.
703 3926 924 4018 _Aquic.)
991 3937 1295 4008 Imperator
1345 3943 1688 4014 Fredericus,
1741 3949 2002 4018 preterito

396 4021 544 4066 anno
591 4015 892 4090 profectus,
932 4025 1035 4082 hoc
1064 4045 1209 4087 anno
1242 4033 1467 4091 Romam
1510 4039 1760 4108 pervenit
1817 4040 2002 4095 multis

397 4097 452 4193 in
502 4100 699 4193 itinere
737 4110 1022 4174 laboribus
1060 4124 1297 4193 attritus,
1351 4137 1406 4183 et
1446 4097 1680 4186 diversis
1730 4132 2003 4188 hostiliter

396 4187 823 4269 obsistentibus;
881 4223 1022 4278 quos
1071 4227 1265 4269 omnes
1328 4223 1434 4272 tam
1490 4221 1782 4294 sagacitate
1838 4239 2000 4294 quam

394 4281 594 4380 virtute
622 4289 690 4325 “3
739 4302 1038 4370 superavit,
1080 4312 1134 4359 et
1171 4307 1238 4360 ad
1280 4281 1618 4366 deditionecin
1669 4281 2002 4385 atque-sub-

2095 477 2326 532 ecclesie
2348 478 2519 534 sancti
2543 479 2683 534 Petri
2719 487 2958 537 armatus
3003 484 3488 555 circumdederat;
3548 491 3743 549 donec

2093 571 2353 626 omnibus
2384 572 2616 642 expletis
2647 588 2771 627 eum
2815 574 3150 645 imperatore
3192 580 3581 651 egrederetur.
3627 585 3739 639 Ro-

2096 662 2265 727 mani,
2317 668 2424 715 tam
2478 662 2686 733 pudore
2727 680 2890 736 quam
2943 666 3137 722 dolore
3177 670 3365 726 animo
3420 673 3736 740 concitato,

2096 757 2424 828 quibusdam
2482 759 2742 826 residuis,
2786 776 2926 832 quos
2984 762 3235 819 incautos
3289 779 3738 838 occupaverant,

2098 852 2417 917 interfectis,
2494 869 2616 907 cum
2689 855 3023 925 imperatore
3100 862 3573 933 congrediuntur;
3634 865 3740 919 sed

2093 954 2222 994 mox
2251 940 2306 992 in
2334 939 2519 1010 fugam
2563 942 2729 1008 versi,
2772 943 2841 996 ad
2887 944 3099 1000 Tiberis
3148 947 3367 1004 alveum
3412 962 3728 1026 coguntur.

2095 1028 2291 1091 Quanti
2327 1028 2381 1081 in
2437 1045 2737 1103 congressu
2777 1032 3104 1098 ceciderint,
3143 1038 3341 1107 quanti
3391 1039 3448 1092 in
3483 1039 3723 1098 flumine

2094 1118 2366 1174 submersi
2414 1120 2542 1186 sint,
2587 1122 2808 1192 scriptis
2837 1125 3181 1182 committere
3227 1145 3339 1185 non
3371 1133 3578 1188 audeo.
3611 1135 3730 1189 Im-

2102 1216 2324 1277 perator
2367 1209 2544 1265 victor
2572 1212 2898 1285 regreditur.
2963 1215 3145 1270 Floret
3171 1218 3490 1289 imperium,
3520 1231 3576 1278 et
3616 1224 3736 1280 do-

2101 1298 2285 1353 minus
2335 1315 2517 1354 rerum
2567 1301 2823 1356 sublimis
2863 1304 3148 1361 attollitur.
3184 1308 3365 1365 Multis
3398 1314 3564 1367 annis
3615 1323 3736 1370 ste-

2102 1386 2304 1441 rilitate
2335 1394 2479 1442 terre
2533 1399 2590 1443 et
2639 1391 3075 1447 necessariorum
3104 1398 3336 1464 penuria
3376 1399 3544 1456 nobis
3571 1402 3741 1460 labo—

2103 1482 2371 1549 rantibus,
2403 1483 2511 1538 hoc
2558 1499 2702 1538 anno
2729 1485 2908 1542 tritico
2948 1489 3177 1546 omnino
3205 1492 3526 1564 deﬁciente,
3558 1497 3614 1552 in
3652 1501 3740 1554 ul-

2105 1577 2232 1631 timo
2290 1577 2629 1644 discrimine,
2676 1580 2809 1650 quid
2849 1582 3124 1654 agendum
3175 1597 3342 1653 esset,
3396 1589 3488 1643 vix
3550 1593 3737 1649 anxiis

2029 1698 2078 1766 Β
2102 1669 2278 1740 potuit
2307 1684 2612 1726 occurrere.
2678 1673 2735 1766 l-n
2770 1673 2873 1728 hoc
2906 1682 3088 1730 tamen
3145 1679 3212 1731 ad
3255 1680 3512 1736 ultimum
3572 1686 3731 1741 stetit

2101 1759 2396 1825 sententia,
2426 1766 2483 1813 ut
2505 1761 2741 1830 pecunia
2780 1770 2972 1818 mutuo
3003 1766 3306 1822 amicorum
3339 1769 3450 1825 ﬁde
3481 1781 3726 1844 sumpta,

2101 1862 2412 1902 emeremus
2461 1848 2630 1902 victui
2684 1852 3012 1906 necessaria.
3062 1853 3306 1911 Misimus
3346 1873 3481 1933 ergo
3529 1861 3734 1918 fratres

2103 1944 2319 1993 nostros
2342 1938 2396 1992 in
2429 1939 2590 1992 aliam
2647 1941 2952 2015 regionem,
2989 1946 3083 2016 qui
3139 1947 3375 2004 sollicite
3406 1951 3723 2020 injunctum

2104 2029 2384 2104 negotium
2407 2039 2802 2104 exsequuntur,
2836 2043 2890 2089 et
2915 2051 3168 2094 remenso
3199 2039 3424 2107 itinere,
3468 2056 3730 2103 ornerata

2103 2136 2242 2175 nave
2282 2121 2387 2176 iter
2415 2131 2704 2193 carpentes
2743 2126 2810 2180 ad
2840 2127 3070 2196 opidum
3101 2130 3473 2188 Aldenardum
3517 2137 3729 2194 dictum

2100 2219 2490 2278 pervenerunt.
2524 2211 2612 2266 Est
2636 2212 2711 2266 ibi
2742 2213 2918 2280 locus,
2953 2215 3007 2269 in
3039 2233 3148 2288 quo
3188 2220 3514 2277 molendina
3545 2234 3600 2281 et
3629 2242 3724 2282 ca-

2099 2303 2326 2365 tarecte,
2361 2315 2467 2370 que
2507 2317 2771 2372 aquarum
2813 2305 3104 2361 transitum
3131 2309 3443 2380 suscipiunt
3492 2321 3549 2369 et
3598 2317 3734 2370 red-

2070 2422 2072 2424 τ
2104 2389 2261 2456 dunt,
2292 2391 2366 2445 ita
2409 2403 2702 2465 angustum
2760 2401 2816 2450 et
2855 2397 3227 2466 periculosum
3267 2401 3516 2460 efﬁciunt
3544 2406 3728 2476 ipsum

2105 2483 2307 2549 locum,
2349 2489 2407 2538 ut
2433 2484 2587 2540 navis
2641 2493 2825 2541 nostra
2884 2489 3199 2559 transitura,
3261 2491 3592 2551 ﬁrmissimis
3641 2498 3733 2554 fu-

2101 2573 2268 2629 nibus
2294 2573 2543 2644 ligaturis
2573 2575 2714 2644 posti
2743 2576 2967 2632 astricta
3001 2585 3308 2648 teneretur,
3341 2583 3520 2640 donec
3547 2586 3727 2657 ipsam

2099 2666 2363 2722 caribdim
2423 2665 2682 2721 evaderet
2728 2669 3182 2738 etpertransiret.
3228 2672 3367 2748 Ergo
3393 2681 3542 2730 tanta
3597 2694 3733 2732 cau-

2099 2756 2226 2822 tela,
2253 2761 2405 2810 tanto
2427 2755 2721 2810 conamine
2772 2756 2928 2811 navis
2966 2758 3035 2811 ad
3069 2758 3218 2814 illam
3274 2763 3595 2836 voraginem
3659 2775 3715 2821 et

2101 2851 2424 2922 precipitem
2478 2865 2697 2906 cursum
2752 2867 2895 2922 aque
2945 2851 3234 2908 frementis
3282 2855 3541 2924 adducta,
3605 2859 3722 2916 imo

2101 2941 2356 3013 impulsa,
2401 2940 2458 2994 in
2511 2941 2698 2996 medio
2740 2940 2953 2998 fervore
3009 2943 3191 2998 insani
3219 2955 3367 3000 estus
3393 2948 3508 3003 suis
3541 2953 3724 3020 presi-

2100 3032 2209 3086 diis
2257 3031 2590 3086 destituitur.
2648 3031 2948 3088 Solvuntur
3006 3035 3328 3104 retinacula,
3392 3051 3731 3110 rumpuntur

2099 3121 2280 3189 funes,
2313 3120 2604 3192 omnisque
2635 3132 2865 3177 conatus
2895 3121 3204 3178 frustratur.
3251 3124 3414 3180 Navis
3453 3130 3716 3200 precipiti

2100 3225 2262 3265 cursu
2316 3210 2542 3265 violenti
2584 3211 2763 3266 amnis
2813 3219 2988 3282 rapta,
3044 3228 3192 3267 nunc
3248 3229 3463 3269 sursum
3524 3217 3731 3288 ejecta,

2101 3297 2321 3354 nuncin
2353 3297 2464 3352 imo
2495 3297 2835 3368 precipitata,
2868 3299 3088 3354 tandem
3117 3300 3184 3354 ad
3222 3310 3448 3371 pontem
3470 3305 3565 3374 qui
3599 3322 3734 3376 pro-

2102 3393 2276 3448 ximus
2298 3399 2432 3459 erat,
2457 3391 2728 3447 undarum
2752 3393 3116 3449 concursione
3144 3403 3198 3450 et
3220 3396 3463 3453 violenta
3480 3414 3725 3456 concus-

2101 3485 2259 3540 sione
2287 3485 2566 3556 propulsa,
2593 3483 2823 3558 impegit
2850 3484 2904 3538 in
2939 3492 3150 3556 postem
3175 3487 3391 3544 ﬁrmum
3418 3497 3476 3545 et
3500 3490 3726 3560 fortem,

2103 3576 2552 3648 quisustentabat
2571 3583 2824 3647 pontem;
2856 3592 3023 3648 quem
3041 3581 3572 3656 pontemconfregit,
3601 3583 3723 3654 ipsa

2105 3667 2316 3722 nullum
2362 3665 2714 3737 dispendium
2768 3683 2928 3736 passa
2984 3667 3158 3723 libero
3218 3675 3271 3724 et
3327 3686 3522 3726 securo
3553 3688 3723 3728 cursu

2107 3755 2442 3826 pertransiit.
2485 3753 2625 3820 Quid
2656 3754 2726 3808 ad
2765 3755 2870 3810 hoc
2921 3755 3214 3812 dicemus?
3254 3757 3499 3834 largitori
3543 3760 3726 3818 bono-

2108 3864 2226 3903 rum
2275 3848 2521 3903 omnium
2576 3847 2779 3923 gratias
2837 3863 3080 3922 agamus.
3139 3849 3320 3921 (Ibid)
3377 3853 3712 3910 Godefridns

2100 3943 2308 4012 junior,
2367 3943 2474 3996 dux
2539 3941 2924 4015 Lotharingite,
2982 3941 3150 3997 ﬁliam
3211 3944 3448 4001 Heinrici
3504 3951 3732 4005 comitis

2104 4037 2528 4112 Lemburgensis
2568 4037 2622 4091 in
2665 4038 2922 4113 conjugio
2953 4039 3181 4094 sortitus
3229 4047 3351 4106 est;
3414 4058 3514 4114 per
3577 4047 3730 4116 quod

2102 4131 2322 4186 tandem
2381 4129 2548 4185 rebus
2577 4129 2834 4185 omnibus
2869 4145 3002 4200 pace
3043 4131 3386 4202 compositis,
3432 4136 3724 4194 contentio

2102 4224 2268 4298 longo
2301 4229 2549 4294 tempore
2582 4229 2878 4292 protracta,
2931 4238 2994 4278 ea
3041 4224 3363 4279 conditione
3425 4224 3579 4282 ﬁnita
3619 4235 3726 4290 est.

2103 4323 2162 4368 ut
2193 4310 2520 4366 Godefridns
2558 4309 2943 4365 conﬁrmatum
2983 4311 3087 4365 sibi
3135 4312 3418 4378 ducatum,
3461 4314 3581 4370 sine
3613 4317 3728 4372 ulla

389 4371 689 4440 jectionem
739 4391 1045 4461 compulit;
1081 4395 1342 4453 Romanis
1386 4371 2001 4474 principibus.manda-
2027 4390 2556 4468 Dcontradictione,
2600 4401 2942 4457 advocatiam
2976 4403 3150 4458 sancti
3198 4403 3491 4472 Trudonis,
3526 4409 3730 4463 castel-

397 4467 492 4535 vit,
521 4478 580 4527 ut
605 4488 728 4531 eum
763 4495 887 4536 cum
920 4499 1054 4555 pace
1083 4489 1450 4560 susciperent,
1506 4501 1560 4547 et
1603 4493 2006 4564 subjectionem

397 4575 508 4616 non
532 4580 817 4641 negarent.
852 4576 1006 4641 Quod
1044 4579 1122 4635 illi
1151 4584 1387 4653 pecunie
1428 4584 1702 4642 inhiantes
1728 4595 2008 4642 contuma-
2036 4569 2054 4588 ’

397 4653 534 4710 citer
557 4675 922 4735 rennuerunt,
953 4670 1228 4740 dicentes,
1274 4674 1422 4746 quod
1454 4674 1560 4730 nisi
1599 4676 1667 4730 ad
1716 4693 1852 4748 quas
1893 4677 2007 4732 vel-

399 4745 513 4804 lent
537 4753 886 4814 conditiones
912 4745 1311 4836 acquiesceret,
1369 4768 1519 4840 ipsos
1565 4785 1676 4825 non
1705 4770 2003 4839 subjectos,

300 4859 303 4862 ·
392 4841 492 4894 sed
518 4841 703 4901 hostes
740 4851 988 4908 sentiret.
1032 4856 1332 4928 imperator
1359 4876 1581 4932 semper
1625 4877 1814 4918 eorum
1858 4864 2008 4919 inex-

395 4935 603 5006 pletam
647 4945 937 5001 avariciam
992 4965 1278 5022 respuens,
1311 4954 1538 5010 Romam
1584 4963 1790 5011 armata
1838 4973 2006 5016 manu

396 5028 750 5104 ingreditur:
789 5049 986 5106 papam
1043 5039 1340 5097 Adrianum
1402 5046 1640 5100 amicum
1698 5054 1753 5101 et
1813 5055 2002 5118 aptum

397 5126 506 5182 sibi
538 5126 850 5197 inveniens,
884 5131 939 5186 in
967 5134 1200 5190 ecclesia
1229 5140 1401 5194 sancti
1441 5139 1590 5196 Petri
1621 5139 2013 5198 benedictione

399 5221 756 5280 conﬁrmatur
806 5232 863 5282 et
909 5236 1222 5285 coronatur.
1273 5233 1489 5289 Interim
1551 5237 1824 5291 exercitus
1867 5239 2007 5305 ejus,

2111 4498 2221 4552 lum
2266 4494 2417 4549 Rede
2465 4494 2734 4560 obtineat,
2782 4500 2945 4566 atque
2999 4494 3269 4562 omnium,
3325 4513 3435 4568 que
3476 4499 3733 4568 possidet

2108 4591 2252 4645 idem
2285 4603 2494 4652 comes,
2527 4594 2650 4658 post
2688 4587 2974 4642 decessum
3033 4587 3154 4656 ejus
3193 4590 3547 4646 medietatem
3583 4593 3730 4647 acci-

2110 4682 2289 4752 piens,
2311 4678 2642 4735 hereditario
2667 4678 2792 4747 jure
2828 4694 3115 4735 successor
3164 4679 3274 4736 ﬁat.
3320 4683 3594 4740 Arnoldus
3627 4685 3736 4741 he-

2111 4771 2313 4828 reticus
2339 4776 2392 4825 et
2421 4767 2765 4824 scismaticus
2795 4767 2865 4822 de
2931 4767 3126 4824 Brixia.
3181 4770 3490 4842 discipulus
3551 4774 3737 4849 magi-

2107 4860 2202 4914 stri
2231 4860 2372 4916 Petri
2401 4858 2664 4923 Abailart,
2697 4874 2726 4912 a
2766 4857 3014 4930 quinque
3044 4860 3372 4930 apostolicis
3402 4877 3731 4918 excommu-

2109 4953 2348 5007 nicatur:
2380 4951 2601 5005 tandem
2625 4950 2726 5004 sub
2777 4949 3014 5005 Adriano
3068 4967 3208 5022 papa
3251 4952 3451 5025 laqueo
3484 4971 3732 5026 SIJSpen-

2108 5044 2276 5109 ditur,
2321 5058 2520 5113 corpus
2550 5043 2829 5115 cjus_igne
2860 5051 3137 5098 crematur
3163 5050 3216 5099 et
3260 5045 3536 5101 combusti
3569 5046 3733 5102 cinc-

2119 5149 2203 5188 rcs
2232 5133 2288 5187 in
2313 5131 2550 5187 Tiberim
2578 5131 2964 5202 projiciuntur.

1748 5346 1968 5403 VARIIE
2000 5348 2368 5404 LECTIONES.

469 5437 539 5471 ⁸⁸⁸
565 5453 660 5494 sea:
696 5443 907 5510 priores
939 5443 1103 5514 hujus
1128 5449 1272 5501 uocis
1319 5449 1527 5521 litteras
1556 5452 1615 5503 in
1643 5452 1822 5506 codice
1847 5455 2014 5508 erasit
2051 5455 2304 5517 Mimas;
2349 5453 2689 5507 restituimus
2717 5467 2806 5506 eas
2850 5467 2917 5505 ea:
2958 5451 3234 5516 Alberico,
3270 5451 3424 5521 cujus
3455 5453 3734 5508 lectionem

1958 5593 2162 5649 NOTAE.

399 5508 717 5578 conjecturd
744 5508 1026 5570 assecutus
1040 5521 1155 5571 erat
1196 5519 1256 5573 V.
1291 5522 1354 5574 D.
1383 5520 1505 5574 Car.
1541 5521 1849 5590 Grotefend.

477 5647 620 5718 (395)
645 5650 787 5708 Obiit
817 5672 866 5710 a.
897 5657 1053 5713 1180.
