3894 6070
144 255 245 311 289

215 375 378 430 1156.
521 375 584 428 Β.
620 375 672 427 4.
806 374 861 430 F.
900 375 989 427 20.
1104 375 1162 426 A:
1194 374 1250 426 2.
1363 373 1422 427 H.
1467 374 1545 426 12.

215 463 548 521 Fredericus
581 465 881 535 imperator
923 463 1133 533 judicio
1177 470 1230 517 et
1278 463 1511 518 consilio
1544 461 1759 531 episco-

147 574 343 629 porum
372 565 427 613 et
453 557 924 628 archiepiscorum
979 556 1167 610 relicta
1223 571 1392 610 uxore
1459 570 1577 621 sua,
1609 552 1761 608 duxit

150 647 316 702 ﬁliam
341 649 563 704 comitis
587 645 1066 720 Burgundionum,
1121 645 1370 700 Reinaldi
1414 645 1658 710 nomine,
1693 645 1762 699 de

149 744 292 798 ultra
313 742 550 798 Saonam
583 759 597 807 ;
631 756 794 812 quam
821 745 1045 809 patruus
1083 754 1213 792 suus
1235 737 1763 792 comesWilhelmus

151 842 267 891 arta
326 834 492 889 turris
529 833 778 889 custodia
834 831 928 886 diu
973 830 1212 886 clausam
1250 836 1525 896 tenuerat,
1556 835 1615 883 ut
1643 844 1763 884 eam

151 925 413 997 perderet
432 931 486 978 et
515 923 876 978 hereditatem
907 922 1028 990 ejus
1041 920 1419 976 fraudulenter
1441 920 1763 990 preriperet;

152 1015 248 1070 sed
278 1015 396 1069 Deo
429 1014 723 1067 miserante
754 1012 823 1065 de
863 1011 1119 1064 manibus
1151 1011 1273 1078 ejus
1312 1008 1564 1074 liberata,
1588 1009 1764 1079 impe-

158 1109 318 1165 ratori
349 1109 408 1163 in
439 1107 756 1178 conjugium
795 1105 1053 1176 COpulata
1090 1111 1188 1159 est.
1251 1104 1536 1159 Heinricus
1577 1104 1769 1172 junior

158 1214 248 1252 rex
263 1197 591 1270 Anglorum,
619 1194 919 1250 exercitum
944 1195 1229 1264 copiosum
1275 1201 1330 1248 et
1357 1209 1617 1266 magnum
1638 1193 1767 1247 belli

159 1297 484 1360 apparatum
512 1302 676 1359 quem
696 1293 1057 1357 pr0posuerat
1083 1287 1285 1341 ducere
1336 1286 1392 1339 in
1431 1286 1769 1353 Hiberniam,

158 1390 215 1436 ut
239 1397 363 1436 eam
399 1395 502 1435 suo
534 1379 783 1436 dominio
835 1379 1176 1453 subjugaret,
1234 1378 1566 1450 fratremque
1611 1396 1770 1435 suum

163 1473 398 1528 consilio
446 1471 835 1542 episc0porum
898 1476 952 1525 et
1004 1470 1384 1544 religiosorum
1432 1471 1770 1525 virorumilli

163 1562 342 1616 insule
375 1577 562 1635 regem
595 1560 979 1625 constitueret,
1039 1559 1311 1614 convertit
1367 1566 1557 1615 contra
1588 1576 1773 1634 regem

1101 250 1442 306 CIIRONICA.
1485 279 1551 288 —
1593 245 1969 302 AUCTARIUM
2011 242 2527 298 AFFLIGEMENSE.

3369 249 3482 306 290

1788 374 1836 440 Α
1861 367 2010 420 milia
2038 367 2105 420 de
2136 365 2252 420 suis
2279 365 2600 430 amiserant,
2659 381 2854 439 magna
2890 366 3150 421 instantia
3183 374 3236 422 et
3260 368 3484 423 fortitu‘

1863 458 1993 512 dine
2026 463 2362 527 superatum,
2389 456 2580 526 positis
2610 457 2746 511 ineo
2776 457 3044 511 militibus
3061 458 3317 515 obtinuit.
3350 461 3482 515 Inde

1861 550 2007 604 circa
2048 549 2230 603 natale
2277 548 2492 604 Domini
2551 547 2895 603 Antiochiam
2950 551 3204 616 veniens,
3247 551 3357 606 duo
3396 568 3488 606 ca-

1861 643 2020 698 stella
2041 642 2251 697 Harenc
2267 650 2322 697 et
2350 643 2534 696 Femie
2567 642 2878 714 acquisivit,
2910 644 3131 698 tertium
3171 645 3482 710 destruxit;

1864 743 1920 789 et
1947 750 2301 805 quocumque
2336 734 2598 805 princeps
2631 735 2805 804 ipsius
2837 735 3176 790 Raimundus
3205 737 3484 792 iucuriaet

1864 826 2126 882 insolenti
2183 827 2492 881 temeritate
2547 826 2834 894 amiserat,
2894 827 3081 882 Turcis
3143 829 3484 884 irruentibus

1869 937 1991 975 cum
2023 921 2260 974 maxima
2287 927 2438 991 parte
2487 921 2762 977 exercitus
2814 921 2896 977 sui
2925 922 3159 987 occisus,
3203 923 3323 994 ipse
3354 923 3490 978 viri-

1869 1013 1995 1067 liter
2023 1028 2193 1086 agens
2217 1013 2580 1084 recuperavit.
2627 1013 2834 1068 Deinde
2879 1030 3203 1088 progressus
3261 1013 3316 1069 in
3343 1015 3490 1071 ulte-

1870 1103 2036 1168 riora,
2094 1103 2378 1158 Cesaream
2452 1103 2795 1174 Cappadocie
2875 1106 3116 1171 obsidet,
3191 1106 3484 1162 obsessam

1872 1200 2065 1263 quarto
2085 1192 2175 1246 die
2207 1192 2376 1262 cepit,
2411 1199 2464 1246 et
2494 1192 2624 1261 quia
2654 1194 2895 1248 retinere
2918 1209 3028 1248 non
3053 1195 3251 1264 potuit,
3285 1201 3479 1266 utpote

1873 1302 1902 1339 a
1933 1285 2133 1341 nostris
2191 1288 2353 1360 longe
2401 1286 2656 1357 positam,
2715 1287 3024 1354 dextruxit;
3061 1295 3115 1342 et
3172 1288 3252 1344 sic
3306 1288 3493 1344 omnia

1875 1392 2137 1447 prospere
2167 1393 2358 1450 agens,
2383 1378 2451 1431 ad
2477 1393 2608 1433 suos
2638 1377 3052 1434 llierosolimam
3120 1396 3243 1435 cum
3289 1394 3490 1455 magna

1875 1468 2052 1542 gloria
2107 1474 2161 1522 et
2214 1468 2418 1543 gaudio
2467 1469 2891 1525 christianorum
2951 1486 3222 1536 reversus,
3282 1471 3491 1526 ibidem

1878 1558 2105 1613 biennio
2153 1568 2525 1614 commoratus
2578 1569 2679 1615 est.
2741 1561 2883 1616 Uxor
2923 1561 3040 1632 ejus
3069 1562 3332 1616 Bethanie
3361 1563 3496 1617 reli-

163 1647 496 1704 Francorum
523 1649 658 1711 :hac
692 1648 902 1703 scilicet
933 1649 1003 1703 de
1042 1663 1226 1714 causa,
1245 1647 1374 1718 quia
1402 1663 1626 1703 uxorem
1657 1649 1778 1717 ejus
1809 1717 1844 1720 _
1877 1646 2062 1720 gionis
2085 1645 2332 1701 habitum
2373 1647 2639 1718 suscepit.
2691 1648 3083 1703 Brandeburch
3115 1651 3401 1704 castellum
3443 1651 3496 1704 in

164 1737 230 1791 ab
300 1753 370 1793 eo
433 1737 678 1792 relictam
738 1737 792 1790 in
852 1737 1261 1790 matrimonium
1317 1737 1569 1802 duxerat,
1627 1717 2025 1804 cujutherra
2083 1741 2401 1798 Sclavorum
2460 1752 2608 1798 trans
2667 1743 2871 1811 Albim,
2924 1760 3021 1815 per
3078 1746 3228 1815 quod
3276 1745 3498 1819 pagani,

165 1826 563 1897 patrimonium
623 1824 755 1879 satis
804 1841 1066 1900 magnum
1118 1832 1174 1880 et
1221 1825 1488 1896 amplum,
1521 1825 1780 1880 ducatum

165 1915 381 1969 scilicet
411 1914 703 1984 Aquitanie
733 1920 788 1967 et
840 1913 1027 1967 omnia
1076 1913 1181 1984 ipsi
1239 1913 1604 1984 subjacentia,
1653 1930 1783 1988 rege

169 2003 612 2063 contradicente,
670 2001 956 2072 possidere
1010 2001 1403 2057 contendebat.
1447 2002 1579 2058 Inde
1603 2003 1788 2075 gravis

170 2107 221 2152 et
249 2096 416 2167 longa
432 2094 715 2150 contentio
745 2095 887 2147 inter
919 2109 1016 2148 eos
1045 2103 1233 2149 exorta
1260 2103 1364 2161 est,
1397 2096 1470 2149 ita
1499 2104 1558 2149 ut
1587 2095 1642 2149 in
1665 2111 1790 2165 par-

172 2189 317 2243 tibus
341 2187 632 2258 utriusque
660 2188 813 2258 regni
852 2185 1174 2240 viderentur
1217 2186 1383 2240 urbes
1406 2186 1634 2253 destrui,
1662 2187 1790 2242 ville

172 2290 222 2334 et
250 2279 424 2350 Opida
473 2277 728 2343 cremari,
774 2276 1091 2342 homicidia,
1145 2277 1574 2347 depredationes
1605 2294 1785 2332 rerum

173 2373 427 2426 omnium
461 2370 733 2424 violenter
763 2368 901 2431 fieri,
922 2374 976 2422 et
1003 2385 1034 2422 a
1063 2369 1325 2439 Pyreneis
1345 2370 1628 2424 montibus
1643 2385 1786 2440 pene

174 2467 238 2521 ad
264 2466 408 2520 ﬁnes
429 2464 686 2519 Flandrie
717 2465 820 2519 hoc
849 2463 1053 2518 malum
1094 2464 1249 2535 quasi
1282 2465 1454 2534 pestis
1467 2466 1792 2537 gravissima

177 2560 608 2618 intolerabiliter
632 2559 890 2633 grassari.

249 2652 410 2706 1157.
561 2651 596 2704 5
837 2651 925 2706 21.
1148 2650 1199 2706 3.
1417 2651 1506 2707 43.

248 2744 630 2800 Theodericus
655 2759 842 2800 comes
869 2744 1142 2814 Flandrie,
1164 2745 1278 2814 jam
1306 2745 1469 2801 tertio
1518 2746 1798 2816 profectus

183 2854 304 2893 cum
341 2835 673 2908 quibusdam
724 2836 1068 2907 principibus
1108 2843 1254 2892 terre
1281 2853 1402 2905 sue,
1445 2837 1607 2893 ducta
1633 2839 1798 2893 etiam

183 2944 354 2984 uxore
376 2944 478 2983 sua
531 2927 649 2983 zelo
690 2928 783 2999 pio
832 2929 1145 2985 devotionis
1193 2945 1444 2997 accensa,
1498 2946 1621 2985 cum
1656 2948 1798 3002 qua-

1883 1830 2216 1886 christianos
2267 1832 2504 1903 graviter
2556 1831 2900 1907 affligebant,
2959 1834 3209 1888 Albertus
3259 1835 3504 1890 marchio

1886 1937 2074 1977 comes
2119 1923 2179 1977 in
2209 1923 2446 1978 Saxonia
2502 1925 2742 1989 obsedit,
2776 1927 2946 1996 cepit,
2999 1927 3308 1997 positisque
3349 1926 3405 1980 in
3437 1941 3504 1981 eo

1888 2010 2155 2065 militibus
2185 2011 2406 2067 Sclavos
2439 2012 2768 2078 humiliavit,
2795 2030 2857 2068 ac
2897 2029 2996 2084 per
3027 2015 3128 2069 hoc
3172 2015 3504 2069 christianos

1891 2101 2031 2156 ﬁnes
2057 2103 2290 2158 multum
2317 2103 2581 2158 dilatavit.
2603 2104 3494 2175 Fredericusimperatorsecundo

1893 2193 1949 2247 in
1983 2195 2214 2261 Italiam,
2247 2195 2467 2266 plenius
2509 2212 2630 2250 eam
2679 2197 3092 2271 subjugaturus,
3126 2199 3297 2253 movit
3335 2214 3498 2253 exer-

1891 2282 2059 2337 citum
2092 2300 2212 2338 cum
2255 2285 2395 2340 duce
2436 2286 2698 2340 Bohemie
2730 2294 2787 2341 et
2810 2287 3009 2341 ceteris
3043 2287 3196 2360 regni
3231 2287 3316 2342 sui
3351 2288 3504 2357 prin-

1887 2373 2108 2444 cipibus
2151 2376 2314 2446 (397).
2377 2377 2679 2432 Cenobium
2733 2378 3151 2444 Gemblacense,
3205 2380 3352 2450 quod
3384 2386 3511 2434 ante

1891 2480 2066 2519 annos
2095 2466 2313 2521 circiter
2330 2465 2399 2520 ‘20
2430 2483 2757 2523 succensum
2795 2469 2935 2538 (398)
2966 2469 3064 2524 sed
3097 2469 3190 2523 Dei
3215 2470 3514 2525 clementia

1893 2561 1948 2620 et
2004 2555 2280 2629 suffragiis
2334 2564 2647 2614 sanctorum
2716 2575 2949 2631 quorum
2988 2560 3227 2632 reliquie
3291 2561 3346 2614 in
3417 2561 3509 2615 illa

1897 2647 2251 2703 continentur
2272 2650 2528 2717 ecclesia,
2565 2651 2726 2721 aquis
2773 2653 2841 2706 de
2887 2652 3042 2707 alveo
3070 2652 3236 2707 vicini
3266 2651 3512 2707 ﬂuminis

1899 2739 2128 2793 elevatis
2155 2747 2210 2794 et
2239 2741 2574 2796 monasterio
2614 2741 2926 2812 superfusis
2958 2733 3504 2808 restinctum,modo

1903 2829 1995 2885 tali
2046 2830 2286 2901 presidio
2340 2832 2682 2900 destitutum,
2727 2836 2946 2890 occulto
2987 2836 3080 2890 Dei
3123 2835 3334 2906 judicio
3394 2851 3517 2891 cum

1904 2923 2690 2980 claustroetceterisofﬁcinis
2746 2933 2973 2997 totoque
3022 2925 3230 2998 Oppido
3288 2927 3517 2982 combu-

183 3019 499 3094 dringentis
524 3017 796 3072 militibus
826 3024 880 3073 et
904 3019 1128 3088 copioso
1161 3019 1294 3073 belli
1330 3028 1593 3089 apparatu
1613 3019 1805 3076 Hiero-
1838 3083 1876 3094 Α
1905 3022 2046 3072 stum
2071 3023 2172 3073 est.

185 3083 466 3173 soliEiam,
499 3107 785 3177 Philippus
826 3083 986 3160 filius
1007 3106 1127 3175 ejus
1158 3083 1475 3162 comitatum
1515 3109 1802 3178 suscepit;
1831 3083 1880 3151 C
1975 3106 2135 3160 1158.
2341 3108 2392 3162 6.

187 3218 353 3273 quem
375 3200 616 3268 justicia,
640 3198 900 3253 fortitudo
931 3204 985 3252 et
1014 3198 1319 3253 liberalitas
1353 3199 1614 3254 omnibus
1644 3200 1805 3255 bonis

191 3292 531 3346 laudabilem
565 3290 922 3345 etamabilem
981 3288 1127 3344 fecit.
1191 3291 1360 3355 Quam
1402 3291 1546 3362 (396)
1577 3307 1642 3346 ea
1663 3299 1806 3347 tem-

195 3391 409 3451 pestate
435 3383 492 3436 in
523 3389 671 3437 tanta
699 3382 1113 3452 perturbatione
1135 3389 1190 3437 et
1232 3383 1622 3453 desperatione
1651 3385 1808 3439 inve—

196 3477 295 3543 nit,
353 3484 415 3529 ut
469 3475 582 3544 jam
636 3474 892 3528 timerent
934 3489 992 3528 se
1039 3473 1245 3528 ﬁnibus
1275 3475 1390 3528 suis
1436 3476 1656 3546 expelli,
1692 3476 1811 3531 loca

194 3574 389 3620 sancta
415 3564 676 3636 gentibus
694 3564 1116 3635 prOphananda,
1141 3571 1420 3635 totamque
1457 3571 1655 3619 terram
1691 3581 1812 3636 pos-

197 3659 494 3715 sidendam
525 3657 785 3728 relinqui.
820 3657 1059 3712 Noradin
1091 3657 1260 3724 enim,
1317 3657 1604 3730 Sanguinii
1643 3658 1808 3721 ﬁlius,

198 3755 363 3818 rupto
396 3746 550 3818 pacis
583 3745 788 3800 fcedere
832 3746 1010 3816 primo
1055 3747 1369 3816 improvisis
1394 3749 1810 3818 superveniens,

195 3842 275 3895 eis
316 3854 655 3912 congressus
683 3839 982 3908 superavit.
1018 3839 1272 3895 Secundo
1302 3841 1359 3894 in
1388 3841 1576 3911 vigilia
1620 3849 1812 3912 pente-

192 3939 380 3986 costes
400 3927 792 4001 congrediens,
827 3927 939 3981 fere
1001 3935 1288 3982 sexcentos
1321 3928 1375 3981 in
1403 3930 1650 4004 exercitu
1685 3945 1812 4000 pro-

196 4023 383 4085 batos,
418 4018 687 4090 quosdam
716 4019 928 4088 templi,
955 4020 1224 4089 quosdam
1251 4020 1396 4092 regis
1411 4020 1613 4075 milites
1643 4021 1812 4091 cepit,

196 4111 428 4172 occidit,
467 4123 652 4183 regem
686 4108 772 4162 vix
819 4108 946 4181 fuga
1003 4109 1250 4177 elapsum
1280 4115 1604 4179 ceterosque
1630 4109 1685 4163 in
1727 4125 1822 4164 ca-

200 4211 378 4257 strum
403 4198 627 4252 Belinas
689 4197 927 4268 impulit,
981 4203 1315 4268 terramque,
1345 4213 1522 4268 usque
1552 4198 1824 4252 maritima

200 4289 363 4344 nullo
389 4286 681 4340 resistente
705 4283 1089 4358 prOgrediens,
1120 4286 1288 4339 multa
1319 4300 1384 4339 ex
1405 4285 1541 4339 cede
1572 4287 1803 4341 vastavit

2577 3109 2666 3162 22.
2877 3111 2932 3164 4.
3151 3112 3237 3164 14.

1975 3195 2268 3252 Frederico
2300 3197 2630 3268 imperatore
2674 3200 2732 3252 iu
2764 3199 2918 3253 Italia
2961 3200 3158 3269 posito,
3200 3201 3516 3256 civitatibus

1906 3295 1962 3342 et
2007 3290 2234 3345 urbibus
2297 3292 2556 3358 subactis,
2613 3293 2806 3359 duces,
2857 3295 3087 3348 comites
3136 3301 3189 3348 et
3252 3295 3532 3366 principes

1911 3387 2056 3435 terre
2087 3382 2155 3435 ad
2191 3398 2317 3437 eum
2353 3385 2550 3453 partim
2603 3385 2799 3439 timore
2844 3384 3039 3454 partim
3082 3401 3271 3439 amore
3320 3401 3522 3440 conve-

1913 3477 2131 3536 nerunt,
2166 3470 2407 3525 debitam
2435 3472 2485 3525 ei
2543 3471 2945 3541 subjectionem
2990 3479 3042 3525 et
3092 3472 3453 3526 reverentiam
3478 3473 3529 3527 ei

1914 3562 2283 3617 exhibuerunt
2314 3563 2480 3632 (Aug.
2512 3564 2588 3629 6)
2615 3562 2861 3633 exceptis
2879 3559 3405 3630 Mediolanensibus,
3431 3563 3525 3632 qui

1913 3652 2053 3707 sicut
2079 3653 2573 3724 predecessoribus
2622 3654 2763 3722 ejus,
2813 3653 2886 3705 ita
2910 3651 3016 3721 ipsi
3047 3668 3268 3724 quoque
3293 3653 3531 3708 rebelles

1915 3745 2227 3799 extiterunt.
2285 3746 2404 3816 Ipse
2459 3746 2668 3815 absque
2733 3743 2844 3798 ulla
2893 3742 3155 3798 dilatione
3235 3760 3334 3799 sua
3397 3759 3532 3798 usus

1915 3836 2242 3902 constantia,
2272 3837 2552 3892 civitatem
2611 3834 2850 3899 obsedit,
2883 3843 2939 3889 et
3014 3834 3265 3906 quamvis
3294 3835 3525 3890 interius

1915 3924 2202 3989 haberent,
2251 3932 2310 3980 ut
2351 3925 2569 3990 dicitur,
2623 3924 2693 3980 60
2744 3923 2897 3977 milia
2963 3931 3317 3990 armatorum,
3351 3924 3529 3994 primo

1922 4024 2110 4072 tamen
2138 4027 2192 4074 et
2215 4018 2462 4072 secundo
2493 4032 2800 4091 congressu
2823 4015 2993 4070 multa
3021 4022 3200 4089 strage
3225 4015 3543 4071 humiliatos

1925 4107 1991 4160 ad
2020 4106 2363 4162 deditionem
2420 4105 2708 4176 compulit,
2755 4114 2815 4160 ut
2879 4104 2984 4158 200
3042 4104 3111 4159 de
3176 4103 3543 4159 nobilioribus

1925 4198 2161 4253 civitatis
2183 4199 2334 4269 pacis
2370 4197 2596 4254 obsides
2627 4198 2847 4264 darent,
2877 4204 2931 4252 et
2961 4212 3368 4267 quamcumque
3409 4210 3544 4251 con-

1927 4293 2189 4349 ditionem
2229 4294 2332 4348 sibi
2359 4293 2426 4347 ab
2461 4307 2526 4347 eo
2557 4291 2868 4363 impositam
2935 4291 3301 4360 susciperent.
3335 4290 3545 4353 Quibus

205 4383 262 4436 in
297 4389 456 4435 tanto
487 4378 683 4432 timore
716 4378 924 4447 positos
952 4378 1218 4433 Dominus
1271 4379 1491 4447 adjutor
1520 4380 1574 4433 in
1598 4388 1825 4451 Oportu-
1850 4369 1907 4439 D
1929 4381 2169 4452 acceptis
2219 4389 2274 4436 et
2330 4381 2744 4437 conditionibus
2802 4388 3142 4435 sacramento
3207 4377 3546 4432 confirmatis

204 4466 508 4534 nitatibus,
541 4465 594 4518 in
629 4464 1002 4531 tribulatione,
1033 4481 1132 4536 per
1153 4467 1410 4520 comitem
1450 4469 1827 4539 supradictum

205 4562 313 4616 hoc
340 4557 510 4614 modo
541 4557 854 4612 consolatus
885 4559 1126 4628 est.lpse
1183 4575 1424 4630 namque
1469 4561 1565 4615 Dei
1591 4561 1831 4616 conﬁsus

207 4651 512 4722 adjutorio,
545 4659 601 4705 et
628 4657 814 4705 sancte
869 4651 1049 4706 crucis
1090 4667 1220 4722 que,
1262 4653 1319 4706 in
1349 4654 1589 4708 exercitu
1611 4653 1830 4708 fereba-

209 4753 318 4810 tur,
354 4742 606 4797 munitus
633 4740 938 4813 signaculo,
971 4740 1230 4810 adjuncto
1263 4741 1369 4796 sibi
1397 4759 1527 4816 rege
1569 4743 1830 4799 audacter

209 4849 573 4909 congressus,
605 4831 842 4887 Noradin
888 4849 1012 4887 cum
1052 4833 1171 4887 suis
1211 4835 1506 4904 superavit,
1543 4843 1830 4905 superatos

211 4922 552 4989 humiliavit,
585 4920 901 4976 humiliatos
927 4921 995 4975 ad
1019 4938 1210 4991 pacem
1234 4923 1567 4992 poscendam
1600 4940 1828 4996 compu-

207 5015 290 5069 lit.
323 5010 649 5074 Castellum,
717 5009 865 5080 quod
922 5009 1094 5066 Cavea
1153 5011 1376 5078 dicitur,
1407 5015 1615 5069 nostris
1668 5015 1828 5071 valde

213 5102 500 5167 infestum,
526 5099 732 5171 quippe
753 5099 848 5168 qui
881 5115 982 5170 per
1011 5100 1148 5156 illud
1177 5101 1317 5156 intra
1347 5104 1378 5156 7
1413 5119 1588 5160 annos
1617 5104 1729 5161 fere
1759 5107 1829 5161 15

1931 4475 2093 4544 (Sept.
2144 4474 2197 4540 8)
2245 4475 2398 4545 quasi
2461 4489 2709 4539 securus,
2776 4471 3078 4527 exercitum
3137 4470 3407 4540 quosdam
3477 4469 3534 4523 in

1931 4562 2174 4632 pr0pria,
2208 4561 2476 4633 quosdam
2512 4560 2566 4614 in
2601 4558 2836 4614 hiberna
2876 4557 3082 4612 dimisit
3113 4577 3129 4623 ;
3164 4557 3284 4628 ipse
3316 4557 3370 4611 in
3391 4557 3548 4612 Italia

1930 4669 1988 4708 se
2012 4655 2280 4722 retinens,
2313 4656 2436 4725 pius
2462 4662 2516 4710 et
2550 4655 2730 4723 justus
2759 4652 2828 4706 ab
2859 4651 3116 4706 omnibus
3155 4649 3553 4722 appellatus,et

1931 4747 2210 4800 secundus
2240 4752 2364 4816 post
2411 4745 2666 4801 Karolum
2721 4744 2973 4818 Magnum
3017 4741 3230 4811 justitia
3256 4743 3545 4814 etpietate

1932 4842 2014 4890 est
2044 4835 2286 4890 habitus.
2316 4834 2541 4888 Interim
2571 4839 2754 4888 tamen
2796 4848 2894 4887 sua
2914 4831 3035 4887 ocia
3075 4832 3183 4903 piis
3215 4833 3296 4886 rei
3325 4831 3548 4904 publice

1932 4939 2241 4997 perornans
2270 4923 2537 4996 negociis,
2598 4922 2834 4978 Laudam
2904 4922 3203 4987 civitatem,
3232 4937 3397 4992 quam
3424 4922 3540 4976 Me-

1929 5015 2284 5070 diolanenses
2313 5012 2717 5080 destruxerant,
2764 5011 2819 5064 in
2849 5010 3034 5066 tutiori
3071 5011 3190 5065 loco
3220 5010 3538 5064 translatam

1929 5105 2204 5162 restruxit.
2237 5103 2454 5159 Cumam
2516 5118 2758 5175 quoque,
2802 5120 2964 5176 quam
2999 5103 3144 5158 idem
3172 5101 3268 5155 Dei
3289 5106 3343 5155 et
3368 5101 3435 5135 “°
3461 5100 3547 5155 sui

1569 5213 1795 5271 VARUE
1834 5214 2208 5274 LECTIONES.

289 5319 361 5355 “°
388 5315 487 5373 Dei
517 5320 575 5372 et
597 5318 761 5372 erasit
815 5313 1056 5383 Mimas,
1114 5322 1175 5372 ut
1201 5316 1436 5386 videtur,
1497 5323 1591 5391 qui
1645 5321 1832 5378 laudes
1886 5323 2152 5379 Friderict'
2201 5323 2250 5374 et
2289 5321 2347 5373 in
2411 5317 2590 5375 codice
2619 5319 2792 5374 delere
2813 5316 3019 5372 studuit
3050 5332 3065 5383 ς
3105 5313 3439 5369 restituimus
3477 5325 3546 5369 ea:

1788 5463 1996 5520 NOTAE.

221 5392 477 5446 Alberico

296 5560 450 5634 (396(
488 5555 918 5634 Hierosolymam
951 5556 1163 5621 scilicet

298 5633 448 5702 (397)
480 5635 592 5690 [loc
631 5633 836 5706 factum
896 5636 1117 5692 demum
1149 5633 1310 5703 1158,
1375 5649 1568 5692 mense
1629 5635 1789 5694 Junio
1824 5657 1837 5706 ;

227 5721 372 5762 anno
422 5706 573 5762 enim
620 5705 756 5760 1157
789 5705 1087 5776 imperator
1120 5708 1262 5763 ultra
1302 5706 1670 5785 Burgundiam
1739 5725 1846 5768 non

1951 5563 2223 5637 processit

2022 5636 2164 5706 (398)
2193 5637 2252 5689 A.
2287 5634 2449 5691 1136.
