3894 6070
386 270 486 326 291

390 395 726 461 hostespene
757 387 1157 449 destruxerant,
1197 380 1482 436 renovavit
1511 387 1564 434 et
1594 381 1846 435 munivit.

457 483 615 538 1159.
693 480 753 534 Β.
798 478 849 532 7.
963 476 1021 531 F.
1061 476 1151 529 25.
1265 475 1414 529 1L5.
1532 472 1722 527 [1.15.

455 575 624 642 (Sept.
667 573 690 625 1
731 573 745 639 )
792 568 1062 624 Adrianus
1118 582 1260 638 papa
1302 565 1448 618 diem
1482 565 1736 620 ultimum
1764 564 1988 620 claudit.

384 667 663 723 Rolandus
687 663 1056 720 cancellarius
1103 668 1158 715 et
1197 659 1523 714 Octavianus
1558 659 1844 730 presbyter
1873 674 1993 713 car-

380 759 581 813 dinalis
610 758 894 828 depapatu
945 753 1308 809 contendunt.
1354 751 1567 805 Bellum
1606 750 1988 823 gravissimum

380 858 561 906 ortum
620 857 742 904 erat
805 855 931 902 ante
979 861 1154 899 annos
1193 843 1410 898 circiter
1467 841 1538 898 20
1594 843 1741 896 inter
1793 842 1988 896 ducem

383 938 604 996 Lovanii
634 935 989 992 Godefridum
1015 933 1314 1001 juniorem,
1371 939 1426 986 et
1451 931 1746 986 Walterum
1781 945 1992 1004 cogno-

382 1037 569 1083 mento
591 1025 810 1080 Bertold
874 1024 1015 1078 Puer
1053 1021 1278 1092 quidem
1328 1018 1658 1074 Godefridus
1709 1019 1888 1072 adhuc
1939 1017 1993 1070 in

382 1121 539 1176 cunis
564 1118 779 1188 jacebat
807 1135 821 1182 ;
847 1115 1005 1170 turba
1054 1121 1233 1168 autem
1293 1111 1680 1166 seditiosorum
1701 1110 1992 1181 utriusque

387 1213 560 1284 partis
582 1225 772 1281 pacem
804 1206 1081 1262 turbabat.
1132 1205 1288 1260 Unde
1318 1219 1578 1274 magnum
1621 1201 1824 1256 malum
1864 1216 1994 1270 pro-

379 1304 560 1368 cessit,
594 1309 648 1358 et
673 1300 829 1373 quasi
861 1299 1137 1371 quoddam
1159 1296 1688 1370 contagiumterram
1706 1293 1992 1364 utriusque

382 1395 599 1449 invasit.
631 1391 879 1466 Agricole
901 1391 1048 1446 enim
1078 1389 1241 1445 bonis
1271 1388 1386 1442 suis
1432 1386 1673 1457 spoliati,
1719 1385 1906 1440 miseri
1939 1389 1994 1438 et

380 1485 596 1540 exsules
635 1484 704 1538 de
731 1482 934 1537 finibus
990 1482 1106 1536 suis
1136 1489 1264 1535 sunt
1312 1478 1518 1551 egressi
1555 1495 1569 1544 ;
1602 1485 1746 1532 terra
1773 1477 1991 1532 deserta

381 1572 782 1628 habitatoribus
812 1570 1013 1626 inculta
1073 1570 1353 1624 remansit.
1419 1570 1538 1624 Erat
1567 1584 1798 1624 cernere
1825 1569 1992 1623 mise-

380 1662 538 1728 riam,
568 1659 846 1725 incendia,
869 1658 1188 1724 homicidia,
1231 1674 1410 1712 rerum
1439 1658 1684 1712 omnium
1713 1657 1991 1728 depreda-
2012 1699 2065 1770 Β

381 1753 553 1770 .'_,_A_
588 1751 853 1770 ,,9-1A_..-_
886 1748 1000 1770 (2-..:
1069 1748 1178 1770 £-_-
1214 1764 1313 1770 _-_.
1355 1764 1523 1770 __._.--
1552 1748 1622 1770 nn
1683 1749 1851 1770 .I-_-_
1884 1747 1986 1770 1..--

380 1753 558 1807 tiones
585 1751 854 1806 violenter
886 1748 1025 1815 fieri,
1069 1748 1182 1803 fere
1214 1764 1314 1818 per
1352 1764 1526 1803 annos
1552 1748 1641 1815 ‘20,
1677 1749 1855 1802 donec
1884 1747 1990 1802 hoc

379 1857 525 1896 anno
545 1847 740 1912 quarto
779 1840 929 1894 bello
988 1839 1409 1911 Grinbergensis
1437 1839 1583 1907 (399)
1607 1840 1739 1894 urbs
1764 1840 1991 1910 antiqua

377 1931 485 1985 ruit
515 1931 682 1994 (VIRG.
715 1932 840 1984 ιΕη.
879 1946 936 1992 n,
957 1927 1101 1992 363),
1124 1927 1327 1982 multos
1351 1927 1631 1982 dominata
1662 1943 1762 1998 per
1789 1943 1987 1994 annos;

378 2025 724 2090 castrumque
786 2033 1043 2091 magnum
1103 2023 1157 2071 et
1203 2015 1470 2072 famosum
1552 2017 1702 2088 quod
1751 2019 1992 2072 humana

376 2113 576 2166 virtute
602 2111 688 2165 vix
720 2118 951 2180 poterat,
969 2111 1116 2178 justo
1139 2109 1248 2165 Dei
1300 2111 1511 2179 judicio
1550 2112 1895 2166 combustum
1937 2121 1992 2167 et

373 2203 439 2258 ad
463 2201 832 2272 solumusque
861 2201 1104 2255 dirutum
1167 2209 1268 2256 est.
1312 2201 1521 2257 Accidit
1576 2203 1680 2258 hoc
1746 2203 1801 2256 in
1854 2202 1991 2259 festo

371 2297 543 2353 sancti
581 2297 833 2369 Remigii.
891 2297 1078 2368 Itaque
1127 2297 1276 2351 omni
1323 2297 1527 2352 auxilio
1587 2297 1903 2363 destitutus,
1961 2313 1992 2351 a

371 2393 572 2449 comite
616 2391 864 2446 Flandrie
895 2390 1216 2456 derelictus,
1239 2390 1444 2446 cuisoli
1479 2391 1835 2457 innitebatur,
1865 2407 1988 2446 cum

373 2482 534 2543 duce,
568 2496 690 2534 sero
723 2488 930 2546 tamen,
968 2480 1023 2533 in
1075 2495 1265 2550 pacem
1327 2480 1508 2535 rediit.
1544 2479 1992 2535 Mediolanenses

373 2571 592 2626 violatis
631 2571 995 2624 sacramentis
1033 2578 1294 2636 castrum,
1336 2571 1388 2624 in
1403 2587 1514 2642 quo
1545 2571 1845 2641 imperator
1869 2571 1992 2626 the—

378 2679 572 2718 sauros
605 2677 736 2716 suos
763 2661 1116 2731 deposuerat,
1159 2660 1450 2726 invadunt,
1497 2660 1702 2716 milites
1731 2661 1992 2716 custodes

377 2751 587 2806 castelli
641 2750 886 2821 capiunt,
951 2749 1238 2804 thesauros
1297 2748 1585 2819 diripiunt,
1648 2750 1990 2821 ulteriusque

377 2841 824 2918 pregredientes,
857 2840 1066 2895 amicos
1111 2840 1233 2911 ejus
1281 2847 1339 2895 et
1376 2840 1787 2896 confoederatos
1825 2840 2005 2910 impu.

372 2935 710 3013 gnant.lpse
759 2933 864 2988 hoc
913 2932 1123 2997 audito,
1179 2931 1321 2987 ultra
1390 2948 1555 3004 quam
1615 2932 1767 2988 credi
1821 2931 2006 3003 potest

373 3024 674 3081 ammirans
701 3029 755 3076 et
775 3021 1081 3076 exhorrens
1138 3036 1328 3076 eorum
1390 3021 1702 3093 perﬁdiam,
1743 3023 1990 3078 decrevit
2015 3063 2066 3133 Ο

376 3113 466 3133 “-1
507 3121 554 3133 ,ι
590 3127 738 3133 _---...
774 3110 1026 3133 !_2--_7-.~.
1079 3108 1144 3133 ,ΙΑ
1179 3109 1404 3133 ..-ζμζκη
1431 3109 1768 3133 :..(!.I-l!l-s!,.
1802 3110 1982 3133 .J-L!A-

375 3113 470 3167 Dei
502 3121 558 3166 et
589 3127 742 3165 suam
774 3110 1029 3177 injuriam
1076 3108 1145 3162 de
1175 3109 1406 3164 crimine
1431 3109 1770 3165 infidelitatis
1797 3110 1986 3166 debito

373 3201 583 3257 talione
639 3198 1049 3254 vindicandam.
1109 3198 1243 3264 (An.
1306 3198 1485 3266 1160.)
1545 3197 1770 3253 Obsedit
1801 3199 1987 3270 itaque

375 3287 674 3344 Criminum
701 3287 840 3358 (400)
869 3295 1106 3342 castrum
1147 3286 1281 3342 satis
1328 3286 1621 3349 munitum,
1653 3286 1709 3341 in
1739 3303 1850 3359 quo
1872 3294 1989 3342 erat

371 3377 607 3433 maxima
634 3375 837 3431 ﬁducia
863 3383 919 3430 et
963 3374 1223 3431 fortitudo
1267 3389 1482 3442 eorum,
1508 3374 1798 3430 obsessum
1840 3374 1989 3445 cepit

365 3473 514 3539 (Jan.
547 3469 661 3539 26),
690 3475 914 3540 captum
945 3468 1234 3535 destruxit,
1267 3467 1470 3522 milites
1491 3467 1655 3539 quiin
1679 3482 1746 3523 eo
1775 3466 1984 3522 inventi

360 3572 512 3630 sunt,
538 3565 646 3621 vita
676 3565 910 3620 donatos
939 3564 1091 3618 abire
1120 3562 1390 3634 permisit,
1423 3562 1522 3617 sed
1551 3571 1606 3618 et
1633 3577 1985 3635 quocumque

368 3653 863 3708 Mediolanensium
922 3659 1100 3720 erant,
1143 3652 1578 3722 circumquaque
1633 3651 1835 3707 vastari
1858 3666 1983 3721 pre-

371 3743 536 3814 cepit.

443 3834 603 3888 1160.
786 3832 839 3886 8.
1023 3831 1113 3886 24.
1297 3832 1350 3886 6.
1538 3832 1624 3886 16.

445 3921 732 3976 Heinricus
769 3936 865 3974 rex
893 3923 1188 3994 Anglorum
1238 3919 1406 3976 ﬁliam
1438 3920 1728 3992 Stephani,
1760 3928 1980 3992 neptem

371 4029 528 4068 suam
583 4011 1054 4066 sanctimonialem
1110 4017 1166 4065 et
1239 4011 1568 4066 abbatissam
1638 4012 1695 4066 in
1746 4012 1981 4070 claustro

368 4111 770 4168 consecratam,
800 4109 990 4158 contra
1018 4101 1098 4157 fas
1126 4102 1310 4174 legum
1361 4103 1574 4158 Matheo
1616 4103 1732 4159 ﬁlio
1764 4104 1982 4160 comitis

367 4200 618 4255 Flandrie
651 4199 804 4254 dedit
833 4214 1080 4266 uxorem,
1111 4205 1171 4253 ut
1218 4214 1317 4269 per
1345 4215 1466 4254 eam
1495 4199 1810 4256 comitatum
1837 4201 1974 4256 reti-

365 4301 526 4346 neret
555 4290 960 4346 Boloniensem.
997 4290 1058 4344 Et
1077 4289 1208 4362 quia
1257 4305 1460 4360 sponsa
1495 4291 1606 4346 Deo
1632 4291 1834 4359 dicata,
1861 4308 1973 4348 non

362 4395 624 4452 sponsum
684 4379 780 4435 sed
830 4377 1137 4433 adulteram
1193 4393 1407 4433 summo
1458 4378 1575 4450 regi
1627 4379 1970 4450 superduxit,

363 4472 512 4528 bella
543 4478 597 4527 et
617 4471 924 4527 seditiones
969 4469 1227 4525 inimicus
1253 4469 1397 4524 inter
1423 4477 1630 4540 patrem
1672 4477 1727 4526 et
1774 4470 1968 4537 ﬁlium,

1596 255 1938 311 SlGEBERTI
1987 225 2501 315 GEMBLACENSIS.

1987 4426 2045 4494 D

3607 274 3713 330 292

2009 383 2067 454 Α
2095 381 2198 436 bus
2223 384 2394 455 regni,
2420 392 2679 456 preterito
2699 403 2846 444 anno
2877 389 2946 443 ab
2990 390 3322 463 imperatore
3355 401 3438 450 ter
3466 406 3710 454 vocatus.

2094 470 2330 534 Quorum
2355 473 2593 528 adventu
2634 476 2843 546 oppido
2873 477 3098 545 letatus,
3130 482 3364 538 consilio
3397 486 3709 557 principum

2093 562 2277 616 statim
2308 564 2528 619 obsedit
2557 581 2622 620 ex
2676 569 2827 622 omni
2871 577 3025 640 parte
3079 571 3471 642 Mediolanum,
3527 585 3582 632 et
3639 579 3714 632 ita

2092 655 2358 709 coartavit
2399 671 2514 721 eos,
2556 663 2615 712 ut
2677 674 2785 712 non
2847 660 3116 717 haberent
3175 672 3503 733 potestatem
3537 669 3714 724 libere

2092 748 2412 818 egrediendi
2465 750 2546 805 vel
2589 751 2964 826 ingrediendi,
3018 758 3239 812 emendi
3293 760 3378 814 vel
3411 763 3710 820 vendendi.

2095 835 2461 893 Timuitenim
2523 850 2748 913 prepter
2806 847 3169 902 reverentiam
3217 850 3574 908 ecclesiarum
3628 873 3718 910 ar-

2097 934 2239 982 mata
2268 945 2433 984 manu
2469 931 2723 1005 ingredi;
2766 942 2821 989 et
2844 941 2900 990 ut
2923 947 3174 1007 parceret
3207 941 3496 1010 militibus,
3530 946 3624 1018 qui
3656 948 3711 1001 in

2097 1024 2812 1096 congressione,utassolet
2840 1027 2982 1098 ﬁeri,
3029 1033 3207 1088 occidi
3238 1046 3479 1104 possent,
3517 1041 3712 1094 maluit

2096 1111 2240 1166 fame
2258 1113 2526 1169 cruciatos
2555 1115 2622 1168 ad
2652 1116 2992 1173 deditionem
3024 1123 3302 1192 compelli.
3338 1125 3460 1195 Ipse
3494 1126 3718 1183 interim

2094 1201 2298 1256 cotidie
2325 1203 2650 1258 elemosinis
2695 1221 2999 1276 pauperum
3058 1209 3387 1280 insistebat;
3443 1215 3716 1272 decimam

2095 1301 2304 1364 partem
2336 1295 2580 1349 omnium
2627 1297 2902 1353 redituum
2942 1316 3165 1356 suorum
3209 1307 3548 1375 pauperibus
3589 1325 3720 1365 ero-

2093 1385 2275 1458 gabat,
2335 1386 2596 1440 cstimans
2651 1403 2710 1441 se
2762 1389 2962 1445 melius
3015 1392 3340 1450 elemosinis
3399 1412 3717 1467 pauperum

2092 1492 2256 1548 quam
2298 1477 2464 1531 armis
2519 1478 2750 1534 militum
2793 1497 2956 1550 posse
3004 1485 3246 1542 vincere.
3307 1489 3426 1557 lpse
3467 1489 3592 1558 pius
3663 1498 3722 1545 et

2093 1565 2328 1620 dilectus
2361 1567 2620 1621 omnibus
2664 1569 2879 1624 habitus
2927 1579 3032 1636 est,
3089 1581 3147 1628 ut
3199 1575 3369 1630 duces
3404 1582 3459 1630 et
3489 1580 3724 1634 comites

2091 1655 2366 1710 Guillelmi
2400 1657 2546 1730 regis
2576 1657 2762 1713 Sicilie
2793 1660 3082 1716 dominum
3122 1680 3282 1719 suum
3315 1667 3639 1722 desererent
3664 1679 3720 1724 et

2091 1748 2157 1802 ad
2214 1748 2392 1818 ipsum
2451 1764 2511 1803 se
2554 1751 2891 1807 conferrent.
2943 1755 3288 1812 Baldewinus
3335 1759 3564 1830 quintus
3621 1778 3717 1816 rex

2090 1837 2437 1892 Jherusalem
2479 1837 2588 1894 vita
2639 1839 2881 1897 decessit
2911 1860 2925 1908 ;
2959 1844 3262 1902 Amalricus
3317 1846 3486 1904 frater
3514 1850 3636 1919 ejus
3665 1851 3718 1905 ei

2091 1931 2376 1986 successit.

2170 2017 2332 2074 1162.
2497 2019 2581 2074 10.
2757 2021 2848 2075 24.
3067 2023 3119 2080 8.
3341 2027 3433 2082 18.

2162 2107 2609 2164 Mediolanenses
2657 2109 2968 2179 obsidione,
3010 2110 3175 2180 fame,
3226 2113 3433 2185 inopia,
3479 2123 3535 2172 et
3564 2119 3712 2190 quod

2092 2208 2175 2256 est
2203 2201 2444 2273 gravius,
2476 2203 2751 2258 seditione
2773 2205 3025 2272 coartati,
3079 2222 3179 2277 per
3209 2207 3585 2265 internuntios
3614 2228 3717 2282 pe-

2092 2293 2301 2347 tuntab
2336 2293 2667 2364 imperatore
2725 2296 3156 2352 misericordiam
3191 2313 3206 2365 ;
3247 2306 3458 2355 tantum
3509 2309 3568 2356 ut
3600 2304 3714 2358 vita

2091 2382 2384 2447 donentur,
2407 2397 2628 2438 omnem
2675 2384 3051 2439 conditionem
3099 2386 3167 2440 ab
3224 2387 3346 2458 ipso
3372 2391 3714 2460 propositam

2091 2473 2420 2542 promittunt
2465 2489 2523 2528 se
2576 2475 2872 2528 sustinere.
2936 2475 3196 2532 Kalendis
3267 2479 3454 2551 itaque
3513 2481 3718 2549 Martii,

2091 2579 2285 2618 omnes
2327 2579 2426 2634 per
2478 2571 2684 2618 turmas
2729 2581 2858 2620 suas
2916 2575 3140 2634 exeunt,
3195 2569 3348 2638 prius
3408 2571 3716 2642 principes,

2093 2663 2216 2726 post
2241 2670 2340 2710 eos
2371 2654 2657 2710 nobileset
2695 2655 2920 2724 milites,
2969 2657 3186 2730 gladios
3229 2662 3485 2716 manibus
3513 2671 3714 2718 tenen-

2103 2753 2207 2811 tes,
2235 2745 2393 2816 quasi
2419 2753 2606 2800 essent
2630 2746 2708 2801 rei
2742 2748 3042 2816 majestatis
3081 2752 3488 2822 etproditores,
3512 2755 3718 2812 deinde

2105 2833 2478 2905 promiscuum
2504 2833 2723 2908 vulgus,
2788 2835 3011 2892 funibus
3070 2838 3211 2893 colla
3243 2839 3456 2896 innexit
3500 2843 3553 2896 in
3593 2844 3716 2899 cili-

2104 2922 2226 2989 ciis,
2267 2921 2453 2978 cinere
2473 2922 2749 2993 capitibus
2785 2925 3026 2996 aspersis
3045 2926 3112 2981 ad
3156 2929 3329 2998 pedes
3368 2930 3719 3001 imperatoris

2105 3010 2160 3065 in
2223 3010 2446 3066 modum
2480 3011 2657 3066 crucis
2708 3028 2769 3066 se
2831 3022 3226 3084 prosternunt.‘
3260 3018 3581 3089 Imperator,
3622 3023 3716 3093 qui

2089 3108 2456 3173 proposuerat
2493 3117 2591 3158 eos
2621 3102 2688 3157 ad
2718 3111 2985 3160 terrorem
3031 3106 3264 3162 aliorum
3315 3109 3548 3166 diversis
3571 3128 3712 3184 sup-

2089 3191 2271 3262 pliciis
2300 3192 2641 3256 interimere,
2694 3193 2805 3248 vita
2836 3195 3090 3258 donatos,
3149 3197 3425 3270 rebusque
3450 3217 3713 3256 necessa-

2089 3281 2201 3344 riis,
2251 3289 2517 3354 quantum
2551 3299 2739 3338 secum
2799 3284 2944 3340 ferre
2990 3295 3266 3357 poterant,
3295 3292 3594 3354 concessis,
3613 3309 3713 3362 per

2087 3377 2342 3450 regiones
2373 3377 2652 3448 dispersit,
2679 3379 2756 3434 ita
2791 3387 2851 3435 ut
2893 3396 3003 3436 non
3055 3383 3322 3439 haberent
3346 3385 3625 3442 licentiam
3655 3389 3709 3442 in

2085 3464 2360 3520 civitatem
2409 3466 2646 3537 amplius
2693 3469 3005 3524 revertendi
3060 3471 3309 3534 ;deinde
3360 3475 3529 3545 jussit
3578 3494 3710 3532 suos

2085 3557 2361 3614 civitatem
2391 3559 2632 3631 ingredi,
2663 3576 2872 3628 muros,
2932 3568 3133 3629 turres,
3186 3565 3296 3619 alta
3339 3575 3394 3621 et
3457 3569 3700 3638 superba

2084 3649 2300 3720 fastigia
2361 3649 2654 3705 etediﬁcia
2711 3650 3420 3711 destrui—tribustamen
3447 3660 3702 3729 pepercit

2083 3744 2358 3811 ecclesiis,
2402 3753 2590 3800 sancte
2634 3745 2820 3812 Marie,
2874 3749 3049 3802 sancti
3096 3749 3360 3815 Mauricii,
3413 3761 3468 3806 et
3519 3754 3696 3810 sancti

2082 3832 2377 3900 Ambrosii,
2404 3848 2526 3887 cum
2554 3832 2796 3890 ofﬁcinis
2817 3835 3166 3906 clericorum,
3191 3837 3530 3894 ofﬁcialibus
3556 3841 3704 3913 ipso-

2084 3941 2224 3994 rum,
2277 3925 2534 3980 domibus
2563 3933 2617 3980 et
2660 3925 3062 3999 indempnitate
3113 3945 3295 3985 rerum
3345 3947 3612 3988 concessa
3643 3965 3697 3974 ~—

2082 4013 2320 4070 erarium
2364 4013 2642 4085 publicum
2687 4015 2794 4070 sibi
2836 4019 3124 4071 reservari.
3173 4017 3502 4088 Placentini,
3533 4021 3699 4077 Bolo-

2080 4103 2322 4169 nienses,
2350 4103 2678 4171 Brixienses,
2739 4104 3246 4162 Mediolanensibus
3293 4117 3482 4164 contra
3511 4109 3695 4181 impe-

2081 4205 2314 4254 ratorem
2341 4197 2726 4266 confoederati,
2783 4201 3034 4270 exemplo
3074 4216 3267 4256 eorum
3310 4203 3508 4268 territi,
3546 4219 3700 4258 eam-

2077 4287 2201 4342 dem
2231 4287 2554 4342 humilitatis
2590 4287 3017 4356 subjectionem,
3054 4291 3209 4362 quasi
3269 4291 3348 4345 rei
3394 4291 3698 4360 majestatis

2073 4379 2332 4434 substrati
2363 4378 2712 4450 imperatoris
2742 4380 2996 4450 pedibus,
3052 4382 3425 4437 exhibuerunt
3473 4383 3686 4454 ipsius-

2069 4468 2548 4543 queindulgentia
2597 4471 2816 4526 veniam
2865 4473 3244 4544 optinuerunt.
3306 4474 3495 4530 Fames
3555 4493 3693 4550 gra-

363 4565 510 4620 inter
537 4563 760 4619 fratrem
803 4571 857 4618 et
895 4562 1118 4618 fratrem
1167 4562 1460 4618 concitavit
1531 4561 1838 4618 Fridericus
1867 4563 1974 4618 im-
2071 4559 2298 4614 vissima
2342 4559 2397 4614 in
2440 4566 2651 4616 tantum
2700 4561 2990 4631 prevaluit,
3009 4569 3065 4615 ut
3092 4562 3312 4618 modius
3345 4563 3514 4619 tritici
3546 4581 3689 4620 ven-

366 4664 585 4726 perator
613 4671 737 4710 cum
785 4654 1020 4720 videret,
1065 4660 1289 4725 propter
1330 4653 1657 4724 paucitatem
1699 4654 1972 4710 exercitus
2073 4649 2380 4707 deretur40
2404 4657 2459 4705 et
2487 4666 2555 4707 eo
2578 4651 2815 4722 amplius
2833 4651 3030 4706 solidis
3057 4651 3416 4708 Lovaniensis
3447 4661 3694 4721 monete,

363 4744 799 4798 Mediolanenses
851 4751 1043 4799 contra
1097 4759 1156 4799 se
1214 4743 1544 4799 insolentius
1589 4759 1774 4816 agere,
1829 4744 1977 4799 misit

362 4853 460 4910 per
498 4852 697 4892 omnes
718 4836 857 4892 ﬁnes
877 4839 1033 4911 regni
1058 4840 1165 4905 sui,
1193 4839 1520 4894 utvenirent
1543 4838 1595 4893 ei
1615 4839 1668 4894 in
1689 4838 1971 4906 auxilium,

363 4932 418 4982 et
459 4926 680 4998 juravit.
739 4941 800 4980 se
851 4941 960 4981 non
1026 4943 1368 4982 recessurum
1416 4944 1446 4981 a
1506 4928 1748 4996 civitate,
1798 4927 1978 4984 donec

365 5023 588 5087 caperet
653 5029 798 5069 eam.
850 5012 915 5068 Ut
961 5023 1146 5069 autem
1226 5016 1332 5071 hoc
1378 5015 1750 5084 juramentum
1801 5023 1976 5071 ratum

362 5116 634 5174 maneret,
681 5105 1022 5179 designavit,
1071 5106 1117 5160 si
1170 5105 1304 5162 forte
1334 5109 1444 5163 vita
1495 5108 1811 5174 decederet,
1839 5108 1981 5165 duos

374 5198 753 5270 imperatores,
806 5193 979 5250 ﬁlium
1037 5195 1268 5250 Conradi
1314 5197 1723 5266 predecessoris
1773 5198 1880 5266 sui,
1925 5205 1981 5253 et

371 5293 497 5357 post
519 5302 644 5342 eum
679 5284 992 5341 Heinricum
1021 5283 1219 5338 ducem
1249 5284 1504 5340 Saxonie.

438 5375 600 5429 1161.
749 5373 804 5429 9.
987 5373 1080 5426 25.
1263 5372 1318 5425 7.
1501 5373 1589 5428 17.

433 5466 781 5522 Convenerat
815 5466 1088 5522 exercitus
1125 5479 1358 5540 magnus
1395 5481 1461 5519 ex
1502 5465 1764 5522 omnibus
1803 5467 1979 5538 parti-

2077 4741 2358 4814 multaque
2432 4742 2585 4798 milia
2651 4742 2944 4798 hominum
3004 4741 3148 4798 fame
3217 4743 3535 4814 periissent,
3593 4746 3698 4814 nisi

2077 4835 2343 4892 Dominus
2408 4836 2670 4909 pauperis
2742 4837 2934 4908 pepuli
2993 4836 3346 4894 afﬂictionem
3423 4840 3698 4910 respexis-

2077 4931 2180 4980 set.
2213 4926 2497 4996 lpseenim
2519 4927 2615 4998 qui
2645 4933 2882 4996 percutit
2907 4933 2962 4981 et
3007 4927 3282 4994 medetur,
3342 4927 3498 4983 dedit
3529 4929 3700 4999 spiri-

2080 5022 2192 5071 tum
2221 5017 2425 5072 bonum
2470 5017 2525 5072 in
2567 5016 2834 5072 cordibus
2871 5017 3119 5073 fidelium
3161 5019 3700 5088 suorum,cujusin-

2079 5108 2281 5163 stinctu
2319 5108 2524 5180 largam
2593 5125 2817 5164 manum
2857 5109 2925 5163 ad
2969 5125 3244 5180 pauperes
3306 5111 3698 5179 extenderunt,

2080 5210 2383 5268 eorumque
2415 5195 2654 5268 inopiam
2692 5213 2793 5252 sua
2839 5196 3218 5254 habundantia
3271 5199 3696 5270 suppleverunt.

2081 5288 2136 5339 et
2165 5283 2368 5356 largius
2396 5300 2558 5356 quam
2586 5284 2888 5356 aliquando
2933 5285 3136 5340 nostris
3173 5287 3516 5358 temporibus
3545 5288 3696 5342 vidi-

2085 5392 2226 5444 mus,
2253 5393 2351 5432 sua
2371 5393 2468 5434 eos
2517 5378 2846 5434 liberalitate
2886 5385 3338 5436 sustentaverunt
3389 5383 3702 5452 Imperator

2084 5468 2406 5526 Fredericus
2441 5486 2472 5525 a
2521 5486 2653 5544 rege
2691 5470 3028 5526 Francorum
3077 5471 3358 5538 invitatus,
3393 5479 3452 5528 ut
3475 5473 3699 5530 sublato

1925 5567 2142 5626 NOTAE;

431 5661 579 5729 (399)
617 5663 793 5733 PrOpe
813 5663 1125 5720 Vilvordam
1155 5663 1499 5720 occidentem
1523 5679 1733 5720 versus.

2097 5667 2242 5739 (400)
2275 5669 2540 5725 Cremam.
