3894 6070
250 247 362 304 293

251 374 554 430 schismate
582 373 827 428 Romane
871 372 1106 428 ecclesie
1172 389 1276 444 pax
1332 371 1487 426 firma
1525 371 1870 439 redderetur,
1900 376 1949 442 Α
2047 370 2205 424 1163.

252 464 553 520 concilium
588 465 641 518 in
674 463 955 520 territorio
1014 463 1409 518 Besuntionum
1459 463 1592 518 Dolo
1621 463 1749 517 villa
1778 480 1871 519 su-

257 569 357 624 per
386 553 624 607 Sennam
653 552 901 618 lluvium,
959 553 1015 606 in
1046 551 1414 606 decollatione
1444 552 1616 605 sancti
1659 551 1872 606 Johan-

255 641 344 695 nis
375 639 616 711 bapliste
655 640 977 696 convocavit
1010 658 1026 704 ;
1054 640 1150 695 scd
1195 641 1251 694 iu
1291 648 1440 695 tanto
1472 647 1747 695 conventu
1779 657 1869 696 re-

253 750 410 807 gum.
460 733 686 803 ducum,
734 733 1018 800 comitum,
1063 733 1628 804 archiepiscoporum,
1652 733 1870 804 episco-

254 837 455 892 porum
508 830 564 876 et
614 821 897 884 abbatum,
976 820 1456 875 Clarevallensium
1523 821 1760 877 consilio
1818 831 1874 877 et

256 913 525 967 instinctu
553 929 682 987 rege
713 913 938 967 Francie
959 912 1028 966 ab
1061 913 1392 984 imperatore
1418 929 1635 979 averso,
1669 914 1874 984 quique

255 1004 382 1058 sine
411 1003 632 1071 effectu,
666 1005 860 1059 eadem
897 1011 950 1059 et
979 1005 1160 1060 adhuc
1205 1005 1458 1078 graviore
1517 1014 1875 1077 permanente

257 1093 560 1159 discordia,
594 1094 648 1147 in
700 1109 799 1147 sua
832 1094 1130 1148 redierunt.
1192 1095 1533 1165 Desponsata
1591 1094 1701 1150 ﬁlia
1732 1096 1878 1169 regis

257 1179 588 1236 Francorum
659 1179 773 1236 filio
823 1180 970 1254 regis
1023 1181 1343 1255 Anglorum,
1389 1183 1674 1240 contentio
1743 1199 1879 1240 con-

257 1270 491 1340 quievit,
527 1277 582 1324 et
613 1285 714 1340 pax
747 1269 908 1339 plena
932 1269 1077 1324 inter
1098 1285 1195 1325 eos
1225 1271 1502 1324 convenit.

1174 245 1520 300 CIIBONICA.
1571 275 1635 283 -υ
1676 241 2113 299 CONTINUATIO
2155 241 2616 306 AQUICINCTINA

3486 247 3592 302 294

3284 372 3344 427 H.
3390 373 3446 428 1.

2046 459 2282 532 Corpora
2326 461 2487 514 trium
2534 475 2817 534 magorum
2875 477 2906 515 a
2970 460 3238 518 Reinaldo
3279 463 3590 520 Coloniensi

1973 551 2147 606 electo
2169 551 2238 604 de
2269 549 2502 604 ecclesia
2533 549 2770 620 quadam
2788 550 2996 606 civitati
3018 552 3419 608 Mediolanensi
3449 571 3587 610 con-

1972 638 2125 710 tigua
2163 637 2420 692 translata
2450 644 2597 704 sunt,
2631 645 2685 692 et
2713 653 2835 692 cum
2870 655 3069 712 magno
3101 642 3305 714 gaudio
3337 650 3395 697 et.
3424 645 3581 698 exul-

1973 729 2177 784 talione
2201 728 2369 783 totius
2398 728 2704 798 provincie,
2733 730 3087 800 proccssione
3140 731 3468 788 mirabiliter
3496 749 3590 788 or-

1974 819 2160 874 dinata
2182 835 2286 874 nec
2311 819 2477 873 simili
2509 820 2770 875 omnibus
2800 827 2944 876 retro
2985 822 3188 877 seculis
3217 825 3332 878 visa
3363 825 3448 879 vel
3489 841 3590 880 au-

1975 911 2108 977 dita,
2138 910 2344 965 civitati
2374 910 2688 966 Coloniensi
2721 911 2872 966 illata
2923 920 2978 967 et
3015 913 3071 966 in
3131 915 3366 969 ecclesia
3411 917 3588 972 sancti

1978 1002 2119 1056 Petri
2151 1002 2392 1072 reposita
2425 1010 2568 1057 sunt.
2603 1003 2656 1056 Si
2689 1005 2812 1075 quis
2846 1005 2959 1058 vult
2999 1005 3164 1070 scire,
3196 1008 3476 1077 quomodo
3509 1008 3577 1063 de

1981 1093 2225 1164 partibus
2249 1093 2365 1148 suis
2397 1095 2660 1148 translata
2689 1095 2800 1149 sint
2832 1095 3392 1168 ConstantinOpolim,
3424 1109 3480 1154 et
3517 1100 3587 1154 de

1981 1184 2455 1256 ConstantinOpoli
2496 1186 2902 1256 Mediolanum,
2943 1189 2997 1244 id
3040 1189 3095 1243 in
3137 1190 3370 1246 ecclesia
3411 1193 3588 1247 sancti

1983 1271 2126 1326 Petri
2157 1270 2499 1328 Coloniensis
2519 1275 2780 1330 inveniet.

2356 369 2522 424 8.11.
2672 369 2724 424 F.
2755 369 2844 423 27.
2995 372 3054 425 A.
3079 370 3132 426 9.

629 1610 1851 1766 CONTINUATIO
1957 1619 3236 1773 AQUICINCTINA

337 1845 990 1931 penﬁachcontinuatione,
1018 1849 1256 1931 omnium
1280 1851 1762 1931 prastqntissima,
1819 1854 1890 1931 et
1924 1854 1983 1906 in
2053 1853 2250 1931 ultima
2287 1855 2474 1910 saltem
2531 1857 2787 1912 decennio
2827 1860 2993 1931 factis
3021 1875 3216 1927 cowva,
3250 1862 3370 1931 jam
3394 1865 3598 1930 egimus

271 1914 732 2004 ςρζᾋ29γηραχραε
757 1920 937 1987 primi
967 1921 1233 1987 integram
1280 1914 1312 1973 ἒ
1354 1920 1534 1974 codice
1577 1914 1791 1989 egregio
1820 1921 1914 1988 BS,
1955 1938 2111 1993 quem
2140 1929 2323 1982 tamen
2350 1941 2455 1982 non
2483 1943 2594 1983 esse
2621 1914 3018 1999 autogrizphum
3039 1914 3592 2004 ααετοίσιῗὲξέιὶρἷὖῖξ

256 1985 442 2041 dimus
467 1988 565 2042 col.
589 1988 682 2041 45.

336 2123 524 2177 Brevis
556 2123 825 2196 epilogus.
861 2125 1131 2180 Eusebius
1197 2127 1694 2201 hysteriographus
1727 2129 2094 2203 Cesa-Btus.
2137 2135 2269 2190 Nam
2321 2136 2619 2193 multorum
2671 2138 2875 2206 anime,
2934 2141 3026 2210 qui
3081 2141 3158 2197 ibi
3212 2159 3242 2198 a
3281 2145 3596 2202 Sarracenis

258 2210 467 2266 riensis
496 2211 790 2282 episcopus
841 2213 1059 2284 scripsit
1119 2215 1395 2286 principia
1457 2217 1621 2285 hujus
1660 2217 1889 2273 volumi-

258 2302 369 2367 nis,
401 2302 583 2358 veraci
614 2304 739 2358 stilo
772 2303 970 2359 futuris
1029 2305 1320 2361 insinuans
1357 2309 1766 2364 successionem
1800 2325 1889 2364 re-

258 2409 392 2468 gum
423 2401 479 2448 et
506 2395 706 2449 seriem
722 2403 1052 2467 temporum,
1069 2413 1099 2451 a
1117 2399 1403 2453 nativitate
1427 2399 1642 2454 Abrahe
1665 2400 1888 2471 patriar-

257 2488 364 2543 che
393 2503 572 2560 usque
603 2490 672 2544 ad
717 2490 1037 2546 vicesimum
1101 2492 1445 2548 Constantini
1479 2495 1664 2568 magni
1722 2495 1884 2565 prin-

258 2579 405 2650 cipis
451 2595 677 2636 annum.
738 2581 969 2653 Scripsit
1023 2591 1208 2638 autem
1273 2584 1442 2639 Grece
1492 2590 1633 2649 ;set
1689 2585 1902 2640 beatus.

258 2673 620 2729 Jheronimus
679 2676 954 2730 transtulit
1012 2677 1218 2733 Latine.
1281 2679 1320 2732 A
1377 2678 1642 2734 vicesimo
1705 2686 1887 2735 autem

261 2785 413 2826 anno
436 2769 776 2826 Constantini
806 2789 982 2844 usque
1008 2773 1076 2828 ad
1114 2781 1347 2830 mortem
1415 2775 1658 2830 Valentis
1711 2776 1892 2846 impe-

260 2862 466 2917 ratoris
492 2863 637 2918 idem
679 2864 874 2919 beatus
932 2849 1288 2921 .lheronimus
1338 2866 1588 2941 digessit.
1625 2869 1660 2921 A
1715 2867 1891 2938 primo

261 2971 396 3012 vero
424 2972 574 3013 anno
629 2957 869 3014 Gratiani
909 2975 1090 3031 usque
1144 2959 1211 3014 ad
1257 2966 1490 3016 mortem
1521 2959 1890 3016 Valentiniani

255 3047 504 3115 junioris
528 3047 623 3102 ﬁlii
649 3048 912 3114 Placidie,
946 3049 1182 3121 Prosper
1237 3050 1412 3106 sancti
1463 3050 1748 3124 Augustini
1781 3050 1892 3105 dis-

264 3137 489 3209 cipulus
513 3141 844 3211 composuit.
881 3141 1091 3196 Deinde
1123 3141 1432 3215 Sigibertus
1486 3142 1894 3198 Gemblaucen-

262 3226 344 3280 sis
374 3228 702 3295 monachus,
733 3228 816 3283 vir
845 3229 980 3284 satis
1018 3229 1314 3298 litteratus,
1347 3231 1509 3285 altius
1546 3239 1830 3302 repetens,
1863 3247 1894 3286 a

267 3314 454 3384 primo
475 3331 621 3371 anno
652 3317 814 3386 primi
841 3317 1138 3372 Theodosii
1165 3333 1340 3389 usque
1371 3318 1438 3372 ad
1465 3319 1766 3389 septimum
1795 3335 1894 3372 an-

268 3421 405 3460 num
440 3405 659 3463 Henrici
687 3407 867 3479 quinti
900 3409 1063 3477 hujus
1121 3409 1363 3464 nominis
1417 3409 1766 3481 imperatoris
1796 3410 1895 3466 de-

269 3501 514 3572 scripsit.
549 3501 675 3558 Post
695 3502 822 3558 hinc
848 3503 1138 3558 Anselmus
1182 3503 1360 3558 abbas
1389 3504 1705 3573 supradicte
1733 3503 1898 3559 Gem-

1993 2225 2267 2282 interfecti
2297 2237 2426 2282 sunt
2452 2235 2506 2283 et
2536 2227 2678 2284 fame
2709 2229 3013 2300 perierunt,
3036 2247 3136 2301 per
3155 2233 3248 2286 Dei
3281 2235 3598 2293 misericor-

1991 2316 2136 2371 diam
2190 2317 2340 2371 salve
2383 2316 2523 2373 facte
2575 2326 2704 2374 sunt
2775 2321 2920 2374 Inter
2977 2319 3304 2376 Balduinum
3336 2325 3592 2380 comitem

1990 2407 2328 2462 Montensem
2396 2417 2451 2463 et
2511 2409 2757 2464 Sibillam
2817 2411 3151 2466 comitissam
3211 2414 3594 2471 Flandrensem

1988 2502 2106 2549 orta
2129 2495 2426 2562 discordia,
2455 2495 2656 2552 milites
2684 2497 3045 2554 Flandreuses
3097 2501 3152 2555 in
3185 2518 3324 2574 pago
3364 2505 3592 2559 Austre-

1991 2581 2206 2639 bateusi
2234 2583 2508 2639 incendiis
2546 2591 2600 2639 et
2647 2585 2856 2656 rapinis
2919 2587 3148 2658 patriam
3204 2590 3596 2647 demoliuntur.

1991 2673 2069 2726 Ad
2102 2673 2242 2728 hanc
2272 2674 2599 2729 discordiam
2658 2675 3054 2746 pacilicandam
3113 2679 3323 2736 Sanson
3359 2697 3598 2738 venera-

1992 2765 2120 2820 bilis
2146 2765 2434 2820 Remensis
2472 2767 2922 2840 archiepiscOpus
2947 2785 3071 2824 cum
3120 2771 3452 2843 quibusdam
3481 2775 3602 2846 epi-

1993 2858 2178 2930 scopis
2211 2857 2572 2932 suﬂ'raganeis
2600 2860 2717 2914 suis
2747 2861 2936 2928 venit;
3005 2869 3061 2918 et
3105 2863 3439 2934 quibusdam
3483 2882 3603 2921 ma-

1995 2949 2174 3006 livolis
2206 2966 2397 3021 pacem
2425 2950 2796 3018 turbantibus,
2843 2967 3033 3023 parum
3080 2951 3332 3024 profecit.
3359 2955 3603 3012 Ecclesia

1995 3045 2388 3101 Hasnoniensis
2419 3053 2552 3101 tunc
2583 3047 2651 3100 ab
2681 3047 2873 3102 eodem
2905 3048 3324 3120 archiepiscOpo
3347 3051 3601 3107 dedicata

1995 3147 2097 3194 est.
2142 3139 2530 3209 (1b.)Hyemps
2575 3139 2895 3213 gravissima
2925 3147 3160 3210 quatuor
3204 3141 3489 3198 mensibus
3519 3143 3603 3197 in-

1992 3229 2164 3284 valuit
2192 3236 2248 3284 et
2267 3228 2558 3298 prevaluit.

2067 3323 2224 3380 1250.
2412 3323 2498 3378 14.
2718 3324 2805 3378 15.
3025 3324 3112 3378 15.
3333 3324 3386 3381 7.

2065 3412 2437 3468 Theodericus
2465 3427 2652 3467 comes
2682 3411 3031 3466 Flandrensis
3062 3412 3352 3466 revertitur
3377 3413 3446 3468 ab
3477 3414 3609 3470 Jhe-

1997 3503 2290 3558 rosolimis.
2339 3501 2437 3565 Qui
2488 3510 2796 3556 commotus
2850 3516 2949 3570 pro
3018 3501 3236 3568 injuria,
3277 3518 3440 3572 quam
3486 3504 3608 3558 Bal-

271 3592 594 3649 blaucensis
619 3594 876 3662 ecclesie,
911 3611 942 3650 a
973 3595 1212 3666 septimo
1267 3611 1414 3650 anno
1469 3595 1686 3650 Henrici
1717 3611 1896 3666 usque
1997 3591 2202 3646 duinus
2231 3605 2419 3644 comes
2443 3589 2744 3643 Montensis
2774 3589 3035 3659 pretcrito
3066 3606 3212 3644 anno
3251 3606 3348 3644 suc
3403 3591 3607 3647 fecerat

272 3682 340 3737 ad
372 3683 728 3739 undecimum
757 3699 962 3739 annum
992 3684 1229 3740 Lotharii
1289 3684 1637 3755 imperatoris
1671 3701 1780 3756 que
1805 3701 1897 3740 se-

269 3778 476 3827 cuntur
505 3773 778 3844 apposuit.
815 3774 1043 3846 Reliqua
1105 3790 1259 3842 vero,
1290 3791 1400 3846 que
1428 3775 1498 3830 ab
1555 3790 1700 3830 anno
1725 3775 1900 3830 unde-

269 3863 420 3918 cimo
452 3863 690 3919 Lotharii
744 3881 921 3938 usque
967 3867 1034 3921 ad
1087 3883 1290 3922 annum
1334 3866 1403 3922 12
1478 3867 1714 3923 Conradi
1744 3868 1893 3941 regis

267 3954 477 4025 scripta
531 3962 677 4017 sunt,
721 3957 846 4027 quis
897 3956 1183 4028 scripserit
1233 3957 1550 4030 ignoramus
1596 3958 1637 4012 A
1671 3959 1763 4014 13°
1793 3975 1894 4013 au-

265 4049 381 4096 tem
411 4057 556 4097 anno
587 4041 820 4098 Conradi
860 4045 1007 4117 regis
1031 4045 1540 4102 Theuthonicorum
1580 4053 1635 4102 et
1672 4047 1764 4102 14°
1787 4047 1909 4111 Lu-_

269 4133 455 4189 dovici
487 4134 650 4204 hujus
689 4135 928 4191 nominis
958 4136 1180 4207 septimi
1231 4140 1379 4212 regis
1411 4137 1766 4206 Francorum,
1802 4154 1892 4194 ro-

272 4231 408 4296 gatu
443 4222 788 4293 quorundam
848 4223 1072 4279 fratrum
1121 4225 1597 4296 Aquicinensium,
1653 4233 1708 4281 et
1742 4233 1896 4298 post-

273 4309 501 4364 modum
525 4311 846 4367 auctoritate
875 4312 1132 4382 Symonis
1172 4315 1423 4384 ejusdem
1463 4315 1702 4370 ecclesie
1729 4315 1895 4372 abba-

276 4400 349 4455 tis
381 4402 528 4469 (401)
559 4402 784 4473 quidam
823 4404 1129 4459 monachus
1167 4405 1418 4476 ejusdem
1459 4406 1694 4462 ecclesie
1734 4405 1895 4462 fami-

274 4492 625 4559 liarissimus,
658 4494 1011 4550 mediocriter
1038 4495 1333 4563 litteratus,
1394 4513 1571 4569 usque
1598 4498 1653 4552 in
1685 4499 1890 4554 calcem

273 4583 578 4639 voluminis
617 4587 904 4657 sequentia
951 4587 1232 4658 apposuit.
1263 4588 1462 4644 Audita
1490 4588 1669 4663 magis
1727 4604 1892 4660 quam

274 4675 396 4729 visa
426 4675 665 4746 scripsit,
693 4682 748 4731 et
773 4693 884 4748 que
914 4693 946 4733 a
999 4677 1258 4734 ﬁdelibus
1287 4679 1635 4748 {relatoribus
1663 4679 1893 4746 audivit,

274 4772 622 4836 posterorum
656 4767 840 4823 notice
871 4769 1189 4842 dereliquit.
1225 4769 1470 4826 Litterati
1517 4769 1666 4825 enim
1713 4768 1887 4824 nostri

272 4854 449 4908 seculi
481 4854 569 4908 his
587 4855 875 4912 intendere
891 4873 991 4928 pro
1008 4858 1214 4914 nichilo
1235 4859 1462 4915 ducunt.
1486 4866 1542 4914 et
1568 4857 1885 4928 hujusmodi

274 4947 606 5018 scripturam
641 4950 1011 5020 vilipendunt.

353 5041 511 5096 1149.
627 5041 690 5096 Β.
732 5043 820 5098 16.
935 5044 1132 5100 F.14.
1247 5045 1440 5100 Δ.14.
1553 5043 1614 5099 ﬂ.
1656 5044 1714 5099 6.

1247 5046 1304 5100 A.
1352 5045 1440 5100 14.

351 5135 526 5196 (Auct.
551 5135 758 5204 Aquic.)
823 5139 978 5191 Anno
1036 5136 1091 5192 d.
1151 5136 1188 5192 i.
1248 5136 1406 5192 1149.
1461 5135 1744 5192 Conradus
1801 5151 1895 5190 rex

273 5225 782 5283 Theuthonicorum
810 5237 866 5285 et
918 5229 1225 5287 Ludovicus
1262 5247 1357 5286 rex
1399 5231 1730 5286 Francorum
1763 5245 1893 5301 pro-

273 5314 520 5370 cinctum
569 5317 810 5384 solvunt,
857 5326 913 5374 et
947 5319 1069 5374 sine
1116 5320 1228 5376 ullo
1260 5319 1644 5390 prosperitatis
1692 5317 1891 5374 effectu

272 5410 345 5465 ab
377 5409 577 5466 itinere
629 5412 1121 5471 Jherosolimorum
1177 5421 1528 5471 revertuntur
1560 5433 1574 5482 ;
1607 5430 1889 5486 nunquam

274 5499 465 5555 audita
495 5508 645 5557 tanta
673 5502 998 5561 infelicitate
1046 5505 1316 5576 corporali
1348 5504 1630 5561 christiani
1663 5505 1887 5562 exerci-

1916 4819 1971 4886 D

1999 3685 2172 3749 uxori,
2206 3690 2395 3738 contra
2449 3698 2572 3737 eum
2602 3681 2901 3736 exercitum
2957 3681 3145 3736 movit.
3215 3685 3278 3736 At
3307 3683 3607 3738 Balduinus

1999 3776 2068 3830 de
2090 3775 2205 3830 suis
2241 3773 2452 3829 viribus
2478 3772 2757 3840 diffidens,
2790 3772 3081 3828 Henricum
3111 3773 3436 3844 episcopum
3469 3775 3608 3830 Leo-

1993 3865 2274 3920 dicensem
2306 3871 2362 3920 et
2391 3862 2678 3918 Henricum
2719 3861 2972 3917 comitem
3029 3862 3425 3918 Namucensem
3457 3879 3599 3920 con-

1993 3962 2074 4010 tra
2127 3952 2493 4008 Flandrenses
2539 3951 2784 4006 adduxit.
2861 3951 2954 4005 Set
3013 3951 3443 4008 Flandrensihus
3504 3968 3604 4008 suo

1995 4063 2147 4103 more
2176 4045 2410 4101 viriliter
2463 4045 2922 4120 repugnantibus,
2985 4045 3202 4116 inglorii
3236 4047 3304 4101 ad
3339 4063 3437 4101 sua
3480 4055 3608 4103 sunt

1994 4137 2201 4193 reversi
2261 4135 2621 4191 Namuceusis
2695 4150 2882 4190 comes
2943 4141 2997 4189 et
3060 4133 3414 4191 Leodicensis
3482 4137 3608 4208 cpi-

1993 4242 2217 4298 scopus.
2247 4227 2420 4296 (Auct.
2447 4225 2652 4294 Aquic.)
2685 4223 2810 4278 Orta
2831 4229 2913 4278 est
2967 4224 3251 4279 contentio
3287 4224 3431 4279 inter
3464 4225 3606 4279 Hen-

1996 4319 2165 4374 ricum
2207 4317 2530 4389 episcopum
2571 4316 2963 4371 Leodicensem
3019 4324 3074 4369 et
3113 4315 3404 4369 Henricum
3429 4318 3605 4371 comi-

1997 4417 2103 4464 tem
2127 4407 2543 4463 Namucensem.
2575 4405 2730 4460 Unde
2759 4411 3091 4478 congregato
3147 4404 3428 4474 utrimque
3455 4419 3607 4459 exer-

1994 4501 2103 4556 citu
2130 4499 2436 4573 congressi,
2466 4497 2731 4569 superior"
2749 4495 2923 4550 factus
2961 4495 3279 4566 episcOpus,
3337 4510 3448 4550 non
3478 4495 3602 4551 sine

1995 4587 2294 4643 multorum
2315 4587 2450 4642 cede
2478 4586 2707 4642 victoria
2734 4583 2943 4654 potitus
2980 4590 3082 4638 cst.

2073 4681 2226 4735 1151.
2375 4679 2465 4734 15.
2705 4675 2787 4729 16.
3007 4675 3094 4730 16.
3313 4676 3367 4730 8.

2069 4770 2391 4827 Ludowicus
2443 4784 2535 4824 rex
2588 4767 2916 4822 Francorum
2965 4766 3195 4823 consilio
3249 4768 3438 4824 domui
3472 4769 3604 4824 Ber-

1998 4861 2153 4916 nardi
2206 4860 2422 4916 abbatis
2505 4858 2923 4914 Clarevallensis
3005 4860 3312 4916 Aanordem
3378 4877 3604 4918 uxorem

1994 4971 2147 5009 suam
2197 4951 2531 5024 repudiavit,
2586 4958 2640 5006 et
2669 4951 2926 5006 ducatum
2976 4951 3264 5024 Aquitania
3317 4953 3604 5022 provincie

1996 5043 2200 5100 amisit.
2232 5044 2354 5098 Erat
2380 5042 2528 5098 enim
2560 5042 2670 5097 lilia
2700 5042 2858 5098 ducis
2887 5043 3200 5114 Aquitanie.
3235 5044 3441 5098 Aanors
3467 5057 3599 5098 vero

1995 5132 2272 5206 quondam
2303 5131 2492 5204 regina
2522 5130 2778 5197 Henrico,
2810 5127 2925 5185 {ilio
2953 5129 3196 5185 Gaul‘ridi
3227 5128 3442 5184 comitis
3489 5130 3601 5183 An-

1993 5226 2347 5297 degavorum,
2371 5221 2467 5294 qui
2516 5228 2707 5292 postea
2747 5219 2804 5274 in
2851 5219 3044 5292 Anglia
3071 5218 3335 5291 regnavit,
3370 5219 3599 5289 nupsit;

1992 5320 2182 5391 sicque
2205 5317 2450 5388 predicta
2487 5315 2688 5370 mulier
2708 5313 2778 5369 de
2796 5327 2968 5388 regno
2999 5313 3068 5368 ad
3109 5325 3337 5384 regnum
3367 5311 3599 5367 transiit.

1993 5406 2193 5462 Genuit
2231 5413 2414 5462 autem
2453 5419 2519 5458 ex
2539 5419 2604 5458 ea
2631 5409 2868 5476 quatuor
2891 5400 3057 5469 filios,
3091 5399 3381 5455 Henricum
3411 5416 3596 5473 regem

1993 5501 2087 5575 qui
2127 5507 2254 5556 ante
2285 5509 2492 5571 patrem
2525 5497 2685 5566 obiit,
2742 5495 3071 5552 Richardum
3104 5509 3314 5568 regem,
3338 5495 3430 5566 qui
3459 5495 3598 5566 patri

1842 5603 2047 5661 NOTIE.

351 5673 503 5742 (401)
532 5675 594 5728 Α.
628 5674 964 5732 1135-1201.
