3894 6070
288 259 400 318 295

1512 253 1852 310 SIGEBERTI
1894 251 2401 310 GEMBLACENSIS.

3507 255 3614 311 296
3655 260 3657 262 ’

289 391 573 456 successit,
632 387 948 444 Gaufridum
1005 386 1267 442 comitum
1338 384 1637 451 Britannie,
1697 391 1755 439 et
1807 386 1900 440 Jo-
1922 389 2106 457 Atur.
2153 383 2287 438 Huic
2334 382 2668 444 Constantia,
2725 395 2882 436 soror
2945 378 3224 436 Ludowici
3281 378 3611 435 Francorum

291 483 526 536 hannem
557 478 651 550 qui
680 477 882 532 dicitur
928 475 1049 530 sine
1081 482 1226 530 terra
1275 491 1288 539 ;
1333 480 1442 528 tres
1483 488 1705 544 quoque
1735 472 1896 540 ﬁlias,

289 592 516 648 quarum
550 590 658 629 una
688 572 876 644 nupsit
902 571 1018 646 regi
1053 570 1334 640 Hispanie,
1385 584 1628 640 sequens
1668 570 1782 641 regi
1809 568 1898 622 Si-

285 669 430 731 cilie,
461 667 622 724 tertia
648 665 776 720 duci
817 663 1075 718 Saxonie.
1135 662 1266 715 Nam
1317 660 1386 714 de
1447 675 1574 734 rege
1606 659 1900 715 Ludowico

289 758 426 812 duas
459 765 726 831 genuerat
753 755 912 823 ﬁlias,
973 769 1203 824 quarum
1249 752 1426 823 prima
1456 751 1644 820 nupsit
1673 749 1902 806 Henrico

287 847 476 902 comiti
530 844 918 918 (iampanensi,
969 857 1209 915 sequens
1270 839 1758 897 Theobaldofratri
1786 839 1906 908 ejus

287 937 480 994 comiti
511 935 779 992 Blesensi.
848 933 1157 988 Ludovicus
1210 946 1304 985 rex
1335 930 1666 985 Francorum
1705 944 1907 984 secun-

287 1027 413 1082 dam
441 1026 593 1081 duxit
619 1039 844 1080 uxorem
903 1020 1274 1076 Constantiam
1335 1017 1501 1072 ﬁliam
1538 1019 1682 1091 regis
1714 1017 1907 1087 HiSpa-

289 1121 402 1188 nie,
451 1120 582 1175 satis
626 1117 938 1189 religiosam
975 1133 988 1180 ;
1022 1130 1086 1169 ex
1143 1129 1251 1184 qua
1307 1111 1501 1184 genuit
1551 1111 1688 1164 duas
1742 1110 1902 1175 tilias,

287 1226 518 1284 quarum
546 1226 656 1265 una
697 1209 884 1280 nupsit
937 1207 1170 1262 Henrico
1204 1203 1318 1278 regi
1341 1202 1572 1274 juniori,
1611 1200 1724 1255 ﬁlio
1756 1201 1903 1255 Hen-

288 1302 388 1356 rici
416 1301 712 1377 Anglorum
765 1299 931 1372 regis,
999 1298 1172 1351 altera
1207 1309 1338 1348 vero
1406 1292 1520 1346 ﬁlio
1552 1292 1905 1360 imperatoris

290 1386 902 1459 Constantinopolitani.
977 1389 1155 1450 (Auct.
1216 1382 1430 1452 Aquic.)
1483 1379 1708 1434 Fructus
1762 1387 1905 1432 terra

291 1477 482 1533 habuit
509 1478 730 1543 uberes,
765 1482 850 1530 set
877 1473 1188 1545 pluviarum
1235 1469 1601 1524 inundatione
1631 1485 1662 1522 a
1694 1468 1906 1522 festivi—

291 1577 402 1625 tate
429 1568 603 1624 sancti
632 1566 903 1622 Johannis
926 1580 1102 1635 usque
1158 1563 1226 1616 ad
1256 1561 1499 1615 medium
1531 1559 1754 1632 Augusti
1783 1574 1906 1614 om-

292 1663 385 1715 nia
412 1665 684 1726 vastante,
706 1657 793 1712 vix
822 1657 889 1711 ad
939 1655 1313 1710 maturitatem
1366 1651 1638 1722 perduxit.
1669 1651 1801 1705 Nam
1824 1651 1907 1704 vi-

295 1770 424 1808 num
456 1760 511 1808 et
550 1751 718 1806 ceteri
751 1749 958 1805 fructus
987 1764 1054 1803 ex
1085 1754 1238 1818 parto
1297 1745 1640 1810 defecerunt,
1673 1753 1728 1798 et
1757 1743 1904 1814 quod

292 1846 360 1900 de
390 1844 512 1900 uvis
549 1843 837 1899 collectum
885 1847 988 1908 est,
1020 1841 1077 1893 in
1117 1853 1338 1894 acorem
1393 1851 1613 1891 versum
1654 1843 1739 1889 est
1787 1834 1877 1903 (Ib.
1887 1835 1906 1902 )

293 1932 353 1986 ln
369 1931 588 1987 civitate
605 1928 951 1984 Atrebatensi
979 1934 1101 1998 post
1137 1926 1299 1980 beate
1346 1923 1611 1978 memorie
1639 1922 1904 1977 domnum

288 2022 530 2077 Alvisum
556 2021 901 2092 episcopum,
946 2019 1040 2090 qui
1063 2018 1119 2072 in
1138 2015 1495 2088 expeditione
1524 2012 1906 2069 Jherosolimi-

290 2122 418 2168 tana
447 2113 663 2168 obierat
718 2111 889 2181 (402),
931 2111 1218 2165 ordinatur
1275 2105 1642 2164 Godescalcus
1681 2113 1907 2175 quartus

290 2205 606 2277 episc0pus.

363 2297 516 2352 1152.
631 2296 693 2352 Β.
739 2296 824 2350 16.
938 2293 1119 2348 F.17.
1231 2291 1422 2344 A.17.
1539 2286 1685 2341 H.9.

363 2391 539 2454 (Auct.
565 2386 683 2454 Aq.)
717 2382 997 2438 Conradus
1039 2397 1133 2436 rex
1172 2379 1319 2433 diem
1373 2377 1567 2432 clausit
1628 2375 1903 2431 ultimum.

292 2480 594 2551 Optimates
621 2493 752 2534 vero
784 2477 939 2550 regni
979 2484 1035 2531 et
1087 2474 1334 2546 episcOpi
1394 2472 1451 2526 in
1507 2487 1676 2526 unum
1703 2484 1906 2527 conve-

293 2573 532 2636 nientes,
561 2570 852 2642 elegerunt
877 2569 1054 2638 (Mart.
1107 2569 1186 2635 9.)
1227 2565 1574 2622 Frcdericum
1625 2563 1905 2636 |illustrem

293 2664 514 2728 ducem,
569 2661 742 2716 ﬁlium
790 2659 1064 2715 Frederici
1138 2658 1295 2713 ducis
1365 2658 1689 2713 Suavorum.
1740 2657 1910 2726 Hujus

293 2753 552 2811 avunculi
593 2753 814 2809 fuerunt
879 2751 1164 2808 Conradus
1202 2755 1706 2821 supramemoratus
1731 2749 1909 2818 impe-

294 2855 464 2917 rator,
496 2856 550 2904 et
600 2848 865 2903 Henricus
895 2846 1006 2901 dux
1063 2846 1489 2911 Austrasiorum,
1531 2852 1689 2914 pater
1719 2843 1910 2918 regine

294 2945 576 3019 Hungarii.
611 2946 733 3015 (1b.)
765 2947 823 3000 In
853 2943 1092 3001 ecclesia
1121 2943 1294 2998 sancti
1324 2941 1594 3007 Nicholai,
1634 2955 1742 3011 que
1777 2953 1910 2994 cou-

291 3045 498 3092 structa
527 3045 610 3092 est
636 3037 692 3091 in
723 3036 930 3108 oppido
985 3035 1342 3100 Brusellensi,
1393 3040 1579 3088 sancta
1601 3031 1766 3085 Maria
1795 3046 1912 3084 ma-

292 3132 379 3180 ter
407 3125 536 3182 Jesu
571 3125 767 3181 Christi
791 3127 962 3181 multa
988 3125 1250 3180 miracula
1275 3130 1500 3195 operata
1525 3128 1627 3176 est.
1671 3119 1914 3174 Ecclesia

292 3215 465 3269 sancti
499 3214 703 3268 Bcrtini
729 3213 1017 3270 combusta
1066 3221 1150 3268 est
1179 3228 1304 3268 cum
1345 3210 1606 3267 omnibus
1643 3207 1914 3279 appendi-

292 3303 386 3358 tiis
412 3304 547 3371 suis,
583 3304 638 3358 in
673 3304 794 3374 ipso
851 3302 991 3358 festo
1037 3302 1207 3357 sancti
1269 3299 1497 3366 Bertini,
1529 3299 1661 3354 dum
1688 3296 1915 3352 matuti-

295 3411 490 3452 norum
522 3397 851 3469 sollempnia
881 3404 1200 3470 agerentur,
1229 3411 1353 3451 cum
1386 3409 1586 3466 magna
1617 3399 1769 3462 parte
1800 3405 1908 3461 op-

293 3488 434 3558 pidi.

363 3581 520 3639 1153.
715 3585 762 3638 1.
985 3584 1074 3639 18.
1295 3580 1380 3634 18.
1603 3577 1692 3632 10.

358 3675 500 3745 (Aut.
533 3676 745 3745 Aquic.)
778 3674 1007 3745 Eclipsis
1035 3673 1169 3730 solis
1211 3671 1352 3727 facta
1387 3677 1468 3725 est
1515 3671 1567 3724 7.
1602 3668 1716 3722 Kal.
1747 3667 1903 3722 Febr.

285 3764 342 3819 in
382 3763 416 3819 2
443 3764 599 3819 feria.
632 3766 772 3820 51d.
807 3766 1055 3834 ejusdem
1112 3764 1321 3818 mensis
1379 3763 1431 3815 in
1460 3763 1494 3814 2
1539 3761 1675 3814 feria
1722 3758 1908 3813 audita

295 3861 424 3910 sunt
451 3855 708 3910 tonitrua.
736 3856 1013 3929 Eugenius
1045 3871 1183 3925 papa
1213 3854 1383 3909 obiit:
1411 3851 1659 3907 succedit
1690 3850 1741 3904 ei
1773 3849 1909 3903 Con-

298 3942 463 3996 radus
501 3942 662 3994 166ιιε³
695 3959 835 4012 papa
864 3942 1186 3996 Sabinensis
1240 3940 1557 4010 episc0pus,
1591 3935 1909 3990 Anastasius

297 4035 627 4106 appellatus,
662 4042 806 4090 etate
867 4036 1200 4110 grandevus,
1243 4033 1480 4089 vicarius
1533 4031 1720 4086 domni
1771 4044 1910 4101 pape

297 4121 711 4194 predecessoris
737 4125 1099 4180 sui.Domnus
1149 4139 1372 4195 quoque
1420 4117 1911 4175 Hernardusabbas

296 4210 730 4280 Clarevallensis,
763 4213 856 4284 qui
908 4213 1063 4284 quasi
1125 4211 1317 4266 lucifer
1367 4218 1590 4270 exortus
1621 4205 1909 4262 monachi-

294 4319 420 4359 cum
475 4303 727 4359 ordinem
778 4303 1104 4368 illustrabat,
1165 4301 1426 4374 migravit
1467 4300 1534 4354 ad
1594 4297 1905 4353 Dominum.

1936 3078 1985 3147 C

2001 477 2150 549 regis
2192 481 2475 546 nupserat.
2529 473 2738 529 Mortuo
2801 479 2983 528 autem
3060 471 3381 537 Eustachio,
3426 472 3617 528 comiti

2000 565 2184 620 Sancti
2215 564 2386 638 Egidii
2415 563 2662 618 secundo
2679 563 2935 633 copulata
2955 560 3424 616 estmatrimonio.
3457 560 3616 617 Vario

2003 665 2203 714 eventu
2270 659 2560 712 adversum
2613 657 2953 726 Stephanum
3016 670 3204 729 regem
3261 655 3620 727 Angloruma

2007 749 2260 816 Henrico,
2295 749 2406 804 tilio
2438 748 2658 804 comitis
2676 747 3118 822 Andegavorum,
3149 753 3444 820 pugnatur.
3503 747 3620 801 Ste-

2007 847 2224 916 phanus
2254 860 2346 900 rex
2387 843 2685 916 Anglorum
2744 843 2979 899 Henrico
3017 849 3254 917 cognato
3291 857 3393 899 suo
3417 857 3620 898 recon-

2007 933 2243 988 ciliatur.

2078 1023 2236 1076 115.1.
2420 1022 2471 1074 2.
2661 1021 2746 1077 19.
2932 1019 3020 1073 19.
3247 1022 3328 1074 11.

2078 1111 2250 1177 (Auct,
2282 1113 2486 1177 Aquic.)
2552 1109 2794 1164 Romane
2840 1107 3091 1162 azcclesie
3129 1107 3286 1163 167ιι³
3337 1107 3627 1163 ordinatur

2005 1203 2300 1273 epis00pus
2355 1203 2646 1268 Adrianus,
2680 1203 2772 1274 qui
2823 1209 2876 1254 et
2939 1200 3254 1266 Nicholaus,
3297 1199 3629 1255 Albanensis

2006 1296 2302 1365 episc0pus
2326 1295 2486 1348 annis
2513 1294 2565 1350 6.
2637 1293 2950 1364 Stephanus
3007 1309 3096 1346 rex
3150 1292 3344 1366 Anglic
3387 1306 3626 1356 veneno,

2006 1387 2309 1458 utquidam
2343 1393 2614 1452 asserunt,
2659 1386 2713 1439 in
2743 1385 2868 1440 cibo
2908 1392 3128 1454 sumpto
3166 1384 3355 1440 subito
3397 1385 3631 1440 moritur

2007 1482 2136 1550 (Oct.
2167 1479 2257 1545 25)
2299 1498 2314 1544 ;
2349 1478 2434 1532 cui
2467 1479 2735 1532 successit
2777 1479 3063 1535 Heinricus
3125 1493 3303 1548 nepos
3331 1477 3452 1545 ejus
3481 1476 3626 1545 (ἄλ),

2007 1569 2163 1637 cujus
2192 1583 2324 1622 avus
2357 1566 2456 1620 fuit
2515 1567 2606 1620 illc
2674 1566 2917 1622 famosus
2973 1583 3066 1622 rex
3096 1565 3290 1639 Anglie
3338 1562 3626 1618 Henricus.

2009 1657 2142 1710 Filia
2172 1670 2407 1724 namque
2427 1654 2563 1722 ejus,
2597 1669 2703 1724 que
2735 1653 3054 1725 imperatori
3104 1659 3274 1724 nupta
3307 1648 3626 1722 imperatrix

2006 1751 2312 1814 dicebatur,
2347 1756 2399 1802 et
2430 1755 2546 1802 erat
2601 1749 2789 1803 comiti
2832 1748 3213 1822 Andcgavensi
3273 1752 3444 1816 nupta
3503 1750 3626 1814 post

2007 1857 2295 1897 excessum
2351 1839 2721 1910 imperatoris,
2781 1840 3158 1910 supradictum
3217 1837 3512 1892 Henricum
3569 1844 3625 1889 et

2007 1933 2201 1988 fratres
2226 1933 2346 2000 ejus
2384 1931 2452 1984 de
2492 1945 2557 1986 eo
2588 1931 2850 2001 suscepit.
2913 1931 3012 1996 Qui
3059 1947 3182 1985 cum
3209 1929 3390 1984 adhuc
3421 1927 3630 1981 lactens

2007 2025 2108 2078 sub
2143 2025 2310 2078 ubere
2343 2022 2572 2077 nutricis
2601 2029 2766 2084 esset,
2799 2020 3060 2077 defuncto
3109 2036 3209 2076 avo
3239 2020 3358 2088 ejus
3395 2018 3628 2074 Henrico

2010 2129 2138 2188 rege
2177 2113 2230 2166 in
2262 2111 2511 2183 Angliam
2543 2112 2863 2182 deportatus
2895 2112 3167 2168 electione
3191 2111 3439 2166 omnium
3477 2110 3623 2181 prin-

2006 2204 2373 2276 cipum,datis
2419 2205 2749 2272 juramentis
2803 2205 2857 2259 in
2896 2219 3068 2279 regno
3125 2202 3486 2260 conﬁrmatus
3517 2210 3618 2258 est.

2005 2301 2222 2356 Electus
2261 2308 2344 2354 est
2371 2299 2535 2353 etiam
2565 2315 2751 2354 comes
2783 2300 3096 2370 Stephanus
3149 2308 3418 2373 cegnatus
3477 2299 3625 2365 ejus,

2007 2389 2102 2460 qui
2130 2404 2358 2462 regnum
2391 2395 2608 2460 regeret
2634 2395 2688 2441 et
2717 2386 2982 2442 infantem
3033 2386 3312 2442 educarat.
3358 2384 3458 2450 Qui
3493 2384 3623 2438 Stc-

2007 2481 2221 2549 phanus
2251 2494 2282 2532 a
2311 2477 2655 2548 principibus
2683 2493 2998 2547 persuasus,
3060 2493 3289 2551 regnum
3322 2475 3522 2530 invasit
3565 2482 3624 2528 et

2008 2571 2204 2638 tenuit.
2265 2571 2372 2626 Hoc
2427 2577 2733 2641 comperto,
2818 2570 3137 2640 imperatrix
3198 2568 3445 2642 Angliam
3502 2584 3628 2622 cum

2010 2663 2251 2718 exercitu
2311 2663 2639 2735 ingreditur,
2697 2671 2753 2716 et
2803 2662 3006 2716 auxilio
3070 2661 3250 2716 lratris
3277 2662 3364 2715 sui
3409 2658 3633 2716 Roberti

2011 2756 2229 2810 comitis
2250 2755 2320 2809 de
2343 2754 2792 2818 Claudiocestria,
2853 2755 3042 2808 multis
3073 2761 3127 2808 et
3155 2754 3416 2825 gravibus
3441 2751 3634 2824 preliis

2012 2845 2344 2911 commissis,
2397 2844 2567 2898 multa
2618 2845 2881 2899 audacter
2933 2859 3104 2912 opera
3162 2842 3511 2914 perpetravit.
3553 2841 3631 2894 Ad

2011 2938 2267 2992 ultimum
2314 2943 2434 3006 post
2465 2936 2733 3006 plurimos
2792 2951 2969 2991 annos
2992 2935 3106 2991 ﬁlio
3154 2950 3255 2991 suo
3297 2933 3630 3004 juvenejam

2014 3029 2223 3096 adulto,
2252 3029 2528 3099 Stephano
2568 3027 2751 3082 subito
2781 3028 3060 3094 defuncto,
3097 3025 3267 3082 ﬁlium
3297 3042 3455 3082 suum
3489 3025 3634 3080 Hen-

2017 3122 2188 3176 ricum
2221 3135 2407 3194 regem
2439 3119 2745 3175 constituit.
2772 3119 3084 3174 Willelmus
3116 3117 3378 3189 Yprensis
3423 3131 3631 3191 cogno-

2016 3229 2203 3276 mento
2236 3220 2531 3274 Bastardus
2561 3235 2683 3274 cum
2716 3219 2832 3273 suis
2878 3218 3166 3284 militibus,
3196 3218 3323 3290 quia
3353 3217 3632 3287 Stephano

2015 3311 2129 3383 regi
2159 3310 2384 3375 faverat,
2417 3326 2447 3364 a
2480 3309 2713 3364 Henrico
2773 3325 2900 3385 rege
2950 3310 3018 3363 ab
3072 3309 3263 3381 Anglia
3313 3308 3628 3379 expellitur.

2011 3398 2323 3453 Willelmus
2351 3413 2537 3452 comes
2569 3397 2916 3452 Boloniensis
2941 3397 3005 3452 ad
3043 3397 3284 3470 graciam
3309 3397 3454 3470 regis
3488 3395 3632 3450 Hen-

2013 3487 2111 3541 rici
2145 3495 2197 3542 et
2229 3502 2420 3557 pacem
2456 3487 2758 3554 reducitur,
2793 3494 2846 3540 et
2895 3502 3091 3542 omnes
3146 3485 3415 3542 bellorum
3449 3492 3629 3542 motus

2014 3580 2067 3633 in
2109 3578 2303 3654 Anglia
2341 3579 2624 3634 sedantur.
2769 3579 2776 3586 ’

2077 3669 2235 3724 1155.
2454 3669 2506 3721 3.
2690 3667 2780 3724 20.
3001 3669 3056 3721 1.
3281 3667 3366 3721 12.

2079 3766 2250 3834 (Auct.
2284 3768 2496 3834 Aquic.)
2529 3763 2848 3819 Fredericus
2894 3779 2989 3818 rex
3019 3763 3286 3834 preterito
3317 3775 3463 3817 anno
3495 3776 3622 3831 pro-

2007 3855 2183 3910 fectus
2212 3855 2436 3909 Romam
2494 3855 2763 3925 pervenit,
2799 3854 2988 3910 multis
3020 3854 3074 3907 in
3103 3853 3304 3908 itinere
3334 3851 3626 3907 laboribus

2010 3947 2245 4010 attritus,
2279 3954 2336 4000 et.
2385 3946 2618 4000 diversis
2675 3946 2950 4002 hostiliter
2999 3944 3403 4000 obsistentibus
3439 3960 3454 4010 ;
3486 3957 3628 4014 quos

2011 4051 2207 4090 omnes
2238 4035 2304 4089 ad
2336 4035 2736 4104 subjectionem
2763 4042 2817 4089 et
2855 4033 3196 4088 deditionem
3225 4032 3510 4102 compulit.
3534 4031 3630 4088 Set

2016 4143 2140 4186 cum
2193 4147 2224 4185 a
2290 4131 2549 4186 Romanis
2597 4128 2941 4200 principibus
2979 4127 3207 4183 minime
3264 4125 3623 4196 reciperetur,

2016 4220 2240 4276 Romam
2271 4226 2476 4274 armata
2506 4235 2669 4274 manu
2703 4218 3010 4290 ingreditur
3037 4234 3050 4284 ;
3079 4233 3276 4289 papam
3326 4216 3624 4271 Adrianum

2012 4313 2247 4368 amicum
2283 4312 2391 4366 sibi
2417 4320 2470 4367 et
2489 4319 2707 4382 captum
2737 4310 3053 4381 experiens,
3083 4309 3141 4364 in
3171 4309 3408 4366 ecclesia
3444 4309 3620 4364 sancti

297 4398 461 4466 cuius
487 4399 598 4455 νίιᾶ
627 4407 681 4454 et
706 4398 959 4454 doctrina
993 4399 1045 4452 in
1077 4403 1286 4452 malum
1340 4395 1577 4460 excellit.
1613 4401 1672 4448 υῐ
1725 4365 1984 4445 minus!)
2010 4406 2152 4460 Petri
2181 4365 2570 4459 benedictione
2601 4365 2873 4474 imperiali
2913 4365 3275 4458 conﬁrmatur
3300 4410 3355 4458 et
3387 4417 3627 4458 corona-

298 4492 396 4562 sit,
424 4493 691 4564 quicquid
714 4494 769 4547 in
799 4494 919 4562 ejus
951 4492 1114 4546 laude
1141 4491 1344 4546 dictum
1379 4489 1562 4546 fuerit.
1594 4487 1772 4542 Turbo
1788 4502 1904 4560 gra-

2008 4503 2113 4548 tur.
2147 4493 2369 4547 [nterim
2427 4492 2701 4548 exercitus
2748 4493 2869 4561 ejus
2924 4498 3101 4546 totum
3133 4492 3477 4562 procinctum
3533 4507 3624 4546 ec-

298 4586 521 4641 vissime
583 4587 926 4658 tempestatis
972 4601 1071 4656 per
1120 4583 1260 4638 ﬁnes
1307 4584 1449 4637 viam
1495 4581 1719 4637 molitus
1747 4577 1903 4649 quasi
2006 4583 2175 4638 clesie
2246 4583 2390 4638 beati
2446 4583 2590 4636 Petri
2649 4579 3112 4636 circumdederat.
3146 4581 3325 4636 donec
3369 4580 3627 4635 omnibus

299 4674 509 4728 sulcum
557 4675 788 4741 ducens,
845 4675 1012 4729 unius
1067 4673 1180 4728 diei
1247 4672 1449 4727 itinere
1496 4685 1717 4742 queque
1764 4667 1912 4722 velut

303 4761 540 4816 ﬂammis
565 4763 826 4834 depastus
859 4778 1216 4830 consumens,
1245 4761 1486 4834 lugenda
1515 4757 1746 4830 vestigia
1775 4756 1909 4811 reli-

301 4853 441 4925 quit.
509 4855 742 4910 Ascalon
787 4862 944 4925 capta
978 4863 1061 4910 est
1089 4872 1120 4909 a
1149 4855 1367 4911 Domini
1414 4851 1678 4916 exercitu,
1707 4851 1802 4921 qui
1829 4855 1913 4904 est

297 4949 701 5016 Jhcrosolimis,
752 4958 806 5004 et
856 4965 1111 5020 possessa
1155 4966 1185 5004 a
1230 4948 1451 5013 nostris,
1506 4945 1678 5000 multo
1729 4951 1910 4998 tamen

295 5041 485 5098 labore
517 5059 580 5097 ac
601 5043 864 5097 diuturno
894 5041 1062 5107 bello,
1117 5041 1303 5095 multis
1334 5040 1499 5094 etiam
1571 5037 1831 5109 periculis
1861 5043 1916 5090 et

298 5135 558 5207 gravibus
590 5135 848 5205 dampnis
875 5141 1060 5189 nostro
1089 5133 1243 5203 prius
1264 5131 1511 5187 exercitu
1533 5129 1758 5186 afﬂicto.
1791 5129 1916 5182 Erat

297 5224 431 5278 urbs
455 5227 545 5281 illa
575 5227 678 5283 150
703 5225 947 5282 turribus
1011 5222 1310 5294 prevalidis
1340 5223 1572 5288 munita,
1597 5227 1652 5276 et
1675 5235 1915 5276 cenacu-

2013 4677 2246 4748 expletis
2297 4693 2419 4732 cum
2454 4676 2786 4747 imperatore
2815 4677 3190 4751 egrederetur.
3227 4673 3459 4729 Romani
3498 4673 3628 4744 qui-

2015 4771 2243 4828 busdam
2293 4773 2552 4839 residuis,
2581 4788 2722 4844 quos
2770 4773 3019 4827 incautos
3071 4775 3498 4841 occupaverant,
3527 4767 3622 4821 in-

2015 4863 2281 4932 terfectis,
2309 4881 2434 4920 cum
2480 4865 2816 4934 imperatore
2869 4861 3307 4937 congrediuntur
3337 4877 3350 4924 ;
3389 4866 3472 4915 set
3503 4873 3628 4913 mox

2015 4955 2070 5008 in
2100 4953 2281 5026 fugam
2315 4954 2477 5019 versi,
2511 4953 2578 5008 ad
2607 4953 2820 5007 Tiberis
2848 4952 3060 5007 alveum
3083 4960 3376 5025 coguntur.
3430 4948 3627 5014 Quanti

2017 5049 2069 5102 in
2092 5049 2485 5122 congressione
2525 5047 2867 5113 ceciderunt,
2899 5045 3090 5117 quanti
3133 5046 3188 5099 in
3243 5044 3472 5099 ﬂumine
3493 5043 3630 5099 sub-

2015 5137 2346 5202 mersisunt,
2379 5135 2598 5207 scriptis
2627 5135 2973 5191 committere
3030 5149 3139 5188 non
3194 5134 3372 5189 audeo
3449 5133 3628 5202 Impe-

2017 5233 2166 5280 rator
2194 5226 2367 5280 victor
2419 5224 2744 5299 regreditur.
2799 5221 3338 5290 Godefridusjunior
3363 5221 3472 5276 dux
3518 5220 3627 5275 Lo-

296 5321 664 5383 lisdomatum
697 5323 753 5379 in
816 5319 1015 5393 plateis
1065 5318 1181 5373 suis
1207 5317 1362 5388 quasi
1395 5317 1571 5388 cripta
1612 5315 1908 5388 laqueariis
2012 5314 2287 5388 tliaringie
2330 5314 2496 5368 ﬁliam
2569 5313 2783 5368 chrici
2837 5311 3058 5367 comitis
3115 5309 3541 5386 Lemburgensis
3572 5309 3630 5364 in

296 5427 626 5492 snpertecta,
651 5425 704 5472 et
769 5411 1179 5486 quodammodo
1216 5409 1680 5484 inexpugnabilis.
1715 5408 1910 5462 Eusta—
2013 5405 2271 5480 conjugio
2318 5404 2544 5460 sortitus
2567 5411 2690 5469 est;
2741 5417 2839 5466 per
2885 5403 3033 5473 quod
3063 5401 3282 5456 tandem
3314 5400 3479 5455 rebus
3503 5413 3628 5455 om-

297 5507 456 5563 chius
487 5507 630 5562 ﬁlius
677 5503 940 5576 Stephani
986 5501 1131 5575 regis
1182 5499 1373 5572 Anglic
1414 5499 1467 5551 in
1501 5497 1693 5569 Anglia
1740 5495 1913 5552 mori-
2015 5495 2178 5549 nibus
2235 5512 2369 5566 pace
2407 5495 2748 5565 compositis,
2809 5494 3092 5550 contentio
3147 5493 3315 5564 longo
3381 5497 3632 5562 tempore

1863 5592 2073 5648 ΝΟΤᾹΞ.

371 5703 510 5773 (402)
544 5705 606 5760 Α.
640 5701 800 5770 1147,
832 5703 1139 5760 secundum
1171 5700 1408 5758 Annales
1447 5700 1857 5773 Aquicinenses
