3894 6070
134 263 234 322 297

1068 264 1414 322 CHRONICA.
1458 295 1524 306 —-
1567 262 1999 320 CONTINUATIO
2038 262 2519 330 AQUICINCTINA.

3353 265 3461 320 298

131 401 416 454 contracta
474 411 541 452 ea
594 393 916 451 conditione
955 393 1114 452 ﬁnita
1165 404 1268 464 est,
1307 407 1368 453 ut
1421 397 1751 454 Godefridus
1773 397 2090 468 Adebitum
2116 397 2423 452 exhibemus
2466 397 2736 460 honorem,
2764 409 2800 450 a
2836 396 3052 466 quibus,
3080 398 3324 456 videlicet
3345 415 3463 470 pro—

132 482 520 541 conﬁrmatum
549 483 654 539 sibi
703 483 962 540 ducatum
1015 485 1190 541 sancti
1237 487 1528 554 Trudonis,
1562 493 1756 546 castel-

133 577 246 632 lum
279 577 434 633 Rode
471 577 742 648 optineat,
771 583 938 648 atque
970 577 1218 632 omnium
1247 595 1356 650 que
1411 581 1748 652 possidebat,

133 663 280 721 idem
307 679 497 722 comes
554 673 679 736 post
721 665 1010 721 decessum
1052 667 1173 736 ejus
1227 668 1581 725 medietatem
1613 672 1752 727 acci-

133 756 318 827 piens,
352 754 694 811 hereditario
728 755 855 825 jure
884 756 1185 827 possideat.
1219 759 1278 811 In
1304 757 1486 813 insula
1525 761 1750 831 Aquici-

131 847 296 904 nensi
327 847 581 903 dedicata
605 853 692 903 est
712 847 950 904 ecclesia
977 847 1137 904 beate
1158 849 1253 904 Dei
1266 851 1554 922 genitricis
1581 852 1748 908 Mario

130 938 518 995 aGodescalco
547 939 892 995 Atrebatensi
923 939 1208 1011 episcopo,
1237 956 1427 998 mense
1445 943 1611 998 Julio.

199 1032 360 1088 1156.
481 1033 537 1086 R.
587 1033 638 1088 4.
756 1032 809 1089 Ρ.
850 1033 941 1088 21.
1093 1037 1150 1087 Α.
1191 1036 1227 1088 2
1399 1035 1456 1090 ll.
1505 1037 1587 1091 l3.

197 1123 522 1180 Fredericus
559 1125 877 1194 imperator,
937 1125 1417 1182 consentientibus
1476 1128 1746 1200 archiepi-

134 1213 319 1284 scopis
345 1219 402 1266 et
431 1211 712 1282 episcopis
741 1210 1064 1268 Theutonici
1105 1213 1280 1286 regni,
1330 1229 1552 1270 uxorem
1593 1232 1745 1272 suam

130 1305 338 1374 injuste
394 1303 629 1371 dimisit,
659 1310 716 1358 et
766 1303 898 1360 inde
939 1320 1193 1380 magnam
1243 1305 1350 1360 sibi
1380 1307 1747 1364 calamitatem

131 1397 362 1468 paravit.
413 1397 538 1467 Ipse
568 1401 752 1451 autem
803 1395 1103 1466 imperator
1126 1397 1290 1454 aliam
1321 1399 1478 1455 duxit
1501 1416 1748 1470 uxorem,

127 1489 296 1544 ﬁliam
354 1487 643 1558 cujusdam
722 1487 879 1544 ducis
934 1488 1412 1560 Burgundionum,
1479 1491 1748 1566 virginem

1849 487 2176 556 genitoribus
2222 489 2438 554 nostris,
2490 493 2542 542 et
2566 489 2722 556 regni
2769 486 3088 556 dignitatem
3131 493 3461 560 suscepimus

1849 582 1901 630 et
1924 578 2194 632 honorem.
2226 573 2510 645 Nusquam
2531 575 2832 648 enim3antc
2858 583 3094 648 tempora
3121 583 3463 636 Constantini

1847 671 2092 726 Silvester
2131 671 2308 739 regale
2334 671 2539 738 aliquid
2589 672 2839 728 habuisse
2859 673 3190 740 dinoscitur;
3229 681 3310 731 set
3342 679 3460 746 ejus

1844 763 2062 828 pictatis
2089 765 2419 816 concessione
2453 777 2567 830 paa:
2601 763 2812 817 reddita
2859 770 2936 818 est
2980 765 3210 832 ecclesie,
3241 766 3461 822 libertas

1847 855 2116 918 restituta,
2149 859 2201 907 et
2227 853 2480 922 quicquid
2505 853 2656 908 hodie
2677 859 2916 923 papatus
2965 861 3136 911 vester
3161 859 3340 925 regale
3361 860 3457 913 ha-

1847 941 1966 994 bere
2008 941 2324 1006 dinoscitur,
2363 943 2648 1009 largitione
2695 944 3012 1012 principum
3065 947 3289 1014 optinet.
3321 947 3464 1001 Unde

1845 1047 1971 1086 cum
1994 1035 2228 1086 Romano
2261 1035 2505 1100 pontiﬁci
2525 1033 2831 1103 scribimus,
2873 1038 3003 1104 jure
3034 1043 3086 1091 et
3113 1042 3338 1107 antique
3367 1054 3463 1092 no-

1846 1135 1972 1176 men
1995 1127 2243 1176 nostrum
2266 1127 2436 1176 vestro
2469 1125 2832 1191 preponimus.
2873 1125 2950 1178 Ab
2978 1127 3060 1180 his
3111 1132 3316 1193 autem,
3367 1131 3462 1196 qui

1847 1210 1924 1264 dii
1947 1217 2080 1264 sunt
2104 1225 2201 1280 per
2227 1211 2563 1280 adoptionem
2587 1217 2640 1266 et
2662 1213 2866 1281 regalia
2916 1221 3102 1269 nostra
3143 1222 3326 1270 tenent
3361 1233 3462 1272 cur

1849 1299 2222 1368 hominagium
2266 1304 2316 1354 et
2358 1299 2563 1368 regalia
2619 1306 2965 1356 sacramenta
3018 1315 3131 1358 non
3157 1306 3457 1372 erigamus,

1849 1405 1976 1444 cum
2001 1391 2092 1444 ille
2117 1395 2296 1445 noster
2341 1396 2395 1445 et
2418 1396 2591 1446 vester
2610 1403 2770 1446 verus
2815 1393 3097 1450 institutor
3150 1395 3218 1449 ab
3248 1397 3463 1452 homine

1849 1495 1972 1550 rege
1997 1483 2168 1537 nichil
2193 1485 2480 1552 accipiens,
2511 1491 2563 1539 et
2589 1487 2774 1540 omnia
2820 1485 2960 1540 bona
3007 1485 3253 1542 omnibus
3279 1488 3464 1554 confe-

131 1579 471 1654 elegantem.
503 1579 680 1643 (Auct.
714 1580 881 1646 Aquic
908 1576 925 1648 )
955 1576 1262 1650 Philippus,
1318 1578 1464 1636 filius
1503 1579 1755 1637 Theode-
1851 1591 1996 1644 νθηδ,
2026 1580 2121 1646 σαὶ
2141 1593 2241 1646 Ρνο
2263 1592 2320 1632 δε
2344 1585 2397 1634 ει
2428 1594 2527 1648 1)νο
2555 1584 2708 1636 Ρθινο
2755 1595 2979 1636 “nam
2999 1583 3174 1636 οεδανί
3193 1572 3460 1651 Pendit“.

131 1670 227 1726 rici
243 1668 469 1726 comitis
488 1667 1029 1738 Flandrensensium,
1045 1667 1213 1725 ﬁliam
1233 1669 1450 1726 Rodulﬁ
1466 1671 1752 1728 Viroman-
1773 1715 1822 1740 η
1849 1673 1903 1722 et
1926 1669 2230 1737 exemplum
2255 1670 2396 1725 dedit
2421 1671 2584 1738 vobis,
2617 1677 2680 1727 ut
2701 1678 2755 1728 et
2780 1687 2867 1728 vos
2894 1675 2973 1727 ita
3015 1675 3256 1740 faciatis,
3281 1675 3464 1730 doceat

134 1715 227 1726 ην.
246 1715 468 1726 --....-.-
489 1715 1213 1738 -----._.------.--_...,.........
1233 1715 1450 1726 -.ν-η...
1480 1715 1722 1728 ............
1851 1715 1897 1722 --
1928 1715 2227 1737 νην-τη..-
2255 1715 2396 1725 πη--
2424 1715 2584 1738 --πη
2620 1715 2680 1727 ,η
2701 1715 2754 1728 ν.
2781 1715 2865 1728 -..ν
2895 1715 2973 1727 η..
3015 1715 3256 1740 ,..........,
3281 1715 3458 1730 ww...

134 1763 396 1820 densium
451 1761 670 1818 comitis
723 1761 1002 1817 Elizabeth
1047 1779 1274 1819 uxorem
1303 1764 1456 1820 ducit
1509 1765 1746 1822 Belvaci.
1771 1715 1826 1786 B
1848 1776 1938 1817 vos
1965 1765 2044 1817 ita
2069 1763 2276 1819 dicens:
2326 1783 2352 1814 α
2385 1768 2580 1822 Discite
2605 1783 2640 1821 a
2661 1781 2768 1832 me,
2797 1770 2928 1836 quia
2950 1769 3100 1823 mitis
3125 1783 3248 1824 sum
3275 1775 3326 1824 et
3350 1771 3458 1825 hu-

135 1851 464 1908 Fredericus
491 1851 796 1922 imperator
836 1867 868 1906 a
894 1867 1036 1924 papa
1083 1852 1322 1910 Adriano
1371 1861 1426 1909 et
1484 1854 1750 1911 Rollando
1849 1849 1994 1904 milis
2021 1851 2192 1906 corde.
2239 1873 2263 1896 ιι
2304 1856 2412 1907 Aut
2448 1855 2618 1922 igitur
2655 1857 2885 1924 episcopi
2927 1856 3131 1925 regalia
3177 1857 3326 1913 nobis
3379 1858 3463 1913 di-

133 1944 468 2002 caneellario
518 1959 616 2016 pro
672 1943 860 2000 uxoris
909 1960 1010 2000 sue
1060 1945 1240 2017 prime
1295 1947 1530 2004 divortio
1582 1949 1712 2004 vehc

1871 1941 2096 2006 nittant,
2135 1946 2235 1994 aut
2281 1943 2331 1996 si
2356 1941 2451 1996 hec
2471 1942 2578 1996 sibi
2601 1944 2762 1998 utilia
2807 1945 3195 2012 judicavcrint,
3249 1961 3352 2014 que
3373 1950 3466 2002 Dei

133 2045 352 2096 menter
390 2036 655 2110 arguitur.
692 2035 848 2100 Quod
879 2036 972 2092 ille
1002 2053 1132 2112 egre
1161 2037 1348 2096 ferens
1377 2040 1712 2097 cardinalibu

1871 2035 1971 2100 Deo,
1997 2038 2049 2086 et
2074 2047 2178 2102 que
2197 2037 2395 2089 cesaris
2441 2040 2573 2090 sunt
2611 2038 2785 2091 cesari
2809 2036 3058 2092 reddant.
3088 2039 3465 2096 Cardinalibus

132 2127 402 2185 Romanis
450 2124 736 2182 introitum
769 2125 1049 2182 civitatum
1101 2133 1156 2184 et
1204 2129 1566 2186 ecclesiarum
1598 2147 1712 2204 regi

1871 2124 2041 2192 utique
2063 2127 2251 2180 vestris
2273 2125 2456 2181 clause
2486 2133 2619 2182 sunt
2644 2127 2877 2194 ecclesie,
2909 2134 2972 2182 ut
2998 2143 3108 2184 non
3127 2135 3358 2198 pateant
3382 2134 3466 2187 ci-

133 2219 217 2274 sui
250 2213 561 2272 interdixit.
1851 2217 2082 2283 vitales;
2113 2219 2246 2285 quia
2279 2231 2391 2272 non
2429 2217 2669 2273 videmus
2698 2217 3073 2288 predicatores,
3119 2228 3198 2275 set
3225 2221 3466 2290 predato-

205 2317 346 2372 Ηδτ
357 2359 369 2370 .
623 2318 678 2374 5.
893 2317 984 2372 2‘2.
1239 2317 1292 2371 3.
1513 2316 1598 2370 14.

1871 2317 1974 2372 "es;
2004 2318 2115 2359 non
2137 2307 2289 2374 pacis
2315 2306 2800 2376 administratores,
2832 2314 2914 2364 set
2931 2312 3160 2378 pecunie
3183 2317 3460 2380 raptores;

202 2405 481 2462 Adrianus
509 2421 656 2478 papa
684 2412 740 2462 et
760 2403 1082 2460 Fredericus
1107 2405 1424 2476 imperator,
1457 2412 1578 2460 orta
1605 2404 1747 2460 inter
1845 2409 1958 2451 ηοη
2008 2395 2150 2452 orbis
2195 2398 2633 2467 corroboratores,
2661 2406 2742 2456 set
2770 2404 3000 2469 pecunia
3039 2403 3190 2459 ultra
3245 2405 3466 2461 modum

132 2509 190 2549 se
247 2494 508 2551 simulate
560 2511 662 2568 pro
719 2495 952 2552 diversis
1007 2495 1210 2563 causis,
1267 2493 1529 2566 epistolas
1580 2493 1748 2549 nimis
1847 2481 2182 2546 insatiabilcs
2235 2507 2544 2550 corrosores.
2592 2498 2727 2550 Cum
2787 2497 3078 2552 viderimus
3135 2513 3220 2554 cos
3283 2501 3468 2570 quales

132 2587 382 2645 mordaci
423 2604 682 2646 sermone
713 2589 782 2645 ad
823 2589 1147 2646 alterutrum
1186 2587 1564 2644 conscribunt.
1621 2586 1750 2658 Epi-i
1848 2586 2076 2655 requirit
2127 2586 2380 2654 Ecclesia,
2428 2592 2707 2656 portantes
2730 2602 2940 2658 pacem,
2971 2589 3345 2648 illuminantes
3372 2609 3469 2662 pa-

133 2677 273 2734 stola
323 2677 549 2732 Adriani
605 2694 750 2750 pape
805 2678 872 2733 ad
927 2677 1276 2734 Fredericum
1331 2679 1748 2750 imperatorem;
1853 2677 2037 2742 triam,
2070 2677 2374 2730 assistentes
2399 2689 2564 2731 cause
2601 2677 2895 2732 humilium
2919 2679 2980 2732 in
3005 2680 3261 2748 equitate,
3284 2695 3470 2738 ncces-

133 2767 411 2823 Adrianus
438 2769 710 2838 episcopus
754 2783 936 2824 servus
958 2783 1232 2824 servorum
1278 2771 1388 2836 Dei,
1437 2769 1624 2824 dilecto
1646 2769 1760 2834 ﬁlio
1855 2767 2015 2820 sariis
2043 2779 2124 2820 eos
2145 2765 2422 2835 stipendiis
2447 2771 2500 2821 ct
2526 2773 2830 2822 commeatu
2851 2773 3159 2824 sustentare
3179 2783 3292 2826 non
3316 2771 3468 2842 diffe-

135 2864 194 2915 in
222 2863 432 2917 Christo
455 2861 728 2918 Frederico
764 2867 1127 2918 Romanorum
1171 2861 1500 2930 imperatori,
1526 2860 1758 2914 salutem
1853 2875 2055 2915 remus.
2083 2861 2416 2916 Humilitatis
2440 2866 2646 2928 autem,
2671 2876 2774 2930 que
2799 2868 2974 2917 custos
2995 2868 3074 2918 est
3097 2865 3388 2935 virtutum,
3418 2873 3471 2920 et

137 2957 188 3006 et
216 2951 566 3021 apostolicam
593 2952 1028 3008 benedictionem.
1069 2956 1174 3007 Lex
1207 2951 1416 3017 divina,
1470 2955 1614 3004 sicut
1647 2964 1754 3018 pa-
1853 2951 2289 3005 mansuetudinis
2314 2955 2486 3005 vestre
2509 2965 2622 3004 non
2641 2952 2936 3005 minimam
2959 2956 3148 3006 notam
3165 2953 3468 3022 incurritis,

134 3046 312 3096 rentes
372 3041 760 3096 honorantibus
812 3044 922 3097 vite
971 3043 1347 3110 longevitatem
1409 3039 1752 3107 repromittit,
1786 3077 1836 3148 Ο
1855 3055 1978 3095 cum
2008 3041 2318 3110 huiusmodi
2342 3042 2638 3108 questiones
2660 3041 2910 3110 religioni
2943 3055 3055 3097 non
3075 3042 3316 3098 multum
3339 3057 3472 3100 con-

137 3135 214 3187 ita
271 3131 718 3187 maledicentibus
763 3135 914 3202 patri
962 3138 1016 3186 et
1075 3133 1247 3185 matri
1291 3132 1618 3185 sententiam
1669 3131 1760 3183 ni-
1787 3127 1836 3148 ν
1856 3128 2086 3194 ferentes
2153 3127 2484 3183 sceularibus
2545 3131 2783 3196 personis
2828 3131 3144 3198 proponitis.
3195 3133 3473 3189 Provideat

134 3220 464 3276 chilominus
511 3223 701 3276 mortis
758 3220 1027 3276 intendit.
1109 3221 1353 3276 Veritatis
1407 3223 1593 3273 autem
1640 3231 1762 3272 voce
1857 3221 2038 3290 itaque
2053 3223 2357 3290 paternitas
2382 3209 2581 3288 vestra,
2611 3237 2682 3276 ne
2729 3221 2863 3278 dum
2887 3223 3023 3278 talia
3044 3231 3246 3294 monet,
3273 3241 3379 3296 que
3398 3229 3477 3282 di-

140 3314 415 3382 docemur,
469 3317 597 3384 quia
627 3316 800 3370 omnis
846 3317 942 3384 qui
993 3329 1049 3369 se
1091 3315 1318 3382 exultat,
1359 3312 1757 3377 humiliabitur,
1859 3329 1969 3383 gna
1990 3327 2098 3368 non
2125 3313 2396 3380 ducimus,
2442 3314 2826 3382 oﬂ‘endiculum
2857 3320 3029 3384 ponat
3050 3317 3178 3383 illis,
3208 3321 3306 3387 qui
3327 3320 3478 3377 velut

141 3407 191 3456 et
244 3405 344 3472 qui
393 3417 452 3458 se
477 3403 752 3470 humiliat,
792 3403 1144 3458 excitabitur.
1177 3405 1522 3472 Quapropter,
1575 3401 1762 3456 dilecte
1861 3407 1933 3461 ad
1955 3406 2210 3460 umbram
2231 3408 2528 3462 serotinum
2547 3409 2630 3462 ori
2653 3413 2825 3462 vestro
2853 3422 3014 3464 aures
3063 3425 3194 3464 suas
3235 3413 3477 3481 arrigere

139 3495 216 3546 mi
265 3493 330 3546 in
359 3494 581 3548 Domino
631 3493 733 3560 fili,
786 3507 949 3562 super
1009 3493 1300 3561 prudentia
1353 3497 1449 3546 tua
1491 3504 1604 3546 non
1647 3502 1761 3543 mc-

143 3583 396 3639 diocriter
451 3584 813 3652 admiramur,
881 3584 1019 3654 quod
1071 3583 1224 3638 beato
1276 3587 1431 3638 Petro
1479 3587 1532 3636 et
1579 3585 1768 3636 sancte

145 3677 388 3730 Romane
435 3675 650 3730 ecclesia
689 3677 773 3730 illi
819 3679 1096 3732 commisso
1139 3691 1252 3732 non
1297 3679 1565 3744 quantam
1615 3672 1764 3727 debe-

145 3781 229 3822 res
282 3769 648 3822 reverentiam
701 3767 948 3823 exhibere
989 3769 1201 3823 videris.
1261 3771 1327 3821 In
1388 3766 1579 3822 litteris
1623 3766 1773 3820 enim

149 3859 218 3913 ad
245 3872 346 3913 nos
370 3860 548 3914 missis
601 3873 799 3915 nomen
856 3866 1016 3914 tuum
1051 3864 1230 3915 nostin
1255 3860 1528 3928 preponis;
1584 3859 1646 3911 in
1671 3871 1773 3926 quo

153 3951 460 4016 insolentie,
485 3964 554 4005 ne
579 3951 760 4006 dicam
785 3954 1112 4020 arrogantis,
1144 3957 1332 4006 notam
1360 3951 1596 4006 incurris
1641 3947 1776 4012 Quid

157 4038 342 4093 dicam
363 4038 430 4092 de
457 4037 715 4102 ﬁdelitate
737 4038 886 4094 beato
910 4045 1062 4095 Petro
1090 4045 1140 4094 et
1189 4039 1338 4094 nobis
1365 4055 1401 4093 a
1430 4044 1480 4093 te
1516 4039 1776 4108 prmissa

158 4133 210 4182 et
233 4130 461 4196 jurata,
500 4127 757 4197 quonde
803 4141 925 4184 eam
949 4128 1204 4196 observes,
1235 4131 1330 4198 qui
1379 4128 1447 4184 ab
1476 4129 1557 4183 his
1589 4130 1684 4197 qui
1705 4127 1784 4181 dii

159 4225 294 4272 sunt
323 4224 378 4274 et
406 4219 514 4284 ﬁlii
534 4220 742 4275 Επεὶ.ςὶ
775 4234 978 4288 omnes,
1003 4223 1255 4290 episcopis
1299 4221 1519 4287 scilicet,
1542 4221 1784 4275 hemina-

161 4314 320 4378 gium
346 4314 600 4380 requiris,
626 4313 942 4378 ﬁdelitatem
966 4315 1158 4382 exigis,
1212 4327 1413 4368 manus
1452 4327 1638 4367 eorum
1664 4326 1786 4367 con~

159 4406 404 4456 secratas
435 4401 688 4457 manibus
719 4405 827 4457 tuis
872 4404 1122 4470 inuectis,
1171 4408 1222 4456 et
1264 4403 1554 4468 manifeste
1604 4402 1783 4470 factus

163 4498 318 4551 nobis
357 4499 686 4564 contrarius,
713 4497 1082 4552 cardinalibus
1111 4511 1145 4550 a
1173 4497 1340 4551 latere
1365 4503 1544 4552 nostro
1571 4496 1784 4551 directis

162 4601 279 4640 non
306 4586 484 4639 solum
533 4586 802 4652 ecclesias,
866 4585 957 4640 sed
1002 4587 1170 4638 etiam
1223 4586 1463 4640 civitates
1499 4599 1655 4653 regni
1706 4585 1790 4637 tui

167 4675 422 4730 claudis!
487 4675 746 4743 Resipisco
770 4675 958 4742 igitur,
997 4673 1262 4742 resipisce,
1293 4672 1390 4726 tibi
1438 4675 1789 4736 consulimus,

165 4770 300 4837 quia
355 4765 484 4819 dum
513 4780 548 4819 a
596 4764 750 4819 nobis
792 4766 1244 4820 consecrationem
1291 4769 1345 4818 et
1385 4777 1638 4818 coronam
1669 4777 1790 4818 me-

168 4861 370 4924 rueris,
425 4857 559 4912 dum
608 4859 918 4912 inconcessa
945 4861 1152 4925 captas,
1189 4869 1262 4910 ne
1295 4869 1542 4912 concessa
1579 4855 1791 4924 perdas,

171 4958 266 5006 tue
291 4949 566 5004 nobilitati
617 4951 885 5003 timemus.
917 4953 1056 5002 Data
1105 4951 1354 5004 Prcnestc
1391 4945 1428 5002 8
1483 4947 1598 5002 Kal.
1637 4949 1793 5002 Julii.

173 5040 528 5111 Rescriptum
573 5040 926 5111 imperatoris
950 5039 1019 5094 ad
1049 5039 1286 5094 eundem
1311 5057 1328 5094 :
1377 5041 1683 5095 Fredericus
1707 5043 1799 5094 Dei

173 5135 360 5202 gratia
451 5136 818 5186 Romanorum
889 5135 1180 5202 imperator
1252 5145 1460 5200 semper
1509 5138 1794 5202 augustas,

174 5225 420 5280 Adriano
467 5225 684 5280 ecclesie
709 5225 968 5280 catholico
1011 5237 1220 5279 summo
1238 5225 1504 5293 pontiﬁci,
1551 5223 1798 5280 omnibus

1862 3498 2147 3564 festinant.
2173 3501 2287 3553 Non
2309 3498 2458 3552 enim
2469 3511 2754 3565 possumus
2775 3511 2889 3552 non
2911 3500 3225 3568 respondere
3241 3503 3478 3559 auditis:

1865 3603 1992 3644 cum
2019 3587 2264 3658 superbia
2311 3587 2674 3643 detestabilem
2723 3587 2952 3644 bestiam
2992 3606 3160 3661 usque
3182 3594 3255 3649 ad
3301 3596 3478 3652 sedem

1869 3677 2011 3732 beati
2037 3677 2184 3730 Petri
2201 3678 2327 3745 jam
2351 3679 2588 3744 reptasse
2629 3677 2926 3734 videamus.
2967 3681 3096 3736 Paci
3129 3683 3480 3741 ecclesiastico

1871 3757 2002 3814 bene
2023 3761 2376 3830 providentes,
2417 3777 2624 3833 semper
2661 3765 2906 3822 valeatis.
2942 3765 3037 3822 llic
3064 3766 3309 3838 relectis,
3337 3787 3482 3844 papa

1872 3854 2024 3904 totus
2047 3849 2102 3904 in
2133 3850 2521 3922 imperatorem
2547 3853 2848 3923 invehitur,
2883 3862 2942 3911 et
2967 3871 3348 3932 quoscumque
3379 3877 3483 3932 po-

1874 3948 2002 4008 test,
2021 3941 2090 3996 ab
2120 3957 2188 3998 eo
2226 3942 2412 4000 verbis
2435 3950 2492 4000 et
2515 3943 2738 4016 scriptis
2765 3947 2967 4004 avertit
2991 3947 3136 4023 (403)
3201 3951 3488 4010 Italienses

1879 4043 2070 4092 contra
2099 4036 2490 4109 imperatorem
2521 4039 2822 4107 rebellant;
2855 4041 2974 4112 ipse
3003 4059 3135 4102 vero
3165 4046 3232 4102 ad
3263 4062 3362 4105 eos
3388 4049 3486 4105 de-

1882 4123 2172 4182 bellandos
2199 4126 2408 4182 Italiam
2445 4125 2601 4198 petit.
2625 4125 2820 4184 Contra
2862 4144 3029 4200 quem
3060 4131 3350 4189 ltalienses
3391 4149 3490 4189 ur-

1884 4214 2051 4270 bibus
2071 4225 2127 4270 et
2154 4215 2401 4272 castellis
2431 4215 2683 4283 munitis,
2715 4233 2778 4272 se
2805 4218 2877 4272 ad
2894 4217 3287 4278 debellandum
3302 4224 3492 4280 accin-

1885 4313 2042 4378 gunt,
2073 4320 2315 4376 eumque
2347 4303 2716 4360 Mediolanum
2733 4305 3006 4362 hostiliter
3022 4307 3356 4364 adheuntem
3379 4325 3490 4366 non

1888 4394 2180 4465 recipiunt.
2211 4394 2515 4465 Imperator
2550 4400 2758 4461 autem,
2789 4394 3117 4469 expugnatis
3175 4395 3495 4452 munitioni-

1885 4486 1990 4541 bus
2017 4500 2126 4558 que
2151 4492 2346 4540 contra
2372 4501 2432 4539 se
2463 4492 2644 4553 erant,
2673 4483 3044 4540 Mediolanum
3097 4485 3334 4541 obsidet.
3373 4486 3494 4560 (1b.)

1884 4575 2252 4632 Theodericus
2311 4590 2499 4631 comes
2553 4573 2810 4630 Flandrie
2855 4575 3029 4631 tercio
3081 4577 3496 4634 lberosolimam

1890 4665 2030 4739 petit
2074 4681 2199 4720 cum
2230 4664 2424 4720 Sibilla
2451 4665 2707 4738 conjuge.
2752 4663 2881 4719 Post
2929 4679 3161 4736 quorum
3194 4665 3497 4724 discessum

1891 4759 2178 4830 Philippus
2229 4755 2378 4812 ﬁlius
2429 4771 2620 4811 eorum
2659 4755 2924 4812 adversus
2971 4756 3234 4831 Symonis
3289 4761 3360 4818 de
3386 4761 3500 4820 Oizi

1895 4851 2003 4908 sibi
2031 4851 2212 4907 subici
2241 4848 2482 4905 nolentis
2500 4847 2902 4904 contumaciam
2933 4849 3301 4910 edomandam
3347 4869 3505 4912 exer—

1897 4946 2064 5004 citum
2117 4945 2289 5010 ducit,
2337 4949 2394 4998 et
2448 4942 2561 4998 luci
2623 4942 2910 5000 castellum
2970 4945 3193 5004 obsidet
3250 4955 3310 5005 et
3359 4949 3506 5020 capit

1896 5044 2086 5094 contra
2140 5033 2472 5090 Ludovicum
2503 5049 2690 5108 regem
2730 5033 3060 5092 Francorum
3115 5037 3414 5096 commotio
3451 5047 3508 5094 et

1895 5128 2145 5186 simultas
2167 5126 2384 5184 Henrici
2413 5126 2563 5200 regis
2589 5126 2889 5202 Anglorum
2925 5129 3186 5187 exoritur.

1967 5221 2128 5278 H58.
2347 5219 2402 5276 6.
2583 5219 2674 5276 23.
2928 5221 2984 5277 4.
3168 5223 3257 5277 15.

178 5317 435 5373 adherere
477 5331 580 5386 que
606 5318 746 5386 cepit
769 5319 922 5371 Iesus
965 5317 1146 5383 facere
1169 5321 1223 5370 et
1248 5316 1448 5371 docere.
1482 5319 1588 5371 tea:
1633 5317 1802 5386 justi-
1971 5315 2246 5372 Adrianus
2276 5329 2421 5386 papa
2447 5329 2572 5371 cum
2622 5314 2999 5371 cardinalibus
3024 5315 3142 5372 suis
3168 5313 3358 5374 habito
3376 5332 3517 5376 con-

179 5409 260 5460 cie
287 5409 587 5477 unicuique
613 5406 752 5475 quod
773 5420 936 5460 suum
963 5410 1041 5460 est
1075 5405 1332 5460 restituit.
1381 5409 1494 5459 Non
1532 5407 1678 5460 enim
1700 5419 1806 5474 pa-
1904 5405 2052 5473 silio,
2083 5403 2435 5460 Fredericum
2479 5402 2890 5474 imperatorem,
2923 5403 3018 5475 qui
3059 5402 3280 5459 vivente
3345 5419 3517 5462 uxore

181 5498 426 5554 rentibus
450 5500 649 5554 nostris
669 5497 1004 5566 defogamus,
1031 5495 1224 5566 quibus
1249 5497 1310 5549 in
1337 5496 1610 5564 hocregno
1625 5500 1806 5552 nostro
1905 5508 2004 5549 sua
2034 5492 2198 5548 aliam
2248 5490 2674 5564 superduxerat,
2733 5490 3195 5559 excommunicat,
3249 5489 3354 5548 sub
3411 5493 3520 5551 hoc

1757 5592 1967 5650 NOTIE.

258 5652 397 5769 $03)
441 5697 696 5754 Imitatur
720 5695 892 5752 verba
920 5696 1186 5772 Sigeberti
1218 5695 1289 5750 de
1319 5693 1579 5768 Gregorio
1619 5691 1734 5763 Vll,
1763 5711 1812 5750 a.
1843 5693 2004 5750 1076.

486 5797 792 5860 PATROL.
845 5794 1040 5861 CLX.
3119 5795 3198 5860 10
