3894 6070
204 241 390 335 301’

1145 281 1498 341 CBRONICA.
1539 313 1608 330 --
1647 285 2080 344 CONTINUATIO
2121 287 2604 355 AQUlClNCTINA.

3437 299 3546 359 302

207 401 629 460 adherentibus.
671 403 1000 462 Rollandum
1048 415 1102 463 et
1131 409 1251 478 ejus
1289 427 1560 483 sequaces
1599 413 1830 469 anathe-
1851 416 1910 486 Α
1931 431 2046 472 cros
2067 417 2278 472 ordines
2306 423 2367 472 in
2394 417 2615 474 sabbato
2639 425 2874 488 quatuor
2911 425 3300 492 temporumad
3326 425 3544 484 laudem

206 493 506 550 matizavit.
540 493 832 566 (Ib.)Obiit
863 495 1165 553 Balduinus
1205 515 1298 556 rex
1331 501 1826 559 Jherosolimorum

207 581 337 637 sine
367 581 595 650 herede,
625 582 772 640 ﬁlius
797 585 1055 643 Fulconis
1111 589 1262 664 regis
1305 593 1583 662 quondam
1615 595 1830 650 comitis

205 673 645 746 Andegavensis.
687 675 944 733 Succedit
999 678 1049 734 ei
1093 679 1396 738 Amalricus
1451 682 1620 741 frater
1683 685 1827 755 ejus,

212 776 407 818 comes
435 763 506 818 de
541 764 742 836 Joppc.

285 853 449 910 1163.
525 854 589 909 Β.
661 856 744 910 11.
822 856 880 912 F.
958 857 1048 916 28.
1126 860 1186 915 Δ.
1251 861 1303 915 9.
1389 861 1447 918 Η.
1531 865 1580 920 1.

287 946 478 1016 (Auct.
509 949 732 1019 Aquic.)
785 948 1156 1008 Theodericus
1181 967 1370 1009 comes
1408 953 1828 1012 Flandrensium

213 1047 410 1112 quarto
439 1041 860 1099 Jherosolimam
887 1045 1042 1116 petit.
1067 1046 1211 1102 Obiit
1239 1047 1438 1118 Gyezo,
1472 1065 1564 1104 rex
1615 1049 1832 1125 “unga-

216 1145 404 1186 rorum
435 1149 450 1197 ;
483 1133 733 1188 succedit
758 1135 1068 1206 Stephanus
1098 1136 1244 1194 filius
1274 1139 1414 1208 ejus,
1453 1140 1666 1196 habens
1696 1157 1833 1197 uxo-

212 1237 331 1276 rem
364 1221 537 1278 ﬁliam
601 1224 816 1282 Henrici
882 1228 1283 1286 Austrasiorum
1335 1232 1692 1302 marchionis,
1733 1234 1828 1306 qui

209 1314 316 1371 fuit
341 1315 509 1373 frater
537 1318 772 1375 Conradi
801 1320 1169 1394 imperatoris.
1186 1324 1364 1398 Gyezo
1383 1326 1550 1382 frater
1578 1328 1828 1397 ejusdem

215 1409 488 1482 Stephani
540 1412 920 1488 Hungarorum
979 1433 1212 1492 regnum
1269 1421 1454 1477 turbat
1494 1429 1551 1476 et
1607 1421 1831 1479 infestat

213 1499 541 1568 plurimum,
570 1503 777 1559 auxilio
829 1503 1138 1562 Manuhelis
1185 1507 1534 1580 imperatoris
1563 1509 1832 1568 Constan-

210 1587 596 1661 tinopolitani,
647 1594 804 1664 cujus
855 1593 1022 1650 ﬁliam
1054 1595 1126 1651 ob
1182 1597 1284 1654 hoc
1328 1597 1558 1656 duxerat
1580 1616 1828 1661 uxorem.

213 1682 356 1750 (An.
399 1683 554 1750 1164;
608 1685 790 1755 April.
846 1685 958 1754 20).
1016 1686 1160 1744 Obiit
1195 1688 1521 1747 Octavianus
1585 1695 1830 1764 pseudo-

215 1788 384 1844 papa,
401 1775 482 1843 let
530 1775 586 1830 in
638 1776 860 1834 civitate
904 1778 1140 1835 Luccnsi
1186 1781 1470 1854 sepelitur.
1511 1783 1670 1841 Wido
1701 1785 1832 1842 Cre-

214 1861 430 1917 mensis
453 1861 524 1918 ab
551 1863 673 1934 ejus
695 1866 1030 1938 sequacibus
1057 1868 1300 1944 eligitur,
1341 1878 1397 1926 et
1428 1871 1705 1929 Paschalis
1734 1891 1834 1947 ap-

212 1955 477 2027 pellatur.
511 1958 833 2017 Fredericus
871 1962 1171 2034 imperator
1212 1965 1268 2020 in
1329 1965 1422 2022 die
1461 1976 1828 2038 pentecostes,

211 2055 409 2102 coacto
427 2047 664 2104 concilio
713 2051 1098 2124 episcOporum
1153 2061 1210 2110 et
1264 2054 1579 2127 principum
1611 2056 1830 2128 imperii

209 2135 300 2190 sui
327 2135 476 2207 apud
493 2135 844 2207 Wiseburch,
876 2141 1242 2198 Alexandrum
1275 2159 1475 2215 papam
1527 2144 1833 2214 abjurando

213 2229 537 2301 sesubjecit
561 2232 828 2290 Paschali.
862 2234 1001 2301 Quid
1060 2237 1117 2292 in
1177 2237 1270 2294 illo
1297 2237 1535 2295 concilio
1555 2247 1732 2295 actum
1765 2242 1836 2296 sit

211 2333 446 2382 testatur
464 2327 702 2400 epistola
747 2329 996 2400 ejusdem
1051 2331 1404 2404 imperatoris
1450 2333 1619 2389 missa
1643 2333 1832 2390 abbati

209 2418 401 2475 Sancti
435 2419 674 2475 Remacli
723 2419 888 2492 (409).
941 2421 1182 2493 Epistola
1235 2423 1586 2495 imperatoris
1624 2425 1830 2481 Frede-

210 2505 312 2562 rici
369 2506 440 2560 ad
497 2507 754 2564 abbatem
811 2509 994 2564 Sancti
1047 2510 1335 2567 Remacli:
1376 2515 1683 2569 Fredericus
1743 2518 1832 2569 Dei

207 2599 392 2665 gratia
415 2600 784 2653 Romanorum
811 2602 1102 2670 imperator
1135 2607 1188 2656 et
1214 2615 1422 2672 semper
1448 2609 1713 2672 augustas
1740 2605 1826 2658 di-

207 2687 342 2742 lecto
390 2689 540 2754 ﬁdeli
581 2705 679 2746 suo
725 2691 795 2746 N.
841 2692 1026 2746 abbati
1077 2696 1266 2748 Sancti
1307 2696 1542 2750 Remacli
1588 2699 1828 2764 gratiam

203 2794 369 2834 suam
393 2787 447 2836 et
473 2797 632 2838 omne
654 2783 872 2840 bonum.
898 2787 1048 2840 Sicut
1074 2789 1221 2841 novit
1247 2787 1456 2842 dilectio
1483 2794 1580 2842 tua
1609 2789 1680 2842 ad
1729 2804 1824 2843 eu-

208 2875 354 2928 riam
391 2875 718 2943 Wizeburch,
749 2891 916 2945 quam
934 2881 994 2932 in
1017 2885 1353 2947 pentecosten
1380 2881 1700 2948 indiximus,
1732 2895 1826 2936 nos

209 2982 326 3022 una
355 2982 483 3022 cum
496 2967 833 3037 principibus
857 2972 1122 3026 universis
1151 2978 1266 3026 tam
1288 2973 1619 3028 secutoribus
1665 2989 1830 3042 quam

204 3062 580 3117 ecclesiasticis
612 3063 838 3130 gloriose
899 3068 1266 3122 convenimus.
1326 3067 1418 3122 Ubi
1457 3069 1602 3122 inter
1651 3073 1826 3122 cetera

203 3161 398 3212 sancte
423 3156 638 3212 ecclesie
662 3162 888 3226 statum,
919 3165 972 3212 et
1006 3162 1261 3230 precipue
1281 3160 1345 3215 de
1393 3164 1606 3230 negocio
1641 3162 1828 3216 domui

203 3245 483 3300 Paschalis
502 3260 662 3314 pape,
689 3246 827 3314 quod
854 3249 916 3300 in
943 3248 1187 3304 cordibus
1238 3251 1539 3305 multorum
1589 3251 1826 3305 habeba-

206 3341 300 3391 tur
325 3336 576 3403 dubium,
607 3341 1006 3394 communicato
1032 3341 1251 3396 consilio
1279 3343 1654 3398 universorum
1667 3345 1826 3412 prin-

201 3435 389 3501 cipum
417 3437 469 3486 et
485 3435 733 3488 omnium
749 3433 1066 3489 clericorum
1096 3441 1258 3504 atque
1307 3437 1574 3492 laicorum
1601 3440 1698 3506 qui
1721 3437 1825 3490 ad-

201 3526 385 3588 erant,
423 3521 654 3586 ﬁdeliter
703 3527 756 3576 et
797 3524 1088 3592 magniﬁce
1126 3524 1494 3581 roboravimus
1523 3543 1541 3593 ;
1575 3528 1826 3582 invocata

200 3615 372 3666 etiam
391 3615 574 3668 sancti
598 3612 832 3682 Spiritus
859 3617 1039 3683 gratia
1065 3616 1326 3671 damnum
1348 3632 1552 3686 papam
1581 3619 1823 3671 Pascha-

201 3704 309 3758 lem
337 3706 398 3758 in
423 3705 570 3760 hunc
593 3708 815 3761 modum
868 3707 1226 3763 stabitivimus
1279 3715 1330 3764 et
1359 3710 1825 3777 conﬁrmavimus,

203 3793 348 3862 quod
374 3807 470 3848 nos
491 3797 714 3864 propria
735 3810 910 3851 manu
938 3802 1125 3851 nostra
1152 3811 1312 3868 super
1359 3803 1676 3854 sanctorum
1694 3799 1827 3854 reti-

207 3889 367 3955 quias
390 3887 604 3956 publice
619 3891 1005 3957 juramentum
1055 3891 1304 3958 fecimus,
1365 3892 1505 3961 quod
1551 3893 1616 3947 de
1660 3898 1830 3948 cetera

208 3979 536 4034 [tollendum
559 3982 930 4037 scismaticum
956 3999 1246 4053 nunquam
1263 3999 1364 4053 pro
1401 4000 1550 4054 papa
1604 3987 1831 4054 recipie-

211 4082 357 4134 mus,
387 4070 505 4122 etsi
524 4070 634 4136 ipse
649 4069 944 4139 decesserit,
967 4075 1082 4142 ejus
1110 4087 1488 4140 successorem,
1515 4087 1674 4143 quem
1699 4089 1830 4142 pars

210 4159 441 4214 adversa
489 4158 795 4227 substituet,
861 4162 1131 4229 similiter,
1181 4178 1427 4233 unquam
1493 4167 1826 4233 recipiemus.

209 4252 484 4305 Damnum
510 4264 633 4304 vero
657 4252 966 4307 Paschalem
981 4268 1187 4324 papam
1235 4255 1299 4308 de
1325 4259 1494 4310 cetero
1519 4257 1663 4310 sicut
1700 4258 1832 4310 uni-

207 4343 476 4397 versalem
499 4349 554 4397 et
579 4344 903 4400 catholicum
927 4352 1139 4415 patrem
1175 4362 1303 4402 cum
1328 4347 1627 4404 obedientia
1665 4355 1719 4403 et
1747 4350 1839 4404 ho-

208 4446 344 4488 nore
370 4437 423 4486 et
450 4436 751 4488 reverentia
787 4435 1099 4491 habebimus
1125 4441 1179 4491 et
1208 4436 1524 4505 tenebimus,
1554 4443 1606 4492 et
1630 4437 1698 4492 ab
1729 4441 1837 4506 ipso

213 4527 437 4592 ejusque
459 4529 617 4592 parte
644 4540 932 4594 nunquam
980 4525 1304 4592 recedemus,
1335 4526 1598 4595 quamdiu
1621 4529 1734 4597 ipse
1758 4531 1838 4582 vi-

212 4618 298 4666 vet
326 4617 382 4666 et
409 4627 505 4667 nos
531 4615 788 4668 vivemus.
815 4616 873 4668 Si
900 4619 1086 4670 autem
1113 4629 1208 4670 nos
1231 4613 1300 4669 ab
1327 4615 1430 4669 hac
1451 4617 1566 4669 vita
1593 4615 1837 4670 decedere

213 4706 521 4772 contigerit,
551 4711 733 4760 noster
757 4719 1046 4774 successor,
1075 4721 1234 4776 quem
1285 4709 1558 4776 principes
1595 4710 1836 4770 universi

211 4792 566 4861 substituent,
599 4795 748 4849 hunc
770 4796 1026 4850 honorem
1040 4798 1255 4864 imperii
1265 4801 1316 4851 et
1340 4796 1485 4851 hanc
1510 4801 1724 4866 partem
1749 4811 1839 4852 no-

213 4891 393 4939 stram
415 4885 518 4940 sub
537 4886 1041 4956 eodemjuramento
1075 4888 1316 4943 tuebitur
1345 4902 1553 4959 semper
1571 4895 1732 4959 atque
1769 4896 1840 4945 tc-

214 4974 386 5029 nebit.
418 4977 526 5030 Hoc
553 4975 694 5030 idem
714 4979 1100 5045 juramentum
1143 4993 1324 5033 omna
1383 4980 1767 5050 archiepiscopi
1789 4986 1840 5035 et

213 5067 449 5136 episcopi
458 5073 510 5120 et
533 5067 686 5122 electi
711 5071 804 5136 qui
827 5071 1150 5136 intererant,
1183 5084 1410 5127 numero
1450 5073 1837 5142 quadraginta,

215 5170 382 5224 super
402 5161 598 5210 sancta
621 5159 716 5212 Dei
741 5159 1018 5228 evangelia
1041 5175 1218 5216 manu
1235 5163 1457 5230 propria
1475 5163 1842 5232 unusquisque

1928 512 2021 566 Dei
2035 516 2098 565 et
2125 510 2196 564 ad
2223 511 2475 563 honorem
2503 511 2716 578 imperii
2743 511 2888 579 apud
2921 513 3194 584 Wizeburg
3243 531 3372 572 cum
3394 522 3546 574 omni

1929 608 2200 661 devotione
2223 608 2590 673 susceperunt.
2617 602 2880 659 Similiter
2922 621 3102 663 omnes
3145 613 3416 682 {rincipes
3459 628 3580 674 seu

1931 695 2161 760 cutares,
2192 693 2307 748 dux
2335 693 2568 748 Saxonie
2593 698 2644 747 et
2694 693 2941 750 Atbertus
2993 701 3236 756 marchio
3285 703 3464 758 senior
3489 709 3543 758 et

1925 783 2208 850 palatinas
2235 796 2403 836 comes
2427 783 2490 836 de
2518 783 2714 849 Rheno,
2745 784 3062 852 tangravius
3105 794 3157 842 et
3207 790 3402 860 reliqui
3427 806 3544 847 om-

1933 890 2044 941 nes,
2070 890 2230 944 super
2249 881 2564 930 sanctorum
2587 876 2842 945 reliquias
2889 878 2945 932 id
2979 880 3159 948 ipsum
3184 884 3540 950 juraverunt.

1931 965 2268 1019 Honorabiles
2296 979 2500 1034 quoque
2527 965 2690 1033 legati
2737 969 2874 1036 regis
2921 969 3110 1038 Anglic
3161 973 3326 1026 amici
3351 977 3540 1039 nostri,

1933 1054 2001 1106 ab
2026 1057 2134 1121 ipso
2159 1053 2228 1106 ad
2255 1068 2348 1108 nos
2379 1058 2703 1122 transmissi,
2757 1059 2819 1110 in
2841 1061 3116 1125 presentia
3186 1063 3348 1116 totius
3395 1065 3547 1116 curie

1932 1148 2110 1196 nostre
2132 1156 2293 1210 super
2313 1149 2625 1198 sanctorum
2650 1145 2904 1214 reliquias
2931 1161 3001 1201 es:
3037 1155 3195 1217 parte
3221 1152 3360 1219 regis
3379 1155 3544 1220 jura-

1929 1236 2143 1308 verunt,
2173 1231 2310 1298 quod
2334 1233 2442 1300 ipse
2469 1245 2566 1286 rex
2593 1247 2720 1287 cum
2748 1239 2852 1288 toto
2879 1249 3042 1305 regno
3062 1251 3161 1292 suo
3190 1240 3250 1291 in
3268 1245 3425 1308 parte
3447 1254 3543 1295 no-

1929 1301 2045 1372 stra
2071 1317 2299 1382 ﬁdeliter
2321 1319 2508 1386 stabit,
2553 1325 2604 1374 et
2654 1301 2956 1376 dominum'
2979 1340 3183 1394 papam
3206 1301 3540 1395 Pdschalem,

1929 1427 2087 1482 quem
2110 1427 2205 1468 nos
2233 1416 2546 1478 retinemus,
2577 1415 2857 1472 nobiscum
2886 1420 3102 1487 tenebit,
3131 1428 3182 1476 et
3203 1427 3416 1490 partem
3444 1439 3544 1479 no-

1928 1510 2103 1560 stram
2125 1507 2521 1574 manutenebit,
2551 1515 2604 1563 et
2626 1509 2690 1564 de
2711 1509 2966 1567 Rollando
2984 1515 3285 1570 scismatico
3311 1517 3394 1571 vel
3421 1519 3538 1586 ejus

1926 1604 2084 1668 parte
2106 1601 2339 1669 amplius
2361 1616 2418 1655 se
2452 1616 2564 1657 non
2590 1603 2929 1659 intromittet.
2983 1609 3080 1660 Nos
3127 1607 3310 1676 itaque
3335 1605 3424 1680 Ide
3449 1614 3545 1664 tua

1856 1737 1910 1808 Β
1930 1694 2209 1751 dilectione
2234 1702 2286 1750 et
2299 1697 2558 1761 ﬁdelitate
2607 1698 2912 1766 plurimam
2959 1700 3222 1764 ﬁduciam
3272 1703 3543 1771 habentes,

1931 1789 2260 1845 mandamus
2290 1790 2388 1844 tibi
2432 1795 2696 1847 attentius
2749 1800 3025 1850 monentes
3079 1801 3132 1850 et
3171 1799 3544 1866 precipientes,

1932 1880 2192 1946 quatinus
2209 1879 2512 1946 predictum
2529 1883 2936 1949 juramentum,
2993 1884 3131 1951 quod
3181 1899 3276 1939 nos
3321 1889 3545 1955 propria

1930 1981 2105 2020 manu
2123 1969 2438 2036 juravimus
2464 1981 2646 2023 coram
2661 1970 2999 2038 principibus
3054 1978 3105 2024 et
3135 1975 3240 2041 ipsi
3269 1976 3540 2043 principes

1922 2061 2254 2128 juraverunt
2277 2063 2329 2112 et
2351 2059 2731 2127 ﬁrmaverunt,
2764 2063 2876 2129 ipse
2887 2063 3272 2118 cumomnibus
3298 2065 3541 2140 ﬁdglibus

1933 2150 2149 2202 ecctesie
2179 2154 2268 2202 tue
2277 2150 2430 2216 jures
2459 2155 2509 2202 et
2535 2148 2788 2216 observes,
2815 2156 2867 2204 et
2888 2153 3116 2219 singulis
3133 2152 3416 2208 dominicis
3437 2153 3547 2209 die-

1935 2237 2032 2292 bus
2055 2242 2106 2291 et
2119 2239 2268 2305 festis
2297 2239 2356 2291 in
2380 2237 2598 2305 publica
2625 2241 2812 2306 missa,
2842 2242 2983 2295 sicut
3017 2241 3254 2296 edictum
3281 2247 3359 2296 est
3387 2258 3422 2297 a
3454 2257 3546 2298 no-

1935 2331 2012 2386 bis
2039 2337 2092 2385 et
2114 2345 2149 2384 a
2168 2329 2523 2398 principibus,
2551 2330 2824 2399 publicam
2871 2335 3170 2388 orationem
3207 2349 3304 2403 pro
3349 2334 3543 2390 domno

1923 2437 2068 2493 papa
2092 2423 2340 2475 Paschali
2390 2423 2717 2476 nominatim
2767 2427 2820 2477 et
2867 2424 3078 2479 assidue
3129 2429 3278 2480 intus
3323 2431 3376 2480 et
3411 2427 3544 2493 foris

1925 2514 2188 2581 precipias
2215 2513 2454 2566 recitari.
2473 2511 2721 2568 Edictum
2741 2515 2924 2582 itaque
2971 2519 3025 2569 et
3048 2519 3438 2594 statutum‘est,
3484 2525 3546 2572 ut

1929 2606 2024 2660 hec
2048 2606 2234 2660 omnia
2238 2607 2270 2674 j
2274 2609 2559 2659 uramenta
2590 2607 2742 2672 infra
2767 2619 2862 2659 sex
2871 2605 3222 2663 hebdomadas
3237 2609 3543 2678 mplean-

1929 2705 2037 2752 tur.
2070 2699 2213 2760 Quod
2239 2699 2287 2752 si
2307 2699 2501 2766 anguis
2543 2699 2859 2752 clericorum
2899 2699 2981 2752 vel
3030 2702 3421 2756 monachorum
3465 2703 3546 2778 vel

1926 2792 2190 2847 laicorum
2219 2794 2278 2845 in
2295 2793 2517 2860 imperio
2555 2798 2735 2848 nostro
2760 2793 2889 2848 huic
2911 2794 3312 2859 conﬁrmationi
3339 2802 3393 2852 et
3418 2796 3538 2851 edi-

1929 2889 2010 2937 cto
2036 2888 2214 2938 nostro
2239 2883 2416 2952 eliguo
2469 2881 2618 2937 modo
2675 2897 2732 2938 se
2779 2885 3082 2953 opponendo
3123 2885 3534 2954 contradixerit,

1927 2978 2136 3026 certum
2169 2973 2241 3026 sit
2265 2971 2410 3040 apud
2434 2977 2504 3038 te,
2561 2972 2699 3041 quod
2720 2974 2863 3028 sicut
2907 2972 3154 3043 publicus
3182 2975 3344 3030 hostis
3367 2977 3460 3031 Dei
3484 2981 3537 3031 et

1874 3119 1896 3141 Ἴ
1929 3062 2140 3129 imperii
2163 3059 2358 3128 absque
2382 3062 2534 3114 omni
2557 3074 2649 3129 spe
2686 3063 3106 3130 recuperationis
3149 3063 3435 3132 judicatus
3458 3069 3536 3120 est

1925 3156 1978 3205 et
1998 3151 2327 3220 dampnatus
2349 3157 2401 3207 et
2429 3153 2496 3206 ab
2525 3155 2673 3207 omni
2721 3153 2900 3220 ofﬁcio
2951 3159 3001 3208 et
3025 3155 3223 3210 honore
3246 3161 3408 3226 atque
3437 3155 3535 3212 be-

1925 3243 2116 3308 neﬁcio
2161 3243 2481 3298 destitutus.
2549 3246 2772 3299 Litteras
2830 3245 3046 3314 quidem
3095 3250 3388 3304 vocationis
3443 3247 3542 3304 tibi

1929 3337 2350 3402 transmisimus,
2379 3341 2451 3403 et,
2478 3337 2607 3404 quia
2663 3336 2960 3390 secundum
3003 3337 3356 3406 prudentiam
3380 3344 3541 3396 tuam

1925 3425 2074 3482 nobis
2103 3428 2163 3480 in
2185 3428 2342 3481 curia
2366 3427 2520 3480 valde
2559 3429 2891 3482 necessarius
2915 3429 3129 3494 fuisses,
3181 3429 3320 3497 quod
3367 3429 3544 3485 littere

1924 3520 2104 3570 nostre
2129 3515 2199 3568 ad
2226 3521 2277 3569 te
2297 3529 2408 3570 non
2429 3521 2791 3583 pervenerunt
2840 3516 2994 3569 valde
3029 3516 3283 3571 dolemus.
3315 3519 3544 3572 Interim

1927 3612 1988 3663 in
2005 3609 2252 3679 partibus
2299 3610 2405 3662 tuis
2464 3613 2706 3662 nostram
2729 3611 3060 3677 presentiam
3078 3610 3372 3678 prestolare
3400 3627 3420 3678 ,°
3459 3609 3544 3664 ibi

1928 3703 2075 3756 enim
2115 3715 2242 3755 cum
2287 3701 2567 3754 viciniores
2617 3701 2840 3766 erimus,
2893 3701 2944 3754 si
2991 3701 3121 3769 quid
3176 3701 3401 3770 justicie
3437 3696 3541 3756 tibi

1928 3791 2180 3858 defuerit,
2229 3803 2328 3858 per
2355 3789 2540 3844 omnia
2583 3787 2980 3857 complebimus.
3029 3787 3168 3844 Vale.
3199 3785 3337 3843 tluic
3360 3787 3540 3860 impe-

1933 3881 2127 3937 ratoris
2155 3889 2264 3936 tam
2304 3878 2598 3935 temerario
2647 3879 2965 3948 juramento
3012 3893 3209 3935 omnes
3266 3878 3543 3950 archiepie

1930 3974 2162 4046 scepict
2193 3973 2441 4046 episcOpi
2485 3989 2584 4029 seu
2634 3973 2868 4029 abbates
2923 3974 3008 4029 vel
3062 3972 3346 4044 principes
3374 3973 3545 4030 totius

1931 4067 2086 4141 regni
2118 4065 2557 4128 subscribebant,
2589 4070 2643 4120 et
2663 4064 2812 4120 idem
2834 4064 3210 4136 juramentum
3243 4064 3536 4122 faciebant.

1931 4159 2112 4232 Aliqui
2136 4166 2320 4215 tamen
2349 4174 2541 4215 eorum
2587 4159 2755 4215 corde
2793 4158 3102 4215 Alexandro
3132 4175 3276 4230 papc
3305 4157 3548 4215 adhere-

1942 4248 2096 4303 bant.
2145 4247 2255 4303 Hac
2283 4248 2353 4304 de
2415 4263 2581 4304 causa
2629 4248 2685 4302 in
2737 4247 3030 4304 universali
3091 4247 3330 4303 ecclesia
3372 4245 3550 4302 oritur

1941 4355 2106 4414 grave
2131 4338 2476 4404 scandalum,
2506 4344 2561 4393 et
2606 4338 2662 4392 in
2710 4353 2882 4412 regno
2927 4337 3175 4411 augescit
3228 4335 3546 4405 discidium,

1937 4429 2069 4485 dum
2102 4431 2239 4486 alter
2276 4429 2508 4486 dissidet
2553 4429 2623 4484 ab
2656 4430 2851 4496 altero,
2909 4435 2964 4484 et
2987 4426 3126 4482 alter
3164 4427 3550 4483 excommuni-

1935 4530 2092 4577 catur
2116 4521 2185 4576 ab
2214 4523 2406 4577 altero.
2467 4521 2541 4576 Ea
2579 4525 2904 4592 tempestate
2963 4516 3199 4573 ecclesia
3249 4516 3552 4574 scindeba-

1933 4616 2042 4678 tur,
2087 4617 2142 4666 et
2187 4611 2441 4667 navicula
2521 4608 2666 4664 Petri
2721 4605 3068 4682 gravissimis
3119 4604 3546 4678 opprimebatur

1933 4700 2215 4757 ﬂuctibus.

2012 4795 2170 4850 1164.
2354 4793 2440 4849 12.
2622 4790 2715 4846 29.
2895 4789 2985 4846 20.
3207 4790 3262 4847 2.

2012 4884 2350 4958 (Αη.1165.)
2402 4882 2728 4940 Fredericus
2769 4881 3072 4955 imperator
3102 4884 3284 4940 natale
3332 4882 3552 4941 Domini

1941 4975 1997 5030 in
2021 4974 2231 5046 palacio
2285 4987 2386 5028 suo
2441 4970 2742 5028 celebravit
2797 4971 2987 5044 Aquis,
3017 4971 3088 5028 ad
3135 4973 3298 5043 cujus
3341 4971 3550 5028 curiam

1939 5065 2442 5138 omnesoptimates
2466 5063 2636 5121 totius
2692 5064 2874 5139 regni,
2925 5064 3043 5122 sive
3073 5063 3431 5124 ecclesiastici
3453 5077 3555 5120 seu

1941 5158 2237 5225 seculares,
2263 5157 2334 5212 ab
2360 5157 2481 5230 ipso
2510 5156 2814 5214 submoniti
2835 5163 3237 5224 convenerunt,
3270 5162 3328 5214 et
3352 5169 3557 5226 corpus

218 5245 320 5300 sub
347 5246 487 5299 stola
508 5261 613 5302 sua
637 5248 882 5314 fecerunt
907 5256 958 5304 et
979 5250 1194 5320 publice
1251 5252 1632 5317 ﬁrmaverunt.
1682 5256 1748 5306 Et
1775 5251 1846 5306 ad
1945 5249 2328 5307 domniKaroli
2349 5247 3014 5326 Magniimperatoris,qui
3036 5249 3093 5304 in
3124 5247 3355 5304 basilica
3379 5246 3546 5304 beate

218 5335 602 5391 removendam
630 5351 726 5406 pro
750 5343 906 5406 parte
932 5346 1118 5395 nostra
1139 5355 1355 5396 omnem
1409 5341 1842 5410 ambiguitatem,

1944 5339 2110 5396 Marie
2137 5355 2359 5411 semper
2385 5337 2620 5414 virginis
2671 5338 3018 5412 quiescebat,
3067 5337 3140 5394 de
3167 5335 3383 5394 tumulo
3412 5349 3559 5394 mar-

224 5439 412 5481 omnes
439 5426 614 5492 electi,
651 5428 862 5495 primus
891 5429 1230 5497 Cotoniensis,
1283 5430 1474 5485 deinde
1525 5431 1706 5498 ceteri,
1760 5443 1845 5486 sa-
1945 5443 2132 5486 moreo
2163 5428 2428 5496 levantes,
2459 5427 2517 5483 in
2547 5426 2748 5484 locello
2787 5427 2972 5500 ligneo
3004 5426 3061 5482 in
3091 5423 3276 5483 medio
3307 5423 3557 5496 ejusdem

1794 5535 2002 5594 NOTAE.

297 5642 448 5726 (100)
481 5641 547 5699 Cf
570 5641 751 5701 lous.
777 5645 945 5726 Legg.
970 5663 1038 5726 _u,
1065 5613 1190 5704 155.
1243 5645 1498 5726 Oeterum
1545 5645 1856 5726 consilium
1954 5645 2234 5717 pertinere
2267 5654 2506 5706 constat.

231 5712 701 5790 Wirceburgense
754 5712 922 5790 atque
970 5712 1112 5777 hanc
1167 5718 1457 5792 epistolam
1516 5717 1584 5774 ad
1614 5733 1666 5774 a.
1721 5720 1859 5776 1165
