3894 6070
328 831 682 908 imperatoris
707 824 877 883 eundi
899 837 962 876 ac
984 811 1252 873 redeundi
1273 804 1531 864 obtinuit.
1564 801 1714 856 Idem
1737 814 1768 851 a
1793 793 1943 850 curia

1014 907 1019 908 ’
1170 901 1226 908 -·
1342 897 1356 908 “
1429 894 1440 904 ·
1544 887 1714 908 ημξιε
1773 883 1912 908 -n...

330 883 641 984 revertens,
672 914 850 971 statim
885 907 1026 981 patri
1058 894 1514 959 suoTheoderico
1530 887 1742 954 comiti,
1772 883 1942 939 albe-

331 1015 594 1074 rosolima
635 1002 953 1067 revertenti,
982 996 1197 1054 obviam
1241 985 1608 1062 proficiscitur
1649 978 1812 1049 (410).
1848 976 1944 1028 Sa-

334 1107 648 1165 Iahadinus,
673 1099 930 1172 princeps
950 1089 1142 1146 militie
1173 1080 1432 1139 Noradini
1483 1075 1630 1149 regis
1680 1066 1944 1130 Damasci,

341 1217 464 1256 cum
496 1210 696 1270 magna
723 1190 1018 1244 Turcorum
1061 1180 1553 1236 etSarracenorum
1575 1161 1946 1224 multitudine,

640 1279 744 1336 sibi
773 1262 1510 1347 subjugaturusingreditur.
1545 1254 1818 1310 Soldanus
1847 1248 1950 1320 igi-

338 1355 768 1449 tu‘erabylonie,
797 1369 893 1442 qui
917 1374 970 1422 et
1000 1381 1096 1420 rex
1127 1357 1341 1435 Egypti,
1388 1355 1456 1408 de
1488 1367 1586 1406 sua
1617 1356 1952 1412 suorumque

338 1439 537 1529 virtute
563 1439 853 1528 diffidens,
885 1455 1212 1513 Amalricum
1235 1464 1418 1522 regem
1450 1439 1952 1498 Iherosolimorum,

340 1561 575 1621 consilio
605 1572 726 1614 cum
757 1552 872 1608 suis
901 1548 1116 1611 habito,
1150 1539 1386 1614 quesivit
1409 1535 1516 1591 sibi
1547 1531 1959 1606 adjutorem.ea

341 1619 681 1709 conditione,
720 1650 782 1697 ut
811 1637 892 1694 illi
921 1648 1163 1691 annuum
1189 1627 1530 1701 persolveret
1580 1619 1872 1681 tributum,
1905 1620 1959 1666 et

341 1736 672 1795 christianos
699 1730 794 1802 qui
834 1724 1038 1798 captivi
1093 1719 1424 1776 tenebantur
1462 1713 1719 1766 liberaret
1753 1720 1851 1776 per
1882 1709 1960 1756 to-

1531 304 1869 368 SIGEBERTI
1913 294 2422 355 GEMBIACENSIS.

2041 704 2239 758 devote
2268 714 2430 770 quam
2450 696 2696 769 benigne
2720 691 3042 763 suscipitur.
3067 687 3437 745 Godescalcus
3475 685 3657 737 Attre-

2041 793 2284 851 batensis
2309 789 2621 861 cpiscopus,
2651 784 2969 840 infirmitate
3000 781 3195 852 capitis
3223 785 3501 854 gravatus,
3533 773 3657 845 epi-

2045 893 2329 958 scOpatum
2371 881 2601 948 dimisit,
2625 879 2712 936 cui
2743 874 3011 933 successit
3040 873 3282 928 Andreas
3310 868 3536 942 quidam
3563 865 3662 920 ab-

2047 979 2146 1032 bas
2169 977 2236 1030 de
2276 973 2473 1029 ordine
2496 967 2866 1024 Cistereiensi.

2698 1061 2752 1114 F.
2798 1059 2884 1112 30.
2993 1059 3053 1110 Λ.
3101 1056 3181 1111 11,
3282 1053 3344 1106 II.
3387 1053 3420 1106 3

2125 1069 2259 1122 1165
2393 1065 2449 1118 I1.
2503 1063 2562 1119 I3

2122 1156 2427 1212 Alexander
2493 1168 2654 1223 papa,
2697 1168 2728 1204 a
2778 1147 3039 1203 Romanis
3095 1150 3286 1200 contra
3311 1141 3660 1196 Fredericum

2057 1255 2438 1321 imperatorem
2473 1244 2752 1306 invitatus,
2806 1239 3030 1294 Francia
3070 1237 3278 1300 re‘icta,
3344 1234 3399 1288 in
3453 1230 3661 1286 Italiam

2055 1339 2365 1404 revertitur,
2397 1343 2449 1390 et
2475 1335 2530 1388 in
2560 1333 2649 1387 die
2677 1329 2988 1386 festivitatis
3016 1325 3189 1382 sancti
3214 1323 3668 1392 Clementispape

2057 1437 2111 1485 et
2151 1426 2400 1497 martyris
2440 1423 2604 1494 (Nov)
2649 1421 2817 1474 missa
2864 1417 3010 1488 apud
3066 1416 3285 1469 beatum
3316 1412 3580 1488 .Petrum,
3611 1409 3671 1462 in

2063 1525 2231 1579 Roma
2259 1519 2556 1582 Leoniana,
2590 1515 2658 1570 ab
2687 1515 2807 1585 ipso
2855 1511 3184 1567 celebratur.
3243 1504 3542 1561 Paschalis.
3572 1502 3669 1574 qui

2059 1619 2114 1667 et
2139 1611 2318 1675 Wido,
2353 1608 2491 1662 alter
2527 1620 2692 1676 papa,
2727 1603 2778 1656 in
2811 1601 3027 1656 civitate
3052 1596 3203 1652 ltalie
3229 1612 3338 1668 que
3367 1592 3670 1648 Biterbium

2060 1699 2464 1756 dieilursedem
2495 1694 2600 1749 sibi
2625 1690 2999 1764 episcOpalem
3060 1688 3269 1752 statuit,
3322 1694 3377 1739 et
3431 1679 3676 1754 potentia

345 1773 672 1795 υ¹¹¹³⁰¹¹¹υδ⁸³ν⁸⁵
701 1773 794 1802 ‘1‘"
836 1773 1038 1798 V‘"r"'-
1097 1773 1181 1776 --ίν
1753 1773 1768 1776 -

345 1843 455 1890 tam
499 1833 790 1904 Egyptum.
827 1823 920 1878 IIis
957 1813 1375 1876 conditionibus
1424 1824 1519 1864 rex
1577 1791 2412 1884 Iheresolimo-Bimperatoris
2462 1787 2650 1853 fultus,
2710 1782 3034 1856 peregrinos
3077 1796 3172 1835 seu
3213 1784 3552 1833 mercatores
3603 1773 3675 1826 de

1463 1901 1474 1904 ’
1636 1896 1646 1904 ’
1730 1893 1740 1903 ”
1792 1891 1802 1902 ’
1850 1893 1862 1904 ⁸
2061 1893 2195 1904 “"“‘
2233 1883 2561 1904 ¹³⁴-··¹“Α-··ν“
2616 1893 2712 1904 “M-
2770 1873 2976 1904 “nlinm
3022 1875 3374 1904 ονοηεοιιηίοε
3406 1864 3584 1904 ειη-ἦρί
3617 1870 3675 1904 ριν

344 1941 466 1981 rum
496 1934 785 1979 assensum
825 1912 1066 1987 prebuit,
1099 1916 1154 1964 et
1196 1901 1516 1961 Boamundo
1567 1891 1806 1968 principi
1837 1893 1955 1944 An-

343 2020 629 2084 thioceno,
656 2018 893 2086 cognato
920 2022 1042 2073 suo,
1108 2001 1309 2058 tradita
1339 2013 1467 2053 cura
1512 1992 1666 2065 regni
1697 1988 1803 2056 sui,
1833 2000 1957 2041 cum

348 2113 594 2171 exercitu
618 2109 801 2166 valido
827 2107 883 2160 in
914 2101 1172 2158 auxilium
1196 2091 1512 2169 properavit
1571 2087 1716 2162 regis
1742 2079 1957 2157 Egypti.

347 2204 462 2269 Quo
492 2206 775 2270 comperto
806 2190 1118 2249 Noradinus
1149 2202 1240 2241 rex
1277 2179 1545 2245 Damasci,
1573 2173 1822 2232 collectis
1852 2186 1961 2224 un-

350 2263 665 2362 decumque
691 2285 996 2343 infidelium
1027 2279 1258 2354 regibus
1295 2283 1350 2330 et
1390 2269 1633 2344 populis,
1675 2263 1961 2320 castellum

351 2383 620 2458 principis
691 2353 1320 2438 Anthiocbeni,liarenc
1398 2362 1643 2426 nomine,
1719 2353 1960 2411 obsedit.

355 2475 617 2544 Princeps
659 2477 839 2525 autem
894 2463 1285 2522 Antiochcnus,
1364 2451 1658 2512 contractis
1719 2446 1968 2518 undique

355 2535 586 2625 viribus,
615 2571 874 2632 egressus
922 2549 1269 2614 Anthiochia,
1322 2559 1501 2616 usque
1569 2541 1636 2595 ad
1684 2535 1968 2592 castellum

359 2671 487 2712 cum
514 2667 616 2708 suo
635 2649 880 2706 exercitu
901 2645 1083 2701 salvus
1125 2640 1391 2712 pervenit.
1446 2635 1605 2690 Turci
1637 2636 1791 2702 [vero
1821 2628 1972 2684 obsi-

361 2750 528 2805 dione
558 2745 770 2811 relicta,
801 2756 912 2796 non
952 2739 1114 2812 longe
1143 2752 1174 2790 a
1221 2733 1450 2788 castello
1493 2731 1636 2784 inter
1690 2723 1974 2797 angustias

359 2843 726 2901 substiterunt
755 2839 1019 2894 locorum.
1073 2831 1332 2899 Princeps
1383 2833 1566 2880 autem
1601 2819 1976 2875 Antiochenus

361 2935 532 2990 altera
555 2931 646 2986 die
670 2928 876 2983 Turcos
905 2924 1255 2993 insequutus,
1285 2914 1582 2970 infeliciter
1612 2925 1734 2964 cum
1765 2907 1848 2960 eis
1876 2921 1978 2977 pu-

365 3021 573 3097 gnavit,
601 3018 676 3072 ita
705 3023 765 3071 ut
799 3013 984 3068 nullus
1007 3026 1071 3065 cx
1098 3009 1180 3062 eis
1218 3005 1333 3060 fere
1361 3001 1641 3062 evaderet,
1675 2995 1784 3049 nisi
1815 3008 1979 3064 quem

364 3084 632 3165 Fortitudo
664 3103 794 3174 equi
825 3110 919 3155 aut
948 3112 1106 3154 casus
1151 3092 1352 3164 aliquis
1403 3087 1628 3159 eripuit.
1667 3084 1865 3155 Captus
1903 3089 1986 3135 est

2060 1864 2204 1941 terra
2233 1883 2564 1937 Francorum
2615 1893 2712 1947 per
2769 1873 2979 1928 Italiam
3022 1875 3375 1925 transeuntes
3406 1864 3589 1919 turbat
3617 1870 3676 1916 et

2061 1977 2414 2049 depredatur.
2449 1971 2601 2037 Quod
2636 1968 2788 2024 multi
2820 1967 3099 2029 timentes,
3125 1962 3254 2016 licet
3285 1958 3466 2022 inviti,
3496 1957 3676 2027 ipsum

2061 2066 2365 2124 ador-abant
2395 2071 2450 2118 et
2477 2055 3029 2134 magnismuneribus
3045 2049 3413 2106 honorabant.
3444 2045 3681 2099 Alexan-

2061 2160 2161 2216 der
2187 2173 2350 2229 papa,
2381 2155 2655 2210 Romanos
2682 2148 3214 2214 habenssuspectos,
3245 2139 3313 2194 ad
3337 2137 3681 2193 Tusculanos

2063 2269 2123 2307 se
2152 2248 2404 2306 contulit.
2428 2243 2726 2307 Paschalis,
2758 2239 2851 2311 qui
2892 2245 2947 2291 et
2973 2234 3153 2300 Wido,
3172 2229 3675 2299 assumptissecum

2067 2339 2416 2414 imperatoris
2460 2335 2627 2406 (410).
2658 2333 2958 2386 Cisternam
3013 2324 3247 2381 Neronis
3299 2322 3392 2377 ubi
3450 2311 3688 2374 Alexan-

2071 2438 2168 2491 dcr
2198 2449 2338 2507 papa
2361 2430 2536 2485 fuerat
2564 2430 2936 2487 consecratus,
2970 2427 3138 2476 totam
3194 2424 3338 2472 terre
3371 2411 3686 2484 coequavit.

2071 2504 2258 2596 (Auct.
2288 2525 2492 2593 Aquic.)
2517 2517 2801 2589 Philippus
2829 2527 3016 2569 comes
3046 2507 3322 2572 Flandrie,
3351 2511 3405 2560 et
3435 2504 3687 2558 Matheus

2070 2628 2239 2683 frater
2263 2622 2382 2692 ejus
2412 2632 2598 2674 comes
2630 2611 2877 2675 Bolonie,
2910 2617 2965 2663 et
2996 2603 3323 2661 Godefridus
3381 2600 3489 2654 dux
3521 2598 3696 2652 Lova-

2075 2714 2305 2778 niensis,
2328 2726 2452 2766 cum
2475 2714 2687 2776 septem
2722 2701 2834 2756 fere
2866 2697 3088 2752 milibus
3117 2692 3340 2747 navium
3372 2687 3690 2760 expeditio-

2077 2820 2202 2859 nem
2253 2805 2475 2855 movent
2513 2775 2775 2847 adversus
2812 2785 3211 2842 Theodericum
3251 2780 3510 2840 comitem
3555 2775 3692 2832 Hol-

2079 2893 2262 2949 landie
2296 2903 2495 2960 ;quem
2537 2886 2592 2938 in
2659 2879 3000 2936 deditionem
3057 2875 3372 2930 venientem
3404 2886 3526 2925 cum
3569 2869 3694 2923 suis

2083 2996 2270 3038 comes
2291 2958 2545 3032 Flandrie
2575 2967 2783 3025 diutius
2815 2966 2991 3021 tenuit
3022 2964 3078 3018 in
3109 2961 3446 3033 captivitate.
3481 2959 3605 3030 (1b.)
3640 2958 3697 3011 In

2088 3075 2344 3132 Gandavo
2375 3069 2556 3125 infans
2584 3072 2744 3120 natus
2771 3071 2853 3118 est
2889 3060 3051 3115 trinm
3112 3057 3383 3127 capitum,
3415 3053 3704 3108 habensin

369 3144 437 3165 ιυι
455 3144 632 3163 ιιιιιυν
664 3144 794 3174 xui“-
825 3144 919 3155 νιν--
950 3144 1104 3154 Vua..-
1152 3144 1346 3164 ..η-1..--
1492 3144 1508 3159 ι
1744 3144 1757 3155 ⁸

369 3196 650 3269 princeps,
681 3196 927 3246 retentus
949 3194 1033 3242 est
1063 3191 1118 3239 et
1145 3197 1331 3238 comes
1351 3177 1610 3250 Tripolis,
1642 3190 1764 3229 cum
1799 3170 1986 3227 multis
2009 3157 2059 3226 C
2087 3170 2230 3226 collo
2260 3164 2488 3222 caudam
2525 3158 2774 3232 pecudis.
2801 3154 3066 3209 Similiter
3121 3152 3175 3204 in
3207 3148 3336 3204 villa
3367 3146 3541 3202 sancti
3562 3144 3708 3199 Petri

1545 3267 1576 3269 VA
1686 3266 1695 3269 ’
1767 3266 1778 3269 ’
1949 3263 1960 3269 ⁵
2221 3261 2231 3269 ⁵
2370 3256 2391 3269 ⁸
2481 3255 2491 3264 ⁸
2600 3267 2663 3269 πά
2687 3248 2851 3269 γιι-ἷ-Α
2887 3243 3171 3269 ...ι-..Λειιηη
3215 3240 3434 3269 κατι-ρῖιῖίὶ
3495 3235 3708 3269 “anni-;I

370 3263 496 3345 aliis
514 3304 529 3353 ;
545 3263 638 3341 alii
661 3283 974 3354 capiuntur,
996 3278 1086 3333 alii
1103 3277 1521 3330 detruncantur.
1541 3266 1698 3322 Turci
1716 3266 1782 3320 ad
1795 3263 1989 3320 castel-

371 3384 488 3439 lum
511 3382 726 3436 Harenc
739 3381 1328 3435 revertentes,summa
1341 3382 1464 3422 cum
1479 3361 1826 3418 festinatione
1855 3356 1990 3412 illud

373 3469 734 3528 obtinuerunt
767 3470 861 3532 ;et
891 3479 954 3519 ex
987 3460 1242 3533 pactione
1281 3453 1522 3510 debilem
1555 3448 1990 3511 multitudinem,

375 3569 486 3618 tam
513 3559 830 3624 mulierum,
895 3569 1059 3626 quam
1127 3549 1399 3604 infantum
1455 3551 1509 3598 et
1553 3542 1992 3603 vulneratorum,

378 3673 552 3730 usque
582 3653 926 3710 Antiochiam
959 3647 1361 3722 perduxerunt.
1410 3639 1715 3695 Amalricus
1737 3651 1870 3691 vero
1904 3649 1998 3689 rex

378 3748 717 3807 lherusalem
749 3761 874 3801 cum
903 3742 1135 3798 soldano
1192 3735 1386 3812 Egypti
1443 3731 1836 3788 Salahadinum
1867 3729 2004 3802 Egy-

380 3849 535 3914 ptum
565 3838 973 3909 opprimentem
1005 3831 1134 3886 totis
1160 3824 1684 3895 viribuspopulatur
1715 3839 1728 3884 ;
1759 3819 1991 3892 quemin

381 3929 603 3984 civitate
631 3907 934 3979 Dellacensi
992 3919 1267 3973 inclusum
1312 3913 1600 3968 obsidione
1646 3911 1818 3965 cinxxt
1851 3927 1864 3973 ;
1900 3907 1992 3978 qui

385 4018 652 4086 impetum
693 4012 842 4085 regis
870 4010 1010 4064 ferre
1043 4022 1154 4061 non
1183 4002 1506 4075 praevalens,
1544 3998 1729 4053 missis
1773 3997 1842 4051 ad
1871 4012 1998 4050 eum

386 4108 596 4165 nuntiis
658 4104 900 4161 reddidit
951 4118 1012 4157 se
1069 4100 1188 4168 ejus
1237 4096 1536 4158 fidelitati;
1570 4094 1726 4164 quia
1760 4107 1889 4165 rege
1941 4107 2005 4145 ex

387 4197 641 4256 consulto
687 4210 814 4250 cum
863 4192 978 4248 suis
1033 4188 1315 4252 dimissus,
1361 4185 1415 4238 in
1458 4185 1779 4238 Damascum
1823 4181 2004 4237 rediit.

389 4292 537 4366 Rege
567 4303 788 4362 quoque
817 4286 872 4340 in
924 4280 1251 4338 lherusalem
1309 4291 1551 4343 reverso,
1601 4274 1852 4330 amiraldi
1885 4274 2009 4327 Sar-

389 4397 715 4440 racenorum
747 4377 976 4450 indigne
1040 4374 1284 4428 ferentes
1349 4368 1638 4424 soldanum
1711 4365 2009 4436 Babylonio

392 4472 820 4530 Christianorum
854 4463 1202 4522 tributariam
1238 4458 1518 4525 effectum,
1548 4472 1742 4512 omnes
1769 4455 1823 4510 in
1840 4470 2008 4509 unum

390 4565 706 4643 conglobati
738 4579 863 4619 cum
898 4560 1146 4632 predicto
1202 4555 1535 4610 Salahadino
1576 4569 1745 4623 super
1777 4567 1903 4605 eum
1937 4550 2012 4603 ir-

394 4662 642 4716 ruentes,
669 4652 782 4707 vita
803 4649 968 4704 simul
991 4655 1045 4702 et
1084 4660 1255 4718 regno
1316 4643 1689 4714 privaverunt.
1723 4637 2012 4692 Salabadi-

396 4762 501 4801 nus
526 4760 656 4800 vero
688 4742 834 4814 quod
867 4741 961 4795 diu
1015 4737 1395 4808 concupierat,
1453 4747 1682 4805 regnum
1716 4729 1904 4801 Egypti
1937 4728 2016 4782 in-

396 4836 554 4896 vasit.
586 4847 926 4903 uxoremque
951 4830 1167 4885 soldani
1185 4846 1215 4882 a
1238 4845 1296 4883 se
1325 4823 1626 4890 interfecti,
1651 4821 2011 4876 amissionem

395 4923 500 4983 viri
531 4923 720 4994 lugere
760 4918 1111 4988 prohibitam.
1146 4916 1199 4970 in
1228 4914 1551 4988 conjugium
1582 4927 1740 4965 suum
1774 4908 2011 4964 transire

398 5013 597 5090 coegit.
631 5009 941 5067 Noradinus
970 5025 1063 5062 rex
1089 5008 1244 5079 Syr-ie
1268 5022 1378 5062 non
1407 5012 1530 5076 post
1577 5002 1809 5057 multum
1830 5000 2009 5055 mori-

400 5116 505 5165 tur.
531 5103 819 5172 Prcdictus
839 5108 1022 5156 autem
1043 5099 1428 5163 Salahadinus,
1469 5097 1677 5165 justum
1713 5092 1867 5168 regni
1894 5108 2020 5146 suc-

2091 3261 2327 3334 quedam
2367 3255 2572 3310 femina
2597 3248 2854 3306 undecim
2887 3243 3174 3300 mensibus
3211 3240 3460 3314 gravida,
3495 3235 3715 3309 peperit

2092 3358 2420 3414 monstrum,
2452 3347 2712 3400 deorsum
2740 3340 3031 3395 formatum
3072 3342 3132 3390 ut
3181 3334 3458 3404 pharetra,
3493 3344 3711 3384 sursum

2095 3451 2153 3498 ut
2182 3441 2359 3513 galea,
2414 3435 2489 3490 ibi
2537 3433 2746 3487 habens
2802 3429 2911 3483 duo
2942 3439 3149 3482 cornua
3177 3422 3364 3492 {(411).
3402 3418 3524 3490 (10.)
3565 3417 3711 3471 Obiit

2098 3512 2300 3602 domna
2330 3527 2520 3584 Sibilla
2544 3520 2956 3579 Flandrensium
2996 3515 3301 3580 comitissa,
3348 3512 3440 3584 pie
3489 3525 3694 3565 memo-

2101 3626 2203 3692 rie,
2230 3629 2517 3694 postquam
2557 3615 2619 3669 10
2649 3613 2811 3668 annis
2870 3606 3246 3665 lherosolimis
3271 3604 3418 3676 apud
3449 3604 3709 3656 Sanctum

2106 3719 2366 3773 Lazarum
2397 3709 2680 3766 servierat.

2179 3803 2336 3859 1166.
2561 3798 2644 3852 14.
2867 3793 2953 3846 31.
3141 3789 3227 3844 12.
3450 3786 3501 3839 4.

2171 3899 2472 3966 Imperator
2489 3887 2810 3946 Fredericus
2841 3885 2909 3938 ad
2926 3880 3287 3938 debellandos
3317 3879 3592 3933 Romanos
3621 3875 3726 3928 ad-

2101 3990 2389 4041 versantes
2424 3979 2530 4034 sibi
2583 3975 2884 4033 exercitum
2938 3974 2992 4027 in
3036 3970 3246 4025 Italiam
3297 3967 3464 4022 mittit
3533 3968 3727 4032 (Auct.

2108 4081 2322 4150 Aquic.)
2352 4077 2556 4131 Bellum
2600 4073 2744 4127 inter
2798 4068 3130 4124 Ludovicum
3169 4080 3354 4138 regem
3402 4063 3728 4116 Francorum

2110 4183 2165 4230 et
2189 4171 2478 4228 Henricum
2511 4181 2695 4241 regem
2726 4161 3023 4235 Anglorum
3057 4173 3158 4229 pro
3188 4155 3344 4230 regni
3402 4153 3486 4208 sui
3527 4151 3727 4207 termi-

2113 4267 2217 4321 nis.
2251 4261 2564 4318 Ludovicus
2597 4273 2691 4312 rex
2745 4253 2949 4309 auxilio
3002 4249 3258 4320 Philippi
3310 4242 3728 4300 Flandrensium

2114 4358 2331 4415 comitis
2360 4369 2545 4427 regem
2561 4349 2854 4422 Anglorum
2869 4344 3041 4418 fugat,
3065 4351 3232 4412 etpax
3262 4339 3406 4393 inter
3425 4352 3522 4392 eos
3551 4349 3732 4404 usque

2113 4449 2169 4502 in
2200 4445 2407 4500 Pascha
2426 4424 2725 4512 sequentis
2767 4435 2896 4490 anni
2930 4433 3194 4487 firmatur.
3239 4431 3368 4497 (An.
3404 4425 3586 4495 1167.)
3618 4424 3734 4476 Du-

2115 4547 2237 4593 catu
2270 4533 2516 4590 Rainaldi
2545 4525 2887 4586 Coloniensis
2916 4519 3318 4593 archiepiscopi
3354 4524 3409 4572 et
3435 4513 3729 4571 Christiani

2116 4623 2532 4702 Maguntiensis,
2573 4614 2867 4674 Alexandri
2913 4627 3136 4687 quoque
3197 4603 3553 4664 Leodicensis
3601 4603 3730 4673 epi-

2115 4717 2292 4786 scOpi,
2324 4709 2606 4769 orientalis
2628 4706 2900 4763 exercitus
2940 4699 3208 4757 Frederici
3244 4693 3739 4767 imperatorisstra-

2118 4783 2239 4881 gem
2265 4805 2391 4860 fecit
2415 4799 2730 4874 quindecim
2772 4796 2983 4850 milium
3049 4792 3117 4847 de
3171 4787 3456 4853 Romanis,
3490 4783 3737 4853 reliquos

2115 4875 2290 4968 usque
2313 4895 2382 4949 ad
2407 4891 2658 4963 Tyberim
2693 4887 2862 4961 fugat.
2898 4881 3210 4955 Supradicti
3266 4875 3537 4950 episc0pi,
3568 4889 3738 4929 exce-

2115 4963 2216 5060 pto
2231 4980 2617 5058 Maguntiensi,
2657 4985 2712 5033 et
2745 4974 2972 5031 Karolus
2995 4973 3125 5036 dux,
3168 4970 3314 5024 filius
3345 4965 3577 5022 Conradi
3627 4963 3740 5017 im-

2121 5057 2411 5153 peratoris,
2441 5091 2561 5129 cum
2593 5070 2780 5126 multis
2807 5067 2931 5122 aliis
2987 5065 3191 5119 ibidem
3225 5057 3542 5133 pestilentia
3584 5071 3740 5111 mor-

396 5209 677 5255 cessorem
707 5188 1066 5254 interficiens,
1092 5203 1190 5259 pro
1218 5202 1284 5242 eo
1314 5186 1569 5260 regnavit
1649 5184 1736 5238 Sic
1774 5148 2023 5253 otempc-
2123 5174 2201 5232 tui
2233 5177 2376 5227 sunt.
2413 5168 2545 5224 Ossa
2576 5180 2706 5220 vero
2761 5159 3014 5217 Rainaldi
3069 5152 3475 5226 archiepiSCOpi
3513 5148 3740 5204 Colonie

399 5299 540 5346 state
570 5289 664 5343 illa
702 5285 890 5342 oriens
917 5291 972 5339 et
997 5280 1262 5338 occidens
1291 5279 1522 5334 diversis
1550 5275 1895 5332 afficiebatur
1925 5289 2021 5329 ca-

399 5378 762 5435 lamitatibus.
797 5374 1062 5431 Henricus
1088 5385 1201 5437 rex,
1235 5368 1592 5425 ecclesiarum
1612 5366 1768 5442 regni
1796 5365 1880 5420 sui
1895 5365 2018 5433 jura

403 5470 729 5538 auferendo,
763 5469 818 5523 in
842 5465 1034 5542 Anglia
1059 5461 1368 5536 tyrannizat
1403 5478 1416 5526 ;
1446 5468 1642 5515 contra
1679 5474 1846 5531 quem
1873 5456 2017 5511 Tho-

2121 5272 2249 5323 sunt
2278 5263 2471 5318 relata.
2492 5259 2619 5314 etin
2650 5255 2883 5312 ecclesia
2913 5250 3060 5307 beati
3091 5247 3236 5303 Petri
3286 5247 3518 5301 honeste
3553 5249 3745 5296 tumu-

2120 5355 2245 5411 lata.
2273 5349 2548 5408 Successit
2578 5347 2629 5402 ei
2660 5346 2716 5401 in
2774 5343 3093 5416 episcopatu
3133 5336 3422 5408 Philippus
3465 5330 3743 5387 archidia-

2120 5459 2293 5502 conus
2315 5441 2457 5509 ejus,
2499 5436 2645 5490 ﬁlius
2693 5432 2919 5489 Gozvini
2976 5430 3046 5487 de
3102 5427 3354 5483 Falconis
3402 5430 3612 5479 monte.
3647 5421 3745 5476 Pie

1996 5585 2034 5641 N
2043 5583 2185 5640 ΟΤίΕ

477 5700 622 5773 (410)
694 5699 815 5773 liget}
872 5698 1021 5773 prior
1087 5696 1452 5773 C_ontir_1uator_
1499 5686 1890 5773 Aquicinensis
1952 5700 2016 5739 ex

406 5761 524 5850 Anu
561 5761 1042 5826 Blandiniensibus
1062 5769 1126 5822 ad
1159 5766 1389 5820 verbum
1421 5761 1807 5831 descripserat.

2201 5672 2640 5750 (410*)_\fidetu_r
2670 5664 2879 5750 aliquid
2910 5660 3130 5750 deesse,
3159 5658 3227 5750 .E.
3259 5658 3317 5750 Ii:

2365 5726 2584 5798 [Primus
2614 5726 2807 5794 horum
2839 5736 2960 5791 fons
2999 5726 3238 5788 Annales
3265 5726 3520 5785 Blandin.
