3894 6070
255 259 367 314 305

1211 249 1560 307 CHRONICA.
1603 282 1667 289 —
1710 249 2146 306 CONTINUATIO
2185 251 2674 315 AQUlClNCTlNA.

3497 261 3604 318 306

252 387 526 442 memorie
558 386 796 441 domnus
821 384 1113 450 Gozvinus,
1169 383 1342 439 abbas
1373 380 1755 454 Aquicinensis
1792 396 1884 434 se-
1912 385 1958 453 Α
1985 397 2169 450 suum,
2201 383 2319 438 viru
2337 382 2702 452 msapientem
2733 390 2788 438 et
2810 387 3247 458 magnanimum,
3280 405 3405 444 cum
3420 390 3603 447 valido

256 480 486 550 ptimus,
521 479 748 533 caritate
776 477 1020 543 illustris,
1043 485 1255 532 amator
1305 475 1456 547 pacis
1495 481 1548 529 et
1575 473 1878 547 religionis,

252 572 312 624 7.
347 571 406 624 ld
438 569 626 625 Octob.
658 571 803 625 circa
851 569 1087 624 mediam
1138 575 1375 632 noctem,
1437 567 1524 620 die
1580 565 1877 631 dominica,

253 662 392 718 luna
432 664 518 727 11,
551 661 856 716 indictione
895 663 974 726 H,
1019 662 1087 715 de
1132 661 1238 716 hoc
1292 659 1479 714 seculo
1546 657 1761 712 transiit
1790 656 1877 725 (cf.

253 755 406 807 Ann.
433 751 554 821 Aq.)
583 769 599 815 ;
628 765 738 821 quo
770 749 824 804 in
867 749 1104 804 ecclesia
1135 750 1295 804 beate
1329 748 1500 803 Marie
1525 763 1745 818 semper
1770 747 1881 801 vir-

252 841 427 916 ginis,
458 841 513 894 in
544 841 666 896 loco
705 839 800 894 ubi
852 855 1011 894 orare
1065 845 1447 901 consueverat,
1505 854 1630 892 cum
1682 852 1879 908 magno

255 937 499 992 filiorum
525 951 748 991 suorum
796 934 1005 1011 gemitu
1036 934 1326 1000 tumulato,
1391 932 1696 987 Alexander
1727 932 1880 1002 prior

254 1027 510 1095 ejusdem
533 1025 768 1083 ecclesie
791 1026 843 1082 ei
873 1033 1097 1082 octavus
1124 1025 1391 1081 succedit.
1421 1024 1612 1099 Magna
1641 1023 1754 1078 vini
1787 1024 1878 1078 ha-

255 1120 587 1176 bundanﬁa.
795 1126 804 1132 ‘

418 1243 420 1245 >
463 1211 623 1266 1167.
705 1211 766 1265 R.
811 1210 895 1265 15.
974 1209 1030 1264 F.
1075 1209 1163 1266 32.
1241 1210 1299 1264 A.
1344 1208 1430 1266 13.
1511 1208 1572 1262 Η.
1603 1209 1658 1261 5.

324 1303 653 1358 Fredericus
707 1303 1008 1374 imperator
1063 1301 1352 1357 ltalienses
1411 1299 1626 1356 levibus
1679 1299 1872 1370 preliis

251 1394 470 1458 fundit;
504 1394 584 1448 illi
615 1401 796 1448 autem
825 1409 924 1465 pro
966 1393 1220 1448 libertate
1251 1392 1426 1464 patrie
1449 1391 1764 1446 suetuenda
1790 1406 1873 1445 sa-

251 1487 325 1541 tis
345 1485 595 1551 animati,
627 1486 696 1540 de
726 1485 986 1541 omnibus
1033 1500 1176 1556 pene
1236 1484 1388 1540 ltalie
1428 1483 1745 1539 civitatibus
1769 1498 1876 1554 que

258 1578 405 1632 inter
426 1577 592 1648 Alpes
620 1583 675 1632 et
704 1577 928 1633 Romam
962 1577 1294 1643 consistunt,
1356 1577 1409 1631 in
1443 1593 1613 1632 unum
1663 1591 1874 1632 conve-

256 1671 495 1734 vientes,
527 1671 804 1726 civitatem
849 1671 1320 1726 Mediolanensem
1352 1654 1577 1741 e’gregie
1610 1668 1875 1723 munitam

257 1757 668 1824 reedificant,in
680 1768 898 1815 contem
908 1766 1056 1829 ptum
1075 1758 1442 1830 imperatoris.
1461 1757 1873 1828 (Auct.Aquic.)

257 1849 588 1905 Ludowicus
620 1866 714 1904 rex
744 1851 1073 1906 Francorum
1106 1856 1161 1906 et
1200 1850 1490 1921 Philippus
1519 1865 1708 1904 comes
1725 1849 1876 1904 Flan—

257 1941 545 1996 drensium
592 1942 791 1996 iterum
859 1948 1083 1998 movent
1135 1942 1545 2013 expeditionem
1612 1942 1876 1997 adversus

258 2032 555 2088 Henricum
579 2049 764 2107 regem
803 2034 1016 2108 Anglie.
1047 2033 1268 2090 Francis
1300 2033 1679 2089 invidentibus
1700 2041 1754 2088 et
1779 2033 1878 2088 de-

259 2121 608 2193 trahentibus
639 2121 1022 2194 frequentibus
1052 2121 1194 2178 bene
1221 2124 1392 2196 gestis
1431 2123 1669 2194 Philippi
1699 2123 1876 2178 comi-

257 2215 348 2280 tis,
373 2213 498 2268 sine
526 2213 690 2270 laude
729 2214 1041 2270 revertitur.
1101 2215 1223 2285 (1b.)
1277 2215 1423 2270 Obiit
1453 2216 1746 2270 Nicholaus
1777 2214 1879 2270 Ca-

257 2307 601 2361 meracensis
627 2307 940 2378 episcopus.
977 2307 1191 2372 Petrus,
1241 2305 1388 2362 ﬁlius
1423 2307 1750 2363 Theoderici
1784 2323 1878 2362 co-

255 2394 407 2449 mitis
433 2394 875 2461 Flandrensium,
935 2395 988 2449 in
1041 2395 1162 2450 loco
1202 2394 1322 2463 ejus
1353 2395 1595 2468 eligitur.
1637 2397 1877 2451 Ecclesia

254 2483 431 2539 sancti
466 2483 670 2538 Bertini
721 2484 878 2539 valde
903 2483 1194 2539 infestatur
1223 2500 1253 2538 a
1299 2485 1638 2541 Theoderico
1677 2486 1875 2540 comite

259 2572 606 2641 Flandrensi,
626 2579 742 2628 astu
761 2580 815 2628 et
845 2575 1203 2644 persuasione
1233 2573 1459 2630 Roberti
1489 2573 1732 2628 Ariensis
1757 2590 1877 2644 pre-

256 2663 444 2734 positi,
469 2662 719 2731 ejusdem
751 2662 968 2717 comitis
995 2663 1309 2719 cancellarii
1369 2663 1536 2734 (412).
1571 2663 1724 2717 [Inde
1773 2664 1875 2718 Go-

257 2753 551 2807 descalcus
579 2751 753 2806 abbas
775 2757 829 2805 et
859 2751 1055 2807 fratres
1093 2753 1342 2821 ejusdem
1403 2752 1640 2807 ecclesie
1692 2751 1878 2807 animo

259 2845 599 2900 consternati
629 2853 682 2900 et
712 2845 954 2900 humano
1011 2844 1213 2899 auxilio
1270 2844 1538 2912 destituti,
1583 2845 1671 2899 bis
1705 2842 1759 2898 in
1789 2844 1879 2898 die

259 2951 361 3007 pro
392 2935 750 2991 tribulatione
778 2935 869 2989 illa
921 2936 1215 2991 clamorem
1276 2937 1343 2990 ad
1389 2937 1557 2991 Deum
1603 2935 1880 2992 faciebant

260 3028 520 3101 prostrati
569 3029 638 3085 ad
705 3028 926 3083 missam
993 3028 1205 3084 scilicet
1232 3035 1287 3084 et
1335 3029 1390 3082 in
1457 3027 1569 3083 fine
1633 3029 1879 3100 comple-

261 3121 415 3177 torii.
1200 3119 1208 3122 ’

333 3212 474 3268 1168
675 3213 760 3269 16.
961 3213 1048 3267 33.
1231 3213 1314 3268 14.
1533 3213 1590 3268 6.

329 3304 474 3359 Obiit
506 3320 694 3360 comes
719 3305 1096 3360 Theodericus
1111 3303 1466 3359 Flandrensis
1519 3303 1574 3358 in
1604 3304 1733 3358 villa
1761 3303 1875 3370 illa,

256 3410 427 3466 quam
452 3403 643 3450 sancto
674 3396 891 3451 Bertino
931 3395 1234 3450 abstulerat
1279 3386 1377 3465 per
1417 3393 1737 3449 violentiam
1769 3393 1880 3448 Ro-

257 3481 403 3537 berti
441 3482 722 3554 prepositi.
757 3483 1016 3538 Succedit
1045 3483 1097 3538 ei
1154 3483 1208 3536 in
1259 3482 1523 3537 comitatu
1555 3480 1876 3535 Flandrensi

257 3574 411 3629 ﬁlius
441 3575 562 3645 ejus
586 3575 876 3646 Philippus
903 3594 916 3641 ;
946 3575 1041 3647 qui
1097 3582 1224 3630 ante
1272 3580 1499 3628 mortem
1558 3571 1730 3643 patris
1770 3571 1875 3635 sui,

256 3666 523 3722 defuncto
556 3667 1060 3739 Rodulphojuvene
1078 3668 1276 3722 comite
1294 3664 1694 3720 Virmandensi.
1722 3679 1882 3718 eum-

256 3756 385 3810 dem
419 3756 739 3811 comitatum
770 3773 868 3828 per
896 3773 1122 3812 uxorem
1179 3756 1323 3826 (H3)
1356 3754 1465 3809 sibi
1496 3753 1742 3808 debitum
1775 3752 1881 3808 ob-

257 3845 522 3898 tinuerat.
557 3845 853 3900 Balduinus
907 3861 1096 3901 comes
1138 3844 1436 3901 Montensis
1491 3852 1545 3898 et
1574 3843 1881 3915 [Philippus

257 3950 451 3991 comes
483 3935 737 3991 Flandrie
764 3936 1214 3992 confederantur.

1982 475 2225 530 exercitu
2268 475 2323 528 in
2352 474 2559 529 Italiam
2604 475 2752 529 misit
2781 495 2794 540 ;
2828 478 2918 547 qui
2974 479 3323 550 imperatoris
3355 483 3600 538 rebelles

1981 569 2210 624 viriliter
2255 569 2541 636 invadens,
2583 570 2920 625 munitiones
2971 589 3162 630 eorum
3215 575 3501 644 destruxit,
3547 585 3602 633 et

1981 658 2231 712 civitates
2269 657 2436 728 cepit,
2470 673 2837 730 magnamque
2879 649 3260 728 pa'rtemltalie
3282 665 3599 736 imperatori

1981 743 2217 817 subegit.
2269 744 2568 799 Balduinus
2617 745 2826 815 junior,
2888 745 3034 802 ﬁlius
3089 751 3343 808 Balduini
3381 753 3602 809 comitis

1984 841 2436 915 Haginoensium,
2468 856 2694 895 uxorem
2735 841 2888 896 duxit
2927 843 3308 918 Margaretam,
3347 863 3595 905 sororem

1981 935 2223 1004 Philippi
2245 935 2464 990 comitis
2494 933 2912 990 Flandrensium
2946 937 3118 1009 (414).

2057 1031 2191 1083 1170
2408 1029 2494 1083 18.
2715 1031 2802 1087 35.
2997 1034 3058 1088 16
3301 1036 3354 1089 8.

2053 1117 2314 1172 Henricus
2349 1159 2362 1183 ,
2417 1132 2509 1171 rex
2542 1118 2756 1190 Anglie,
2805 1119 3107 1176 Henricum'
3134 1120 3307 1176 filium
3353 1139 3511 1179 suum
3543 1125 3600 1180 in

1981 1223 2164 1281 regem
2186 1205 2446 1260 sublimat
2483 1205 2540 1258 in
2588 1207 2779 1280 Anglia
2837 1225 2935 1279 per
2966 1225 3161 1264 manus
3187 1213 3590 1285 archiepiscopi

1974 1295 2334 1351 Eboracensis
2359 1295 2590 1366 ejusque
2622 1297 3114 1369 suﬁ'raganeorum.
3141 1301 3284 1356 lnde
3340 1303 3594 1360 simultas

1975 1389 2118 1443 inter
2146 1388 2405 1443 Thomam
2429 1388 2906 1459 archiepisc0pum
2949 1390 3397 1449 Cantuariensem
3431 1411 3598 1452 exor-

1979 1490 2032 1535 ta
2061 1489 2143 1535 est
2181 1488 2236 1536 et
2289 1481 2688 1536 Eboracensem
2747 1480 3246 1554 archiepiscOpum,
3315 1488 3446 1558 quia
3504 1505 3598 1543 rex

1979 1569 2297 1645 Anglorum,
2345 1570 2502 1638 juxta
2557 1568 2845 1642 privilegia
2877 1571 3243 1626 Romanorum
3268 1574 3591 1644 pontificum

1980 1659 2231 1714 ecclesiae
2266 1657 2646 1714 Cantuariensi
2701 1659 2916 1726 collata,
2977 1659 3247 1717 debuerat
3303 1664 3499 1736 inungi
3528 1665 3597 1719 ab

1975 1749 2393 1819 archiepiscopo
2452 1747 2850 1802 Cantuariensi.
2922 1748 3175 1820 Exceptis
3233 1749 3358 1804 aliis
3396 1751 3598 1819 causis,

1978 1844 2079 1897 hec
2113 1843 2350 1896 maxime
2367 1857 2530 1896 causa
2546 1842 2710 1898 beato
2731 1843 2938 1898 Thome
2978 1843 3210 1898 contulit
3254 1845 3592 1915 passionem.

1978 1931 2284 1988 Ludovicus
2313 1948 2407 1986 rex
2461 1932 2789 1987 Francorum
2843 1940 2898 1987 et
2948 1933 3218 1989 Henricus
3267 1937 3458 1991 senior
3494 1953 3590 1992 rex

1977 2022 2272 2093 Anglorum
2329 2021 2400 2075 ad
2453 2028 2703 2075 mutuum
2765 2031 3148 2078 convenerunt
3200 2023 3590 2097 colloquium;

1978 2116 2070 2170 ubi
2135 2115 2374 2171 Thomas
2461 2115 2912 2186 archiepisc0pus
2977 2115 3394 2172 Cantuariensis
3459 2135 3584 2175 cum

1979 2205 2266 2276 utriusque
2320 2204 2474 2277 regni
2520 2203 2881 2275 Optimatibus
2949 2204 3124 2271 afluit,
3183 2212 3238 2260 et
3295 2223 3399 2276 pax
3455 2207 3600 2263 inter

1979 2300 2159 2371 ipsum
2180 2309 2235 2354 et
2273 2315 2458 2371 regem
2489 2299 2682 2374 Anglic
2731 2299 2908 2371 magis
2955 2299 3213 2370 palliatur
3265 2317 3430 2373 quam
3460 2316 3596 2358 con-

1977 2394 2244 2450 firmetur.
2277 2395 2424 2450 Obiit
2454 2395 2756 2450 Balduinus
2784 2396 2866 2450 lV.
2901 2410 3086 2451 comes
3119 2395 3482 2472 Haginoensts
3537 2397 3591 2451 6.

1977 2483 2107 2538 ldus
2125 2482 2472 2548 Novembris,
2504 2491 2559 2537 et
2589 2482 2643 2536 in
2703 2491 2888 2538 monte
2916 2482 3213 2540 Castriloco
3230 2493 3287 2538 et
3324 2484 3381 2540 in
3410 2484 3595 2540 eccle-

1941 2575 2057 2630 .sia
2077 2582 2263 2630 sancte
2323 2574 2694 2630 Waldetrudis
2755 2574 2824 2629 ab
2882 2574 3188 2630 Alexandro
3236 2576 3590 2648 Aquicinensi

1979 2667 2178 2722 abbate
2204 2665 2472 2738 sepelitur
2519 2667 2685 2737 (415).
2733 2665 3010 2721 Successit
3037 2667 3088 2720 ei
3118 2667 3418 2722 Balduinus
3449 2667 3600 2724 filius

1981 2759 2120 2827 ejus,
2163 2759 2324 2828 hujus
2362 2758 2607 2814 nominis
2637 2773 2823 2814 comes
2852 2758 3096 2830 quintus.
3124 2759 3247 2829 Ipso
3275 2759 3366 2812 die
3402 2768 3602 2816 ventus

1980 2848 2302 2913 vehemens,
2351 2846 2538 2918 pluvie
2592 2847 2815 2909 mixtus,
2851 2846 3196 2918 periculosus
3243 2854 3299 2901 et
3325 2847 3600 2919 dampno-

1979 2954 2072 2992 sus
2099 2937 2298 3004 extitit,
2329 2937 2385 2992 in
2413 2944 2646 3004 tantum,
2705 2945 2765 2992 ut
2793 2936 3006 3001 domos,
3061 2945 3244 2992 turres
3281 2945 3337 2992 et
3375 2938 3597 2994 edificia

1986 3028 2352 3096 subverteret,
2375 3029 2650 3101 silvasque
2680 3028 2965 3084 evelleret.
3012 3027 3160 3084 Inter
3184 3036 3366 3084 cetera
3397 3037 3602 3086 tectum

1990 3121 2224 3176 maxime
2277 3121 2440 3176 turris
2495 3119 2669 3176 sancti
2730 3119 3000 3175 Johannis
3056 3118 3292 3190 baptiste
3346 3119 3596 3175 Lauduni

1978 3213 2174 3268 evulsit
2223 3221 2278 3267 et
2305 3212 2577 3285 longiusa
2610 3213 2816 3282 templo
2865 3212 3099 3283 projecit
3151 3212 3386 3268 Thomas
3414 3213 3603 3268 archi-

1980 3301 2277 3373 episcopus
2319 3300 2725 3356 Cantuaricnsis
2770 3317 2801 3354 a
2852 3299 3082 3355 Henrico
3156 3315 3283 3375 rege
3338 3301 3596 3371 septenni

1979 3390 2144 3445 exilio
2174 3390 2488 3456 injuriatus,
2529 3389 2750 3444 tandem
2770 3390 2946 3461 ipsius
2977 3390 3121 3464 regis
3142 3389 3444 3460 permissu,
3467 3398 3597 3446 ante

1979 3481 2160 3536 natale
2193 3481 2430 3547 Domini,
2463 3481 2530 3535 ad
2562 3495 2716 3534 suam
2746 3481 2936 3535 sedem
2970 3479 3285 3536 revertitur.

2051 3569 2209 3622 1171.
2401 3569 2484 3622 19.
2740 3567 2827 3623 36.
3052 3568 3138 3621 17.
3323 3568 3375 3622 9.

2051 3655 2303 3722 Thomas,
2335 3655 2788 3726 archiepiscOpus
2825 3653 3116 3710 Cantuarie
3166 3670 3229 3710 ac
3267 3655 3483 3724 primas
3517 3667 3603 3711 to-

1982 3747 2089 3801 tius
2113 3745 2526 3813 Britannie,diu
2560 3743 2627 3798 ab
2663 3743 2897 3800 Henrico
2925 3760 3055 3817 rege
3087 3742 3330 3812 injuriis,
3382 3751 3437 3798 et
3483 3744 3598 3798 cxi-

1983 3840 2375 3916 liifatigatione
2416 3839 2673 3907 afflictus,
2704 3839 2794 3894 die
2843 3840 2895 3894 5.
2945 3839 3242 3895 nativitatis
3279 3838 3599 3906 dominicae,

1984 3934 2036 3986 in
2055 3931 2248 4001 majori
2263 3929 2520 3996 ecclesia,
2556 3929 2688 3984 hora
2728 3944 2894 3994 nona,
2948 3935 3074 3983 ante
3107 3926 3395 3999 quoddam
3428 3927 3604 3982 altare

339 4028 498 4083 1169.
718 4028 806 4083 17.
991 4030 1076 4082 3-1.
1299 4028 1391 4082 15.
1610 4025 1663 4080 7.

337 4120 662 4175 Fredericus
691 4121 987 4192 imperator
1016 4121 1085 4175 ad
1125 4121 1577 4194 comprimendos
1601 4119 1882 4174 ltalienses

1983 4045 2013 4081 a
2043 4026 2374 4082 satellitibus
2395 4024 2592 4097 prefati
2615 4023 2761 4098 regis
2799 4023 2978 4094 capite
3010 4022 3282 4090 mutilato,
3309 4020 3597 4094 effusoque

1982 4121 2232 4187 cerebro,
2280 4122 2336 4175 in
2387 4119 2816 4194 congregatione
2879 4118 3250 4189 pretiosorum
3306 4124 3600 4188 martyrum

261 4211 344 4264 ire
375 4210 702 4280 disponens,
734 4209 1022 4264 llenricum
1053 4208 1225 4264 filium
1254 4225 1414 4264 suum
1433 4210 1614 4264 adhuc
1647 4221 1880 4278 puerum
1983 4227 2075 4268 cor

1992 4211 2592 4268 coronaturaDomino
2647 4211 2761 4281 (an.
2829 4209 2986 4280 1170)
3030 4227 3044 4275 ;
3090 4209 3159 4263 ad
3214 4208 3371 4276 cujus
3416 4207 3604 4278 sepul-

258 4301 318 4354 in
371 4317 556 4373 regem
607 4299 872 4355 sublimat
899 4300 1069 4373 Aquis
1120 4300 1276 4371 (Aug.
1341 4301 1426 4370 15)
1502 4300 1647 4354 Nova
1680 4297 1878 4352 iterum
1906 4361 1951 4373 ﬁ
1983 4303 2171 4356 chrum
2201 4301 2338 4354 mira
2393 4307 2449 4354 et
2479 4299 2726 4354 inaudita
2789 4316 2886 4370 per
2936 4299 3056 4366 ejus
3099 4297 3288 4352 merita
3319 4297 3601 4352 adomino

258 4393 527 4448 Romanis
543 4393 822 4467 consurgit
861 4393 1037 4455 ruina,
1069 4393 1197 4464 quia
1227 4408 1352 4447 cum
1405 4391 1725 4447 Tusculanis
1756 4389 1878 4443 bel-
1903 4361 1960 4431 D
1984 4397 2092 4450 Deo
2133 4395 2576 4450 ﬁuntmiracula,
2610 4394 2916 4448 Alexander
2969 4408 3110 4463 papa
3142 4397 3197 4446 et
3236 4405 3433 4445 omnes
3479 4390 3601 4460 epi-

261 4488 374 4541 lum
429 4484 589 4539 civile
644 4485 920 4551 ineuntes,
962 4500 1104 4554 pene
1160 4501 1333 4555 usque
1364 4483 1431 4538 ad
1468 4483 1879 4539 intermtionem
1980 4487 2132 4558 scOpi
2160 4486 2386 4542 Francie
2419 4485 2798 4541 interfectores
2844 4481 3244 4553 archiepiscOpi
3277 4480 3596 4536 anathema-

262 4579 499 4634 Romaui
530 4577 698 4631 deleti
728 4584 871 4631 sunt.
934 4576 1040 4631 Hac
1080 4576 1148 4631 de
1179 4591 1345 4630 causa
1390 4575 1666 4631 discordia
1683 4592 1883 4649 magna
1982 4592 2182 4654 tysant.
2217 4581 2496 4637 Henricus
2524 4597 2616 4636 rex
2657 4579 2846 4652 Anglie
2901 4593 2997 4648 pro
3030 4575 3416 4631 interfectione
3447 4575 3593 4631 beati

265 4673 412 4726 inter
463 4669 826 4724 Alexandrum
896 4684 1093 4740 papam
1165 4675 1220 4723 et
1275 4669 1550 4724 Romanos
1606 4675 1723 4724 Orta
1776 4676 1879 4723 est.
1983 4675 2189 4731 Thome
2215 4675 2284 4728 ab
2311 4673 2570 4729 omnibus
2624 4679 2682 4726 ut
2734 4678 2982 4741 apostata
3041 4667 3340 4723 vilissimus
3399 4683 3600 4724 exosus

260 4757 576 4816 Alexander
592 4773 731 4829 papa
757 4757 962 4811 auxilia
993 4756 1228 4811 militum
1260 4758 1649 4829 undecumque
1668 4766 1883 4813 contra-
1987 4768 2232 4821 habetur.
2284 4765 2641 4827 Christianus,
2683 4761 3048 4818 cancellarius
3089 4760 3437 4832 imperatoris
3465 4761 3596 4816 Fre-

265 4856 425 4916 hens,
453 4869 577 4908 cum
601 4851 925 4907 Tusculanis
967 4851 1242 4906 Romanos
1273 4861 1326 4906 et
1357 4851 1706 4921 imperatoris
1740 4852 1881 4908 ﬁdc-
1986 4859 2180 4923 derici,
2211 4857 2574 4912 Alexandrum
2605 4871 2798 4926 papam
2823 4863 2876 4909 et
2903 4854 3240 4910 Tusculanos
3271 4853 3597 4925 imperatori

260 4949 346 5003 les
376 4946 713 5002 debellabat.
775 4945 1098 5002 Fredericus
1157 4952 1340 5000 autem
1400 4945 1699 5019 imperator
1728 4948 1886 5002 Chri-
1989 4951 2226 5006 rebelles
2265 4948 2613 5012 obsessurus,
2645 4946 3011 5002 Tusculanum
3054 4945 3254 5019 pergit,
3289 4943 3601 5000 Alexander

262 5036 510 5092 stianum
533 5035 1014 5107 archiepiscopum
1039 5036 1460 5112 :Moguntinum,
1495 5041 1884 5096 cancellarium
1986 5050 2169 5096 autem
2229 5055 2388 5112 papa,
2447 5036 2652 5092 veritus
2696 5037 3072 5092 imminentem
3122 5035 3230 5107 jam
3292 5032 3603 5089 cervicibus

1829 5161 2035 5217 NOT/E.

340 5257 488 5332 (412)
528 5255 905 5332 {De‘civi‘tate
936 5254 1168 5312 Caruoto
1219 5265 1395 5332 o_rtus,
1440 5276 1609 5332 quem
1641 5261 1710 5317 de
1740 5278 1883 5332 pau-
2059 5261 2204 5330 (413)
2240 5258 2544 5332 Elizabeth,
2583 5257 3004 5332 primogenitam
3055 5267 3301 5332 sororem
3332 5249 3587 5332 _R_odulfi.

270 5322 407 5401 pere
433 5327 636 5401 clerico
663 5325 953 5401 Philippus
994 5343 1180 5401 comes
1235 5322 1502 5386 Flandriae
1547 5322 1884 5388 ditissimum
1990 5322 2419 5388 Totam'Rodulft
2472 5322 2847 5386 haereditaté'm
2896 5332 3184 5382 enumerat
3237 5322 3597 5387 Gislebertus,

268 5397 498 5476 fecerat,
531 5406 585 5453 et
615 5397 935 5476 inflandjia
964 5407 1020 5454 et
1045 5400 1399 5476 Viromandia
1419 5404 1887 5476 potentissimum.
1993 5422 2046 5476 p.
2081 5405 2170 5459 63.

266 5463 520 5547 Quicum
543 5469 793 5547 omnium
834 5469 947 5524 fere
1000 5471 1359 5527 ecclesiarum
1388 5463 1441 5526 in
1474 5473 1723 5547 Flandria
1749 5491 1890 5547 prae-
1993 5463 2008 5476 ⁸
2063 5476 2204 5547 (414)
2233 5474 2296 5528 Μ.
2342 5471 2550 5547 Aprili;
2583 5471 2648 5526 cf.
2707 5469 3078 5547 VGislebertum
3138 5467 3377 5547 H_asno_n.
3422 5480 3477 5534 p.
3509 5463 3602 5517 73.

267 5543 548 5616 posituras
586 5541 878 5616 obtineret,
918 5547 1118 5616 tamen,
1134 5559 1338 5616 nomen
1384 5539 1891 5616 praeposittde'Aria
2061 5539 2199 5614 (415)
2230 5539 2464 5614 Septima
2490 5544 2574 5597 die
2602 5561 2636 5596 (ι
2685 5546 2814 5609 fasto
2865 5543 3119 5595 Omnium
3160 5539 3505 5599 Sanctorum,
3547 5552 3579 5586 ll

268 5611 494 5738 igmpgr
524 5611 740 5738 lli’abgli‘té
762 5611 959 5737 ἷθῖὶίοἱι
1013 5614 1350 5670 Gislebertus
1384 5611 1798 5674 'Has'noniensis
1831 5636 1884 5688 p.
1992 5624 2047 5673 D.
2077 5611 2233 5672 1171.
2264 5611 2620 5672 Gislebertus.

318 5705 360 5738 ι.
399 5701 428 5738 e
482 5729 490 5738 .
570 5699 599 5738 e
743 5700 768 5738 s
848 5699 928 5738 er.

309 5687 360 5744 7.
399 5687 490 5740 ed.
528 5687 599 5738 De
630 5687 928 5738 Chasteler.
