3894 6070
249 291 354 350 307

1476 289 1820 346 SlGBBERTl
1861 287 2368 345 GEMBLACENSIS.

3487 291 3595 350 308

253 423 371 478 suis
391 421 799 486 cancellarium,
831 420 1018 476 animo
1084 426 1489 487 consternatus,
1540 421 1610 477 de
1649 421 1868 477 civitate
1895 425 1947 494 Α
1973 421 2125 492 lippo
2153 421 2354 476 comite
2385 420 2733 486 Flandrensi,
2767 419 2822 473 in
2871 419 3261 474 Normanniam
3285 420 3600 491 expeditio-

255 514 444 588 fugere
474 513 733 583 disponit.
763 511 872 567 Hoc
902 511 1022 582 ejus
1051 512 1392 584 propositum
1425 513 1686 568 omnibus
1716 513 1872 568 inno-

255 605 377 671 tuit,
409 617 643 675 quorum
674 601 928 658 custodia
980 600 1240 656 detentus
1288 601 1357 655 de
1411 601 1549 655 urbe
1581 602 1871 656 discedere

257 709 367 749 non
406 690 586 764 potuit
616 708 632 757 ;
669 689 818 745 cives
848 697 1056 752 tamen,
1101 696 1329 761 accepto
1361 689 1568 744 salubri
1629 691 1891 771 consilio,

256 786 645 845 cancellarium
688 786 906 859 magnis
947 785 1231 856 obsequiis
1263 784 1553 839 delinitum
1584 785 1872 838 maximis-

255 894 364 950 que
391 878 509 932 auri
535 885 593 930 et
647 874 858 950 argenti
912 873 1236 928 muneribus
1290 873 1612 929 honoratum
1671 873 1738 928 de
1778 889 1876 928 sua

258 969 478 1025 civitate
509 967 576 1022 ad
590 967 726 1022 alias
766 966 1165 1036 transmittunt,

332 1061 490 1116 1172.
569 1060 636 1115 R.
698 1059 787 1114 20.
865 1059 919 1113 F.
976 1059 1063 1112 37.
1144 1061 1202 1112 A.
1269 1059 1331 1112 18
1405 1058 1465 1114 Η.
1527 1058 1594 1113 10

336 1155 395 1208 ln
427 1154 579 1210 Italia
609 1153 862 1209 homines
890 1151 1091 1227 agrarii
1150 1152 1408 1207 marchisi
1448 1151 1517 1205 de
1564 1151 1877 1206 Montferrat

264 1261 385 1301 cum
417 1243 750 1318 quibusdam
783 1243 1076 1309 militibus,
1109 1249 1282 1298 terras
1314 1257 1440 1296 suas
1489 1248 1543 1297 et
1573 1243 1880 1312 possessio-

265 1356 362 1397 nes
391 1340 767 1412 relinquentes
817 1355 941 1394 cum
974 1337 1239 1394 uxoribus
1268 1343 1321 1391 et
1348 1335 1495 1401 ﬁliis,
1551 1336 1745 1390 urbem
1780 1353 1880 1390 no-

265 1447 386 1485 vam
451 1438 642 1486 contra
723 1427 1074 1483 Fredericum
1145 1426 1538 1497 imperatorem
1595 1424 1876 1491 ediﬁcant,

269 1537 432 1594 quam
465 1517 921 1576 Alexandriamin
953 1519 1218 1573 honorem
1251 1516 1543 1572 Alexandri
1575 1531 1716 1588 pape
1744 1532 1882 1570 nun-

269 1619 492 1684 cupant.
517 1612 784 1667 Henricus
825 1627 919 1667 rex
951 1609 1144 1684 Anglic
1174 1608 1316 1664 ultra
1347 1625 1406 1664 se
1437 1608 1633 1675 elatus,
1677 1608 1878 1664 incon-

1973 528 2098 566 nem
2125 512 2296 566 ducit.
2364 511 2614 566 Exercitu
2672 520 2854 565 autem
2905 526 3095 566 eorum
3156 511 3213 564 in
3246 511 3382 566 duas
3412 523 3599 582 partes

1988 601 2183 667 diviso,
2208 602 2493 672 Philippus
2517 618 2641 656 cum
2683 601 2798 656 suis
2852 601 3283 656 Flandrensibus
3337 609 3446 658 tres
3475 622 3600 660 mu-

1992 697 2233 752 nitiones
2262 697 2408 766 (418)
2459 713 2674 752 summa
2701 713 2821 752 cum
2879 696 3233 752 festinatione
3264 696 3452 769 fcepit.
3490 699 3602 754 Ma-

1992 786 2154 838 theus
2192 800 2321 839 vero
2359 800 2546 839 comes
2571 785 2818 850 Bolonie,
2853 784 3020 839 frater
3058 785 3300 856 Philippi
3357 788 3596 850 comitis,

1977 875 2172 946 sagitta
2221 875 2455 929 letaliter
2510 875 2585 928 ibi
2642 875 2788 946 (119)
2853 875 3197 941 vulneratus,
3257 891 3366 931 non
3427 878 3596 934 multo

1980 973 2100 1036 post
2130 965 2288 1027 obiit,
2325 973 2378 1019 et
2408 965 2658 1036 sepultus
2681 973 2763 1020 est
2816 967 2871 1018 in
2933 967 3270 1023 monasterio
3301 969 3472 1023 sancti
3505 970 3604 1023 Ju-

1979 1054 2286 1124 doci(t20).
2330 1054 2441 1107 Rex
2469 1070 2599 1109 vero
2658 1054 2991 1110 Francorum
3043 1071 3165 1109 cum
3221 1057 3336 1111 suis
3376 1057 3602 1112 Francis

1979 1147 2256 1219 quoddam
2277 1155 2514 1200 castrum
2539 1161 2662 1200 cum
2696 1162 2895 1221 magna
2927 1145 3252 1202 difficultate
3292 1149 3440 1220 cepit
3467 1151 3601 1215 ;sed

1982 1241 2064 1294 his
2093 1240 2186 1311 qui
2242 1240 2296 1293 in
2338 1256 2460 1294 arce
2517 1241 2767 1308 ejusdem
2830 1241 2990 1296 castri
3015 1248 3193 1309 erant,
3235 1242 3468 1298 viriliter
3505 1260 3603 1298 rc-

1983 1329 2380 1401 pugnantibus,
2409 1345 2528 1383 eam
2569 1344 2768 1400 capere
2823 1345 2934 1384 non
2998 1331 3196 1400 potuit.
3257 1331 3368 1385 Rex
3414 1331 3602 1403 itaque

1982 1420 2168 1475 relicta
2189 1419 2480 1476 obsidione
2508 1420 2741 1486 castelli,
2779 1437 2922 1492 pene
2953 1420 3209 1476 inefﬁcax
3239 1422 3422 1477 rediit.
3458 1424 3603 1477 ch-

1982 1506 2130 1560 ricus
2169 1522 2261 1560 rex
2292 1507 2486 1580 Anglic
2515 1508 2874 1563 adversantes
2929 1509 3058 1576 sibi,
3099 1509 3240 1564 alios
3289 1511 3606 1566 exauctori-

1985 1599 2134 1665 tavit,
2192 1599 2329 1652 alios
2386 1599 2550 1654 bonis
2637 1599 2888 1670 privavit.
2970 1617 3034 1655 ac
3091 1617 3190 1672 per
3240 1601 3342 1658 hoc
3401 1603 3609 1658 amicos

268 1720 422 1759 cessa
451 1712 680 1774 captans
711 1711 765 1757 et
792 1700 1054 1757 aﬂ'ectans
1108 1699 1374 1765 indebita,
1401 1715 1632 1774 regnum
1673 1700 1882 1770 Hyber-
1914 1734 1965 1802 Β
1985 1688 2148 1802 eiii!!!
2181 1689 2514 1802 Silosmagis
2541 1698 2749 1790 .coutra
2773 1706 2838 1791 se
2887 1691 3258 1802 exacerbavit,
3296 1693 3604 1748 Alexander

271 1793 362 1847 nie
392 1792 804 1865 subjugaturus,
837 1798 891 1846 et
950 1790 1159 1866 regium
1227 1789 1501 1856 diadema,
1534 1795 1594 1844 ut
1641 1791 1884 1861 putabat,

271 1881 439 1952 capiti
477 1897 576 1936 suo
606 1881 985 1952 impositurus,
1036 1894 1202 1935 naves
1260 1886 1414 1949 parat
1474 1879 1787 1951 militesque
1819 1879 1887 1933 de

271 1989 372 2028 suo
399 1987 570 2049 regno
601 1979 918 2045 congregat.
953 1974 1086 2043 (An.
1136 1974 1296 2044 1171,
1324 1973 1552 2042 0ct.l7.)
1604 1973 1888 2044 Ingressus

273 2064 440 2135 igitur
470 2063 819 2134 Hyberniam,
843 2078 965 2118 cum
1009 2079 1282 2137 pagenses
1307 2064 1575 2119 sensisset
1605 2065 1670 2118 ad
1705 2064 1887 2119 rebel-

273 2153 496 2208 landum
512 2153 646 2208 satis
666 2159 904 2223 paratos,
946 2158 1060 2208 tum
1102 2153 1279 2224 panis,
1328 2170 1439 2225 quo
1468 2153 1644 2226 patria
1669 2169 1889 2225 preme-

273 2245 451 2312 batur,
473 2244 676 2300 timens
703 2243 970 2314 in0piam,
998 2253 1112 2298 tum
1143 2251 1436 2299 ventorum
1493 2244 1548 2298 in
1605 2245 1889 2299 redeundo

272 2349 470 2388 cavens
507 2333 850 2395 discrimina,
884 2332 1148 2388 confusus
1171 2333 1398 2388 recessit
1428 2332 1484 2386 in
1515 2348 1632 2387 sua.
1658 2331 1888 2386 Alexan-

273 2429 374 2483 der
397 2444 542 2500 papa
579 2427 790 2500 legatos
815 2427 872 2480 iu
926 2426 1316 2482 Normanniam
1358 2427 1426 2481 ad
1469 2427 1761 2482 Henricum
1795 2443 1888 2480 rc-

273 2532 398 2590 gem
438 2515 979 2589 dirigit,Autbertum
1019 2513 1280 2570 videlicet
1319 2515 1683 2585 presbiterum
1716 2514 1893 2571 cardi-

276 2607 458 2661 nalem
490 2605 674 2662 Sancti
727 2607 1006 2663 Laurentii
1037 2609 1094 2663 in
1154 2609 1378 2675 Lucina,
1432 2615 1487 2662 et
1549 2607 1894 2664 Theotimum

280 2697 646 2769 presbiterum
705 2698 1043 2754 cardinalem
1098 2699 1241 2755 tituli
1325 2698 1508 2753 Sancti
1568 2699 1778 2753 Vitalis.
1837 2701 1894 2753 ln

279 2807 512 2864 quorum
563 2791 842 2863 presentia
887 2791 1055 2862 (416).
1113 2790 1464 2846 adstantibus
1508 2791 1792 2862 episcopis
1844 2799 1897 2846 et

282 2884 436 2960 regni
467 2884 551 2940 sui
578 2883 960 2955 optimatibus.
1019 2883 1086 2938 de
1120 2881 1507 2938 interfectione
1559 2882 1705 2937 beati
1752 2883 1896 2938 Tho-

282 2991 391 3043 me,
455 2977 618 3032 tactis
667 2983 979 3030 sanctorum
1054 2975 1324 3046 reliquiis,
1382 2974 1624 3046 prefatus
1689 2991 1780 3029 rex
1839 2990 1898 3030 se

284 3065 538 3141 purgavit
570 3083 584 3128 ;
617 3069 671 3119 et
692 3064 942 3120 ecclesiis
971 3063 1054 3118 sui
1110 3064 1287 3137 regni,
1344 3081 1562 3137 queque
1617 3064 1702 3118 sui
1744 3072 1900 3120 erant

277 3153 440 3223 juris,
468 3152 535 3206 ad
594 3151 880 3206 arbitrium
928 3152 1289 3207 cardinalium
1347 3155 1670 3219 restituens,
1705 3170 1735 3207 a
1774 3153 1896 3209 vin-

285 3246 410 3302 culo
439 3245 742 3300 absolvitur
769 3245 1156 3301 anathematis.
1214 3247 1368 3311 Quod
1423 3247 1625 3303 factum
1658 3247 1898 3302 Franco-

287 3355 405 3396 rum
460 3340 575 3413 regi
620 3339 896 3395 Ludovico
960 3349 1016 3396 et
1065 3341 1324 3396 omnibus
1389 3342 1747 3414 Optimatibus
1777 3342 1899 3409 ejus

287 3427 446 3483 valde
471 3427 778 3501 displicuit.
827 3428 1144 3486 Cardinales
1197 3447 1347 3496 vero,
1406 3432 1500 3503 qui
1569 3432 1902 3487 Normannia

287 3517 479 3573 relicta
505 3516 561 3571 in
589 3517 874 3573 Franciam
907 3518 1167 3590 hyemare
1195 3519 1608 3592 disposuerant,
1651 3536 1745 3575 rex
1777 3537 1905 3592 prc-

288 3609 468 3665 dictus
496 3609 699 3665 invitos
755 3610 935 3667 redire
1000 3610 1127 3667 fecit
1184 3613 1238 3666 in
1306 3613 1536 3668 Italiam.
1604 3613 1908 3668 Alexander

288 3718 452 3774 papa,
484 3701 687 3758 auditis
715 3702 998 3758 miraculis
1028 3719 1137 3774 que
1169 3704 1314 3758 Deus
1346 3720 1444 3775 per
1494 3703 1715 3759 beatum
1766 3705 1911 3760 Tho-

289 3813 432 3852 mam
456 3806 750 3869 martyrem
779 3814 940 3852 suum
997 3800 1351 3868 operabatur,
1395 3815 1494 3868 per
1523 3799 1905 3854 auctoritatem

289 3887 648 3957 apostolicam
705 3885 953 3941 decrevit
991 3902 1118 3940 eum
1182 3887 1237 3939 in
1307 3903 1537 3942 numero
1593 3896 1909 3942 sanctorum

290 3985 592 4050 martyrum
649 3977 980 4032 solemniter
1031 3978 1346 4033 habendum
1384 3981 1514 4044 (An.
1561 3980 1718 4044 1173,
1753 3983 1907 4035 Mart.

301 4065 808 4136 t2).lnterfectores
835 4067 977 4123 beati
1027 4068 1234 4122 Thome
1282 4066 1710 4138 archiepiscOpi,
1745 4069 1907 4139 peni--

294 4157 468 4213 tentia
493 4157 664 4224 ducti,
693 4156 760 4212 ad
793 4175 990 4230 papam
1024 4156 1389 4213 Alexandrum
1442 4165 1696 4232 pergunt,
1724 4165 1777 4212 et
1805 4159 1907 4212 sub

293 4251 542 4308 omnium
573 4253 852 4324 presentia
898 4252 1050 4326 gravi
1106 4252 1417 4322 plectuntur
1441 4252 1736 4308 sententia.
1769 4251 1915 4307 Obiit

297 4344 665 4402 Godescalcus
696 4345 975 4417 quondam
994 4344 1392 4401 Attrebatensis
1421 4343 1731 4415 episcopus.

369 4442 527 4509 1173,
709 4441 799 4496 21.
983 4440 1072 4496 38.
1303 4441 1389 4494 19.
1614 4441 1699 4494 11.

1921 3111 1971 3178 C

1989 1779 2162 1834 abbas
2199 1779 2586 1851 Aquicinensis
2635 1783 2916 1852 preciosas
2977 1783 3338 1853 plurimorum
3387 1793 3610 1840 sancto-

1992 1889 2106 1927 rum
2159 1872 2418 1944 reliquias
2464 1873 2535 1927 de
2564 1873 2797 1927 diversis
2863 1874 3220 1929 ecclesiarum
3275 1875 3412 1930 locis
3471 1891 3610 1930 con-

1989 1962 2258 2035 gregavit,
2307 1979 2444 2034 quas
2501 1963 2556 2016 in
2603 1963 2762 2016 theca
2816 1978 2949 2018 auro
2991 1970 3047 2017 et
3103 1974 3332 2036 argento
3385 1964 3453 2018 ad
3494 1965 3601 2020 hoc

1992 2060 2278 2124 preparata
2307 2054 2568 2108 decenter
2591 2054 2809 2110 locavit.
2865 2053 3010 2110 Obiit
3061 2055 3306 2110 Andreas
3349 2056 3605 2110 Attreba-

1990 2145 2161 2199 tensis
2191 2145 2486 2215 episcotius
2516 2164 2529 2208 ;
2590 2145 2860 2200 Robertus
2895 2145 3138 2200 Ariensis
3197 2147 3512 2218 prepositus
3553 2147 3608 2202 in

1991 2241 2114 2288 toco
2145 2233 2266 2302 ejus
2298 2233 2540 2306 eligitur.
2568 2233 2876 2286 Alexander
2907 2249 3048 2304 papa
3086 2233 3349 2288 domuum
3383 2235 3615 2289 Bernar-

1993 2326 2145 2393 dum,
2178 2325 2635 2381 Clarevallcnsem
2663 2325 2942 2390 abbatem,
2991 2327 3046 2379 in
3109 2342 3339 2382 numero
3381 2335 3614 2383 sancto-

1995 2435 2118 2474 rum
2148 2418 2524 2474 confessorum
2558 2419 2613 2472 in
2633 2419 2868 2474 ecclesia
2919 2420 3161 2476 decrevit
3205 2421 3612 2476 honorandum.

1998 2511 2234 2581 Hyemps
2272 2509 2433 2564 solito
2465 2509 2749 2579 asperior;
2781 2508 2965 2579 hyemi
2996 2509 3208 2564 accedit
3249 2509 3616 2580 intemperies

1999 2604 2160 2660 aeris.
2192 2603 2325 2658 Nam
2355 2610 2613 2674 corrupto
2653 2618 2800 2668 aere,
2848 2618 3040 2658 mense
3093 2605 3403 2671 Decembri,
3438 2604 3620 2659 homi-

2002 2713 2100 2751 nes
2127 2695 2494 2751 succumbunt
2525 2693 2940 2750 inﬁrmitatibus
2971 2695 3231 2762 diversis;
3255 2697 3411 2751 multi
3447 2697 3610 2750 etiam

1999 2792 2312 2848 inﬁrmitate
2335 2792 2427 2846 illa
2458 2791 2768 2848 moriuntur
2808 2807 2969 2863 quam
3029 2791 3231 2846 medici
3295 2797 3494 2846 vocant
3524 2807 3621 2846 ca-

1998 2895 2204 2940 tarrum
2247 2893 2301 2939 et
2341 2884 2556 2939 tussim.

2069 2978 2212 3032 11⁵74
2390 2976 2479 3030 22.
2703 2976 2789 3029 39.
3011 2975 3100 3029 20.
3327 2975 3410 3028 12.

2074 3071 2246 3139 (Ann.
2282 3071 2476 3137 Aquic.
2531 3067 2676 3122 Obiit
2733 3065 3040 3121 Alexander
3089 3066 3476 3137 Aquicineusis
3529 3082 3627 3121 ec-

1998 3160 2168 3216 clesie
2211 3159 2384 3214 abbas
2429 3159 2539 3215 8'18.
2595 3158 2851 3214 Succedit
2901 3158 2952 3212 ei
3014 3158 3240 3229 Symon,
3312 3158 3619 3212 monachus

1999 3254 2248 3322 ejusdem
2279 3251 2547 3317 ecclesiae,
2579 3250 2752 3305 abbas
2779 3251 2890 3304 9'18.
2963 3250 3156 3305 Petrus
3202 3249 3621 3305 Cameracensis

2003 3346 2233 3410 electus,
2293 3343 2460 3397 frater
2529 3341 2771 3413 Philippi
2819 3341 3036 3397 comitis
3084 3339 3360 3406 Flandrie,
3392 3355 3626 3395 assensu

2003 3436 2254 3507 ejusdem
2295 3433 2477 3490 fratris
2522 3434 2606 3488 sui
2664 3433 2854 3488 relicto
2914 3433 3238 3504 episcOpatu
3288 3440 3342 3486 et
3389 3432 3629 3487 clericali

2005 3529 2303 3595 corona,in
2325 3527 2635 3582 ebdomada
2681 3533 3064 3596 pentecosten,
3097 3525 3328 3580 sabbato
3363 3525 3458 3596 qui
3487 3524 3625 3580 inti-

2009 3621 2213 3675 tulatur
2263 3623 2324 3674 in
2383 3619 2660 3674 duodecim
2699 3617 3032 3681 lectionibus,
3066 3616 3233 3670 armis
3294 3614 3630 3669 militaribus

2011 3713 2332 3785 accingitur.
2367 3711 2631 3782 Sequenti
2671 3725 2817 3764 anno
2875 3723 3101 3764 uxorem
3157 3708 3332 3774 duxit,
3374 3706 3620 3762 relictam

2011 3802 2228 3857 comitis
2257 3799 2643 3864 Nivernorum,
2684 3799 2994 3869 eodemque
3034 3812 3180 3852 anno
3233 3796 3382 3850 diem
3434 3795 3636 3850 clausit

2013 3891 2292 3946 ultimum.
2327 3889 2624 3944 Rotbertus
2665 3887 3128 3942 Attrcbatensium
3174 3885 3401 3951 electus,
3432 3883 3632 3938 indus-

2015 3985 2116 4039 tria
2148 3982 2384 4054 Philippi
2445 3980 2663 4037 comitis
2717 3996 2780 4034 ac
2827 3987 3120 4050 potestate,
3155 3977 3630 4034 Cameracensium

2010 4077 2305 4147 episcopus
2336 4075 2575 4147 cligitur.
2619 4074 2678 4127 lu
2719 4073 3041 4144 episcOpatu
3080 4077 3263 4125 autem
3282 4069 3630 4124 Atrebatensi

2011 4165 2334 4222 Frumaldus
2373 4163 2774 4228 arcidiaconus,
2829 4161 2952 4230 ipso
3003 4160 3242 4215 Roberto
3297 4158 3630 4221 anuittentc,

2016 4254 2390 4311 substituitur.
2449 4250 2772 4306 Fredericus
2830 4249 3126 4320 imperator
3173 4255 3228 4301 et
3277 4246 3544 4301 marcisus
3566 4245 3635 4299 de

2016 4346 2336 4404 Montferrat
2367 4351 2488 4415 post
2531 4346 2893 4414 pentecosten
2944 4340 3090 4411 (421)
3125 4338 3334 4394 Italiam
3380 4344 3639 4410 potenter

1937 4438 2274 4522 Dingressi,
2325 4451 2518 4491 novam
2592 4432 2972 4488 Alexandriam
3031 4430 3325 4486 obsidione
3384 4429 3634 4502 cingunt.

370 4537 675 4609 Imperator
712 4537 1036 4593 Frcdericus
1063 4545 1119 4592 et
1144 4536 1448 4591 marchisus
1478 4537 1546 4590 de
1599 4517 1978 4591 Montl‘errat—
2021 4528 2328 4585 Ludovicus
2354 4542 2446 4581 rex
2469 4525 2822 4589 Francorum,
2880 4521 3149 4576 Henricus
3203 4527 3258 4573 et
3305 4517 3632 4581 Richardus,

300 4627 600 4681 exercitum
631 4633 992 4701 congregant,
1034 4632 1097 4680 ut
1127 4625 1182 4678 in
1215 4625 1472 4696 sequenti
1512 4638 1658 4678 anno
1688 4623 1921 4676 Alexan-
2021 4622 2118 4677 tilii
2173 4621 2318 4694 regis
2373 4618 2583 4689 Anglic,
2637 4632 2760 4671 cum
2818 4614 3069 4684 Philippo
3123 4611 3326 4666 comite
3384 4609 3636 4664 Flandrie

301 4713 493 4769 drinos
535 4720 589 4768 et
631 4715 917 4769 ltalienscs
975 4721 1165 4769 contra
1250 4729 1309 4768 se.
1365 4712 1775 4783 tyrannizantes
1823 4727 1920 4765 ex-
2020 4722 2211 4774 contra
2237 4711 2509 4785 prefatum
2565 4724 2750 4784 regem
2801 4707 3000 4761 iterum
3041 4705 3332 4776 insurgunt
3377 4719 3392 4768 ;
3445 4701 3538 4772 qui
3584 4701 3638 4754 iu

303 4808 572 4876 pugnent.
605 4801 804 4857 Contra
835 4802 1128 4858 Henricum
1178 4818 1364 4875 regem
1400 4803 1697 4874 Anglorum
1731 4799 1926 4868 conju-
2027 4801 2414 4858 Normanniam
2450 4797 2702 4871 profecti,
2728 4795 3004 4850 civitatem
3045 4793 3444 4864 Rothomagum
3473 4789 3640 4844 obse-

305 4897 517 4952 ratione
548 4895 734 4950 uxoris
770 4902 822 4949 et
849 4894 1086 4950 filiorum
1139 4897 1279 4966 ejus,
1339 4897 1706 4969 quorumdam
1761 4896 1922 4950 etiam
2027 4893 2247 4947 derunt.
2277 4891 2406 4944 Pars
2456 4903 2586 4943 vero
2643 4885 2880 4958 quedam
2938 4881 3210 4938 exercitus
3265 4879 3638 4941 Flandrensis,

304 4985 634 5058 Optimatum
666 4983 786 5053 ejus
816 4994 1022 5052 exorta,
1051 4985 1146 5040 tilii
1169 4987 1289 5055 ejus
1329 4987 1396 5042 ad
1443 4986 1777 5042 Ludovicum
1829 5001 1919 5040 re-

305 5095 431 5155 gem
460 5077 813 5141 Francorum,
845 5082 1039 5131 contra
1094 5086 1308 5147 patrem
1340 5078 1602 5134 auxilium
1645 5085 1918 5148 petentes,

2029 4985 2290 5039 instinctu
2325 4981 2546 5036 Roberti
2587 4976 2997 5034 Cameracensis
3047 4973 3231 5034 electi,
3265 4971 3510 5044 Angliam
3543 4970 3647 5025 de-

2021 5073 2336 5145 predatura,
2361 5077 2511 5124 trans
2543 5083 2690 5123 mare
2721 5065 2953 5120 mittitur
2985 5082 2998 5132 ;
3044 5077 3278 5135 quorum
3295 5060 3389 5114 alii
3431 5059 3646 5114 marina

307 5150 653 5243 confugiunt.
678 5167 789 5223 Rex
841 5181 971 5223 vero
1002 5168 1171 5238 (417),
1229 5176 1509 5242 assumpto
1572 5185 1760 5225 secum
1795 5167 1922 5223 Phi-
2024 5170 2349 5236 tempestate
2378 5161 2640 5234 quassati,
2701 5158 2794 5214 alii
2851 5172 2982 5214 vero
3037 5155 3106 5210 ab
3133 5152 3320 5226 Anglis
3375 5150 3645 5206 militibus

1871 5273 2086 5330 ΝΟΤᾸΕ.

383 5379 530 5453 (416)
559 5381 727 5453 Apud
751 5380 1036 5436 Abrincas.

384 5451 523 5519 (417)
557 5451 886 5509 Ludovicus.

385 5522 528 5590 (418)
561 5523 984 5580 Albammariam
1015 5531 1070 5580 et
1119 5522 1424 5590 Briencort,
1479 5522 1781 5578 secundum
1814 5519 1928 5575 Gis-

314 5595 655 5649 lebertumet
693 5594 993 5652 Robertum
1018 5597 1088 5651 de
1122 5593 1304 5651 Monte

319 5662 527 5791 “(4:7)
551 5665 688 5718 Ante
715 5665 1015 5735 Brieucort,
1066 5674 1205 5723 teste
1249 5666 1450 5722 Gislel).
1487 5673 1542 5720 et
1587 5665 1826 5720 Robcrto
1849 5664 1917 5718 de

319 5763 334 5791 L
374 5750 447 5791 on
473 5749 524 5791 θ.

314 5749 524 5801 monte,

2101 5373 2245 5442 (420)
2281 5375 2339 5427 ln
2370 5372 2618 5444 Pontivo,
2655 5369 2801 5444 inter
2826 5364 3215 5444 SaintlfYalerv
3255 5368 3308 5417 et
3341 5359 3643 5444 Boulqgne.

2103 5431 2240 5516 (5213
2260 5445 2416 5501 Falso
2451 5462 2465 5510 ;
2498 5431 2761 5516 die'egim
2774 5440 2845 5516 et
2865 5431 3374 5516 JuniiARatisbonaf,
3404 5431 3459 5486 d.
3488 5431 3626 5516 g‘Aa

2065 5503 2174 5573 usti
2203 5503 2348 5588 apud
2377 5503 2617 5572 castrum
2647 5511 2901 5588 Trivels,_
2925 5510 2978 5563 d.
3011 5506 3250 5588 2..S.ept.
3286 5504 3464 5588 adhuc
3496 5503 3648 5588 Basi:

2051 5577 2131 5646 eae
2165 5577 2267 5644 fuit
2317 5588 2636 5660 imperator.
2680 5585 2814 5639 Ante
2847 5577 3228 5638 Alexandriam
3260 5583 3437 5633 castra
3466 5577 3650 5646 posuit

2025 5663 2077 5716 d.
2111 5661 2182 5716 29
2211 5661 2325 5715 Oct.
