3894 6070
162 274 277 329 309

1126 259 1470 315 CHRONICA.
1514 288 1580 297 —
1623 253 2056 311 CONTINUATIO
2096 254 2581 319 AQUICINCTINA.

3413 263 3521 322 310

160 399 407 454 viriliter
433 392 678 464 suscepti
713 398 766 448 et
816 388 1187 466 ignominiose
1247 385 1476 457 repulsi,
1526 399 1648 438 cum
1699 381 1799 436 de-
1815 383 1866 451 Α
1901 386 2041 435 state
2072 381 2230 437 multi
2258 383 2511 438 monachi
2543 392 2596 438 et
2626 384 2830 440 milites
2859 386 2917 440 in
2945 388 3045 442 hac
3072 396 3262 443 nostra
3292 389 3520 460 regione

159 493 371 548 decore
414 489 484 544 ad
521 485 746 558 prepria
778 491 907 540 sunt
958 481 1188 537 reversi.
1245 479 1509 534 Henricus
1543 493 1637 531 rex
1691 475 1798 528 An-

162 581 306 655 glie,
334 594 574 634 cernens
603 591 663 630 se
703 574 771 629 ab
803 571 1065 628 omnibus
1100 569 1315 640 impeti,
1350 569 1402 622 in
1435 582 1495 620 se
1524 565 1801 622 reversuis

167 652 402 725 tandem
445 668 550 722 hoc
581 664 696 720 suis
728 660 1017 733 imputavit
1048 658 1309 730 peccatis,
1342 665 1400 710 et
1431 655 1501 710 de
1528 653 1643 709 suis
1672 652 1800 707 viri-

170 765 284 818 bus
314 762 599 826 difﬁdens,
659 757 906 813 divinum
940 753 1117 826 poscit
1165 752 1449 807 auxilium.
1501 749 1600 813 Qui
1658 748 1797 802 Can-

169 853 411 909 tuariam
443 849 698 917 veniens,
733 846 953 901 beatum
1003 844 1265 898 Thomam
1293 838 1794 910 archiepiSCOpum,

166 945 303 999 olim
335 959 446 997 ase
483 938 751 1010 injuriose
804 943 1113 1000 tractatum,
1143 933 1339 988 humili
1367 939 1421 987 et
1473 932 1671 985 devota
1709 944 1796 982 sa-

169 1036 513 1102 tisfactione,
569 1032 636 1087 ad
687 1037 936 1085 sanctum
996 1027 1263 1083 tumulum
1332 1024 1453 1092 ejus
1514 1021 1796 1076 uberrime

167 1132 385 1197 ﬂendo,
417 1127 674 1200 placavit.
701 1127 816 1190 Que
842 1139 929 1178 res
972 1123 1042 1190 ei,
1078 1129 1138 1176 ut
1167 1119 1464 1185 credimus,
1513 1116 1794 1172 victoriam

168 1220 426 1276 contulit.
471 1218 603 1272 Nam
632 1231 758 1270 mox
789 1229 973 1288 regem
1009 1211 1385 1276 Gualensium,
1442 1208 1537 1263 diu
1565 1206 1674 1261 sibi
1706 1221 1792 1260 rr-

169 1310 400 1376 bellem,
447 1317 502 1362 et
551 1305 822 1378 quosdam
871 1301 1129 1357 inimicos
1160 1314 1292 1354 suos
1321 1299 1423 1353 sub
1473 1295 1790 1368 quindecim

167 1403 387 1456 dierum
438 1398 618 1469 spatio
670 1397 726 1450 in
792 1393 1133 1449 deditionem
1188 1390 1389 1463 coegit,
1445 1387 1790 1460 quorundam

167 1495 340 1548 etiam
373 1491 674 1564 Anglorum
707 1493 896 1544 contra
926 1503 987 1540 se
1018 1483 1376 1540 sentientium
1420 1491 1607 1538 motus
1637 1496 1791 1535 com-

169 1583 408 1653 pescuit.
454 1582 580 1636 Post
609 1581 714 1635 hec
767 1576 1156 1633 Normanniam
1191 1591 1464 1640 reversus,
1513 1573 1791 1628 civitatem

169 1672 576 1743 Hothomagum
633 1686 663 1722 a
719 1684 848 1742 rege
913 1667 1244 1721 Francorum
1305 1664 1587 1719 obsessam
1648 1662 1791 1716 circa
1820 1705 1868 1773 Β

166 1764 413 1818 mediam
444 1768 661 1817 noctem
693 1766 774 1814 est
813 1760 1114 1831 ingressus.
1164 1755 1402 1811 Jacobus
1439 1755 1507 1808 de
1538 1752 1787 1818 Avesnis,

167 1855 399 1926 quidam
432 1854 589 1908 miles
620 1853 845 1908 diveset
865 1851 1162 1925 ingenuus,
1184 1848 1238 1901 in
1261 1846 1552 1902 obsidione
1576 1845 1788 1900 Botlio-

167 1945 424 2022 magensi
456 1961 486 2000 a
519 1944 758 2000 Roberto
799 1941 1177 1998 Cameracensi
1209 1940 1386 1994 electo
1441 1936 1791 1993 contumeliis

163 2034 468 2089 verborum
498 2030 756 2088 afﬁcitur.
789 2031 900 2086 Rex
941 2030 1272 2084 Francorum
1329 2037 1384 2082 et
1414 2041 1604 2082 comes
1634 2025 1792 2080 Flan-

166 2125 397 2179 drorum
431 2123 500 2177 de
539 2121 831 2177 obsidione
864 2120 958 2174 illa
990 2117 1306 2174 inefficaces
1345 2116 1654 2179 redierunt;
1712 2115 1794 2170 sic

165 2216 266 2270 ﬁlii
321 2226 516 2270 contra
549 2221 758 2285 patrem
811 2212 1096 2267 venientes
1128 2210 1330 2265 reversi
1380 2216 1510 2264 sunt
1551 2206 1789 2281 inglorii.

167 2305 450 2360 Robcrtus
483 2302 959 2358 Cameracensium
992 2301 1202 2356 electus
1231 2317 1262 2354 a
1304 2297 1676 2353 servientibus
1701 2297 1795 2352 Ja-

163 2392 290 2449 cobi
327 2394 397 2447 de
432 2393 662 2447 Avesnis
705 2391 1076 2466 ignominiose
1126 2390 1274 2460 apud
1301 2388 1602 2443 Condatum
1633 2385 1785 2456 peri-

165 2483 335 2537 mitur
392 2483 563 2550 (422).
636 2481 752 2536 Duo
811 2480 1233 2535 Cameracenses
1286 2475 1663 2532 archidiaconi
1720 2474 1788 2528 ad

167 2572 551 2642 episcopatum
585 2585 683 2640 per
729 2568 1140 2624 contentionem
1201 2566 1500 2640 eliguntur,
1543 2564 1792 2635 Rogerus

170 2667 385 2720 scilicet
416 2673 473 2720 et
525 2664 773 2718 Alardus.
817 2664 924 2718 Sed
985 2663 1201 2736 Rogero
1235 2678 1265 2715 a
1297 2661 1548 2731 Philippo
1589 2659 1790 2714 comite

174 2757 535 2812 Flandrorum
567 2762 620 2809 et
649 2754 851 2809 saniori
884 2762 1039 2825 parte
1076 2751 1356 2817 abdicato,
1395 2750 1625 2805 Alardus
1659 2749 1792 2803 sub-

172 2845 439 2899 stituitur.
495 2843 735 2914 Uterque
798 2841 1177 2912 episcOpatum
1233 2839 1578 2905 desiderans,
1635 2845 1791 2893 tran-

172 2935 626 3006 scensisAlpibus
654 2934 900 2990 certatim
931 2933 1000 2988 ad
1032 2933 1420 3003 imperatorem
1439 2930 1791 2986 Fredericum

173 3028 228 3082 in
260 3029 476 3084 Italiam
511 3028 712 3102 pergit.
766 3029 1066 3098 Imperator
1119 3025 1304 3096 itaque
1354 3023 1488 3079 visis
1518 3022 1786 3094 personis,

172 3119 477 3192 auditaque
507 3119 718 3174 ratione
749 3117 1060 3183 electionis,
1083 3116 1215 3171 visis
1237 3115 1402 3170 etiam
1434 3114 1629 3168 litteris
1662 3113 1788 3168 Phi-

1814 3075 1864 3146 C

1902 471 2236 527 elemosinas
2262 473 2441 548 largas
2467 476 2802 546 pauperibus
2829 476 3181 548 tribuebant;
3205 479 3352 534 inter
3378 497 3519 552 quos

1902 564 2277 622 Valcellenses
2334 567 2589 622 monachi
2637 567 2974 622 eminebant.
3036 568 3180 622 Obiit
3251 569 3516 626 Henricus

1903 657 2192 712 Remensis
2251 658 2722 730 archiepiscopus,
2794 659 2964 715 frater
3032 660 3289 716 Ludovici
3370 663 3515 733 regis

1899 746 2254 802 Francorum.
2288 748 2479 823 Magna
2510 748 2656 804 circa
2703 749 3041 804 nativitatem
3069 750 3284 805 Domini
3320 751 3512 806 ﬂumi-

1901 856 2030 894 num
2066 841 2452 906 redundantia,
2506 842 2559 896 in
2585 848 2815 909 tantum,
2858 850 2918 898 ut
2944 842 3220 915 Sequana,
3253 844 3437 899 Axona
3462 851 3516 898 et

1900 932 2038 1002 Hysa
2081 933 2267 989 alveos
2296 949 2426 990 suos
2472 935 2699 1008 egressi,
2751 936 2854 990 sub
2908 952 3016 989 una
3060 944 3224 992 nocte
3254 953 3510 1011 magnum

1898 1027 2461 1083 circummanentibus
2489 1029 2752 1084 damnum
2780 1029 3070 1098 inferrent,
3103 1031 3315 1086 multos
3345 1031 3508 1086 etiam

1899 1125 2190 1172 necarent.

1969 1210 2130 1265 1176.
2349 1210 2440 1263 24.
2659 1212 2745 1264 41.
2969 1211 3058 1266 22.
3283 1213 3367 1266 14.

1970 1301 2118 1355 Inter
2149 1300 2534 1371 imperatorem
2567 1300 2918 1356 Fredericum
2951 1310 3004 1357 et
3037 1302 3320 1357 Italienses
3365 1317 3514 1357 vario

1895 1400 2096 1448 eventu
2137 1408 2510 1463 sepenumero
2543 1400 2838 1464 pugnatur.
2875 1393 3212 1448 Christianus
3249 1395 3517 1450 cancella-

1895 1485 2007 1538 rius
2061 1485 2130 1538 de
2163 1499 2300 1554 pace
2335 1484 2476 1539 inter
2530 1484 2924 1555 imperatorem
2977 1493 3032 1539 et
3080 1502 3277 1556 papam
3332 1485 3513 1541 refor-

1893 1575 2095 1630 manda
2136 1575 2295 1629 valde
2351 1581 2497 1629 extat
2527 1574 2812 1630 sollicitus.
2872 1575 3136 1630 Henricus
3176 1591 3270 1630 rex
3319 1575 3516 1648 Anglo-

1894 1681 2037 1730 rum,
2069 1664 2253 1720 missis
2285 1663 2502 1719 nunciis
2529 1664 2597 1718 ad
2625 1664 2940 1734 Philippum
2964 1664 3222 1720 comitem
3256 1665 3516 1718 Flandru-

1893 1773 2033 1822 rum,
2063 1757 2252 1812 nescio
2283 1757 2486 1828 quibus
2516 1757 2699 1812 verbis
2738 1765 2832 1812 aut
2872 1757 3333 1828 promissionihus
3384 1756 3514 1810 ille-

1893 1856 2038 1902 ctum
2070 1847 2138 1901 ab
2181 1848 2378 1902 itinere
2405 1847 2892 1903 Jherosolimitano
2933 1848 3170 1903 detinuit
3203 1849 3308 1902 hoc
3335 1863 3509 1912 anno,

1891 1936 2130 1992 Iacobus
2155 1937 2224 1992 de
2254 1936 2482 1992 Avesnis
2511 1935 2647 1990 satis
2676 1936 2951 2006 superbus
2981 1944 3034 1989 et
3062 1937 3330 2000 insolens,
3363 1951 3506 1991 con-

1893 2033 1974 2078 tra
2005 2023 2292 2078 dominum
2324 2039 2483 2077 suum
2518 2022 2778 2078 comitem
2813 2022 3216 2095 Haginoensem
3252 2023 3508 2088 rebellat;

1893 2126 1948 2171 at
1998 2115 2299 2171 Balduinus
2327 2131 2516 2171 comes
2563 2114 2962 2170 contumaciam
2997 2115 3118 2184 ejus
3147 2131 3277 2189 egre
3303 2114 3509 2180 ferens,

1895 2212 2182 2267 castellum
2213 2211 2464 2280 ejusdem
2496 2209 2688 2266 Jacobi
2720 2209 3026 2265 Condatum
3058 2211 3355 2266 obsidione
3383 2212 3510 2266 cin-

1895 2302 1994 2375 git,
2029 2303 2230 2358 auxilio
2261 2301 2499 2373 Philippi
2551 2300 2808 2356 Flandrie
2845 2301 3082 2367 comitis,
3115 2301 3350 2356 Iacobus
3381 2317 3514 2356 vero

1890 2395 1958 2448 de.
1997 2395 2112 2448 suis
2141 2391 2404 2448 diffidens
2434 2391 2664 2458 viribus,
2697 2391 2879 2446 claves
2931 2389 3143 2445 castelli
3181 2390 3388 2445 invitus
3419 2405 3517 2445 co-

1892 2482 2007 2536 miti
2039 2482 2305 2546 reddidit;
2370 2497 2558 2536 comes
2585 2495 2717 2535 vero
2747 2489 2973 2551 accepto
3011 2480 3259 2546 castello,
3292 2495 3510 2534 murum

1891 2582 1946 2635 et
1978 2575 2169 2629 turrim
2200 2573 2318 2628 solo
2349 2581 2509 2627 tenus
2539 2572 2829 2644 coequavit
2869 2571 3039 2642 (523).
3094 2571 3237 2626 Obiit
3290 2571 3506 2640 Petrus,

1894 2667 2062 2723 frater
2124 2667 2361 2738 Philippi
2416 2667 2656 2732 comitis,
2703 2666 2847 2736 apud
2903 2666 3283 2721 Hilseldunum
3339 2667 3510 2738 (42f).

1892 2757 2016 2812 Orta
2048 2758 2247 2812 iterum
2288 2757 2430 2811 inter
2474 2755 2784 2827 Philippum
2828 2755 3086 2811 comitem
3143 2763 3197 2810 et
3247 2756 3510 2812 Iacobum

1891 2850 2190 2916 simultate,
2252 2858 2376 2921 post
2402 2865 2640 2904 messem
2700 2848 2948 2920 Augusti,
2978 2857 3263 2919 assumpto
3315 2864 3508 2904 secum

1893 2943 2094 2998 comite
2125 2941 2531 3018 lIagynocenci,
2564 2941 2700 2995 duas
2729 2940 2978 3009 ejusdem
3009 2941 3200 2996 Jacobi
3240 2941 3510 2997 munitio-

1895 3050 2013 3100 nes,
2037 3033 2170 3088 sitas
2199 3033 2254 3086 in
2289 3032 2554 3088 comitatu
2589 3029 2994 3096 Virmandensi,
3037 3045 3224 3086 comes
3264 3030 3518 3086 Fiandrle

1909 3145 2032 3184 cum
2066 3144 2278 3183 summa
2313 3127 2665 3182 festinatione
2703 3125 2881 3196 cepit;
2915 3141 3142 3196 quarum
3174 3125 3344 3181 altera
3367 3125 3519 3198 (425)

175 3212 318 3282 lippi
348 3211 589 3276 comitis,
651 3225 747 3280 pro
778 3210 976 3264 Alardo
1010 3207 1352 3279 petentibus,
1394 3206 1787 3262 communicatt

1912 3221 2205 3289 destructa,
2237 3221 2467 3276 alteram
2507 3221 2649 3289 (426)
2687 3220 2793 3274 sibi
2834 3219 3080 3276 retinuit.
3131 3220 3224 3275 Sic
3242 3221 3399 3290 juxta
3423 3221 3521 3277 Sa-

177 3315 298 3354 cum
334 3298 620 3369 episcopis
651 3297 746 3369 qui
781 3297 856 3352 ibi
888 3297 1123 3352 aderant
1151 3295 1408 3364 consilio,
1445 3295 1523 3348 illi
1577 3295 1801 3365 episco-

177 3401 369 3462 patum
400 3391 556 3445 dedit
589 3389 878 3460 Philippus
907 3405 1095 3444 comes
1123 3388 1375 3443 Flandrie
1406 3395 1596 3443 contra
1632 3388 1796 3442 Jaco-

175 3479 309 3533 bum
351 3479 422 3533 de
455 3477 702 3545 Avesnis,
738 3493 836 3548 pro
868 3477 1256 3532 interfectione
1287 3476 1507 3532 Roberti
1543 3475 1800 3530 Camera-

177 3568 363 3622 censis
393 3567 578 3635 elccti,
632 3583 757 3622 cum
812 3567 1052 3622 exercitu
1094 3567 1273 3631 vadit;
1329 3565 1428 3620 sed
1485 3565 1798 3620 interventu

176 3657 399 3714 Henrici
432 3656 722 3712 Remensis
751 3655 1156 3726 archiepiscOpi
1185 3655 1468 3720 detentus,
1502 3660 1659 3725 pacto
1693 3670 1797 3724 pa-

177 3748 254 3802 cis
308 3744 492 3816 magis
516 3743 797 3815 utrimque
841 3743 1099 3798 simulato
1151 3758 1317 3814 quam
1371 3741 1699 3814 composito,
1745 3743 1798 3797 in

178 3837 488 3893 Flandriam
528 3835 710 3891 rediit.
759 3835 956 3906 Hyems
994 3833 1161 3889 nimis
1207 3833 1456 3904 pluviosa
1498 3833 1797 3889 exercitum

178 3927 460 3985 Frederici
496 3927 846 3999 imperatoris
897 3925 1279 3981 Alexandriam
1302 3924 1614 3982 ohsidentis
1635 3926 1800 3981 nimis

176 4020 411 4076 attrivit.

251 4108 413 4165 1175.
532 4106 592 4160 R.
625 4106 714 4162 23.
830 4106 1008 4161 F.40.
1126 4106 1316 4160 A.2I.
1434 4107 1492 4161 H.
1532 4107 1614 4161 I3.

249 4202 377 4269 (An.
414 4197 574 4263 1174,
605 4200 768 4268 Sept.)
801 4197 1066 4252 Henricus
1094 4213 1188 4252 rex
1213 4197 1406 4270 Anglic
1432 4205 1487 4253 et
1521 4197 1617 4252 ﬁlii
1647 4199 1788 4268 ejus,

181 4288 467 4345 mediante
525 4287 799 4342 Ludovico
865 4286 1191 4342 Francorum
1224 4303 1376 4361 rege,
1423 4286 1800 4358 paciﬁcantur.

182 4383 454 4438 Henricus
513 4381 809 4436 Hemornm
851 4379 1304 4451 archiepiscopus
1351 4383 1535 4436 natale
1583 4381 1801 4438 Domini

178 4474 328 4545 apud
360 4472 746 4545 Aquicinctum
786 4471 1112 4537 celebravit;
1146 4472 1349 4527 deinde
1381 4473 1660 4542 profectus
1711 4483 1794 4529 est

1904 3316 2182 3370 lomonem
2233 3313 2509 3388 ﬂagellato
2559 3311 2874 3383 pestilente,
2928 3312 3168 3382 quietior
3196 3311 3298 3368 fuit
3325 3313 3518 3384 patria.

1900 3407 2094 3478 Magna
2123 3405 2282 3478 panis
2309 3411 2363 3459 et
2408 3404 2522 3458 vini
2553 3403 2910 3459 abundantia.
2962 3405 3021 3457 In
3051 3403 3273 3459 civitate
3329 3403 3523 3460 Came-

1900 3513 2026 3552 raco
2055 3502 2112 3552 et
2134 3502 2314 3551 castro
2345 3494 2521 3550 sancti
2547 3493 2815 3560 Quintini,
2848 3494 2903 3547 in
2944 3494 3202 3550 Gandavo
3240 3502 3295 3549 et
3325 3495 3380 3549 in
3409 3495 3518 3550 Be-

1899 3587 2074 3654 tunia,
2098 3585 2271 3640 multe
2301 3583 2536 3639 ecclesie
2569 3589 2624 3638 et
2653 3582 2851 3637 domus
2875 3588 3004 3636 sunt
3027 3581 3275 3636 incense.
3306 3581 3523 3635 Willel-

1897 3695 2027 3734 mus
2079 3675 2422 3733 Senononsis
2477 3673 2949 3744 archiepiscopus,
3006 3671 3174 3727 frater
3238 3671 3520 3727 Elizabeth

1900 3766 2092 3842 regine
2120 3766 2472 3831 Francorum,
2500 3763 2569 3818 de
2593 3760 2905 3817 Senonensi
2937 3760 3171 3816 ecclesia
3198 3759 3256 3814 in
3279 3759 3520 3815 Remen-

1899 3875 2016 3913 sem
2057 3855 2346 3913 ecclesiam
2400 3859 2814 3909 transmutatur.
2874 3851 3019 3908 Obiit
3068 3850 3375 3906 Amalricus
3419 3866 3517 3906 rex

1899 3949 2276 4013 Jherusalem;
2307 3946 2556 4004 succedit
2585 3947 2637 4002 ei
2665 3945 2983 4012 Balduinus,
3015 3943 3164 3999 filius
3187 3943 3329 4014 ejus,
3354 3949 3518 3999 aetate

1902 4043 2180 4112 impotens
2203 4039 2609 4095 etinfirmitate.

1974 4137 2133 4193 117⁸7.
2350 4135 2440 4190 25.
2663 4133 2752 4189 42.
2967 4131 3059 4186 23.
3278 4132 3302 4185 ἰ
3318 4174 3330 4188 .

1975 4233 2126 4287 Inter
2152 4230 2504 4286 Fredericum
2531 4229 2940 4299 [imperatorem
2995 4235 3052 4281 et
3101 4225 3388 4282 Italienses
3418 4242 3520 4296 pax

1903 4339 2079 4394 usque
2111 4321 2169 4376 in
2213 4318 2657 4392 quinquennium
2685 4317 2948 4372 ﬁrmatur.
2994 4315 3278 4370 Italienses
3331 4315 3517 4385 impe-

1819 4443 1877 4513 Β
1906 4414 2069 4469 ratori
2095 4413 2305 4468 tumida
2358 4410 2752 4466 submittentes
2799 4407 2959 4473 colla,
2989 4405 3204 4477 magnis
3233 4420 3358 4458 eum
3397 4403 3513 4456 auri

1949 4512 1954 4513 ,
2189 4502 2219 4513 ..
2425 4508 2435 4513 -
2520 4507 2530 4513 _
2779 4496 2894 4513 ..
2984 4495 3108 4513 ,.,-,
3137 4493 3149 4513 κ
3214 4493 3513 4513 .__-_..-_

1908 4512 1962 4557 et
2011 4502 2222 4573 argenti
2277 4507 2539 4557 onustant
2576 4496 2918 4552 muneribus.
2981 4493 3151 4562 (Μαί.)
3213 4493 3519 4562 Imperator

180 4568 234 4667 in
269 4565 605 4667 “adria”?
659 4563 980 4667 “furiam
1037 4562 1562 4667 λίέίρρίφῖξίίίθῖ
1615 4566 1804 4667 ίδίίῖιξθ
1905 4562 2118 4667 degeris
2163 4593 2221 4646 in
2247 4592 2464 4647 civitate
2501 4589 2780 4652 Ravenna,
2823 4591 2877 4638 et
2921 4582 3231 4637 Alexander
3283 4597 3426 4652 papa
3458 4580 3516 4634 in

178 4657 427 4759 Ἰξίοοίῖυξ
459 4657 527 4711 de
557 4655 792 4759 Ανθδηίῗ
822 4657 1098 4759 δίε-ἠθτίθ
1133 4655 1356 4711 “omni
1386 4655 1802 4714 οδωθτδθθυδίδ
1904 4655 2152 4753 Venetia,
2209 4684 2510 4759 legationes
2546 4680 2852 4736 alternatim
2898 4677 2955 4731 in
3015 4691 3149 4747 pace
3182 4676 3328 4732 inter
3366 4677 3518 4749 ipsos

182 4749 368 4815 electi,
402 4749 543 4805 facto
573 4749 1176 4806 secundumJudicium
1200 4751 1352 4806 curie
1369 4750 1711 4820 juramenio,
1739 4768 1799 4807 se

184 4843 485 4896 immunem
516 4840 781 4896 ostendit.
818 4842 878 4896 In
911 4841 999 4896 die
1055 4850 1246 4897 sancto
1295 4858 1628 4912 parasceven
1679 4843 1802 4900 Phi-

183 4933 370 5004 lippus
422 4948 612 4987 comes
640 4931 918 5000 Flandrie,
962 4948 1087 4987 cum
1130 4933 1316 4989 multis
1352 4933 1475 4988 aliis
1505 4933 1559 4988 in
1596 4934 1799 4991 Jlieru-

183 5025 357 5079 salem
392 5023 762 5095 profecturus,
803 5041 1023 5081 crucem
1075 5027 1307 5098 accepit.
1366 5027 1522 5082 Estas
1553 5026 1801 5098 pluviosa

184 5127 238 5172 et
267 5116 576 5186 dampnosa
618 5133 855 5172 messem
887 5117 1116 5192 Augusti
1160 5119 1366 5174 mensis
1397 5125 1452 5174 et
1482 5128 1803 5191 autumpna-

183 5209 289 5264 lem
331 5208 672 5264 vindemiam
725 5209 1034 5280 protelavit.
1079 5210 1181 5265 Per
1203 5211 1431 5266 Galliam
1483 5219 1537 5266 et
1585 5212 1804 5266 Genna-

183 5299 330 5354 niam
379 5300 538 5370 panis
569 5299 756 5370 inopia
793 5300 1000 5356 multos
1038 5300 1252 5374 afﬂigit,
1297 5301 1409 5356 Sub
1441 5304 1541 5357 hac
1590 5312 1803 5375 tempe-

1900 4774 2247 4831 reformanda
2289 4773 2412 4843 plus
2469 4769 2590 4825 vice
2629 4765 2867 4837 simplici
2922 4765 3166 4820 mittunt.
3227 4765 3518 4838 Philippus

1900 4883 2088 4924 comes
2114 4865 2369 4921 Flandrie
2397 4863 2544 4920 circa
2574 4866 2933 4932 pentecosten
2960 4858 3382 4916 Jherosolimam
3416 4876 3519 4930 pe-

1903 4958 2003 5014 tiit.
2040 4955 2373 5019 Willelmus,
2413 4951 2568 5022 filius
2597 4948 2856 5005 marchisi
2890 4950 2962 5022 de
2991 4948 3328 5022 Montferrat,
3355 4962 3518 5022 egre-

1900 5030 2026 5104 gius
2077 5025 2317 5096 juvenis,
2361 5018 2457 5096 qui
2499 5021 2664 5076 tiliam
2715 5021 2968 5077 Amalrici
3023 5018 3516 5076 Jberosolimorum

1903 5117 2050 5190 regis
2079 5130 2307 5170 uxorem
2347 5113 2591 5168 duxerat.
2632 5126 2665 5164 a
2708 5109 3095 5166 transmarinis
3123 5105 3399 5163 militibus
3428 5120 3520 5161 ve-

1905 5225 2050 5266 neno
2076 5207 2437 5282 extinguitur.

1976 5305 2043 5355 De
2082 5298 2514 5354 reconciliatione
2551 5299 2703 5365 reg-ni
2731 5301 2784 5350 et
2802 5293 3108 5350 sacerdocii.
3170 5288 3280 5346 Hoc
3315 5286 3515 5344 eodem

1750 5432 1962 5489 NOTAE.

254 5530 403 5599 μὴ)
444 5527 712 5601 tempore
757 5530 1082 5594 autumnali,
1132 5537 1269 5585 teste
1325 5529 1631 5585 Gisleberto
1679 5548 1733 5601 p.
1785 5530 1876 5584 87.

258 5597 408 5668 {423)
451 5597 642 5653 Fusius
672 5599 775 5654 hoc
801 5608 985 5654 narrat
1011 5601 1351 5657 Gislebertus

261 5601 408 5668 (423)
451 5601 642 5653 Fusius
672 5601 775 5654 hoc
801 5608 985 5654 narrat
1011 5601 1351 5657 Gislebertus
1381 5617 1434 5670 p.
1463 5601 1549 5656 91.

261 5671 408 5736 424)
452 5669 772 5735 Issoudun,
831 5671 881 5724 in
943 5673 1170 5737 Berria,
1255 5672 1526 5727 Hobcrtus

1255 5672 1526 5727 Hobcrtus
1585 5672 1652 5727 de
1709 5673 1886 5728 Monte

1988 5527 2202 5582 Petrum
2239 5543 2269 5579 a
2309 5523 2446 5579 H77
2479 5530 2752 5578 mortuum
2786 5519 2937 5575 dicit.

2058 5597 2203 5664 (425)
2245 5596 2584 5652 Leschieres.

2067 5669 2208 5736 ($26}:
2250 5668 2433 5723 Guisc.
