3894 6070
391 264 491 323 3“
1592 252 1943 310 SIGEBERTI
1983 252 2495 309 GEMBLACENSIS.
3614 258 3730 316 312

393 408 538 449 anno
566 392 601 446 9
632 389 745 449 Kal.
778 385 1004 460 Augusti
1033 384 1177 440 facta
1205 389 1290 438 est
1311 383 1492 438 leticia
1523 398 1723 453 magna
1777 383 1832 437 in
1863 382 1997 437 uni-
2027 385 2080 459 Α
2105 388 2338 454 copiosas
2364 386 2674 451 referimus,
2696 385 2761 437 de
2784 398 2844 438 eo
2873 384 3011 452 quod
3047 384 3325 439 ecclesiam
3372 392 3425 439 et
3447 399 3545 441 nos
3582 390 3727 456 ipsos

393 484 589 541 versali
617 480 873 545 ecclesia,
904 477 1037 551 quia
1079 476 1359 533 discordia
1412 492 1523 548 que
1573 477 1718 531 inter
1768 492 1998 549 regnum
2102 482 2162 532 in
2215 473 2656 528 tribulationibus
2692 478 2745 527 et
2766 472 3222 541 persecutionibus
3267 476 3464 529 nostris
3508 490 3728 544 nequa-

391 580 447 628 et
496 569 874 626 sacerdocium
908 582 1007 638 per
1045 566 1242 641 viginti
1277 580 1453 621 annos
1483 564 1661 620 fuerat
1707 566 1999 639 exagitata,
2103 581 2271 635 quam
2298 565 2550 628 deseruit,
2581 562 2671 615 sed
2700 576 2865 630 usque
2891 564 2952 615 in
2975 563 3144 625 ﬁnem
3172 564 3459 630 magniﬁce
3496 567 3647 632 juvit
3671 570 3729 619 et

391 670 447 716 et
474 674 675 733 magno
700 657 965 714 scandalo
1003 655 1101 711 toti
1132 655 1338 711 mundo
1366 661 1502 723 erat,
1535 662 1759 710 auctore
1792 656 1902 710 Deo
1944 655 2001 708 in
2103 658 2357 724 defendit.
2390 659 2660 708 Monemus
2684 656 2865 721 itaque
2886 653 3221 707 dilectionem
3243 660 3479 708 vestram
3507 662 3557 709 et
3592 658 3726 710 hor-

393 752 497 807 hac
523 748 613 803 die
647 755 732 803 est
756 744 1061 817 pacificate.
1090 744 1258 815 (427).
1287 744 1627 799 Chrisiianus
1647 744 1797 798 enim
1824 743 2005 798 archi-
2106 758 2292 804 ια-ιηιιν
2320 750 2601 811 attentius,
2630 747 2888 814 quatinus
2926 746 3137 799 ecclesie
3161 751 3212 799 ει
3235 746 3387 801 nobis
3416 750 3479 800 έη
3504 762 3724 816 pros”-

393 841 693 911 episcOpus
722 836 1091 911 Maguntinus,
1123 836 1217 908 qui
1245 841 1301 890 et
1344 835 1729 902 cancellarius,
1772 846 1827 889 et
1856 836 2004 904 opti—
2106 844 2357 898 rizaiibus
2404 842 2813 909 σοηραιιιίεηεεδ,
2865 843 2922 894 in
2962 841 3233 896 devotione
3281 842 3425 895 beati
3470 846 3617 897 pem“
3671 850 3727 897 ει

397 938 570 989 mates
598 930 754 1004 regni
801 944 924 984 cum
966 928 1243 998 episcOpis
1293 928 1712 995 convenientes,
1754 926 2006 982 Frederi—
2106 938 2309 997 nostra,
2338 933 2479 984 sicut
2507 931 2764 983 hactenus
2815 930 3048 993 ﬁrmiter
3096 932 3424 997 perstitistis,
3471 945 3725 998 perseve-

396 1038 521 1078 cum
572 1021 957 1091 imperatorem
988 1017 1056 1071 ad
1087 1016 1351 1072 domuum
1384 1032 1582 1087 papam
1613 1016 2001 1081 Alexandrum,

398 1109 771 1166 discalciatum
810 1113 866 1162 et
904 1106 1070 1180 regiis
1100 1106 1445 1161 ornamentis
1483 1106 1771 1172 nudatum,
1824 1106 1877 1160 in
1901 1106 2007 1160 Vc-

398 1198 546 1253 netia
596 1196 654 1251 in
684 1197 805 1252 loco
832 1193 926 1266 qui
974 1194 1124 1249 Altus
1154 1193 1303 1249 rivus
1358 1201 1729 1265 nuncupatur,
1768 1194 2008 1248 adduxe-

398 1298 547 1345 runt.
581 1289 707 1360 lpse
735 1302 866 1343 vero
896 1302 1021 1342 cum
1042 1294 1193 1341 tanta
1220 1286 1550 1352 humilitate,
1583 1286 1730 1358 quod
1752 1286 1803 1341 ei
1834 1286 2011 1340 fuerat

399 1377 690 1443 indictum,
721 1376 990 1447 implevit,
1022 1382 1081 1429 ut
1111 1374 1259 1429 illius
1302 1375 1552 1430 extitisse
1581 1391 1725 1446 opus
1755 1374 1876 1429 sine
1906 1374 2011 1429 du-

401 1466 668 1522 bitatione
714 1467 993 1530 credatur,
1043 1464 1112 1518 de
1164 1478 1276 1535 quo
1324 1463 1557 1519 dicitur:
1608 1468 1706 1520 Cor
1762 1467 1900 1533 regis
1952 1467 2011 1518 in

402 1571 577 1611 manu
603 1557 728 1622 Dei;
780 1554 875 1608 ubi
894 1554 1143 1621 voluerit,
1173 1560 1440 1609 convertet
1470 1555 1623 1608 illud.
1659 1553 1803 1608 Sane
1847 1569 2010 1624 quam

403 1650 714 1704 timoratum
747 1647 881 1713 Deo,
912 1662 1078 1716 quam
1095 1645 1450 1701 obedientem
1469 1645 1702 1701 ecclesie
1735 1653 1789 1701 et
1809 1644 2013 1701 domno

2106 1023 2253 1086 retis,
2276 1026 2326 1073 et
2350 1033 2545 1087 regem,
2574 1024 2635 1071 ut
2684 1020 2743 1071 in
2772 1017 2951 1072 eodem
2978 1032 3105 1072 cum
3140 1032 3304 1085 regno
3324 1032 3421 1072 suc
3444 1020 3724 1086 persistat,

2106 1108 2643 1176 monerepropensius
2671 1112 2725 1160 et
2749 1106 3001 1160 inducere
3017 1106 3297 1160 studeatis.
3330 1106 3473 1160 Data
3518 1110 3731 1162 Venetia

2109 1201 2166 1251 in
2193 1200 2319 1251 Rivc
2341 1197 2469 1260 alto,
2500 1195 2537 1249 6
2565 1195 2677 1248 Kal.
2708 1195 2949 1263 Augusti
2974 1191 3147 1264 (4'28).

2180 1289 2334 1344 Nono
2372 1287 2482 1341 Kal.
2539 1286 2786 1360 Augusti,
2842 1285 2932 1340 die
2976 1285 3280 1353 dominica,
3326 1286 3449 1358 ipso
3478 1288 3570 1343 die
3609 1302 3728 1359 quo

2113 1396 2213 1452 pax
2244 1379 2390 1433 inter
2418 1378 2805 1450 imperatorem
2837 1384 2893 1433 et
2939 1393 3136 1449 papam
3167 1377 3307 1433 facta
3330 1386 3433 1445 est,
3465 1379 3731 1435 dedicata

2113 1482 2195 1529 est
2216 1471 2607 1527 Marcianensis
2635 1469 2894 1537 ecclesia,
2925 1470 2980 1525 in
3008 1471 3220 1527 honore
3257 1477 3571 1527 sanctorum
3588 1488 3732 1543 apo-

2113 1567 2376 1622 stolorum
2411 1564 2556 1619 Petri
2595 1572 2651 1619 et
2679 1562 2853 1631 Pauli,
2883 1579 2915 1618 a
2955 1563 3230 1618 Willelmo
3260 1564 3518 1619 Remensi
3545 1565 3737 1620 archi-

2114 1654 2399 1726 episcopo,
2433 1652 2733 1724 apostolice
2762 1650 2912 1706 sedis
2942 1651 3146 1723 legato,
3178 1657 3233 1706 et
3261 1650 3476 1707 duobus
3500 1652 3725 1723 episco-

403 1754 544 1811 pape
570 1754 630 1794 se
656 1738 928 1794 curaverit
952 1738 1236 1805 exhibere,
1268 1738 1508 1793 lacrimis
1531 1737 1703 1808 pedes
1729 1738 1849 1806 ejus
1879 1737 2013 1792 deo-
2042 1723 2091 1791 Β
2117 1723 2200 1815 ρίε
2254 1723 2429 1814 ipsius
2470 1723 2849 1817 suﬁ‘raganeis,
2892 1741 3182 1797 Frumaldo
3227 1742 3442 1800 scilicet
3495 1744 3729 1799 Atreba—

405 1830 673 1886 sculando
714 1836 767 1885 ct
794 1828 963 1903 regiis
992 1828 1314 1883 muneribus
1346 1826 1668 1883 honorando
1720 1825 2013 1898 magniﬁce

407 1918 822 1975 demonstravit.
878 1917 1144 1990 Sequenti
1175 1932 1306 1972 vero
1334 1917 1447 1983 die,
1480 1917 1533 1971 in
1576 1915 1868 1973 festivitate
1905 1917 2013 1972 sci-

407 2010 535 2065 licet
560 2010 734 2066 sancti
762 2008 953 2064 Jacobi
996 2007 1230 2079 apostoli
1281 2008 1411 2079 (Jul.
1463 2007 1576 2075 25),
1608 2007 1848 2063 domnus
1875 2023 2017 2077 papa

407 2118 533 2158 cum
561 2101 936 2157 cardinalibus
980 2101 1097 2155 suis
1127 2107 1183 2155 et
1211 2099 1492 2171 episcOpis
1535 2100 1760 2155 missam
1790 2099 2017 2155 sollem—

406 2188 587 2260 pniter
612 2185 936 2254 celebravit,
967 2197 1023 2243 et
1050 2188 1359 2259 predictum
1399 2188 1789 2259 imperatorem
1837 2204 1868 2242 a
1895 2188 2014 2242 vin-

404 2280 528 2335 culo
563 2280 931 2336 anathematis
973 2279 1312 2346 absolutum,
1371 2294 1603 2352 corpore
1660 2289 1715 2335 et
1743 2279 2015 2351 sanguine

405 2371 615 2428 domini
645 2372 821 2429 nostri
866 2372 997 2428 Jesu
1027 2370 1244 2439 Christi,
1282 2371 1341 2427 in
1369 2370 1791 2429 confirmatione
1839 2370 2021 2426 unita-

406 2464 477 2519 tis
501 2472 558 2519 et
584 2463 739 2535 pacis
773 2464 1220 2521 communicavit.
1276 2463 1407 2520 Tota
1444 2465 1639 2520 civitas
1700 2464 1919 2529 letatur,
1969 2470 2023 2518 et

408 2554 798 2628 imperatorem
828 2555 1155 2611 muneribus
1203 2558 1505 2624 honorans,
1536 2556 1823 2613 conviviis
1846 2562 2021 2611 vacat.

410 2650 721 2707 Alexander
748 2665 911 2722 papa,
943 2650 1013 2705 de
1043 2666 1180 2721 pace
1203 2658 1427 2722 recepta
1454 2652 1594 2707 etde
1618 2652 1829 2708 honore
1857 2668 1890 2705 a
1914 2651 2025 2705 Deo

408 2742 517 2798 sibi
546 2741 770 2810 collato,
801 2741 1076 2816 gaudens,
1105 2737 1367 2811 epistolas
1395 2742 1464 2797 ad
1491 2757 1687 2797 omnes
1730 2743 2027 2813 episcOpos

411 2834 707 2889 Galliarum
755 2832 966 2906 dirigit,
1019 2832 1370 2888 continentes
1422 2833 1623 2888 seriem
1684 2833 2021 2902 hujusmodi.

395 2924 657 2997 ,Epistola
686 2925 979 2981 Alexandri
1002 2939 1171 2995 pape:
1226 2926 1529 2980 Alexander
1576 2929 1868 2996 episcopus,
1914 2942 2027 2981 ser-

409 3033 509 3072 vus
536 3030 812 3074 morum
861 3020 972 3079 Dei,
1022 3018 1413 3073 uenerabilibus
1459 3020 1726 3085 fratribus
1778 3020 2028 3075 Willelmc

412 3111 659 3164 Remensi
710 3110 1117 3179 archiegiscopc,
1154 3137 1171 3143 -
1200 3112 1479 3179 apostolico
1536 3112 1671 3166 sedis
1722 3114 1913 3181 legato,
1975 3119 2026 3167 et

411 3202 772 3270 suﬂ'raganeis
801 3203 939 3269 ejus,
989 3208 1042 3256 et
1090 3202 1294 3257 dilectis
1330 3203 1459 3267 ﬁliis
1511 3203 1793 3259 abbatibus
1830 3208 1893 3258 in
1920 3209 2024 3260 Re-

411 3291 587 3345 mensi
607 3291 885 3357 prcvincia
934 3293 1259 3357 constitutis,
1305 3292 1538 3345 salutem
1587 3298 1640 3346 et
1686 3293 2029 3361 apostolicam

414 3380 851 3436 benedictionem.
875 3385 1010 3435 Cum
1027 3397 1127 3451 per
1153 3382 1448 3448 auxilium,
1477 3386 1774 3452 potentiam
1797 3388 1851 3437 et
1875 3386 2029 3451 [avo-

412 3488 528 3529 rem
554 3473 828 3528 karissimi
854 3476 914 3527 in
943 3474 1149 3529 Christo
1174 3475 1279 3540 ﬁlii
1305 3478 1477 3530 nostri
1507 3476 1754 3532 Ludovici
1798 3477 2025 3530 illustris

412 3566 747 3617 Francorum
773 3563 912 3629 regis
949 3567 1002 3615 et
1048 3565 1204 3630 regni
1237 3567 1344 3629 sui,
1398 3571 1738 3620 sacrosancte
1792 3568 2028 3620 Romane

410 3654 624 3710 ecclesie
650 3668 717 3708 ac
743 3654 904 3709 nobis
923 3668 1361 3724 reccgncscamus
1389 3657 1625 3725 gloriosa
1654 3663 1706 3712 et
1731 3659 2027 3727 magniﬁca

409 3746 670 3811 beneﬁcia
690 3747 1006 3814 provenisse,
1049 3746 1279 3815 dignum
1305 3754 1381 3802 est
1410 3754 1458 3802 et
1483 3756 1905 3805 consentaneum
1934 3766 2028 3803 ra-

2118 1837 2260 1892 tensi
2300 1843 2355 1891 et
2389 1835 2660 1890 Everardo
2714 1833 3071 1891 Tornacensi.
3132 1834 3286 1889 Estas
3338 1835 3570 1891 nimium
3622 1835 3734 1891 fuit

2116 1928 2261 1984 sicca
2287 1936 2341 1983 et
2367 1929 2562 1983 calida.
2596 1927 2787 1982 Messis
2812 1926 3025 1982 triticea
3078 1926 3329 1997 provenit
3358 1927 3583 1983 uberior
3630 1944 3733 1984 so-

2119 2025 2233 2079 lito.
2276 2023 2400 2078 Post
2438 2019 2603 2076 linem
2656 2020 2865 2075 mensis
2903 2021 3151 2093 Augusti,
3198 2027 3533 2093 autumpnus
3562 2022 3737 2078 nimis

2120 2119 2297 2175 extitit
2350 2116 2625 2188 pluvialis.
2679 2115 2968 2172 Vindemia
3018 2116 3183 2171 etiam
3244 2115 3419 2187 ipsius
3469 2118 3753 2187 temporis

2120 2210 2307 2267 multis
2353 2211 2409 2264 in
2440 2210 2577 2264 locis
2622 2215 2881 2280 corrupta
2937 2214 3037 2263 est.
3071 2208 3202 2263 Nam
3230 2208 3465 2280 quadam
3511 2209 3745 2264 matuti-

2119 2300 2230 2355 nali
2258 2298 2461 2355 nebula
2488 2312 2594 2352 uve
2624 2303 2877 2352 contacta
2916 2306 3081 2367 atque
3111 2296 3187 2350 ita
3244 2296 3547 2368 putrefacto
3584 2306 3740 2365 sunt,

2122 2396 2181 2445 ut
2205 2390 2391 2444 vinum
2422 2403 2490 2442 ex
2520 2386 2603 2441 eis
2660 2401 2979 2457 expressum
3019 2401 3272 2460 magnam
3302 2386 3626 2442 bibentibus
3655 2393 3745 2442 at-

2126 2479 2311 2533 tulerit
2339 2474 2871 2532 incommoditatem.
2904 2473 3059 2528 Multi
3092 2474 3258 2530 etiam
3310 2474 3366 2529 in
3407 2476 3507 2531 hac
3551 2484 3745 2530 nostra

2127 2568 2354 2639 regione
2386 2565 2621 2621 diversis
2652 2564 2909 2620 laborant
2938 2563 3201 2632 febribus,
3229 2564 3387 2620 multi
3410 2571 3465 2619 et
3480 2564 3744 2620 moriun-

2126 2667 2230 2715 tur.
2269 2659 2575 2714 Ludovicus
2615 2673 2709 2711 rex
2761 2656 3092 2713 Francorum
3130 2666 3188 2711 et
3237 2656 3503 2711 Henricus
3552 2656 3747 2711 senior

2128 2769 2221 2807 rex
2270 2752 2566 2827 Anglorum
2618 2749 2911 2825 magniﬁce
2974 2751 3401 2807 confederantur
3474 2750 3747 2806 Henricus

2126 2858 2313 2898 comes
2357 2842 2673 2904 Trecarum,
2721 2856 2848 2895 cum
2900 2841 3087 2895 multis
3137 2840 3261 2895 aliis
3290 2841 3346 2894 in
3389 2840 3742 2897 Jhcrusalem

2126 2930 2498 3002 profecturus,
2531 2944 2751 2985 crucem
2783 2929 3007 3001 accipit.
3039 2929 3331 3002 Philippus
3368 2945 3556 2986 comes
3582 2930 3745 2986 Flau-

2126 3019 2246 3075 drie
2271 3036 2303 3075 a
2332 3018 2714 3075 transmarinis
2763 3018 3111 3090 principibus
3161 3033 3258 3074 seu
3300 3018 3567 3074 militibus
3612 3035 3740 3074 cum

2128 3123 2329 3185 magno
2360 3109 2570 3163 honore
2612 3106 2934 3177 suscipitur.
2981 3106 3176 3162 Paucis
3202 3114 3409 3173 autem,
3450 3114 3746 3179 postquam

2130 3198 2260 3252 illuc
2286 3204 2534 3263 venerat,
2576 3194 2811 3252 evolutis
2840 3195 3059 3258 diebus,
3090 3194 3236 3251 inter
3274 3195 3453 3266 ipsum
3491 3204 3547 3251 et
3588 3196 3749 3251 Tem-

2129 3288 2333 3360 plarios
2360 3304 2460 3359 pro
2483 3287 2815 3359 quibusdam
2841 3288 3000 3361 regni
3031 3286 3277 3362 negociis
3295 3293 3415 3342 orta
3438 3286 3745 3352 simultate,

2131 3380 2400 3435 Palestina
2457 3378 2645 3435 relicta
2680 3422 2695 3446 ,
2753 3378 3095 3434 Antiochiam
3154 3379 3349 3450 Syrie,
3402 3396 3433 3433 a
3488 3380 3747 3451 principe

2129 3472 2303 3543 ipsius
2331 3471 2570 3526 civitatis
2598 3470 2879 3537 invitatus,
2922 3469 3308 3541 proficiscitur.
3342 3469 3560 3526 Initium
3593 3470 3741 3541 hye-

2129 3565 2233 3619 mis
2265 3562 2651 3635 frequentibus
2692 3561 2894 3632 pluviis
2937 3570 2992 3618 et
3043 3568 3333 3620 ventorum
3384 3562 3574 3618 ﬂabris
3601 3563 3741 3620 satis

2126 3656 2442 3711 molestum.

2199 3747 2461 3816 Princeps
2492 3746 2906 3801 Anthiochenus
2938 3753 2991 3800 et
3018 3745 3304 3817 Philippus
3328 3760 3520 3801 comes
3571 3744 3739 3798 Flau-

414 3834 568 3899 ticni,
601 3838 665 3887 ut
692 3833 774 3886 illi
800 3839 851 3886 et
880 3834 1042 3900 vobis,
1074 3849 1305 3902 quorum
1340 3838 1550 3891 auxilio
1572 3844 1820 3907 potenter
1837 3855 2028 3894 sumus
2128 3841 2264 3900 drie.
2294 3846 2629 3913 congregato
2656 3840 3046 3912 undecumque
3089 3840 3332 3895 exercitu
3362 3839 3611 3910 copioso,
3643 3854 3745 3893 ca-

413 3924 475 3975 in
531 3920 933 3975 necessitatibus
974 3925 1169 3976 nostris
1217 3924 1414 3992 adjuti,
1458 3940 1727 3995 prosperos
1765 3934 1816 3981 et
1844 3930 2021 3994 felices
2128 3932 2341 3986 stellum
2394 3931 2621 3993 Harenc.
2702 3930 3084 3987 christianitati
3158 3931 3539 4002 superioribus
3583 3929 3751 3985 annis

412 4015 536 4082 paci
560 4026 831 4067 successus
857 4014 1259 4080 signiﬁcemus;
1314 4017 1625 4073 indubitata
1678 4023 1903 4075 veritate
1944 4029 2024 4076 te-
2126 4020 2396 4075 violenter
2423 4026 2694 4091 ereptum,
2727 4020 2875 4075 omni
2898 4034 2963 4074 ex
2984 4026 3138 4090 parte
3164 4018 3444 4075 obsident.
3468 4019 3584 4084 Quo
3609 4033 3753 4073 nun-

414 4111 620 4171 nentes,
647 4104 784 4172 quod
823 4111 939 4173 post
989 4109 1156 4161 Deum
1182 4107 1321 4161 idem
1372 4123 1470 4162 rea:
1495 4112 1660 4165 simul
1688 4128 1813 4166 cum
1864 4129 2025 4183 regno

413 4210 509 4252 suo
537 4200 843 4264 cooperatus
886 4202 961 4250 est
990 4197 1179 4252 honori
1212 4204 1264 4253 et
1309 4201 1633 4256 exaltationi
1653 4209 1840 4258 sancte
1863 4207 2023 4259 eccle-

411 4288 506 4354 sie,
531 4292 580 4342 et
599 4289 649 4342 ei
666 4302 930 4356 ntagnum
947 4289 1176 4344 contulit
1188 4293 1599 4348 incrementum.
1623 4296 1767 4358 Quod
1785 4298 2027 4366 Quidem,

412 4378 554 4430 sicut
576 4374 731 4431 verbo
757 4379 1198 4446 recognoscimus,
1228 4382 1307 4433 ita
1330 4395 1483 4450 opere
1509 4390 1561 4437 et
1585 4398 1832 4440 sermone
1877 4390 2029 4441 omni

415 4477 664 4541 tempore,
713 4477 931 4528 auctore
959 4477 1076 4541 Deo,
1109 4448 1556 4544 recognoscimus.
1589 4483 1782 4535 Notum
1812 4483 1882 4535 sit
1923 4496 2026 4535 au-
2055 4448 2111 4517 ί)

416 4571 522 4618 tem
547 4565 899 4620 sollicitudini
948 4572 1135 4634 vestro,
1188 4570 1327 4637 quod
1369 4571 1687 4626 karissimus
1718 4574 1778 4626 in
1826 4575 2031 4629 Christo

415 4657 561 4719 ﬁlius
606 4663 784 4712 noster
811 4660 1137 4714 Fredericus.
1169 4662 1396 4716 illustris
1451 4666 1813 4719 Romanorum
1860 4669 2035 4735 impe-

416 4748 586 4808 rator,
608 4758 705 4811 per
749 4748 1157 4814 inspirationem
1192 4751 1372 4805 divine
1407 4755 1581 4819 gratio
1615 4753 1846 4822 deposito
1872 4758 2033 4809 vani-

420 4835 548 4887 tatis
570 4848 767 4901 errcre,
807 4838 877 4890 ad
904 4840 1051 4892 viam
1075 4844 1318 4897 veritatis
1346 4857 1649 4909 conversus,
1690 4845 1760 4898 ad
1786 4845 2032 4901 obedien-

422 4932 557 4979 tiam
578 4926 792 4981 ecclesie
815 4933 869 4981 et
890 4935 1134 4984 nostram
1158 4940 1462 4989 reverenter
1474 4941 1527 4989 et
1551 4936 1748 5003 devote,
1770 4939 1914 4992 sicut
1942 4939 2038 4994 de-

418 5017 553 5082 cuit,
576 5014 754 5081 rediit,
786 5020 839 5069 et
875 5017 1027 5070 illam
1052 5019 1201 5075 beato
1230 5026 1382 5078 Petro
1411 5026 1471 5077 in
1499 5025 1650 5079 nobis
1676 5031 2037 5095 reverentiam

419 5114 472 5163 et
496 5108 817 5163 devotionem
841 5108 1103 5175 exhibuit,
1133 5127 1299 5180 quam
1325 5121 1676 5173 antecessores
1705 5122 1821 5189 ejus
1841 5124 2034 5176 nostris

419 5205 810 5256 consueverunt
832 5204 1251 5258 antecessoribus
1298 5207 1560 5274 exhibere,
1592 5215 1645 5263 et
1666 5223 1722 5263 se
1756 5210 1821 5264 de
1865 5218 2034 5267 cetero

418 5289 791 5344 exhibiturum
823 5291 1093 5358 promisit.
1122 5289 1297 5361 Super
1321 5309 1423 5363 quo
1456 5298 1640 5364 utique
1660 5297 1847 5354 laudes
1866 5301 2032 5353 Altis-

417 5380 550 5434 simc
579 5383 811 5449 agimus,
843 5387 896 5435 et
945 5388 1325 5451 consequenter
1373 5388 1488 5453 regi
1512 5393 1564 5441 et
1614 5402 1777 5457 regno
1826 5392 2032 5457 gratias

2124 4113 2223 4169 ciis
2248 4112 2703 4167 intervolantibus
2739 4120 3043 4183 comperto,
3076 4112 3439 4166 Salahadinus
3470 4110 3736 4183 princeps

2131 4204 2398 4270 Damasci,
2446 4211 2647 4275 putans
2703 4204 2853 4259 omni
2919 4204 3156 4259 militum
3215 4204 3412 4260 solatio
3446 4202 3747 4259 lherosoli-

2130 4311 2342 4353 morum
2370 4296 2645 4351 civitatem
2684 4295 3022 4358 destitutam.
3066 4297 3415 4371 congregatis
3442 4295 3744 4352 Turcorum

2132 4407 2229 4447 seu
2265 4391 2691 4446 Sarracenorum
2724 4390 3045 4445 admiraldis
3074 4408 3106 4445 a
3146 4392 3429 4456 Damasco,
3463 4390 3741 4448 civitatem

2133 4481 2485 4543 lherusalem,
2518 4488 2684 4551 prout
2727 4481 2973 4552 superbo
3012 4481 3287 4556 cOgitabat
3311 4482 3518 4548 animo,
3548 4489 3747 4553 captu-

2133 4590 2243 4635 rus,
2276 4581 2331 4628 et
2358 4580 2524 4629 totam
2555 4572 2841 4629 deleturus
2870 4574 3352 4641 christianitatem,
3382 4574 3749 4644 adjunctase-

2132 4679 2253 4719 cum
2295 4662 2704 4734 sagittariorum
2744 4673 2800 4718 et
2852 4663 3177 4719 rusticorum
3239 4664 3530 4719 innumera
3566 4664 3747 4730 turba,

2133 4755 2327 4810 Gazam
2387 4755 2658 4826 pervenit.
2713 4755 2845 4809 Exin
2894 4754 3375 4811 lherosolimorum
3432 4756 3538 4811 iter
3604 4756 3752 4810 arri-

2143 4848 2319 4919 piens,
2353 4862 2535 4918 regem
2570 4847 2745 4917 ipsius
2784 4848 3042 4912 civitatis,
3071 4854 3126 4904 et
3153 4848 3495 4921 Templarios
3546 4848 3753 4905 milites

2141 4953 2265 4992 cum
2311 4952 2473 4992 cruce
2504 4937 2802 5005 dominica,
2832 4953 3110 5010 parvoque
3139 4948 3379 4995 armatos
3408 4939 3605 5005 milite,
3650 4940 3754 4995 sed

2141 5027 2251 5084 ﬁde
2282 5026 2481 5083 Christi
2508 5027 2801 5094 animatos,
2855 5028 3049 5084 obvios
3076 5028 3311 5099 excepit.
3367 5029 3404 5083 A
3435 5028 3641 5100 quibus
3668 5029 3752 5083 vi-

2134 5127 2274 5185 ctus,
2326 5118 2591 5174 confusus
2640 5127 2696 5174 et
2746 5118 3083 5187 confutatus,
3130 5119 3392 5176 omnibus
3444 5136 3587 5191 pene
3633 5122 3751 5177 suis

2133 5207 2318 5283 gladio
2369 5223 2471 5262 seu
2501 5207 2750 5273 ﬂumine,
2805 5209 2897 5281 qui
2954 5208 3328 5275 interﬂuebat,
3381 5214 3749 5283 consumptis,

2134 5304 2279 5354 totus
2307 5298 2647 5371 sanguineus
2675 5313 2897 5355 suorum
2929 5299 3167 5355 militum
3198 5301 3357 5363 cede,
3390 5300 3445 5355 in
3485 5301 3751 5359 Damasco

2135 5389 2443 5462 sanguinea
2483 5390 2811 5465 regreditur.
2845 5392 3037 5447 Actum
3065 5399 3148 5447 est
3189 5392 3296 5448 hoc
3349 5409 3379 5448 a
3432 5393 3757 5450 christianis

1980 5510 2186 5565 NOTlE.

783 5599 923 5677 Men.
960 5601 1130 5677 Legg.
1158 5601 1230 5677 1_l,
1262 5604 1353 5657 151
1384 5619 1507 5676 sqq.

490 5668 634 5736 (428)
677 5670 797 5726 Haec
825 5668 1294 5743 epistola'iisdem
1328 5668 1552 5746 prorsus
1574 5678 1756 5733 verbis
1780 5680 1980 5753 legitur

2082 5610 2244 5665 etiam
2277 5612 2329 5666 in
2363 5613 2553 5739 οοὲἰὸἕθ
2597 5629 2643 5667 s.
2686 5629 2759 5667 xu
2810 5610 3233 5678 Marchianensi,
3265 5614 3376 5684 jam
3436 5614 3582 5669 inter
3614 5614 3747 5669 Dua-

2090 5698 2285 5737 censes
2331 5701 2382 5737 n.
2534 5727 2543 5738 .

2090 5698 2285 5737 censes
2331 5701 2382 5737 Il.
2417 5698 2543 5738 ὄυῖ.
