3894 6070
287 261 403 321 313

1237 263 1582 322 CHRONICA.
1626 300 1696 309 —
1735 271 2174 332 CONTINUATIO
2213 277 2694 343 AQUICINCTINA.

3427 275 3437 284 ’
3519 285 3620 343 314

283 391 642 448 victoriosum
672 390 880 446 bellum
911 389 1051 447 feria
1068 393 1124 458 6,
1157 399 1286 448 ante
1304 394 1488 451 natale
1517 396 1664 453 beati
1691 399 1910 456 Andree
1933 408 1990 478 Α
2013 402 2188 460 tribus
2211 402 2633 476 comparabatur
2675 405 2938 475 denariis,
2972 422 3120 464 nunc
3149 409 3326 465 tribus
3354 411 3624 468 vendere-

289 479 550 552 apostoli,
583 479 840 550 Philippo
875 479 1096 547 comite,
1137 491 1192 536 et
1231 482 1483 554 principe
1529 485 1916 550 Anthiocheno

285 584 412 624 cum
441 567 559 624 suis
581 567 918 622 exercitibus
955 568 1012 622 in
1041 568 1335 625 obsidione
1371 571 1580 629 Harenc
1613 575 1916 634 laboranti-

287 664 414 718 bus.
475 662 658 718 Pridie
708 661 820 716 Kal.
871 663 1210 732 Decembris,
1268 664 1324 720 in
1383 677 1546 723 nocte
1605 669 1916 731 festivitatis

286 756 438 812 beati
467 757 692 812 Andree
731 757 988 828 apostoli,
1025 768 1222 814 ventus
1253 761 1556 817 vehemens
1589 763 1658 818 ab
1718 763 1916 822 Aﬂ'rico

287 853 542 918 veniens,
597 853 786 908 multis
837 853 893 907 in
937 853 1075 910 locis
1128 855 1468 926 dampnosus
1515 860 1738 916 exstitit.
1771 861 1921 917 Obiit

287 941 522 998 Alardus
548 942 965 1000 Cameracensis
1013 946 1310 1017 episcopus
1354 949 1522 1018 (420),
1565 957 1618 1005 et
1668 950 1920 1008 Valcellis

289 1031 583 1101 sepelitur.
628 1031 832 1088 Electio
862 1032 1134 1105 episcOpi,
1166 1033 1304 1090 facta
1333 1035 1401 1089 ad
1435 1037 1798 1106 apostolicam
1830 1056 1922 1094 se-

288 1121 420 1176 dem
444 1121 844 1193 appellatione,
868 1122 925 1178 in
948 1131 1276 1196 sequentem
1308 1141 1513 1182 annum
1541 1126 1810 1183 differtur.

369 1213 536 1268 H78.
649 1213 712 1268 Β.
755 1214 844 1268 26.
961 1215 1148 1270 R43.
1261 1217 1455 1272 A.24.
1574 1219 1732 1275 H.2.

363 1301 518 1358 Circa
549 1300 716 1358 ﬁnem
757 1303 1000 1358 Januarii
1051 1305 1279 1373 mensis,
1324 1322 1447 1362 cum
1475 1308 1604 1382 gelu
1645 1315 1698 1364 et
1729 1311 1822 1366 nix
1852 1311 1920 1365 li-

289 1399 620 1466 quarentur,
645 1393 936 1450 inundatio
969 1394 1256 1451 ﬂuminum
1285 1413 1382 1468 per
1404 1406 1546 1454 totas
1570 1399 1771 1456 Gallias
1799 1403 1924 1458 talis

288 1481 496 1552 erupit,
538 1497 650 1553 que
681 1483 892 1538 sclusas
917 1484 1249 1541 vivariorum
1285 1494 1341 1543 et
1369 1496 1674 1546 structuras
1705 1491 1920 1548 molen-

291 1576 551 1632 dinorum
584 1575 780 1646 rapido
837 1577 1050 1650 impetu
1089 1595 1277 1635 secum
1318 1581 1504 1651 ferret,
1547 1585 1744 1642 domos
1771 1603 1923 1642 ever-

291 1674 460 1732 teret,
511 1667 716 1723 multos
744 1667 908 1724 etiam
943 1676 1188 1726 necaret.
1230 1670 1477 1744 Rogerus
1508 1672 1923 1734 Cameracensis

290 1757 737 1824 archidiaconus,
792 1758 938 1814 dono
970 1759 1037 1813 ab
1097 1727 1432 1832 imperatore
1474 1763 1770 1821 Frederico
1820 1783 1920 1822 ac-
1946 1727 1999 1796 Β

291 1853 480 1916 cepto,
511 1845 688 1916 ipsius
717 1845 871 1900 urbis
900 1846 1140 1902 donatur
1171 1847 1481 1920 episcOpio.
1517 1851 1762 1923 Eclypsis
1793 1852 1926 1910 lune

291 1932 441 1988 facta
472 1941 560 1988 est
579 1934 632 1988 3.
658 1933 842 1989 Nonas
881 1933 1088 2001 Marcii,
1121 1935 1213 1989 die
1271 1935 1574 2006 dominica,
1607 1940 1784 2010 prima
1825 1957 1928 1998 no-

291 2022 401 2078 ctis
433 2022 568 2078 hora
588 2023 876 2094 sequentis
903 2024 1152 2079 secunde
1183 2024 1339 2080 ferie.
1378 2025 1583 2082 Eodem
1626 2028 1719 2084 die
1747 2029 1929 2105 Rege.

293 2129 414 2184 rus,
437 2112 824 2169 Laudunensis
847 2115 1168 2186 episcopus,
1190 2131 1314 2170 cum
1347 2133 1620 2192 pagenses
1651 2120 1922 2192 episcopii

291 2203 380 2259 sui
413 2220 444 2258 a
469 2204 886 2272 communione,
921 2206 1067 2262 inter
1095 2222 1155 2261 se
1197 2223 1427 2264 assensu
1459 2210 1724 2266 Ludovici
1777 2213 1927 2287 regis

293 2307 586 2364 perperam
619 2293 823 2362 jurata,
887 2295 1117 2351 minime
1166 2299 1452 2354 retrahere
1512 2311 1723 2371 posset,
1781 2303 1925 2359 malo

290 2393 526 2456 accepto
557 2385 813 2452 consilio,
840 2386 1076 2442 militum
1114 2389 1325 2444 auxilia
1361 2391 1750 2464 undecumque
1790 2410 1928 2450 con-

292 2473 542 2538 trahens,
572 2473 624 2526 2.
687 2473 826 2529 Non.
858 2473 1068 2540 Marcii,
1109 2475 1164 2530 in
1197 2476 1396 2532 diebus
1451 2479 1661 2535 scilicet
1691 2482 1928 2552 quadra-

293 2559 535 2634 gesime,
581 2575 678 2615 eos
709 2576 1002 2635 aggressus
1053 2570 1158 2618 est.
1192 2563 1294 2619 Ubi
1339 2565 1562 2636 quidam
1622 2568 1947 2637 interfecti,

299 2650 460 2706 multi
491 2651 658 2706 etiam
693 2653 858 2722 capti,
895 2653 1118 2726 quidam
1149 2665 1332 2710 autem
1364 2671 1577 2723 eorum,
1609 2659 1737 2714 dum
1763 2660 1924 2734 fuge-

295 2749 442 2810 rent,
477 2744 533 2798 in
575 2744 816 2815 quodam
848 2745 1075 2802 ﬂumine
1105 2748 1283 2803 necati
1333 2759 1462 2804 sunt
1491 2749 1664 2819 (430).
1724 2751 1928 2826 Philip-

294 2853 403 2908 pus
430 2853 621 2894 comes
667 2838 726 2892 in
749 2839 1044 2897 obsidione
1100 2841 1313 2898 Harenc
1361 2859 1554 2914 parum
1609 2844 1926 2915 proficiens,

295 2928 643 3000 procinctum
683 2930 906 2986 solvens
934 2931 1080 2988 circa
1106 2933 1253 2989 diem
1286 2935 1624 3006 paschalem,
1659 2937 1732 2993 ob
1759 2939 1928 2996 visio-

298 3035 435 3076 nem
484 3020 624 3075 sacri
684 3020 832 3096 ignis
874 3023 1250 3080 lherosolimis
1297 3027 1580 3082 remeavit.
1649 3028 1928 3086 Celebrata

293 3127 433 3184 ergo
482 3111 690 3168 ibidem
723 3115 969 3184 paschali
1001 3115 1438 3187 sollempnitate,
1473 3119 1686 3174 marina
1722 3121 1925 3177 timens

295 3199 645 3266 discrimina,
689 3217 784 3272 per
813 3203 1152 3274 Hesperiam,
1175 3203 1460 3261 Trachiam
1489 3214 1546 3263 et
1577 3207 1926 3265 Pannoniam

296 3307 399 3348 seu
439 3291 755 3360 Saxoniam,
788 3293 950 3348 rediit
973 3294 1042 3349 ad
1073 3296 1317 3367 propria.
1353 3297 1506 3352 Estas
1531 3299 1677 3354 sicca
1699 3316 1804 3355 nec
1839 3301 1926 3355 ni-

299 3380 410 3436 mis
459 3381 638 3436 calida
677 3397 853 3454 usque
902 3384 971 3438 ad
1025 3386 1076 3439 5.
1131 3385 1270 3440 Non.
1310 3386 1440 3441 Julii
1473 3388 1671 3443 extitit.
1715 3389 1929 3445 Abhinc

299 3469 490 3540 pluvie
529 3477 906 3540 erumpentes,
940 3488 1116 3544 usque
1173 3472 1228 3528 in
1263 3473 1397 3544 ipsis
1435 3475 1696 3530 Kalendis
1715 3477 1927 3532 Janua-

308 3561 376 3616 rii
407 3561 662 3617 homines
687 3560 1022 3619 afﬂixerunt.
1054 3563 1184 3620 Nam
1233 3565 1421 3621 fenum
1448 3581 1657 3633 secare,
1691 3567 1929 3624 triticum

305 3659 544 3719 metere,
567 3653 758 3708 vinum
783 3653 1074 3730 colligere,
1097 3671 1288 3710 semen
1302 3656 1488 3725 jacere
1509 3657 1594 3712 vix
1617 3667 1932 3728 potuerunt,

306 3742 562 3814 Eclypsis
615 3743 750 3798 solis
779 3743 922 3800 facta
968 3753 1052 3802 est
1082 3746 1271 3802 Idibus
1300 3747 1664 3818 Septembris,
1719 3757 1848 3805 ante
1901 3750 1936 3805 6

305 3832 527 3887 horam.
567 3832 874 3888 Alexander
925 3850 1068 3905 papa
1105 3833 1480 3891 subdiacones
1525 3838 1836 3894 cardinales
1865 3839 1935 3894 ad

305 3923 758 3980 submonendum
821 3925 1140 3991 concilium,
1202 3926 1258 3980 in
1317 3929 1746 4003 quadragesima
1803 3931 1933 3986 anni

308 4015 603 4086 sequentis
637 4015 1030 4072 celebrandum
1066 4035 1165 4088 per
1211 4025 1382 4073 totum
1424 4037 1567 4092 pene
1593 4021 1935 4078 christianis-

303 4119 459 4158 mum
487 4103 695 4178 dirigit.
726 4104 1015 4176 Philippus
1049 4122 1234 4162 comes
1275 4107 1490 4164 Octobri
1521 4125 1712 4166 mense
1745 4127 1934 4168 rever-

301 4214 424 4270 sus,
463 4215 495 4253 a
525 4199 641 4255 suis
695 4200 1124 4256 Flandrensibus
1170 4201 1548 4258 favorabiliter
1597 4213 1682 4260 est
1734 4221 1932 4263 susce-

306 4297 461 4361 ptus,
501 4290 648 4346 inter
677 4307 816 4363 quos
865 4292 1178 4368 Brugenses
1209 4295 1476 4366 oppidani
1519 4296 1724 4367 piscem
1772 4315 1936 4355 mon-

305 4392 574 4452 strosum,
599 4385 713 4454 jam
766 4385 978 4456 pridem
1006 4403 1037 4441 a
1071 4387 1441 4458 piscatoribus
1475 4396 1696 4461 captum
1727 4399 1780 4446 et
1818 4392 1934 4448 sale

304 4478 616 4546 conditum,
641 4479 692 4534 ei
721 4479 1058 4535 obtulerunt.
1105 4481 1351 4537 Habebat
1378 4483 1526 4538 enim
1572 4485 1641 4540 ad
1673 4485 1936 4542 similitu-

309 4568 500 4624 dinem
557 4585 676 4624 avis
729 4577 962 4625 rostrum
997 4571 1420 4641 permaximum,
1462 4581 1518 4629 et
1548 4591 1720 4646 super
1767 4585 1934 4649 caput

308 4663 714 4738 cartilaginem,
743 4663 928 4740 gladio
956 4665 1312 4721 simillimam.

493 4751 657 4808 1179.
838 4753 927 4809 27.
1110 4755 1201 4810 44.
1385 4759 1458 4814 25
1660 4761 1712 4816 3.

387 4840 647 4896 Secunda
695 4840 1006 4898 ebdomada
1064 4845 1275 4901 mensis
1316 4847 1564 4904 Januarii
1633 4850 1790 4904 nives
1847 4867 1945 4907 co-

315 4928 477 5004 piose
507 4929 1390 5008 ceciderunt;subsequiturgelu
1419 4937 1744 5002 maximum,
1769 4955 1944 5011 usque

319 5021 378 5076 in
412 5019 660 5076 medium
713 5037 965 5078 mensem
1017 5024 1400 5107 Februarium,
1432 5029 1598 5086 nimis
1629 5029 1942 5088 molestum.

311 5109 540 5184 Reliqui
591 5110 714 5168 dies
757 5112 1008 5182 ejusdem
1070 5116 1299 5185 mensis,
1340 5117 1575 5176 Marcius
1623 5137 1845 5194 quoque
1891 5130 1946 5178 et

319 5199 547 5272 Aprilis,
579 5207 744 5256 vento
771 5199 940 5259 ﬂante
971 5203 1235 5260 continue
1267 5206 1589 5276 subsolano,
1620 5210 1948 5285 gelidissimi

314 5287 546 5345 fuerunt
579 5289 766 5347 nimis.
803 5293 914 5349 Hoc
943 5293 1104 5350 istius
1135 5296 1268 5352 anni
1310 5297 1478 5354 inicio
1509 5301 1792 5356 carissima
1846 5319 1944 5374 pe-

314 5374 528 5432 cudum
583 5375 686 5432 fuit
709 5393 960 5447 annona;
1013 5381 1086 5436 ita
1143 5389 1203 5438 ut
1259 5384 1411 5456 quod
1463 5389 1747 5444 retroactis
1784 5391 1946 5446 annis

2020 497 2108 546 tur
2133 493 2348 560 solidis,
2405 493 2517 549 feni
2565 493 2823 550 videlicet
2860 497 3239 554 etstraminis.
3280 498 3632 574 Subsequuta

2019 592 2102 640 est
2129 586 2430 642 mortalitas
2461 586 2641 642 ovium
2669 601 2767 641 seu
2797 586 2984 642 boum.

2091 680 2164 732 De
2187 681 2408 734 concilio
2447 679 2632 749 (Mart.
2686 679 2764 749 5)
2815 678 3080 735 Generale
3133 681 3430 737 concilium
3483 684 3628 754 apud

2021 772 2272 838 Romam,
2311 772 2366 826 in
2400 772 2726 841 patriarchio
2758 773 3112 828 Lateranensi
3156 773 3462 829 Alexander
3489 788 3631 844 papa

2021 862 2344 928 celebravit,
2373 863 2426 918 in
2461 879 2570 934 quo
2599 861 2723 935 plus
2753 881 2917 936 quam
2939 863 3046 920 300
3077 865 3322 936 episcopi
3349 873 3472 920 c‘um
3506 861 3633 935 quia

2023 951 2255 1005 busdam
2294 952 2677 1006 transmarinis
2729 953 3022 1010 affuerunt.
3057 953 3286 1020 Quidam
3319 953 3483 1008 etiam
3516 951 3636 1022 epi-

2023 1043 2178 1112 scopi
2208 1043 2278 1097 de
2325 1043 2507 1098 Gretia
2537 1045 2746 1118 legatos
2773 1061 2905 1100 suos
2949 1046 3156 1100 ibidem
3190 1045 3632 1101 transmiserunt.

2023 1134 2293 1188 Abbatum
2333 1133 2497 1188 etiam
2527 1133 2774 1189 interfuit
2806 1134 3096 1191 innumera
3141 1151 3286 1207 pene
3317 1132 3631 1189 multitudo.

2026 1221 2104 1277 lbi
2139 1223 2376 1278 domnus
2407 1240 2550 1294 papa
2610 1224 2992 1281 ordinationes
3030 1225 3200 1281 factas
3237 1225 3306 1280 ab
3343 1223 3635 1279 Octaviano

2024 1321 2078 1368 et
2107 1313 2358 1370 Guidone
2417 1316 2780 1371 heresiarchis
2811 1325 2865 1372 et
2890 1317 3143 1373 Johanne
3174 1315 3502 1382 Strumensi,
3539 1313 3633 1386 qui

2025 1417 2121 1458 eos
2177 1403 2353 1458 fuerat
2391 1411 2638 1470 secutus,
2698 1404 2878 1459 irritas
2933 1421 3057 1460 esse
3110 1405 3346 1460 censuit.
3409 1403 3637 1458 Decreta

2026 1491 2201 1563 ipsius
2244 1491 2488 1558 concilii,
2547 1491 2676 1562 quia
2721 1492 2892 1546 multa
2922 1501 3069 1555 sunt.
3121 1502 3176 1546 et
3227 1507 3398 1563 penes
3437 1490 3640 1545 multos

2027 1589 2321 1656 habentur,
2352 1589 2408 1643 in
2436 1589 2536 1643 hac
2555 1589 2774 1645 cronice
2809 1588 3075 1644 brevitate
3111 1589 3353 1642 scribere
3379 1601 3488 1642 non
3538 1583 3640 1640 fuit

2026 1677 2180 1733 utile.

2096 1769 2298 1841 Symon
2323 1769 2496 1825 abbas
2515 1769 2900 1842 Aquicinensis
2930 1770 2986 1824 in
3007 1769 3184 1824 reditu
3213 1768 3388 1838 ipsius
3413 1765 3636 1850 concilii

2027 1861 2340 1916 Clarevallis
2356 1861 2601 1928 divertit,
2617 1867 2673 1918 et
2689 1859 2952 1932 reliquias
2973 1857 3162 1916 domnl
3187 1857 3473 1922 Bernardi,
3489 1859 3609 1928 ejus
3621 1886 3640 1897 -

2027 1954 2155 2008 dem
2177 1953 2397 2009 cenobii
2420 1952 2656 2019 abbatis,
2691 1952 2891 2023 petitas
2915 1952 3172 2016 obtinuit,
3199 1960 3254 2007 et
3276 1952 3331 2005 in
3350 1951 3454 2007 hoc
3479 1943 3641 2020 Aqui-

2029 2045 2242 2101 cinensi
2274 2044 2608 2100 monasterio
2651 2045 2914 2100 decenter
2966 2045 3232 2114 reposuit.
3268 2042 3463 2099 Messis
3491 2040 3631 2096 triti-

2027 2151 2126 2190 cea
2150 2134 2315 2190 solito
2346 2133 2450 2190 fuit
2481 2132 2681 2200 rarior;
2714 2149 2878 2204 porro
2908 2149 3083 2188 avena
3121 2151 3219 2189 seu
3247 2133 3400 2190 tercii
3430 2133 3637 2188 mensis

2026 2223 2240 2280 semina
2279 2222 2653 2294 suprascripta
2681 2237 3008 2293 reparavere
3035 2223 3293 2293 dampna.
3329 2221 3637 2278 Ludovicus

2029 2332 2118 2370 rex
2177 2314 2528 2380 Francorum,
2576 2321 2857 2385 assumpto
2909 2329 3092 2369 secum
3128 2313 3379 2385 Philippo
3436 2312 3638 2368 comite

2029 2403 2473 2470 Flandrensium,
2566 2419 2718 2457 mare
2778 2403 3214 2472 transnavigans,
3294 2401 3640 2456 Cantuariam

2031 2495 2232 2570 pergit,
2288 2504 2652 2565 sanctumque
2712 2501 3006 2565 martyrem
3083 2493 3345 2549 Thomam
3411 2492 3643 2547 diversis

2028 2587 2353 2643 muneribus
2381 2586 2691 2642 honoravit.
2753 2586 3043 2641 Heinricus
3069 2587 3256 2642 senior
3310 2601 3404 2640 rex
3441 2585 3645 2657 Anglo-

2029 2693 2146 2732 rum
2177 2675 2474 2732 honorifice
2537 2691 2662 2730 cum
2703 2675 2968 2746 suscepit.
3016 2677 3360 2746 Autumpnus
3415 2673 3644 2744 perpul-

2028 2768 2160 2821 cher
2188 2774 2244 2823 et
2281 2765 2498 2822 calidus
2530 2782 2708 2837 usque
2727 2766 2780 2822 5.
2814 2767 2996 2821 Nonas
3027 2765 3276 2821 Octobris
3297 2765 3496 2821 extitit.
3531 2765 3642 2818 Lu-

2029 2861 2256 2918 dovicus
2300 2877 2394 2916 rex
2442 2861 2770 2916 Francorum
2824 2859 2995 2915 ﬁlium
3025 2877 3184 2915 suum
3225 2861 3538 2931 Philippum
3588 2859 3642 2913 in

2033 2967 2218 3025 regem
2259 2950 2521 3006 sublimat
2553 2949 2760 3016 Remis,
2795 2949 2849 3003 in
2906 2948 3198 3004 festivitate
3236 2947 3484 3003 omnium
3516 2962 3642 3002 san-

1951 3047 2262 3145 Cctorum.
2319 3039 2583 3111 Sequenti
2636 3039 2916 3094 dominica
2972 3037 3300 3092 Guillelmus
3360 3036 3648 3091 Remensis

2029 3133 2502 3204 archiepiscopus,
2533 3132 2829 3188 cardinalis
2860 3131 3134 3202 presbiter
3155 3129 3296 3185 tituli
3323 3129 3522 3184 Sancte
3545 3128 3647 3183 Sa-

2027 3223 2157 3277 bine
2186 3231 2243 3277 et
2270 3221 2572 3294 apostolice
2603 3221 2755 3276 sedis
2785 3221 3018 3294 legatus,
3061 3217 3382 3274 convocatis
3419 3217 3643 3289 episco-

2027 3315 2114 3385 pis
2166 3321 2221 3370 et
2267 3314 2433 3370 totius
2479 3313 2723 3368 secunde
2776 3312 2995 3387 Belgica
3046 3310 3302 3382 personis
3345 3305 3641 3364 concilium

2028 3409 2200 3468 tenet,
2235 3409 2473 3458 tractans
2518 3418 2641 3457 cum
2675 3401 2790 3456 suis
2845 3400 3194 3471 coepiscopis
3235 3399 3303 3452 de
3346 3398 3515 3454 rebus
3541 3398 3646 3453 sibi

2029 3493 2115 3547 vel
2145 3493 2414 3548 eccclesie
2445 3492 2790 3548 necessariis.

2105 3585 2308 3640 lterum
2358 3585 2601 3638 Romana
2643 3583 2877 3638 ecclesia
2911 3583 3352 3636 scismaticorum
3381 3579 3651 3655 afﬂigitur

2034 3675 2318 3734 violentia.
2355 3675 2484 3728 Nam
2527 3681 2649 3745 post
2689 3673 3199 3729 reconciliationem
3231 3669 3507 3726 l’rederici
3549 3670 3654 3724 im-

2038 3764 2310 3837 peratoris
2349 3779 2473 3818 cum
2505 3761 2811 3817 Alexandro
2844 3777 3006 3832 papa,
3046 3761 3328 3816 Johannes
3363 3759 3652 3813 Strumen-

2037 3854 2134 3920 sis,
2179 3851 2468 3922 apostolici
2502 3851 2745 3907 nominis
2803 3859 3258 3922 presumptuosus
3313 3851 3556 3914 invasor,
3583 3848 3654 3902 de

2036 3944 2151 3999 suis
2199 3959 2539 4014 suorumque
2575 3943 2835 3998 diffidens
2861 3943 3094 4009 viribus,
3145 3943 3213 3997 ad
3257 3943 3429 4014 pedes
3465 3938 3652 3995 domui

2035 4049 2176 4104 pape
2203 4031 2410 4088 corruit
2435 4031 2743 4086 ultroneus.
2788 4031 2882 4087 Cui
2929 4031 3167 4086 domnus
3197 4047 3360 4102 papa,
3419 4029 3650 4086 obtentu

2033 4122 2609 4191 cancellarii,veniam
2640 4122 2944 4179 clementer
2979 4123 3234 4186 indulsit,
3259 4137 3498 4194 eumque
3531 4135 3656 4192 pre-

2033 4215 2274 4286 positum
2309 4215 2695 4270 Beneventano
2725 4215 2960 4270 ecelesie
2991 4214 3303 4270 constituit.
3339 4213 3507 4268 Porro
3547 4211 3656 4266 sci-

2034 4302 2248 4359 smatici
2268 4302 2510 4374 quietem
2533 4317 2645 4358 non
2669 4301 2911 4358 ferentes
2935 4301 3194 4364 ecclesie,
3229 4301 3424 4355 iterum
3457 4315 3650 4369 quem-

2035 4393 2160 4448 dam
2182 4391 2445 4448 clericum
2475 4391 2544 4446 de
2577 4391 2845 4466 progenie
2899 4390 3142 4455 illorum,
3173 4404 3314 4460 quos
3359 4386 3657 4460 Frangipa-

2037 4497 2138 4536 nes
2159 4479 2389 4535 Romani
2419 4487 2636 4543 vocant,
2666 4486 2859 4534 contra
2888 4493 3088 4548 papam
3106 4475 3481 4532 Alexandrum
3511 4473 3654 4528 anti-

2035 4588 2232 4645 papam
2266 4578 2536 4636 statuunt,
2573 4585 2736 4641 quem
2767 4575 2974 4624 mutato
3015 4567 3243 4624 nomine
3269 4564 3654 4622 Innocentium

2033 4665 2261 4722 tercium
2292 4663 2619 4720 vocitarunt.
2662 4663 2834 4728 Quem
2877 4661 3105 4732 quidam
3145 4661 3328 4727 miles,
3357 4659 3526 4716 frater
3554 4659 3656 4715 Oc-

2030 4749 2261 4822 taviani,
2294 4755 2389 4828 qui
2424 4771 2521 4826 per
2548 4755 2964 4811 contentionem
2998 4770 3123 4809 cum
3181 4753 3492 4810 Alexandro
3533 4766 3661 4824 pro-

2043 4857 2234 4908 vectus
2272 4847 2471 4914 fuerat,
2526 4854 2753 4918 prepter
2805 4845 2996 4901 odium
3051 4863 3194 4920 pape
3245 4845 3659 4902 manutenehat.

2047 4942 2245 4998 tradita
2280 4941 2330 4996 ei
2362 4940 2501 4996 turri
2532 4939 2617 4994 vel
2667 4938 2978 4995 munitione
3018 4956 3138 5006 sua,
3170 4955 3334 5012 quam
3360 4939 3516 5008 juxta
3547 4936 3660 4991 Ro-

2045 5045 2261 5084 manam
2316 5027 2595 5084 civitatem
2644 5025 3006 5084 fortissimam
3062 5027 3319 5083 habebat.
3382 5026 3448 5080 At
3504 5023 3666 5078 istius

2044 5117 2308 5175 violentia
2362 5131 2529 5187 supra
2559 5122 2777 5172 ceteros
2829 5115 3171 5171 scismaticos
3215 5111 3452 5168 afﬂictus
3499 5125 3662 5182 papa,

2046 5205 2452 5263 communicato
2481 5221 2605 5261 cum
2643 5205 3019 5262 cardinalibus
3054 5205 3171 5260 suis
3211 5203 3468 5270 consilio,
3524 5217 3660 5275 pace

2045 5315 2168 5354 cum
2200 5297 2576 5354 cardinalibus
2613 5297 2942 5370 prOpinquis
2991 5295 3225 5368 predicti
3255 5292 3535 5349 Octaviani
3567 5309 3660 5349 re-

2047 5389 2300 5459 formata,
2351 5389 2639 5462 prefatam,
2696 5389 3062 5444 munitionem
3115 5403 3147 5442 a
3192 5384 3442 5458 prcdicto
3491 5385 3662 5440 milite

1887 5519 2103 5576 NOTAE.

386 5605 612 5691 (4292‘s
643 5607 725 5665 ld.
762 5610 890 5666 Dec.
930 5614 1234 5670 secundum
1275 5613 1662 5691 Neerologium
1691 5622 1743 5678 S.
1792 5622 1937 5677 Gau-

317 5678 498 5750 gcrici
522 5677 673 5735 Cum.

2031 5703 2050 5750 ι
2299 5623 2641 5680 Gislebertus
2691 5638 2817 5696 pag.
2879 5620 2968 5677 94.
3000 5621 3109 5678 hoc
3136 5635 3227 5676 an.
3276 5619 3413 5678 1177
3462 5617 3660 5675 factum

2055 5709 2113 5750 ra
2155 5710 2172 5748 1
2203 5735 2214 5750 .

2055 5709 2214 5750 τεαιι.
