3894 6070
267 267 372 322 315

1473 269 1816 325 SlGEBERTl
1858 266 2368 323 GEMBLACENSIS.

3487 272 3592 327 316

266 412 470 470 magno
501 395 688 467 precio
745 403 1103 466 comparavtt.
1154 398 1352 469 Sicque
1413 415 1512 469 per
1542 399 1873 454 industriam
1898 397 2278 472 APhilippus,
2347 397 2509 467 hujus
2565 396 2808 452 nominis
2859 411 2951 452 rex
2988 397 3288 453 secundus.
3347 398 3592 455 Domnus

268 485 508 558 Hugonis
553 484 769 540 diaconi
795 486 1111 553 cardinalis,
1137 489 1229 559 qui
1273 498 1326 544 et
1358 489 1475 560 ipse
1507 489 1651 544 inter
1675 489 1875 544 Roma-

266 591 365 630 nos
397 575 776 630 nobilissimus
802 584 938 644 erat,
968 577 1274 648 prcdictam
1304 579 1452 650 cepit
1474 595 1596 634 cum
1626 579 1874 650 sepefato

263 667 618 736 pseudopapa
644 668 1027 723 munitionem.
1058 669 1179 736 Qui,
1212 671 1277 724 ad
1307 670 1481 740 pedes
1506 671 1695 726 domni
1729 687 1874 742 pape

263 755 554 822 adductus,
586 756 640 810 in
681 774 850 812 cavea
880 767 964 813 est
1003 767 1271 829 perpetuo
1311 761 1552 815 clausus.
1589 761 1699 816 Hoc
1730 776 1875 816 anno

263 847 577 902 Christianis
647 851 1026 904 transmarinis
1079 868 1335 922 magnum
1387 853 1588 907 accidit
1641 855 1876 910 infortu-

266 939 452 1005 nium;
486 941 618 1012 quia
645 942 758 996 suis
785 943 1043 998 omnibus
1083 960 1225 1014 pene
1260 945 1526 1001 militibus
1565 947 1764 1001 occisis
1793 947 1878 1003 vel

264 1031 587 1099 vulneratis,
655 1036 1017 1090 munitionem
1078 1036 1208 1091 Vadi
1263 1039 1433 1094 Jacob
1493 1041 1875 1111 perdiderunt.

267 1121 379 1173 Dux
422 1121 656 1177 Saxonie
700 1124 868 1195 (431),
921 1126 1066 1181 malo
1130 1143 1160 1180 a
1209 1127 1365 1182 malis
1406 1129 1727 1184 hominibus
1784 1147 1880 1186 ac-

266 1222 426 1284 cepto
477 1217 730 1286 consilio,
763 1225 950 1274 contra
1001 1221 1288 1277 dominum
1345 1240 1526 1292 suum,
1582 1225 1882 1297 imperato-

265 1322 378 1361 rem
412 1307 670 1365 videlicet
701 1310 1073 1379 Fredericum,
1104 1313 1352 1371 rebellat.

395 1399 550 1455 1180.
667 1401 859 1458 Β.28.
977 1405 1027 1458 F.
1075 1406 1164 1460 45.
1278 1407 1468 1462 A.26.
1587 1409 1740 1465 ".4.

341 1490 661 1546 Fredericus
719 1493 1037 1564 imperator,
1070 1513 1214 1553 anno
1270 1500 1540 1569 superiori
1572 1502 1879 1558 undecum-

265 1597 373 1650 que
401 1589 680 1638 contracto
710 1586 974 1649 exercitu,
1030 1604 1197 1658 super
1235 1590 1430 1646 ducem
1474 1593 1708 1648 Saxonie
1740 1595 1876 1650 hos-

1978 490 2144 545 abbas
2187 490 2389 561 Symon
2442 486 2886 560 Aquicinctensis
2937 504 3140 556 nonus,
3186 491 3593 547 communicato

1976 595 2098 635 cum
2140 578 2402 633 fratribus
2429 578 2546 632 suis
2585 578 2839 645 consilio,
2870 578 3159 633 ecclesiam
3200 579 3375 634 sancti
3405 579 3592 634 Salva-

1978 674 2114 728 toris
2147 689 2334 727 mense
2383 672 2693 743 Septembri
2725 672 2975 743 deponit,
3009 688 3076 727 eo
3119 674 3268 744 quod
3299 689 3408 728 non
3441 674 3595 728 sufﬁ-

1978 771 2126 819 ceret
2152 772 2260 820 tam
2291 781 2456 835 parva
2502 765 2728 818 basilica
2761 780 2962 837 magno
3003 766 3302 820 conventui
3330 767 3592 837 Aquicin-

1979 857 2174 912 ctensi.
2209 857 2270 912 Et
2299 859 2402 912 hoc
2432 856 2763 912 multociens
2789 873 2821 910 a
2852 863 3108 927 tempore
3138 857 3330 912 domni
3362 857 3594 913 Gozuini

1978 947 2192 1001 abbatis
2221 947 2668 1018 successorisque
2699 947 2818 1015 ejus
2848 946 3139 1000 Alexandri
3171 946 3594 1018 premeditatum

1980 1039 2156 1092 fuerat
2183 1044 2238 1092 et
2279 1037 2688 1109 preloquutum,
2730 1043 2812 1091 set
2851 1037 2972 1090 aliis
3027 1037 3446 1092 dissolutionem
3501 1052 3588 1092 or-

1979 1132 2144 1196 dinis,
2177 1131 2299 1186 aliis
2322 1131 2505 1201 operis
2527 1131 2963 1203 magnitudinem
2991 1131 3334 1202 etquandam
3366 1139 3592 1202 preten-

1975 1221 2237 1277 dentibus
2267 1221 2669 1288 difﬁcultatem,
2710 1222 2839 1276 aliis
2868 1238 2998 1277 vero
3029 1222 3164 1277 alias
3203 1221 3450 1288 intentis,
3487 1223 3592 1278 hoc

1976 1328 2115 1382 opus
2141 1327 2316 1383 usque
2367 1311 2434 1365 ad
2489 1312 2590 1366 hec
2629 1311 2884 1381 Symonis
2941 1311 3158 1366 abbatis
3215 1318 3465 1382 tempora
3509 1320 3594 1368 est

1978 1403 2326 1473 protelatum.
2351 1402 2590 1457 Tandem
2618 1418 2812 1457 omnes
2833 1403 3150 1469 unanimes,
3186 1404 3352 1458 corde
3393 1419 3594 1478 magno

1975 1503 2030 1549 et
2059 1495 2244 1549 animo
2276 1494 2507 1559 volenti,
2536 1502 2798 1560 veterem,
2831 1501 2890 1548 ut
2930 1495 3138 1549 dictum
3163 1503 3269 1562 est,
3302 1495 3593 1566 deponunt

1979 1590 2284 1653 basilicam,
2331 1599 2564 1644 venturo
2610 1606 2757 1644 anno
2813 1589 3086 1660 incepturi
3152 1605 3374 1646 novam.
3424 1591 3596 1665 Igitur

265 1672 434 1726 tiliter
461 1675 626 1728 vadit.
663 1675 759 1730 Hic
788 1677 933 1731 enim
961 1677 1127 1734 filiam
1158 1681 1373 1736 Henrici
1406 1683 1551 1757 regis
1577 1687 1877 1759 Anglorum
1905 1711 1953 1778 Β
1981 1679 2147 1734 missa
2185 1679 2252 1732 de
2279 1687 2467 1733 sancta
2496 1677 2758 1733 Trinitate
2791 1678 2842 1731 in
2875 1679 3068 1746 majori
3098 1678 3330 1733 ecclesia
3352 1679 3593 1734 devotis-

269 1763 507 1820 habebat
541 1766 597 1820 in
643 1769 935 1843 conjugio;
976 1772 1070 1842 qui
1120 1772 1445 1845 imperatori
1479 1777 1720 1844 rebellis,
1763 1795 1874 1834 non

266 1853 444 1908 solum
477 1855 724 1912 insolens
761 1860 957 1925 extitit,
986 1863 1084 1916 sed
1113 1871 1166 1917 et
1196 1865 1486 1934 superbus.
1529 1865 1662 1920 Nam
1700 1867 1755 1920 in
1789 1883 1878 1922 ex-

267 1947 548 2014 peditione
588 1951 774 2006 Italica
832 1953 997 2007 nimis
1029 1955 1303 2010 laboriosa
1357 1964 1409 2012 et
1449 1958 1773 2029 dampnosa,
1806 1961 1874 2015 ab

239 2093 244 2096 _
268 2035 388 2104 ipso
429 2038 758 2108 imperatore
790 2049 872 2096 ter
897 2046 1286 2112 commonitus,
1312 2047 1501 2102 venire
1521 2053 1874 2122 contempsit,

265 2139 347 2185 set
378 2148 481 2187 nec
518 2137 779 2190 nuncium
813 2153 913 2192 nec
945 2140 1146 2195 milites
1174 2141 1230 2195 in
1262 2143 1524 2198 auxilium
1558 2147 1642 2199 sui
1684 2148 1872 2202 domni

265 2221 482 2279 direxit.
527 2225 680 2280 Unde
703 2227 1000 2298 imperator
1031 2230 1171 2285 ultra
1192 2249 1355 2302 quam
1389 2233 1496 2288 dici
1519 2243 1698 2305 potest
1729 2254 1874 2292 com-

266 2319 468 2378 motus,
499 2313 768 2382 civitates,
798 2319 1041 2384 castella,
1072 2321 1298 2390 Oppida,
1333 2331 1508 2377 terras
1545 2324 1870 2393 auferendo,

263 2417 387 2456 eum
422 2405 650 2461 viriliter
679 2408 939 2464 debellat.
976 2410 1333 2468 Colonienses
1363 2414 1534 2482 cives,
1562 2417 1656 2488 qui
1685 2425 1739 2472 et
1766 2418 1871 2490 ipsi

263 2496 577 2566 imperatori
628 2499 683 2551 in
726 2499 932 2554 Italiam
968 2501 1344 2571 proﬁciscenti
1377 2507 1590 2563 adversi
1620 2510 1872 2581 aliquau-

265 2589 440 2642 tulum
472 2589 784 2657 extiterant,
841 2593 1028 2648 audito
1091 2595 1389 2653 infortunio
1439 2600 1596 2655 ducis
1637 2602 1872 2658 Saxonie

268 2679 656 2749 imperatorem
700 2684 1176 2751 pertimescentes,
1218 2689 1492 2744 civitatem
1543 2709 1698 2747 suam
1731 2696 1874 2753 vallo

268 2770 404 2824 mire
439 2771 742 2828 latitudinis
770 2784 824 2831 et
859 2776 1250 2846 profunditatis
1289 2783 1565 2849 muniunt,
1599 2795 1652 2839 et
1705 2804 1877 2858 aquas

271 2861 423 2916 Hemi
455 2862 698 2920 ﬂuminis
732 2866 785 2920 in
809 2867 1043 2924 circuitu
1077 2870 1233 2924 urbis
1266 2873 1612 2930 nobilissime
1644 2877 1880 2933 circum-

268 2953 494 3008 ducunt.
567 2955 903 3014 Christianus
971 2961 1425 3034 archiepiscopus
1509 2966 1878 3040 Magunttnus,

1977 1772 2114 1826 sime
2146 1772 2440 1836 celebrata,
2494 1771 2557 1823 15
2589 1770 2701 1824 Kal.
2744 1769 2998 1824 Octobris
3056 1771 3232 1838 majus
3271 1772 3442 1826 altare
3472 1788 3596 1826 cum

1978 1859 2274 1913 multorum
2307 1857 2560 1928 lacrymis
2592 1858 2899 1927 deponunt,
2931 1865 2984 1913 et
3013 1858 3424 1914 inchoationem
3459 1875 3597 1915 nove

1978 1949 2213 2004 ecclesie
2267 1955 2492 2019 propter
2534 1947 2826 2003 instantem
2879 1949 3131 2018 liyemem
3165 1948 3221 2002 in
3269 1955 3597 2021 sequentem

1977 2056 2183 2094 annum
2223 2038 2500 2094 differunt.

2051 2132 2204 2184 1181.
2422 2130 2512 2185 29.
2735 2132 2782 2185 1.
2999 2130 3088 2184 27.
3308 2132 3366 2186 5.

2045 2221 2201 2274 Anno
2229 2218 2380 2273 verbi
2413 2219 2678 2273 incarnati
2714 2219 2870 2284 1181,
2904 2218 3207 2274 indictione
3237 2220 3323 2274 14.
3349 2219 3479 2274 luna
3510 2220 3590 2276 13.

1973 2316 2334 2363 concurrente
2370 2308 2403 2360 3
2465 2314 2658 2378 epacta
2709 2308 2762 2361 3.
2801 2323 2947 2363 anno
3010 2323 3041 2360 a
3095 2307 3272 2377 prima
3327 2315 3589 2363 constru-

1974 2399 2158 2454 ctione
2198 2400 2451 2468 ejusdem
2482 2399 2717 2454 ccclesie
2747 2398 2869 2454 103.
2923 2415 3113 2453 mense
3144 2398 3366 2464 Marcio,
3420 2399 3508 2455 die
3535 2401 3590 2455 2.

1972 2491 2219 2560 ejusdem
2253 2491 2480 2559 mensis,
2535 2491 2590 2544 id
2631 2499 2714 2545 est
2745 2489 2881 2545 feria
2917 2491 2972 2544 2.
3030 2491 3310 2547 dominice
3350 2493 3595 2548 secunde

1973 2583 2416 2657 quadragesime,
2470 2583 2620 2651 jacta
2659 2589 2787 2636 sunt
2821 2582 3180 2637 fundamenta
3239 2583 3396 2638 istius
3455 2600 3596 2640 nove

1975 2677 2418 2748 Aquicinctensis
2443 2677 2694 2731 ecclesic.
2731 2677 2889 2730 Missa
2922 2677 3087 2751 igitur
3105 2677 3172 2731 de
3199 2687 3386 2734 sancta
3417 2679 3596 2733 Trini-

1980 2776 2088 2824 tate
2117 2769 2412 2835 celebrata,
2447 2769 2648 2838 Symon
2690 2768 2879 2835 abbas,
2913 2769 3208 2839 assumptis
3237 2785 3422 2824 secum
3455 2771 3596 2825 duo-

1984 2859 2085 2913 bus
2114 2859 2422 2924 abbatibus,
2456 2858 2714 2913 Johanne
2762 2858 3019 2913 videlicet
3049 2859 3232 2914 Sancti
3273 2859 3499 2914 Amandi
3541 2869 3596 2914 et

1985 2949 2244 3004 Nicholao
2287 2948 2635 3004 Maricolensi
2681 2948 2850 3020 (432),
2906 2966 3029 3003 cum
3089 2958 3405 3006 sanctorum
3471 2951 3602 3006 reli-

272 3040 617 3110 imperatoris
673 3046 1056 3113 cancellarius,
1091 3048 1144 3102 in
1187 3051 1344 3105 ltalla
1404 3036 1690 3124 negocium
1736 3036 1872 3112 exe?

1988 3037 2150 3108 quiis,
2178 3038 2452 3102 crucibus,
2479 3036 2736 3093 turibulis
2770 3045 2824 3091 et
2849 3037 3048 3107 cereis,
3077 3053 3200 3115 cum
3229 3045 3339 3094 tota
3361 3053 3600 3110 congre-

269 3145 446 3198 quens
493 3131 595 3184 sibi
644 3133 971 3203 injunctum,
1003 3135 1128 3190 dolo
1169 3136 1265 3192 filii
1305 3143 1559 3196 marchisi
1592 3145 1660 3199 de
1697 3145 1874 3200 Mont-

272 3218 439 3274 ferrat
463 3222 696 3292 capitur,
727 3224 1031 3296 Philippus,
1064 3225 1206 3283 ﬁlius
1237 3229 1494 3287 Ludovici
1527 3235 1672 3308 regis
1706 3237 1878 3292 Fran-

271 3326 482 3378 corum,
513 3330 736 3370 uxorem
767 3317 917 3372 ducit
948 3320 1246 3387 Elizabeth,
1299 3321 1464 3379 filiam
1499 3326 1748 3382 Balduini
1789 3345 1883 3384 co-

275 3403 426 3458 mitis
468 3405 786 3474 Montensis,
847 3426 971 3480 quae
1030 3410 1133 3467 fuit
1187 3413 1299 3468 ﬁlia
1337 3415 1637 3488 Margarete
1677 3422 1884 3476 sororis

271 3491 508 3565 Philippi
568 3494 983 3552 Flandrensium
1023 3500 1257 3558 comitis.
1292 3502 1577 3559 Celebrate
1633 3514 1760 3562 sunt
1817 3509 1886 3564 he

273 3585 463 3656 nuptie
486 3586 759 3658 Bapalmis
788 3605 818 3643 a
848 3589 1062 3663 Rogero
1086 3593 1439 3652 Laudunensi
1459 3598 1752 3669 episcOpo;
1787 3599 1883 3655 ubi

270 3676 543 3734 affuerunt
572 3684 802 3738 comites
841 3684 1128 3757 Philippus
1160 3689 1531 3758 Flandrensis,
1584 3692 1884 3749 Balduinus

271 3766 608 3835 Montensis,
682 3771 948 3827 Henricus
1040 3776 1436 3844 Namucensis,
1492 3778 1878 3848 Clarimontis,

275 3856 716 3925 Suessionensis,
752 3862 1116 3929 Pontivensis,
1141 3866 1324 3920 Sancti
1367 3868 1538 3923 Pauli.
1575 3870 1882 3926 Ludovicus

277 3963 368 4000 rex
397 3949 584 4002 senior
611 3951 860 4025 reginam
893 3953 949 4007 in
989 3955 1080 4009 die
1111 3957 1451 4013 ascensionis
1488 3960 1705 4015 Domini
1729 3963 1884 4031 juxta

279 4051 489 4091 morem
522 4038 809 4110 antiquum
842 4041 898 4096 in
928 4043 1154 4098 basilica
1185 4047 1358 4100 sancti
1402 4048 1642 4118 Dyonisii
1682 4059 1885 4121 marty-

275 4126 349 4180 ris
381 4144 480 4197 per
499 4129 568 4164 ⁴⁵⁰
595 4131 1073 4204 archiepiscopum
1105 4137 1482 4193 Senonensem
1515 4141 1746 4214 ejusque
1777 4142 1884 4197 suf-

277 4216 565 4292 t'raganeos
605 4222 853 4276 coronari
905 4223 1052 4279 fecit.
1111 4225 1219 4281 Hoc
1267 4244 1412 4283 anno
1461 4247 1560 4300 per
1598 4231 1737 4285 hanc
1780 4245 1878 4286 no-

1977 3127 2194 3198 gatione
2234 3127 2424 3197 cappis
2454 3127 2856 3196 sollempnibus
2886 3127 3078 3182 induta
3109 3127 3375 3198 processit
3424 3128 3493 3182 ad
3523 3129 3600 3183 lo-

1979 3235 2123 3272 cum.
2161 3218 2241 3272 lbi
2295 3219 2482 3272 aderat
2511 3219 2810 3273 Balduinus
2851 3233 3038 3273 comes
3077 3218 3234 3274 istius
3280 3219 3405 3292 pagi
3469 3235 3594 3274 cum

1983 3312 2337 3366 multitudine
2396 3311 2632 3366 militum
2681 3321 2735 3366 et
2789 3311 3022 3366 aliorum
3081 3312 3274 3366 Christi
3334 3311 3603 3368 fidelium.

1989 3405 2228 3459 Primum
2258 3404 2496 3474 lapidem
2523 3405 2578 3458 in
2612 3404 2973 3459 fundamento
2995 3419 3180 3460 comes
3211 3405 3467 3459 manibus
3487 3405 3604 3459 suis

1988 3513 2112 3552 cum
2141 3503 2393 3551 cemento
2421 3496 2624 3566 posuit,
2657 3504 2712 3550 et
2737 3495 2793 3549 in
2844 3496 3036 3550 eadem
3080 3495 3316 3552 ecclesia
3342 3513 3601 3572 magnum

1986 3586 2246 3661 gaudium
2281 3585 2398 3640 fuit.
2433 3586 2558 3655 Ipsa
2613 3585 2757 3651 dies,
2791 3584 2940 3656 quod
3000 3585 3429 3655 pretereundum
3489 3600 3599 3640 non

1986 3689 2088 3744 est,
2122 3691 2205 3736 set
2241 3682 2500 3737 attentius
2539 3681 2864 3747 notandum,
2905 3679 3063 3735 valde
3107 3679 3253 3734 clara
3282 3679 3603 3751 et'perpul-

1982 3775 2113 3829 chra
2153 3773 2350 3839 extitit,
2383 3789 2505 3828 cum
2534 3773 2701 3828 ceteri
2743 3771 2954 3827 mensis
2994 3771 3254 3826 transacti
3283 3771 3404 3826 dies
3442 3771 3602 3825 valde

1984 3863 2217 3934 pluviosi
2250 3873 2304 3917 et
2333 3863 2570 3918 nimbosi
2603 3861 2900 3916 extiterint.
2945 3860 3210 3915 Henricus
3241 3877 3428 3916 comes
3459 3858 3602 3930 (433)

1982 3959 2068 4013 his
2093 3959 2292 4013 diebus
2321 3958 2743 4032 quadragesimo
2773 3974 2805 4011 a
2829 3956 3215 4011 transmarinis
3245 3955 3500 4026 partibus
3531 3955 3601 4008 ad

1986 4054 2206 4125 propria
2234 4070 2504 4117 reversus,
2538 4070 2568 4106 a
2599 4061 2802 4124 nepote
2823 4067 2922 4106 suo
2955 4067 3083 4124 rege
3123 4050 3456 4105 Francorum
3499 4065 3601 4105 ce-

1987 4143 2226 4215 terisque
2257 4143 2410 4214 regni
2436 4141 2795 4213 optimatibus
2833 4156 2958 4195 cum
2997 4155 3197 4210 magno
3227 4137 3412 4194 favore
3444 4139 3599 4193 exci-

1986 4232 2151 4302 pitur,
2174 4233 2454 4302 Philippus
2485 4247 2577 4286 rex
2618 4231 2945 4284 Francorum
2992 4235 3045 4283 et
3093 4227 3381 4299 Philippus
3418 4242 3606 4282 comes

268 4319 435 4364 stram
468 4309 692 4364 Galliam
737 4313 939 4382 profert
969 4315 1168 4370 humus
1208 4316 1566 4385 frumentum,
1610 4321 1877 4375 hordeum
1979 4319 2416 4383 Flandrensium,
2445 4319 2513 4372 ab
2541 4317 2770 4372 Henrico
2811 4332 2937 4390 rege
2967 4316 3263 4389 Anglorum
3297 4322 3426 4370 ante
3460 4315 3604 4370 Hen-

276 4398 552 4471 legumina
592 4406 646 4455 et
676 4400 1043 4458 sufficientem
1093 4420 1320 4459 avenam
1381 4406 1642 4463 Henricus
1699 4391 2077 4464 comesDrici
2107 4408 2323 4462 comitis
2362 4407 2732 4461 reversionem
2763 4405 3062 4469 sollicitati,
3104 4412 3165 4457 ut
3192 4419 3362 4474 super
3410 4403 3603 4458 Frede-

279 4489 672 4560 Campanensis
725 4510 756 4548 a
805 4495 1053 4564 partibus
1101 4497 1483 4552 transmarinis
1548 4515 1645 4570 per
1704 4501 1884 4554 Asiam

279 4581 546 4638 minorem
579 4593 634 4640 et
682 4585 943 4641 llliricum
991 4589 1319 4659 repatrians,
1377 4590 1592 4646 insidiis
1622 4606 1887 4663 quorum-

281 4672 406 4726 dam
435 4689 692 4746 magnum
721 4694 917 4746 passus
944 4687 1028 4734 est
1070 4679 1484 4750 detrimentum,
1511 4683 1727 4737 amissis
1776 4700 1886 4738 non

280 4765 458 4822 solum
515 4769 633 4822 suis
659 4769 1026 4839 facultatibus,
1068 4776 1165 4830 sed
1215 4777 1376 4831 etiam
1429 4778 1546 4831 suis
1585 4777 1892 4833 interfectis

278 4871 376 4910 seu
405 4856 581 4926 captis
619 4859 876 4914 omnibus
906 4879 1047 4932 pene
1074 4864 1412 4920 hominibus.
1447 4866 1757 4922 Ludovicus
1794 4884 1884 4922 rex

277 4949 607 5005 Francorum
638 4951 927 5021 septimus,
981 4971 1081 5025 per
1143 4973 1347 5013 annum
1385 4958 1606 5029 paralisi
1645 4958 1882 5014 dissolu-

283 5047 388 5106 tus,
425 5041 646 5098 tandem
685 5058 873 5099 mense
911 5044 1220 5115 Septembri
1254 5051 1445 5105 morbo
1477 5056 1530 5104 et
1557 5050 1667 5104 vita
1693 5050 1885 5112 caruit,

282 5130 376 5200 qui
428 5147 656 5206 regnum
706 5131 1038 5189 Francorum
1098 5150 1196 5205 per
1219 5137 1307 5192 45.
1349 5153 1525 5193 annos
1574 5137 1705 5192 satis
1739 5139 1890 5207 justo

285 5222 663 5280 moderamine
705 5224 1075 5298 gubernavit;
1133 5227 1221 5282 cui
1269 5228 1539 5285 successit
1583 5228 1729 5283 filius
1773 5229 1893 5299 ejus

1989 4497 2164 4552 ricum
2220 4497 2608 4566 imperatorem
2639 4502 2867 4566 prepter
2901 4493 3058 4548 ducis
3095 4492 3330 4548 Saxonie
3379 4493 3608 4548 exhere-

1989 4588 2267 4643 dationem
2296 4602 2480 4642 secum
2505 4587 2773 4640 ducerent
2794 4585 3115 4651 exercitum,
3133 4600 3164 4638 a
3186 4583 3388 4639 comite
3417 4599 3609 4654 supra-

1988 4678 2135 4733 dlcto
2161 4677 2392 4733 consilio
2431 4684 2678 4747 accepto,
2709 4693 2738 4730 a
2797 4675 2888 4729 tali
2925 4679 3252 4742 avertuntur
3305 4673 3468 4729 facto.
3505 4674 3606 4730 Co-

1997 4784 2115 4823 mes
2144 4769 2290 4823 enim
2337 4767 2621 4833 Henricus,
2658 4773 2849 4836 utpote
2873 4765 3097 4837 sapiens
3129 4764 3233 4832 vir,
3284 4763 3439 4830 dixit,
3497 4779 3606 4820 non

1991 4876 2112 4915 esse
2140 4861 2253 4935 regi
2287 4860 2418 4914 utile
2444 4859 2527 4915 vel
2563 4859 2794 4929 justum.
2840 4866 2900 4912 ut
2937 4857 3326 4926 imperatorem
3385 4869 3486 4926 pro
3515 4855 3600 4909 sui

1988 4951 2145 5006 ducis
2174 4951 2383 5006 lesione
2413 4951 2829 5023 aggrederetur,
2860 4964 2982 5003 cum
3027 4963 3128 5003 nec
3159 4947 3278 5018 ipse
3311 4962 3415 5001 nec
3453 4953 3609 5016 pater

1989 5043 2110 5114 ejus
2138 5059 2379 5113 unquam
2413 5041 2639 5097 t'uissset
2668 5041 2737 5096 ab
2761 5040 3088 5112 imperatore
3108 5039 3279 5094 lesus.
3307 5039 3367 5092 In
3389 5037 3607 5093 Saliaco

1991 5134 2119 5188 villa
2148 5133 2324 5188 beatae
2357 5132 2627 5187 Rictrudis
2656 5131 2800 5203 (434)
2833 5142 2994 5187 natus
3048 5139 3137 5186 est
3191 5145 3368 5204 agnus
3399 5129 3609 5184 habens

1992 5228 2102 5284 duo
2133 5229 2311 5300 capita
2358 5234 2412 5283 et
2440 5235 2653 5299 septem
2686 5227 2875 5298 pedes.
2940 5224 3205 5281 Henricus
3251 5238 3438 5280 comes
3469 5221 3611 5277 infra

1629 5357 1849 5414 VARl/E
1876 5356 2251 5412 LECTIONES.

350 5425 418 5459 “5°
443 5427 587 5482 deest
603 5429 715 5482 cod.

1832 5532 2037 5588 ΝΟΤᾹΞ,

355 5629 500 5697 (431)
541 5627 830 5684 Heinricus
864 5631 986 5688 Leo.

357 5698 506 5772 (432)
543 5698 870 5755 Mareuilles.

2086 5634 2231 5698 (133)
2271 5629 2575 5686 'I'recensis.

2081 5700 2220 5776 (431)
2261 5701 2711 5758 Marchianensis.
