3894 6070
182 294 296 352 317

1127 296 1472 355 CHHONICA.
1515 330 1586 342 —
1628 301 2062 360 CONTINUATIO
2103 304 2590 370 AQUICINCTINA.

3427 312 3533 371 318

175 429 209 482 7
237 427 369 515 dies
395 441 495 482 sue
523 425 1036 515 reversionis'apud
1064 425 1261 484 Trecas
1276 428 1423 484 diem
1445 429 1585 486 obiit
1602 431 1810 503 (Mart)
1835 437 1890 507 Α
1917 434 2060 504 nice,
2093 435 2438 506 sapientibus
2464 435 2600 490 viris
2627 452 2750 492 cum
2781 453 2910 512 rege
2939 439 3324 508 tractantibus,
3353 457 3533 515 usque

180 517 298 586 17).
321 514 480 590 Hugo
507 514 917 570 Cameracensis
959 516 1238 588 quondam
1271 519 1537 586 decanus,
1591 521 1684 592 qui
1715 536 1813 576 ec-

180 610 362 666 clesie
421 609 816 681 Aquicinensis
862 609 916 664 in
963 610 1235 682 principio
1287 628 1388 668 sue
1436 615 1812 684 provectionis

183 716 396 775 magno
415 699 518 756 fuit
548 699 928 768 amminiculo,
961 718 991 756 a
1024 703 1250 774 proprio
1273 711 1590 760 removetur
1611 703 1808 776 sepul-

182 791 326 846 chro
355 784 378 855 ’;
412 805 537 845 nam
563 804 706 844 nove
747 789 982 845 ecclesie
1033 789 1457 847 fundamentum
1509 792 1811 864 peripsum

182 886 339 936 recto
373 879 588 935 tramite
617 894 779 934 suum
829 877 1106 954 dirigebat
1150 896 1397 936 cursum.
1452 880 1613 952 Lapis
1640 881 1695 935 in
1715 881 1815 936 Se-

181 972 422 1042 pulchro
461 971 583 1041 ejus
624 977 874 1042 repertus
903 978 1011 1036 est,
1043 970 1099 1026 in
1129 973 1356 1043 qnohoc
1386 973 1651 1044 scriptum
1681 986 1816 1027 con-

181 1062 470 1120 tinebatur
495 1079 511 1116 :
542 1063 650 1118 Hic
678 1067 760 1118 est
785 1063 1052 1133 sepultum
1105 1079 1300 1134 corpus
1347 1067 1593 1133 Hugonis
1625 1064 1816 1120 decani

183 1160 374 1210 sancte
401 1157 578 1212 Marie
635 1156 1042 1212 Cameracensis
1077 1157 1310 1224 ecclesie,
1365 1158 1464 1227 qui
1508 1160 1815 1212 construxit

183 1244 491 1298 claustrum
527 1259 652 1298 cum
672 1245 890 1313 porticu
917 1243 1156 1313 ejusdem
1177 1245 1407 1310 ecclesie,
1444 1245 1814 1315 capellamque

182 1338 364 1391 sancti
397 1336 659 1406 Gingulﬁ.
693 1337 936 1404 Insuper,
975 1341 1035 1390 ut
1071 1340 1247 1390 cetera
1285 1341 1580 1404 taceamus,
1624 1339 1810 1392 multis

184 1430 351 1484 annis
381 1442 416 1482 a
439 1443 603 1483 carne
621 1427 910 1494 abstinuit,
963 1442 1128 1496 super
1164 1428 1412 1498 plumam
1439 1444 1552 1484 non
1603 1429 1809 1499 jacuit,

184 1519 303 1573 nisi
341 1519 484 1583 forte
505 1517 566 1570 in
603 1516 700 1570 hoc
727 1517 1051 1570 monasterio
1075 1518 1243 1584 jussu
1280 1516 1516 1572 abbatis.
1545 1519 1647 1572 Hic
1670 1533 1806 1574 con-

181 1613 401 1666 stth
437 1613 759 1678 claustrum,
802 1613 1093 1682 porticum,
1151 1613 1606 1679 elemosina-rium,
1631 1615 1810 1683 capel-

183 1701 404 1770 lamque
425 1700 573 1754 beate
601 1700 792 1765 Marte,
825 1703 875 1754 et
898 1700 1072 1754 multa
1097 1700 1209 1754 alia
1238 1700 1496 1770 beneﬁcia
1531 1702 1808 1768 fratribus

475 1792 578 1846 Hic
605 1793 665 1846 in
693 1792 991 1859 festivitate
1024 1793 1263 1846 omnium
1303 1768 1632 1859 sanctorum,
1659 1799 1812 1862 post-
1837 1768 1889 1836 Β

183 1901 356 1955 quam
384 1887 608 1940 missam
630 1886 961 1953 celebrasset,
976 1889 1140 1954 gravi
1159 1889 1476 1954 inﬁrmitate
1490 1903 1805 1957 percussus,

181 1978 477 2032 monachus
505 1977 741 2046 etractus,
779 1978 915 2032 obiit
945 1979 1004 2032 in
1039 1978 1178 2032 bona
1232 1981 1564 2046 confessione
1601 1985 1649 2034 et
1677 1996 1808 2035 vera

181 2069 310 2138 ﬁde,
339 2084 485 2123 anno
513 2069 740 2124 Domini
766 2067 920 2125 l093.
951 2069 1006 2124 6.
1047 2069 1178 2124 Idus
1203 2070 1542 2126 Novembris.

255 2157 584 2214 Fredericus
604 2157 906 2230 imperator
969 2159 1259 2215 Henricum
1292 2169 1587 2236 cegnatum
1621 2177 1806 2228 suum,

185 2243 386 2300 ducem
415 2244 679 2311 Saxonie,
725 2246 1036 2309 debellans,
1093 2247 1280 2303 omnia
1320 2265 1465 2319 pene
1503 2249 1680 2320 ipsius
1713 2267 1809 2305 ca-

183 2339 346 2394 stella
363 2339 471 2394 sibi
493 2339 833 2416 subjugavit,
876 2349 932 2396 et
957 2357 1082 2396 eum
1135 2343 1193 2396 in
1223 2343 1517 2413 quamdam
1543 2343 1805 2412 insulam,

185 2449 294 2506 que
313 2433 638 2490 Brunswich
665 2434 854 2505 lingua
885 2435 1155 2492 Saxonica
1208 2445 1581 2508 nuncupatur,
1613 2438 1808 2510 fugere

185 2523 477 2594 compulit.
527 2523 794 2580 Henricus
841 2526 1138 2600 Anglorum
1189 2543 1304 2596 rex,
1339 2527 1500 2584 ducis
1530 2529 1806 2585 Saxonum

184 2614 678 2672 exheredationem
729 2631 826 2671 sue
869 2615 978 2671 ﬁlie
1027 2633 1159 2691 egre
1217 2617 1424 2681 ferens,
1474 2619 1710 2676 nuncios
1738 2621 1807 2675 ad

187 2708 578 2780 imperatorem
591 2709 802 2781 dirigit,
835 2719 890 2766 et
919 2719 978 2765 ut
997 2711 1065 2765 ab
1095 2712 1460 2782 oppressione
1483 2711 1681 2784 prefati
1703 2713 1807 2768 du-

183 2801 261 2857 cis
285 2801 540 2858 animum
569 2804 828 2870 retrahat,
848 2819 1078 2860 munera
1135 2807 1253 2861 auri
1292 2813 1347 2861 et
1371 2807 1590 2882 argenti
1622 2807 1808 2877 magni

185 2895 452 2966 ponderis
478 2897 832 2968 repromittit.
865 2897 975 2954 Sed
1005 2898 1306 2970 imperator
1335 2899 1582 2973 ingenita
1611 2899 1718 2954 sibi
1752 2907 1807 2956 et

182 2993 456 3040 consueta
476 2983 704 3041 leonina
747 2987 1056 3042 constantia
1101 2995 1295 3044 contra
1343 3005 1504 3044 suum
1538 2989 1808 3046 honorem

180 3094 418 3134 munera
449 3077 723 3149 despexit,
749 3094 910 3135 aures
939 3079 1157 3143 clausit,
1203 3087 1258 3136 et
1297 3081 1494 3138 ducem
1527 3083 1808 3154 quondam

1915 524 1984 578 ad
2039 531 2259 581 octavas
2292 527 2607 598 epyphanie
2665 527 2821 584 istius
2859 546 3056 605 guerre
3127 531 3347 589 inducie
3393 534 3534 590 dan-

1913 624 2000 670 ιω·
2021 616 2190 686 (437).

1985 755 2124 810 1182
2223 755 2284 810 Β.
2355 755 2444 812 3τ).
2522 758 2578 812 F.
2643 759 2698 813 2.
2775 760 2840 814 Α.
2909 761 2998 818 28.
3079 763 3140 818 H.
3191 763 3242 819 6.

1987 892 2045 945 ln
2076 891 2212 962 ipsis
2265 891 2462 947 diebus
2502 893 2804 949 nativitatis
2850 895 3150 960 dominice,
3215 897 3536 956 Fredericus

1915 983 2213 1054 imperator
2233 986 2466 1040 nuncios
2497 1001 2620 1040 cum
2643 987 2876 1057 epistola
2913 988 2968 1042 in
3005 989 3288 1045 Franciam
3320 989 3536 1065 dirigit,

1917 1075 2032 1148 regi
2065 1075 2357 1130 consilium
2388 1077 2525 1131 dans
2577 1085 2635 1132 ut
2660 1094 2783 1132 cum
2841 1079 3046 1134 comite
3093 1079 3258 1136 faciat
3317 1097 3532 1152 pacem.

1913 1167 2068 1233 Quod
2099 1169 2144 1222 si
2177 1169 2347 1224 nollet
2377 1169 2576 1237 facere,
2645 1172 2808 1227 sciret
2864 1188 2962 1243 pro
2993 1182 3164 1236 certo,
3207 1190 3270 1229 se
3298 1189 3399 1230 suo
3428 1175 3531 1232 ho-

1912 1260 2069 1328 mini,
2101 1260 2287 1316 comiti
2317 1261 2530 1317 scilicet
2561 1261 2850 1330 Flandrire,
2913 1265 3176 1320 auxilium
3233 1281 3336 1336 pro
3367 1283 3534 1338 posse

1911 1349 2074 1409 feare.
2111 1352 2234 1408 Post
2258 1361 2479 1408 octavas
2517 1355 2851 1424 epyphanie,
2884 1355 3122 1412 induciis
3165 1355 3338 1412 ﬁnitis
3387 1358 3537 1414 mili-

1910 1449 1994 1494 tes
2023 1439 2207 1510 plures
2238 1457 2490 1508 numero,
2522 1459 2684 1514 quam
2707 1443 2880 1514 prius,
2913 1444 3194 1516 utrimque
3225 1454 3532 1515 armantur,

1913 1531 2126 1602 rapine,
2155 1531 2340 1600 cedes,
2374 1533 2632 1588 incendia
2667 1534 2878 1606 absque
2906 1535 3018 1590 ullo
3047 1536 3298 1592 remedio
3329 1553 3532 1608 perpe-

1909 1626 2138 1674 trantur.
2175 1621 2234 1676 lu
2269 1621 2412 1695 regis
2443 1621 2728 1692 procinctu
2760 1623 2848 1678 isti
2891 1632 3046 1678 erant
3087 1623 3359 1698 signiferi.
3390 1625 3538 1681 Hen-

1913 1709 2058 1764 ricus
2088 1725 2178 1764 rex
2209 1711 2708 1784 Anglorumjunior
2743 1720 2798 1767 et
2830 1713 3160 1780 Richardus,
3197 1713 3364 1770 frater
3389 1715 3536 1785 ejus,

1911 1797 2022 1852 dux
2049 1799 2373 1870 Aquitanus,
2407 1816 2594 1856 comes
2647 1801 3016 1870 Clarimontis,
3056 1817 3110 1859 et
3159 1804 3431 1860 Bodulfus
3461 1806 3534 1862 de

1909 1889 2154 1945 Cociaco.
2187 1891 2378 1946 Comiti
2410 1906 2541 1946 vero
2605 1893 2874 1950 Flandrias
2929 1895 3162 1950 aderant
3224 1896 3527 1953 Balduinus

1908 1993 2094 2035 comes
2129 1979 2481 2044 Hainoensis,
2515 1979 2668 2054 Hugo
2720 1997 2908 2038 comes
2951 1984 3020 2040 de
3069 1986 3268 2042 Sancto
3332 1986 3524 2054 Paulo,

1901 2067 2142 2124 lacubus
2168 2068 2238 2124 de
2267 2068 2497 2124 Avernis
2517 2075 2572 2122 et
2599 2069 2749 2144 Hugo
2782 2072 2852 2126 de
2882 2071 2998 2127 Orsi
3039 2074 3376 2130 castellanus
3419 2075 3524 2131 Ca-

1915 2161 2262 2216 meracensis.
2303 2160 2564 2216 Universa
2620 2161 2792 2218 Gallia
2820 2163 2926 2218 hoc
2966 2174 3128 2220 vento
3180 2166 3384 2241 agitata
3423 2167 3528 2223 hac

1913 2252 2149 2325 illacque
2169 2260 2427 2310 curvatur
2458 2271 2472 2320 ;
2515 2270 2618 2310 nec
2643 2253 2748 2310 fuit
2771 2255 2905 2311 citra
2967 2257 3130 2328 Alpes
3157 2257 3310 2312 locus
3340 2258 3434 2330 qui
3465 2274 3528 2314 se

1909 2349 2273 2405 absconderet
2301 2349 2370 2404 ab
2415 2350 2604 2406 auditu
2654 2351 2880 2407 tonitrui
2933 2353 3120 2423 hujus.
3192 2353 3529 2410 [astantibus

1909 2447 2092 2494 autem
2132 2447 2320 2494 sancte
2349 2439 2774 2514 quadragesime
2829 2441 3046 2508 diebus,
3079 2443 3354 2518 religiosis
3393 2443 3526 2498 viris

1911 2535 2042 2589 hinc
2071 2534 2204 2588 inde
2234 2533 2697 2602 discurrentibus,
2731 2535 2927 2590 iterum
2987 2537 3210 2593 inducie
3262 2555 3440 2610 usque
3467 2539 3524 2594 in

1911 2622 2116 2692 pascha
2158 2621 2500 2692 optineatur.
2563 2622 2848 2695 Philippus
2899 2641 3086 2680 comes
3127 2627 3411 2683 dominica
3469 2628 3524 2696 3,

1909 2713 2332 2786 quadragesime
2357 2713 2422 2768 ad
2487 2714 2824 2786 colloquium
2869 2716 3084 2772 Henrici
3118 2719 3263 2794 regis
3287 2719 3528 2788 juvenis,

1909 2804 2007 2858 filii
2032 2805 2304 2860 Frederici
2337 2805 2704 2877 imperatoris,
2755 2807 3020 2864 Leodium
3044 2810 3210 2878 vadit,
3248 2827 3422 2883 seque
3445 2813 3534 2867 in-

1902 2896 2048 2965 juste
2093 2902 2430 2966 conquestus
2479 2902 2562 2951 est
2605 2912 2636 2950 a
2689 2895 2916 2952 domino
2955 2913 3076 2961 suo,
3135 2915 3262 2972 rege
3314 2899 3530 2956 scilicet

1912 2985 2263 3050 Francorum,
2291 2986 2496 3040 vexari.
2535 2987 2798 3042 Henricus
2850 2995 3031 3043 autem
3067 3005 3182 3056 rex,
3223 2997 3281 3046 ut
3302 2991 3530 3047 domino

1909 3090 2010 3130 suo
2049 3075 2332 3130 humiliter
2359 3074 2676 3142 satisfaciat,
2723 3077 2980 3132 comitem
3015 3079 3354 3148 cohortatur,
3391 3097 3523 3152 pro-

179 3169 283 3225 sibi
307 3169 582 3224 rebellem
612 3169 923 3226 victoriosis
970 3171 1214 3227 attritum
1247 3172 1441 3244 preliis
1469 3140 1810 3228 ad‘deditio-
1833 3140 1882 3207 δ
1911 3165 2136 3220 miliens
2166 3167 2217 3221 ei
2249 3165 2352 3220 sub
2402 3173 2768 3227 sacramenlO.
2827 3185 2987 3223 suum
3037 3185 3147 3224 non
3207 3169 3523 3226 defuturum

179 3276 306 3316 nem
339 3260 544 3333 coegit.
580 3259 1043 3334 Alexanderpapa
1067 3279 1236 3318 senex
1250 3269 1305 3318 et
1335 3263 1536 3335 plenus
1568 3263 1806 3332 dierum,

177 3350 452 3406 vicesimo
477 3347 648 3404 ferme
671 3349 740 3404 ab
754 3350 891 3406 urbe
909 3349 1172 3416 miliario,
1205 3351 1258 3405 in
1293 3351 1530 3423 quadam
1561 3351 1807 3408 Romane

179 3444 421 3502 ecclesie
451 3443 803 3514 possessione
831 3443 978 3499 diem
1011 3444 1208 3500 clausit
1227 3445 1660 3513 ultimum(Aug.
1689 3443 1802 3510 30).

179 3537 350 3606 Cujus
379 3536 536 3592 obitu
567 3535 791 3608 quidam
822 3536 1152 3607 insipientes
1192 3535 1422 3592 Romani
1481 3535 1692 3602 audito,
1751 3536 1803 3590 ei

183 3641 319 3689 non,
347 3631 408 3680 ut
435 3623 1002 3692 debuerunt,obviam
1031 3641 1152 3680 cum
1175 3624 1244 3678 ad
1273 3623 1468 3678 urbem
1493 3621 1807 3678 deferretur

180 3723 460 3773 venerunt
485 3733 500 3781 ;
533 3716 658 3771 etei
689 3716 1111 3784 maledicentes,
1139 3715 1438 3772 lutoetiam
1463 3713 1809 3786 etlapidibus

181 3809 462 3875 lecticam,
487 3807 543 3862 in
575 3824 680 3880 qua
726 3809 1064 3878 portabatur,
1101 3807 1432 3880 lapidantes,
1482 3806 1570 3864 vix
1600 3821 1727 3862 eum
1752 3806 1808 3861 in

185 3899 524 3973 patriarchio
584 3899 938 3955 Lateranensi
997 3899 1222 3972 sepeliri
1281 3898 1670 3970 permiserunt.
1713 3897 1809 3952 Cui

191 3989 465 4046 successit
494 3987 832 4043 Humbaldus
857 3987 1126 4044 Ostiensis
1155 3988 1470 4060 episcopus,
1505 3987 1812 4044 Alexandro

195 4087 340 4134 etate
369 4077 580 4143 senior,
634 4093 805 4148 quem
836 4076 1006 4132 altero
1054 4077 1278 4132 nomine
1329 4077 1548 4131 Lucium
1582 4060 1812 4132 tercium

195 4171 637 4242 appellaverunt.
676 4169 777 4234 Qui
833 4169 1076 4224 Romane
1093 4169 1330 4224 ecclesie
1369 4168 1474 4224 169
1548 4168 1811 4239 presidet.

197 4262 490 4334 Philippus
519 4277 660 4332 puer
707 4277 801 4316 rex
852 4261 1181 4316 Francorum
1210 4267 1267 4315 et
1305 4259 1596 4332 Philippus
1633 4275 1822 4316 comes

197 4351 643 4420 Flandrensium,
696 4357 821 4422 post
868 4351 1223 4408 festivitatem
1273 4351 1525 4406 omnium
1597 4357 1822 4406 sancto-

197 4462 340 4510 rum,
364 4445 605 4498 instante
637 4443 841 4511 hieme,
873 4459 996 4516 quae
1021 4443 1075 4496 in
1105 4441 1214 4498 isto
1245 4457 1392 4497 anno
1409 4449 1464 4497 et
1487 4442 1594 4497 hoc
1622 4457 1818 4497 mense

197 4533 364 4590 nimis
391 4532 571 4588 extitit
595 4531 868 4604 pluviosa,
928 4532 1076 4586 inter
1123 4547 1185 4586 se
1215 4529 1574 4598 dissentiunt,
1617 4538 1816 4588 etcum

199 4626 339 4697 ipsis
366 4640 564 4681 omnes
593 4624 862 4695 primores
923 4623 1274 4680 Francorum.
1330 4622 1502 4692 Hujus
1539 4623 1670 4677 mali
1727 4622 1818 4676 in-

200 4727 459 4775 centores
509 4718 684 4774 fuisse
736 4719 988 4774 feruntur
1039 4732 1225 4774 comes
1277 4717 1624 4773 Clarimontis
1655 4716 1820 4788 (433),

203 4811 472 4868 Rodulfus
519 4811 685 4867 etiam
737 4812 807 4866 de
855 4810 1085 4867 Cociaco
1131 4809 1297 4880 (436),
1325 4817 1404 4865 et-
1433 4807 1534 4864 ﬁlii
1590 4807 1818 4864 Roberti

199 4909 574 4976 cognomento
633 4902 952 4969 Clementis,
1010 4901 1156 4976 regis
1211 4901 1538 4958 consiliarii.
1585 4900 1822 4972 Insurgit

201 4994 372 5068 igitur
415 4992 626 5063 primus
667 5006 854 5047 comes
894 4991 950 5044 in
977 5006 1189 5066 regem,
1223 4997 1278 5046 et
1301 5005 1396 5046 rex
1431 5005 1591 5046 versa
1619 4989 1740 5044 vice
1765 4989 1820 5044 in

205 5083 492 5140 comitem.
513 5082 775 5138 lncendia
801 5089 857 5138 et
873 5082 1068 5154 rapiue
1087 5088 1435 5149 exercentur,
1455 5081 1818 5138 ecclesiarum

201 5175 610 5246 expoliationes
660 5173 1019 5248 burgensium
1051 5173 1464 5246 oppressiones,
1514 5187 1817 5246 pauperum

202 5265 608 5320 destructiones
636 5279 815 5336 usque
862 5263 932 5318 ad
983 5262 1282 5318 adventum
1320 5261 1538 5318 Domini
1569 5277 1821 5336 grassan-

203 5360 311 5412 tur.
341 5354 612 5424 Tandem,
645 5354 1128 5427 appr0pinquante
1173 5353 1264 5409 die
1291 5353 1590 5411 nativitatis
1627 5353 1816 5409 domi-

1839 4399 1897 4468 D

1908 3257 2192 3323 auxilium,
2225 3257 2272 3313 si
2325 3274 2418 3313 rex
2471 3259 2798 3315 Francorum
2857 3276 3015 3315 suum
3050 3269 3307 3318 renueret
3337 3263 3531 3320 audire

1907 3347 2217 3403 consilium.
2255 3347 2534 3402 Elizabeth
2570 3348 2987 3402 Flandrensium
3033 3358 3088 3404 et
3119 3350 3526 3406 Viromanden-

1905 3438 2046 3493 sium
2075 3437 2374 3504 comitissa,
2408 3437 2746 3508 postnimias
2776 3435 3162 3492 tribulationcs
3193 3446 3249 3493 et
3282 3440 3532 3510 corporis

1907 3525 2255 3582 inﬁrmitates
2283 3527 2374 3581 die
2419 3535 2609 3581 sancto
2627 3541 2919 3596 parasceve
2931 3525 3194 3582 defuncta
3214 3528 3394 3594 (Mart.
3413 3529 3529 3598 26),

1905 3619 2161 3691 sequenti
2193 3619 2306 3684 die,
2339 3625 2551 3673 astante
2581 3617 2838 3688 Philippo
2870 3618 3092 3684 comite,
3156 3635 3282 3674 cum
3316 3618 3534 3690 magnis

1909 3708 2269 3781 plurimorum
2312 3708 2572 3775 lacrimis,
2606 3707 2664 3762 in
2681 3707 2917 3764 ecclesia
2956 3709 3272 3764 beatissime
3303 3710 3398 3765 Dei
3430 3727 3532 3783 ge-

1912 3799 2126 3855 nitricis
2153 3799 2320 3854 Marie
2347 3799 2614 3855 Attrebati
2643 3798 2954 3856 honoriﬁce
2974 3807 3057 3856 est
3087 3801 3374 3856 tumulata.
3406 3801 3532 3856 Post

1913 3893 2114 3963 pascha
2139 3892 2409 3948 Henricus
2430 3907 2524 3948 rex
2549 3893 2848 3967 Anglorum
2870 3893 3076 3960 senior,
3119 3893 3254 3948 mari
3280 3891 3530 3958 transito,

1881 4026 1886 4031 .
1915 3985 1970 4039 in
2009 3983 2395 4039 Normanniam
2423 3982 2578 4039 venit
2603 4001 2618 4050 ;
2649 4000 2775 4039 nam
2806 3983 2905 4040 ﬁlii
2936 3985 3074 4054 ejus,
3104 3985 3246 4040 sicut
3275 3981 3536 4055 supradi-

1914 4076 2116 4141 ximus,
2146 4073 2412 4153 Henricus
2440 4088 2532 4128 rex
2555 4079 2609 4128 et
2647 4073 2952 4130 Richardus
2980 4074 3112 4140 dux,
3136 4073 3255 4148 regi
3293 4073 3523 4128 Franco-

1917 4183 2034 4222 rum
2061 4173 2252 4222 contra
2282 4165 2538 4222 comitem
2564 4165 2941 4221 Flandriarum
2971 4164 3238 4220 auxilium
3263 4163 3533 4219 ferebant.

1925 4258 2038 4312 Dux
2068 4266 2250 4314 autem
2282 4257 2603 4332 Burgundie
2630 4264 2685 4313 et
2705 4257 2986 4313 comitissa
3037 4255 3332 4326 Campanie
3365 4253 3536 4323 (438),

1923 4367 2082 4408 soror
2110 4351 2274 4426 regis.
2307 4350 2585 4421 quondam
2617 4365 2755 4405 uxor
2785 4350 3001 4406 Henrici
3026 4349 3262 4415 comitis,
3281 4348 3536 4418 Philippo

1919 4444 2104 4500 comiti
2131 4444 2409 4511 associati,
2447 4443 2806 4500 debellabant
2822 4459 3028 4516 regem.
3058 4441 3383 4497 Guillelrnus
3409 4455 3538 4496 vero

1921 4533 2208 4588 Remensis
2236 4531 2688 4603 archiepiscopus
2701 4539 2755 4586 et
2780 4546 2968 4586 comes
2981 4528 3322 4585 Blesensium
3347 4528 3528 4584 Theo-

1924 4623 2140 4690 baldus,
2167 4623 2314 4695 regis
2370 4623 2646 4679 avunculi.
2703 4620 3054 4676 reformande
3100 4621 3222 4700 paci
3275 4620 3536 4676 intende-

1927 4712 2076 4767 bant.
2113 4711 2282 4785 lgitur
2314 4710 2604 4768 transactis
2635 4709 2876 4765 induciis
2904 4709 3047 4764 inter
3075 4724 3257 4783 regem
3287 4715 3344 4764 et
3370 4709 3542 4765 comi-

1922 4812 2056 4872 tem,
2087 4821 2189 4874 pax
2219 4819 2331 4860 non
2361 4803 2706 4874 sperabatur,
2749 4803 2848 4857 sed
2895 4801 3118 4858 bellum.
3156 4803 3227 4858 Ex
3255 4803 3536 4874 insperato

1925 4893 2190 4948 Henricus
2213 4893 2400 4948 senior
2420 4909 2512 4948 rex
2542 4891 2840 4966 Anglorum
2867 4899 2922 4948 et
2952 4891 3239 4964 Philippus
3259 4908 3352 4948 rex
3376 4892 3540 4946 Fran-

1921 5006 2135 5052 corum.
2192 4989 2479 5061 Philippus
2528 4989 2693 5044 etiam
2743 5003 2932 5046 comes
2986 4987 3361 5044 Flandriarum
3414 5001 3534 5041 me-

1925 5080 2116 5134 diante
2142 5078 2374 5135 Henrico
2405 5077 2704 5134 Albanensi
2735 5078 3024 5150 episcopo,
3057 5076 3362 5150 apostolica
3391 5073 3543 5128 sedis

1921 5171 2124 5244 legato,
2158 5188 2284 5228 cum
2311 5169 2771 5243 archiepiscopis,
2832 5169 3132 5242 episcOpis,
3159 5164 3456 5223 abbatibus
3486 5170 3544 5220 et

1921 5261 2252 5316 Francorum
2267 5260 2610 5333 proceribus,
2634 5259 2778 5316 inter
2807 5257 3150 5330 Chrispeium
3181 5263 3237 5312 et
3263 5253 3539 5312 civitatem

1920 5352 2396 5408 Silvanectensem
2447 5351 2539 5419 ιω,
2571 5356 2627 5407 et
2682 5349 2901 5408 nunciis
2945 5347 3098 5420 pacis
3121 5341 3544 5402 intercurrenti-

1565 5470 1786 5526 VARUE
1823 5467 2192 5526 LECTIONFS.

1767 5610 1978 5667 NOTAE.

275 5545 340 5580 *εί
372 5543 520 5600 deest
543 5542 885 5600 conveniunt
913 5543 994 5597 vel
1023 5543 1131 5597 tale
1168 5541 1326 5611 quid.

274 5685 420 5757 (435)
454 5684 742 5757 Badulfus.

273 5752 415 5835 (436)
447 5755 927 5828 Chobi-sur-Bac,
951 5755 1010 5818 in
1041 5770 1186 5821 com.
1206 5752 1650 5817 Viromandensi.

2006 5682 2150 5755 (437)
2178 5680 2254 5755 Cf.
2277 5681 2649 5755 Gislebertum
2676 5699 2731 5754 p.
2779 5679 2903 5738 107.

2003 5751 2154 5828 (438)
2178 5751 2360 5814 Maria.
