3924 6080
359 275 464 336 319

1571 275 1911 330 SIGEBEBTI
1952 270 2463 328 GEMBLACENSIS.

3576 269 3682 326 320

360 401 481 469 bus,
515 419 617 474 pax
648 404 790 458 inter
817 417 914 458 eos
955 402 1110 458 firma
1155 402 1403 458 ﬁrmatur
1456 400 1613 473 (439).
1675 400 1962 474 Nunquam
1993 406 2037 473 Α
2069 415 2207 453 mus.
2243 398 2443 453 Horum
2481 397 2754 466 judicium
2807 397 3122 468 episcopus,
3177 395 3291 465 jam
3347 394 3572 468 paralisi
3603 395 3683 450 la-

358 503 541 551 nostra
560 503 704 551 etate
747 496 1056 551 audivimus
1089 503 1295 551 tantum
1337 495 1469 551 belli
1511 497 1825 554 incendium
1855 505 1962 554 tam

356 607 520 661 parva
569 591 721 662 pacis
798 593 1036 648 scintilla
1113 592 1459 648 exstinctum.
1519 593 1818 648 Balduinus
1873 610 1963 650 rex

359 680 709 738 lberusalem.
746 682 897 755 regio
928 683 1120 736 morbo
1171 682 1449 742 laborans.
1483 681 1778 757 etfustigia
1809 683 1962 758 regni

360 769 663 837 fastidiens,
696 771 970 842 templarii
994 783 1218 842 quoque
1247 778 1296 824 ct
1347 771 1692 825 transmarini
1735 771 1961 838 milites,

358 862 727 930 stipantimero
753 862 983 918 nuncios
1039 865 1493 925 transmittentes,
1525 878 1709 936 regem
1727 863 1967 920 Franco-

361 962 481 1004 rum
504 957 558 1006 et
580 951 877 1024 Anglorum
910 953 1219 1018 obsecrant,
1253 959 1311 1006 ut
1340 968 1569 1026 regnum
1595 951 1969 1007 Hierosolimi-

362 1047 546 1094 Ianum
578 1040 918 1105 ordinantes,
951 1046 1005 1096 et
1037 1049 1179 1096 terre
1227 1049 1633 1108 succurrentes,
1662 1041 1731 1096 de
1763 1057 1965 1098 corona

362 1128 517 1202 regni
562 1144 721 1183 suum
768 1129 907 1184 velle
950 1129 1165 1185 faciant.
1230 1131 1307 1184 Ad
1347 1131 1719 1201 supradictum
1761 1133 1966 1204 quippe

360 1221 693 1292 colloquium
720 1221 863 1276 idem
888 1223 1075 1277 nuncii
1122 1221 1412 1277 affuerunt.
1449 1223 1967 1296 Fredericusimpe-

360 1319 509 1368 rator
535 1313 1001 1384 sollempnitatem
1049 1321 1398 1385 pentecostes
1441 1315 1588 1384 apud
1635 1315 1964 1389 Maguntiam

361 1421 484 1460 cum
535 1422 731 1480 magna
768 1407 1012 1462 celebrat
1068 1407 1263 1480 gloria.
1309 1407 1387 1461 Ad
1444 1409 1584 1464 hanc
1621 1409 1970 1482 imperatoris

361 1495 570 1549 curiam
604 1510 796 1551 omnes
837 1511 978 1567 pene
1031 1497 1322 1567 Optimates
1351 1499 1633 1555 Teutonici
1675 1502 1830 1574 regni
1879 1502 1968 1557 af-

361 1585 632 1650 fuerunt;
679 1587 965 1660 Philippus
1005 1605 1225 1661 quoque
1295 1607 1482 1647 comes
1541 1593 1792 1650 Flandrie
1845 1613 1968 1651 cum

360 1679 474 1734 suis
552 1681 850 1736 baronibus
943 1681 1117 1746 aﬂuit,
1211 1683 1302 1754 qui
1379 1701 1439 1738 se
1524 1685 1967 1744 liberalissimum

359 1784 529 1838 super
568 1785 762 1824 omnes
807 1771 960 1845 regni
1021 1771 1300 1842 principes
1335 1814 1348 1838 ,
1394 1789 1493 1828 sua
1556 1774 1738 1830 dando
1772 1817 1785 1843 ,
1855 1793 1968 1833 non

360 1859 479 1946 sine
532 1864 915 1946 ammiratione
993 1867 1287 1922 multorum
1358 1868 1624 1923 exhibuit.
1685 1870 1764 1925 lbi
1821 1872 1969 1928 Hen-

362 1940 630 2006 ricusddx
652 1946 886 2009 Saxonie
917 1956 1118 2010 trienni
1178 1958 1615 2029 condempnatur
1643 1962 1807 2020 exilio
1832 1981 1846 2029 ;
1871 1965 1966 2036 qui

363 2041 430 2095 de
453 2059 623 2116 regno
655 2050 874 2099 coactus
905 2045 1076 2111 exire,
1119 2047 1185 2100 ad
1220 2048 1511 2105 Henricum
1555 2067 1738 2127 regem
1765 2055 1968 2129 Anglo-

366 2147 482 2186 rum
528 2147 586 2187 se
645 2149 769 2187 cum
809 2150 907 2188 sua
954 2137 1184 2190 contulit
1238 2153 1425 2194 uxore.
1468 2141 1706 2197 Tandem
1763 2145 1968 2215 pietate

363 2221 710 2291 imperatoris
731 2224 998 2293 quosdam
1031 2232 1171 2281 terre
1200 2244 1298 2282 sue
1322 2229 1570 2286 redditus
1598 2232 1666 2286 ad
1700 2233 1784 2288 sui
1817 2237 1968 2291 exilii

360 2311 814 2366 sustentationem
873 2314 1075 2369 habere
1127 2317 1474 2387 permittitur.
1524 2318 1814 2377 Mauricius
1839 2325 1966 2392 ,Pa-

361 2399 555 2454 risiace
573 2399 810 2456 civitatis
839 2401 1160 2475 episcopus,
1227 2423 1322 2462 vas
1361 2409 1493 2464 utile
1521 2421 1574 2466 et
1603 2413 1747 2468 oliva
1779 2412 1968 2471 fructi-

367 2485 476 2541 fera
505 2489 559 2542 in
588 2489 752 2546 domo
801 2492 919 2557 Dei,
974 2493 1129 2548 floret
1160 2495 1301 2551 inter
1329 2500 1692 2572 coepiscopos
1716 2520 1848 2560 suos
1912 2506 1968 2560 in

367 2577 560 2634 Gallia.
594 2579 780 2634 Preter
830 2581 921 2634 illa
951 2583 1098 2636 enim
1149 2601 1256 2655 que
1305 2586 1636 2646 intrinsecus
1666 2600 1812 2660 sunt,
1867 2611 1975 2667 que

370 2669 519 2722 solus
547 2669 698 2724 novit
744 2669 902 2736 Deus,
954 2673 1197 2727 exterius
1253 2675 1421 2730 claret
1475 2678 1972 2746 litteratura,verbi

373 2760 466 2814 Dei
493 2762 893 2832 predicatione,
924 2763 1348 2821 elemosinarum
1397 2770 1686 2845 largitione
1726 2787 1779 2831 et
1808 2778 1978 2835 bono-

370 2865 488 2904 rum
515 2867 742 2922 Operum
792 2851 1154 2908 exhibitione.
1214 2856 1505 2913 Ecclesiam
1538 2861 1854 2922 beatissime
1883 2869 1976 2924 Dei

369 2939 656 3010 genitricis
688 2940 871 3007 Marie,
907 2941 961 2995 in
995 2959 1104 3013 qua
1132 2943 1248 3014 ipse
1299 2948 1503 3004 residet
1532 2952 1830 3025 episcopus
1849 2973 1981 3027 pro-

372 3032 506 3102 priis
536 3033 711 3104 magis
756 3034 1071 3104 sumptibus
1111 3039 1535 3106 quamalienis,
1587 3044 1978 3107 decentissimo

373 3131 428 3178 et
454 3131 778 3194 sumptuoso
819 3141 987 3196 opere
1033 3130 1333 3196 renovavit,
1387 3133 1620 3202 plateam
1646 3148 1773 3194 ante
1807 3142 1977 3213 ipsam

372 3213 660 3267 ecclesiam
696 3214 837 3268 inter
862 3224 1156 3286 utrumpue
1169 3226 1391 3288 pontem
1419 3222 1979 3301 dilatavit,redempto

374 3321 572 3374 magno
600 3307 834 3376 pretioa
889 3308 1103 3363 civibus
1163 3310 1306 3378 loco,
1361 3313 1548 3370 multis
1597 3320 1980 3378 mansionibus

372 3396 527 3468 prius
557 3405 865 3468 occupato;
899 3400 1779 3481 mansionesrenovavitepiscopi
1816 3415 1982 3478 ;duas

369 3483 638 3551 abbatias,
685 3502 850 3541 unam
892 3490 1305 3559 canonicorum,
1356 3497 1862 3558 sanctimonialium
1909 3505 1985 3558 al-

374 3583 544 3631 teram
592 3579 914 3634 construxit.
988 3582 1047 3635 In
1096 3583 1330 3640 ecclesia
1378 3589 1554 3662 magis
1607 3601 1690 3648 est
1729 3596 1985 3654 assiduus

375 3686 539 3740 quam
564 3669 848 3741 frequens.
881 3673 1001 3728 Vidi
1035 3677 1183 3730 enim
1230 3694 1356 3733 eum
1387 3681 1442 3734 in
1475 3685 1710 3754 quadam
1739 3703 1849 3742 non
1881 3690 1988 3745 sol-

377 3759 547 3814 lemni
587 3759 907 3827 festivitate,
940 3779 1064 3818 cum
1100 3766 1558 3838 horavespertina
1580 3775 1984 3846 decantaretur,

381 3860 491 3899 non
525 3846 578 3899 in
608 3846 827 3902 catedra
874 3849 1197 3921 episcOpali,
1232 3862 1292 3910 ut
1336 3859 1506 3913 moris
1553 3870 1659 3930 est,
1726 3865 1822 3918 sed
1861 3882 1987 3922 cum

379 3937 574 3991 ceteris
604 3939 929 4008 psallentem
961 3949 1016 3996 et
1079 3945 1363 4002 sedentem
1422 3951 1476 4004 in
1509 3953 1695 4017 choro,
1730 3957 1987 4013 vallatum

379 4027 504 4099 plus
530 4042 692 4100 quam
729 4034 1045 4089 centenario
1095 4037 1416 4094 clericorum
1451 4058 1698 4101 numero.
1727 4047 1989 4104 Henricus

381 4116 545 4171 etiam
576 4117 1001 4176 Silvanectensis
1047 4124 1342 4197 episcopus
1386 4130 1600 4200 justitie
1655 4134 1857 4191 dicitur
1906 4138 1989 4191 in-

378 4204 555 4260 victus
583 4223 706 4262 esse
731 4219 942 4265 amator
985 4220 1040 4267 et
1078 4214 1228 4282 juste
1268 4219 1578 4276 severitatis
1611 4231 1789 4279 tenax.
1839 4227 1993 4282 Luna

304 4362 307 4364 _
380 4298 587 4353 mensis
611 4301 838 4374 Augusti
888 4304 1028 4358 etin
1060 4323 1280 4362 accessu
1334 4319 1388 4366 et
1442 4313 1497 4367 in
1528 4315 1773 4373 discessu
1825 4320 1992 4374 nimis

2067 493 2289 556 borans,
2314 490 2732 563 archiepiscOpo
2763 489 3082 546 reservavit.

2137 581 2294 636 1183.
2445 580 2508 635 R.
2573 580 2661 635 31.
2811 578 2866 634 F.
2925 579 2975 634 3.
3126 579 3185 634 A.
3246 574 3337 632 29.
3521 577 3583 631 Η.
3629 577 3681 633 7.

2135 671 2444 725 Transactis
2471 669 2669 724 diebus
2698 667 3001 723 nativitatis
3031 667 3331 733 dominice,
3375 665 3685 720 Willelmus

2066 760 2353 815 Bernensis
2383 759 2840 830 archiepiscOpus
2867 766 2923 814 et
2955 772 3142 813 comes
3181 755 3436 811 Flandrie
3467 754 3683 826 Philip-

2065 869 2168 925 pus
2195 853 2250 907 in
2281 851 2497 908 civitate
2529 850 2917 918 Attrebatensi,
2948 851 3018 905 de
3039 848 3390 904 secretissuis
3420 846 3680 914 locuturi,

2066 944 2420 1001 conveniunt.
2479 944 2561 999 lbi
2615 943 2907 1000 multarum
2963 941 3243 999 heresium
3299 940 3523 996 fraudes
3583 954 3684 1011 per

2067 1036 2342 1108 quandam
2385 1035 2675 1090 mulierem
2730 1035 2781 1089 in
2823 1042 2968 1089 terra
3022 1031 3241 1088 comitis
3282 1038 3412 1086 sunt
3439 1030 3678 1085 detecte.

2070 1129 2162 1185 lsti
2193 1127 2420 1182 heretici
2456 1126 2662 1181 nullius
2688 1125 3038 1182 heresiarche
3065 1121 3685 1195 muniunturlpresidio;

2069 1217 2295 1288 quidam
2334 1216 2528 1270 dicunt
2574 1215 2908 1280 Manicheos,
2955 1213 3046 1268 alii
3078 1213 3393 1286 Catafrigas,
3426 1210 3684 1266 nonnulli

2066 1323 2196 1363 vero
2247 1307 2526 1375 Arrianos,
2595 1307 2899 1362 Alexander
2953 1313 3137 1361 autem
3179 1321 3320 1376 papa
3374 1310 3532 1358 vocat
3587 1317 3686 1357 eos

2070 1397 2462 1453 Paterniosm.
2505 1397 2612 1452 Sed
2663 1396 2931 1469 quicquid
2980 1397 3111 1460 sint,
3164 1396 3276 1451 oris
3307 1394 3517 1467 preprii
3546 1407 3687 1449 con-

2071 1488 2312 1545 fessione
2339 1489 2571 1544 convicti
2613 1496 2738 1543 sunt
2765 1488 2995 1544 heretici
3040 1485 3494 1542 immundissimi.
3530 1483 3681 1540 Multi

2070 1590 2198 1636 sunt
2223 1582 2280 1635 in
2313 1582 2591 1652 presentia
2619 1581 3020 1651 archiepiscOpi
3076 1587 3131 1634 et
3157 1578 3373 1634 comitis
3420 1575 3683 1642 accusati,

2072 1670 2310 1737 nobiles,
2344 1670 2640 1745 ignobiles,
2674 1670 2880 1735 clerici,
2916 1669 3140 1732 milites,
3174 1667 3384 1733 rustici,
3416 1667 3682 1740 virgines,

2070 1759 2231 1815 vidue
2251 1766 2305 1814 et
2334 1767 2580 1816 uxorate.
2612 1760 2761 1815 Tunc
2780 1757 3072 1814 decretalis
3103 1757 3376 1812 sententia
3404 1756 3471 1810 ab
3503 1753 3684 1809 archi-

2069 1854 2332 1925 episcopo
2362 1864 2416 1909 et
2441 1852 2845 1924 comitipreﬁxa
2861 1849 3396 1923 est,utdeprehensi
3425 1847 3682 1905 incendio

2071 1937 2438 2008 traderentur,
2467 1941 2779 1997 substantie
2809 1941 2878 1977 ⁸⁸³
2930 1956 3058 1996 vero
3097 1955 3287 1996 eorum
3328 1937 3601 1993 sacerdoti
3632 1943 3689 1992 et

2070 2033 2306 2104 principi
2334 2033 2759 2107 resignarentur.
2802 2033 2895 2087 Hic
2941 2031 3196 2103 apparuit
3229 2030 3482 2102 preclara
3507 2028 3686 2083 virtus

2069 2125 2448 2181 confessionis.
2485 2125 2638 2189 Nam,
2668 2132 2729 2180 ut
2749 2125 2817 2179 ab
2847 2123 2955 2192 his,
2983 2125 3076 2196 qui
3100 2122 3489 2187 interfuerunt,
3522 2136 3681 2176 vera-

2068 2215 2205 2269 citer
2236 2214 2525 2284 probatum
2555 2221 2658 2280 est,
2701 2213 2857 2268 multi
2889 2212 3091 2268 antein
3135 2211 3315 2266 heresi
3346 2208 3680 2281 culpabiles,

2071 2321 2168 2374 per
2198 2304 2290 2359 Dei
2322 2303 2739 2358 misericordem
2804 2303 3031 2375 gratiam
3077 2318 3108 2355 a
3177 2300 3305 2356 ferri
3357 2299 3602 2355 cauterio
3632 2308 3688 2353 et

2069 2412 2210 2468 aque
2291 2395 2533 2466 periculo
2619 2402 2911 2449 evaserunt
2969 2393 3298 2448 incolumes.
3365 2391 3420 2445 ln
3509 2397 3684 2445 castro

2074 2497 2306 2570 Yprensi
2339 2496 2630 2552 duodecim
2678 2496 2744 2550 ad
2771 2495 3044 2564 judicium
3107 2493 3234 2549 ferri
3283 2499 3412 2547 sunt
3443 2490 3687 2554 adducti,

2075 2589 2173 2643 sed
2201 2604 2301 2659 per
2354 2587 2605 2641 eamdem
2650 2584 3015 2641 confessionis
3059 2583 3320 2638 virtutem
3352 2596 3549 2637 omnes
3577 2580 3689 2634 sal-

2076 2681 2204 2736 vati.
2241 2681 2389 2735 Obiit
2418 2677 3047 2748 Frumaldusepiscopus
3075 2674 3476 2730 Attrebatensis
3505 2671 3688 2743 (M0);

2076 2773 2312 2828 ecclesia
2370 2771 2613 2842 predicta
2669 2770 2934 2842 episcopo
2997 2783 3143 2823 anno
3207 2765 3421 2821 vacavit
3452 2765 3688 2838 integro.

2078 2861 2327 2917 Manuele
2384 2861 2715 2932 imperatore
2773 2856 3386 2927 Constantinopolitano
3455 2861 3691 2919 mortuo,

2080 2951 2223 3005 filius
2251 2951 2372 3022 ejus
2401 2950 2534 3005 satis
2561 2965 2700 3020 puer
2723 2955 2845 3020 post
2869 2963 2996 3003 eum
3027 2947 3282 3016 imperat.
3320 2945 3438 3012 Hic,
3471 2944 3695 2999 vivente

2081 3048 2253 3112 patre,
2321 3039 2488 3094 filiam
2547 3038 2804 3094 Ludovici
2873 3038 3203 3092 Francorum
3256 3033 3405 3108 regis
3469 3048 3693 3088 uxorem

2081 3134 2314 3189 duxerat
2359 3133 2460 3198 Qui
2491 3149 2699 3188 morem
2752 3131 2920 3204 patris
2967 3131 3237 3196 imitatus,
3279 3128 3478 3183 Grecos
3511 3127 3695 3198 parvi-

2081 3221 2589 3292 pendens.Latinos
2617 3220 2918 3294 diligebat;
2950 3220 3144 3275 horum
3170 3217 3404 3274 consilio
3418 3217 3697 3281 utebatur,

2084 3320 2275 3374 horum
2304 3318 2505 3373 auxilio
2532 3318 2963 3384 sustentabatur,
2997 3321 3051 3370 et
3107 3313 3350 3369 clericali
3371 3311 3606 3367 scientia
3634 3318 3690 3366 et

2082 3408 2262 3463 laicali
2282 3407 2513 3476 justitia.
2541 3407 2649 3462 Hec
2675 3406 2776 3462 fuit
2830 3422 2996 3462 causa
3038 3404 3290 3460 interitus
3312 3403 3510 3475 ipsius,
3553 3401 3697 3457 sicut

2083 3518 2323 3573 sequens
2352 3500 2753 3557 demonstrabit
2805 3516 3002 3554 annus.
3063 3498 3325 3554 Henricus
3376 3497 3567 3567 junior
3606 3512 3699 3551 rex

2086 3595 2278 3668 Anglic
2328 3601 2383 3651 et
2412 3593 2705 3649 Gaufridus
2746 3593 2913 3647 frater
2954 3593 3097 3660 ejus,
3148 3605 3333 3646 comes
3394 3588 3697 3655 Britannie,

2089 3687 2381 3760 insurgunt
2411 3703 2581 3758 super
2613 3685 2943 3744 Richardum
2991 3682 3212 3737 fratrem
3236 3698 3397 3738 suum
3437 3679 3697 3736 comitem

2088 3778 2396 3849 Aquitanie.
2431 3778 2544 3843 Quo
2575 3777 2763 3832 audito
2834 3776 3096 3831 Henricus
3147 3791 3239 3830 rex
3300 3773 3513 3835 senior,
3545 3777 3702 3842 pater

2087 3891 2300 3936 eorum,
2327 3873 2556 3948 indigne
2582 3872 2786 3938 ferens,
2827 3869 2976 3943 quod
2999 3870 3128 3925 talia
3167 3869 3288 3924 sine
3338 3883 3569 3922 assensu
3602 3880 3702 3920 suo

2091 3967 2268 4022 facere
2318 3965 2761 4037 presumpsisset,
2817 3963 3120 4018 Richarcho
3197 3961 3310 4016 ﬁlio
3359 3975 3460 4015 suo
3513 3965 3702 4014 contra

2089 4039 2284 4112 fratres
2336 4072 2467 4112 suos
2523 4055 2758 4111 militum
2815 4054 3029 4125 copiam
3089 4052 3240 4107 misit
3295 4052 3351 4105 in
3411 4049 3696 4105 auxilium.

2093 4149 2360 4204 Certatum
2395 4155 2477 4204 est
2506 4148 2697 4203 multis
2749 4147 2946 4202 diebus
3009 4145 3324 4216 utrimque;
3373 4143 3555 4198 donec
3586 4141 3698 4196 im-

2091 4249 2302 4294 matura
2332 4246 2502 4294 morte
2528 4244 2828 4310 preventus
2887 4235 3152 4291 Henricus
3205 4249 3296 4287 rex
3330 4231 3549 4301 juvenis
3585 4231 3704 4284 bel-

2091 4329 2240 4384 laudi
2272 4328 2436 4383 ﬁnem
2469 4328 2599 4383 fecit
2628 4329 2774 4396 (Jun.
2907 4324 3006 4388 Qui
3065 4339 3186 4378 cum
3241 4321 3428 4375 multis
3459 4320 3703 4375 lacrimis

382 4385 560 4491 extitit
590 4389 837 4491 pluviosa
876 4399 929 4447 et
958 4394 1253 4452 admodum
1310 4399 1511 4476 frigida
1545 4421 1558 4468 ;
1598 4422 1707 4476 que
1737 4422 2068 4490 magnamD
2093 4429 2148 4475 et
2175 4419 2592 4491 incomparabili
2617 4385 2864 4474 omnium
2905 4385 3053 4470 luctu
3093 4444 3162 4454 —
3201 4429 3327 4468 nam
3366 4411 3705 4486 diligebatur

385 4481 892 4541 incommoditatem
954 4506 1052 4560 per
1116 4493 1286 4548 multa
1347 4501 1634 4569 generavit
1684 4502 1823 4559 loca.
1857 4505 1988 4559 Nam

385 4580 603 4643 segetes
631 4573 859 4631 humide
893 4578 945 4631 in
1005 4580 1213 4636 horreis
1256 4594 1385 4639 sunt
1447 4589 1729 4646 recondite
1762 4591 1990 4658 ;fenum

386 4660 647 4756 nundum
675 4673 977 4720 resecatum
1013 4685 1114 4725 nec
1141 4671 1429 4728 collectum
1454 4676 1540 4731 vix
1564 4680 1738 4746 potuit
1764 4681 1948 4756 colligi
1976 4701 1990 4749 ;

387 4753 461 4812 et,
503 4750 649 4818 quod
675 4753 799 4820 plus
828 4769 1023 4810 omnes
1062 4775 1206 4828 pene
1236 4761 1446 4831 dolent,
1474 4766 1586 4820 vini
1627 4750 1925 4825 maturitas
1941 4778 1995 4826 et

385 4835 637 4892 collectio
679 4841 887 4898 tardius
914 4849 1188 4916 provenit.
1223 4852 1464 4916 Quatuor
1492 4856 1720 4913 heretici
1754 4858 1808 4914 in
1841 4861 1996 4916 Atre-

386 4926 850 5019 batensieivitate
901 4936 1258 5008 deprehensi,
1300 4959 1332 4998 a
1397 4945 1686 5005 Frumaldo
1745 4951 1992 5019 ejusdem

389 5016 624 5073 civitatis
643 5019 905 5093 episcopo
954 5025 1011 5078 in
1064 5043 1282 5085 carcere
1337 5043 1466 5091 sunt
1505 5038 1723 5093 reclusi.
1754 5016 1993 5106 Quorum

392 5131 538 5170 unus
589 5116 878 5174 dicebatur
941 5121 1110 5178 Adam
1169 5125 1458 5198 litteratus,
1535 5134 1694 5202 alter,
1732 5136 1996 5194 Radulfus

387 5208 873 5281 eloquentissimus
924 5214 1137 5282 laicus;
1181 5223 1528 5292 sequentium
1562 5229 1787 5284 nomina
1810 5231 1994 5287 nesci-

2093 4514 2258 4568 nimis
2288 4513 2356 4567 ab
2387 4513 2645 4567 omnibus
2684 4542 2751 4551 —
2803 4507 3171 4565 Cenomannis
3215 4505 3482 4570 defertur,
3535 4512 3590 4559 et
3624 4503 3702 4558 ibi

2093 4606 2380 4677 sepelitur.
2405 4605 2558 4670 Quod
2589 4611 2744 4676 pater
2761 4602 2995 4657 audiens
3039 4631 3090 4640 —
3118 4614 3231 4654 non
3255 4597 3405 4653 enim
3436 4594 3704 4651 interfue-

2097 4696 2346 4751 ratmorti
2378 4711 2481 4751 nec
2508 4694 2794 4765 sepulture
2821 4722 2884 4731 —
2919 4691 3110 4746 iterato
3161 4688 3384 4759 planctu
3421 4692 3476 4740 et
3507 4680 3698 4739 multi-

2097 4785 2316 4855 plicato,
2351 4784 2420 4838 ab
2449 4785 2570 4854 ipso
2601 4783 3000 4854 Rothomagum
3057 4779 3323 4844 defertur,
3357 4784 3410 4830 et
3460 4774 3535 4829 ibi
3579 4789 3704 4828 cum

2096 4871 2344 4942 patribus
2358 4871 2492 4938 suis,
2526 4887 2648 4926 cum
2668 4885 2866 4940 magno
2881 4868 3112 4944 gemitu,
3141 4866 3387 4922 secundo
3417 4864 3702 4935 sepelitur.

2096 4965 2154 5018 1n
2184 4965 2399 5020 civitate
2464 4961 2805 5018 Atrebatensi
2864 4962 3052 5016 Petrus
3098 4959 3272 5014 abbas
3326 4955 3708 5012 Cistertiensis

2095 5053 2390 5124 episcOpus
2419 5051 2658 5122 eligitur.

2166 5143 2324 5198 1184.
2531 5142 2621 5198 32.
2832 5143 2886 5196 4.
3071 5139 3158 5196 30.
3365 5137 3418 5193 8.

2166 5230 2489 5287 Fredericus
2518 5229 2816 5304 imperator
2840 5229 3048 5286 Italiam
3090 5226 3459 5300 proficiscitur
3491 5224 3706 5297 (Sept.).

1741 5346 1958 5402 νΑιωΕ
1980 5346 2354 5404 LECTIONES.

367 5453 375 5463 -
461 5425 529 5459 ’³⁵³
575 5429 687 5498 lege
716 5429 1019 5502 Paterinos,
1048 5439 1085 5490 ἱ.
1117 5455 1170 5508 q.
1204 5440 1476 5498 Petorenos
1498 5443 1566 5479 ‘53
1594 5448 1858 5502 sustautie
1883 5449 1999 5504 cod.

1943 5547 2154 5602 NOTAE.

469 5626 1001 5717 ‘gotiditio_nes
1027 5639 1567 5717 habet_Gislebertus
1600 5664 1652 5717 p.
1691 5648 1809 5702 H7.

463 5699 690 5769 (440)13
723 5705 832 5762 Kal.
867 5707 986 5766 Mai.
1021 5713 1323 5774 secundum
1355 5713 1568 5778 Necrol.
1601 5699 2067 5790 Aquicinctinum.
