3894 6070
228 185 334 242 321

1181 179 1528 240 CHRONICA.
1575 216 1637 226 -ο
1681 185 2116 242 CONTINUATIO
2156 186 2638 253 AQUlClNCTlNA.

3465 196 3568 252 322

228 321 471 378 Romani
503 319 733 376 Lucium
767 334 964 390 papam
993 319 1480 392 parvipendentes,
1541 327 1598 378 et
1649 323 1853 378 clerum
1879 328 1934 397 Α
1961 323 2053 394 qui
2085 323 2153 378 dc
2192 322 2360 379 futuri
2386 325 2533 380 venti
2578 323 2824 394 periculo
2854 323 3067 382 litteras
3095 326 3162 382 ad
3195 329 3568 402 archiepisco-

229 413 632 484 deSpicientes,
665 411 721 466 in
751 411 1139 468 contumeliam
1163 412 1522 468 cardinalium
1546 415 1859 491 exc0gitant

231 505 550 561 inauditum
601 503 894 579 ﬂagitium,
953 503 1086 558 Nam
1137 510 1287 558 extra
1336 504 1530 560 urbem
1589 507 1854 578 quosdam

231 595 474 650 clericos
541 593 685 650 forte
755 591 1106 648 invenientes
1183 593 1748 666 comprehenderunt,
1803 603 1857 652 et

231 701 438 743 omnes
493 691 914 752 excecaverunt,
987 691 1172 756 preter
1237 701 1428 742 unum.
1490 687 1636 753 Quos
1690 705 1859 760 super

230 778 522 836 asinorum
579 777 744 834 dorsa
793 791 1018 833 aversos
1074 776 1444 847 imponentes,
1513 779 1594 834 eis
1633 781 1859 836 nomina

231 869 602 927 cardinalium
631 869 1032 943 imposuerunt.
1072 869 1170 924 Hic
1213 873 1312 935 est,
1347 869 1623 942 inquiunt,
1675 875 1858 928 cur-di-

233 961 384 1016 nah‘s
413 961 610 1016 Sancte
634 961 812 1014 Mario
839 957 1090 1028 majoris,
1113 957 1200 1012 hic
1213 974 1338 1013 vero
1357 959 1544 1014 Sancti
1570 962 1858 1018 Laurentii

231 1055 378 1121 foris
433 1069 672 1120 murum,
711 1054 812 1107 iste
860 1056 1041 1106 autem
1104 1051 1423 1108 Sanctorum
1485 1053 1747 1110 Johannis
1807 1060 1855 1110 et

238 1147 419 1210 Pauli,
451 1150 510 1200 tu
547 1159 670 1200 vero
707 1145 897 1200 Sancti
934 1143 1153 1212 Georgii
1189 1143 1264 1198 ad
1307 1147 1483 1200 uelum
1508 1161 1746 1201 aureum.
1795 1147 1856 1202 Et

234 1235 318 1291 sic
349 1234 422 1290 de
448 1233 672 1291 ceteris.
697 1232 848 1289 Tunc
873 1249 968 1304 per
998 1248 1148 1298 eum,
1179 1233 1269 1288 cui
1301 1241 1684 1305 perpecerant,
1716 1251 1856 1307 pape

235 1325 583 1381 direxerant.
623 1323 779 1390 Quod
808 1323 1031 1378 intuens
1065 1339 1208 1396 papa
1238 1323 1526 1400 ingemuit,
1557 1333 1612 1380 et
1639 1342 1734 1382 eos
1757 1328 1852 1400 qui

237 1423 349 1477 hoc
373 1423 557 1478 scelus
585 1429 1058 1493 perpetraverant,
1089 1427 1358 1493 perpetuo
1389 1421 1593 1478 feriens
1627 1425 1857 1480 anathe-

236 1523 411 1581 mate,
437 1529 563 1570 cum
591 1513 708 1568 suis
737 1512 868 1569 exiit
896 1513 966 1568 ab
993 1513 1151 1568 urbe.
1212 1513 1311 1578 Qui
1351 1514 1582 1570 veniens
1619 1516 1852 1581 Verene,

237 1606 321 1662 ibi
354 1606 561 1662 resedit
588 1621 766 1678 usque
816 1605 884 1660 ad
925 1603 1072 1660 diem
1115 1607 1307 1661 mortis
1331 1623 1450 1662 sue.
1491 1607 1860 1665 Cardinalium

237 1707 429 1753 autem
489 1696 718 1769 quidam
775 1695 993 1769 sequuti
1030 1702 1160 1752 sunt
1211 1713 1374 1766 eum;
1435 1699 1658 1771 quidam
1705 1716 1858 1770 vero,

239 1801 482 1860 quorum
513 1792 770 1858 parentes
805 1786 988 1841 scelus
1044 1785 1354 1856 predictum
1385 1795 1858 1860 perpetraverant,

240 1879 299 1934 in
361 1878 500 1934 urbe
556 1873 958 1934 remanserunt.
1014 1876 1300 1950 Philippus
1356 1893 1450 1934 rex
1505 1879 1858 1950 Francorum,

236 1973 479 2032 consilio
532 1972 896 2045 quorumdam
949 1972 1219 2028 barouum
1296 1988 1544 2041 suorum,
1605 1974 1859 2048 Philippo

233 2061 428 2117 comiti
481 2060 738 2116 Flandrie
785 2061 1174 2129 invidentium,
1225 2063 1472 2137 reginam
1525 2063 1641 2120 vult
1669 2064 1858 2121 dimit-

235 2158 356 2206 tere
408 2150 475 2205 At
528 2149 621 2206 illa
670 2149 738 2205 ad
803 2151 975 2205 Deum
1018 2165 1304 2219 conversa,
1333 2159 1540 2208 tantam
1579 2169 1709 2228 erga
1763 2155 1856 2210 Dei

231 2239 568 2313 genitricem
619 2239 675 2294 in
742 2238 962 2294 civitate
1002 2238 1402 2296 Silvanectensi
1451 2242 1705 2297 exhibuit
1751 2243 1856 2299 de-

231 2329 543 2396 votionem,
595 2327 964 2383 humilitatem
1021 2332 1076 2382 et
1107 2327 1522 2399 contritionem,
1577 2339 1637 2386 ut
1665 2346 1860 2386 omnes

235 2436 384 2494 pene
415 2420 704 2476 intuentes
733 2419 802 2475 ad
829 2418 1090 2476 lacrimas
1110 2428 1505 2478 commoveret.
1528 2421 1661 2478 Nam
1693 2424 1860 2479 nudis

239 2510 486 2584 pedibus
518 2527 621 2582 per
656 2510 866 2581 plateas
889 2510 1127 2566 civitatis
1162 2510 1451 2576 incedens,
1483 2519 1538 2567 et
1575 2527 1767 2570 cereos
1799 2515 1856 2570 in

240 2602 503 2658 manibus
555 2609 817 2673 portans;
861 2601 1336 2674 elemosinamque
1397 2603 1656 2660 omnibus
1709 2605 1859 2660 indi-

241 2695 511 2771 gentibus
537 2693 834 2750 afﬂuenter
885 2695 1236 2766 dispertiens,
1294 2696 1536 2764 intravit,
1564 2697 1726 2754 beate
1767 2700 1860 2758 Dei

239 2781 533 2854 genitricis
569 2781 880 2838 ecclesiam.
915 2782 1017 2837 Ubi
1047 2783 1254 2840 diutius
1279 2785 1475 2854 oravit,
1517 2793 1572 2842 et
1607 2787 1727 2858 ipso
1773 2789 1864 2845 die

237 2889 442 2930 omnes
468 2874 705 2930 civitatis
731 2890 1004 2947 pauperes
1048 2876 1192 2932 laute
1235 2875 1443 2940 refecit,
1503 2879 1707 2949 quibus
1746 2880 1866 2952 ipsa

237 2966 578 3023 ministravit
629 2967 786 3032 Quod
815 2982 905 3022 rex
939 2976 995 3024 et
1025 2983 1219 3024 omnes
1261 2968 1557 3040 Optimates
1592 2971 1713 3040 ejus
1759 2988 1860 3028 au-

236 3057 488 3122 dientes,
528 3055 804 3128 compassi
838 3063 990 3124 sunt,
1017 3065 1072 3112 et
1102 3057 1409 3128 penitentia
1438 3059 1610 3128 ducti,
1663 3060 1734 3116 ab
1765 3061 1857 3117 in-

235 3153 402 3216 cepto
447 3145 781 3201 destiterunt
835 3145 1121 3217 Philippus
1178 3153 1362 3202 tamen
1393 3163 1583 3204 comes
1636 3155 1744 3204 tam
1777 3167 1862 3206 ar-

235 3235 664 3308 chiepiscOpum
713 3235 1044 3292 Remensem
1100 3254 1266 3310 quam
1305 3255 1500 3295 omnes
1563 3241 1656 3313 qui
1701 3242 1865 3314 hujus

235 3328 464 3386 consilii
494 3327 797 3400 complices
827 3327 1069 3396 fuerunt,
1130 3345 1271 3401 quos
1311 3331 1520 3387 dudum
1561 3333 1779 3389 colebat
1807 3343 1867 3390 ut

237 3420 474 3485 amicos,
525 3435 676 3476 nunc
729 3426 954 3476 veretur
1003 3427 1064 3475 ut
1102 3419 1362 3477 inimicos
1431 3423 1665 3494 Pr0pler
1725 3425 1868 3480 hanc

240 3529 469 3570 causam
522 3521 578 3570 et
607 3513 743 3570 alias
773 3514 916 3570 inter
971 3529 1156 3590 regem
1213 3522 1267 3570 et
1315 3515 1570 3571 comitem
1627 3533 1730 3588 pax
1785 3524 1868 3572 est

238 3605 480 3663 turbata.
513 3605 641 3662 Post
701 3613 1068 3678 pentecosten
1117 3623 1210 3662 rex
1241 3615 1297 3662 et
1341 3623 1529 3664 comes
1595 3625 1719 3664 cum
1748 3609 1867 3664 suis

242 3698 580 3756 exercitibus
637 3697 694 3753 in
749 3699 987 3754 marchis
1041 3706 1308 3754 terrarum
1385 3715 1606 3756 suarum
1665 3715 1870 3756 conve-

243 3787 427 3844 niunt.
504 3786 672 3860 Regis
719 3787 996 3842 exercitus
1071 3786 1376 3858 equitibus,
1428 3803 1592 3859 porro
1648 3788 1869 3845 comitis

241 3873 562 3952 agminibus
613 3872 860 3944 peditum
893 3874 1102 3944 Optime
1147 3882 1476 3930 armatorum
1509 3875 1864 3946 precellebat.

241 3965 580 4022 Standarum
610 3965 964 4028 altissimum,
1015 3966 1352 4022 drachonem
1409 3968 1650 4038 desuper
1689 3967 1872 4040 prefe-

243 4062 484 4120 rentem,
517 4069 704 4110 comes
731 4069 918 4110 secum
967 4068 1138 4124 super
1188 4069 1410 4108 currum
1443 4062 1676 4126 quatuor
1731 4063 1872 4112 rota-

249 4163 374 4202 rum
407 4147 536 4202 duci
567 4145 730 4210 fecit;
753 4146 901 4219 quod
933 4163 1026 4202 rex
1052 4163 1177 4202 cum
1209 4153 1322 4202 tota
1349 4147 1574 4204 Francia
1602 4149 1760 4204 valde
1791 4150 1872 4206 iu-

248 4236 422 4310 dignc
483 4235 624 4290 tulit.
685 4233 908 4304 Tamen,
967 4235 1244 4292 mediante
1281 4236 1514 4292 Henrico
1571 4237 1869 4312 Anglorum

251 4341 408 4400 rege,
428 4324 499 4380 ab
531 4323 754 4380 instanti
785 4323 929 4380 festo
958 4325 1132 4380 sancti
1169 4325 1437 4381 Johannis
1474 4343 1652 4398 usque
1683 4328 1738 4382 in
1771 4344 1873 4382 an-

245 4433 387 4473 num
416 4417 762 4488 protelantur
788 4416 1034 4472 inducie.
1083 4418 1142 4471 in
1179 4417 1265 4472 his
1315 4417 1552 4474 induciis
1573 4419 1871 4476 Balduinus

247 4519 442 4559 comes
479 4503 806 4560 Hainoensis
859 4521 892 4560 a
921 4521 1050 4580 rege
1089 4506 1333 4576 ponitur,
1376 4507 1523 4561 unde
1581 4508 1872 4580 Philippus

247 4611 442 4653 comes
486 4596 648 4652 valde
675 4604 760 4651 est
790 4597 1125 4672 indignatus.
1171 4597 1440 4656 Kalendas
1483 4599 1616 4656 Maii.
1651 4601 1868 4676 signum

247 4689 397 4745 circa
416 4689 611 4745 horam
649 4697 861 4745 sextam
894 4690 950 4744 in
977 4691 1093 4746 sole
1124 4691 1380 4763 apparuit
1432 4692 1561 4747 Nam
1595 4693 1714 4763 ejus
1745 4711 1870 4765 pars

247 4779 485 4837 inferior
511 4787 626 4837 tota
650 4788 734 4837 est
761 4781 1074 4850 obscurata,
1110 4783 1164 4838 in
1197 4783 1380 4863 medio
1409 4800 1542 4841 vero
1573 4785 1730 4857 quasi
1761 4795 1871 4840 tra-

247 4871 382 4928 bem
413 4871 774 4929 suboscuram
815 4873 1074 4942 habebat,
1113 4875 1324 4948 reliqua
1374 4884 1559 4932 autem
1601 4892 1728 4948 pars
1758 4883 1870 4932 tota

251 4970 372 5018 erat
398 4963 634 5035 pallida;
664 4965 738 5021 ita
760 4973 821 5022 ut
845 4980 1040 5022 omnes
1069 4965 1322 5023 videntes
1341 4969 1598 5024 eumdem
1627 4968 1869 5025 colorem

251 5051 312 5106 in
341 5051 498 5107 vultu
521 5051 855 5124 proferrent.
894 5053 1049 5118 Quod
1077 5055 1292 5131 signum
1324 5058 1528 5114 multos
1551 5057 1869 5129 perterruit,

251 5141 387 5214 quia
416 5142 644 5214 quidam
676 5143 940 5218 magister
969 5145 1084 5202 Odo
1110 5147 1216 5203 hoc
1266 5146 1503 5203 futurum
1537 5148 1869 5219 predixerat,

1891 3013 1940 3083 C

1963 432 2088 486 pum
2104 416 2434 471 Remensem
2467 416 2760 472 direxerat.
2791 417 3080 490 Philippus
3105 435 3292 476 comes
3313 421 3567 479 Flandrie

1957 511 2011 558 et
2044 505 2340 561 Balduinus
2381 522 2570 561 comes
2598 505 2915 576 Monteusis,
2955 509 3010 562 in
3049 509 3170 565 loco
3216 511 3309 582 qui
3353 528 3571 568 nuncu-

1958 600 2118 664 patur
2145 593 2297 649 Mons
2339 595 2514 650 sancti
2567 595 2801 670 Remigii
2844 595 3013 668 (441),
3054 598 3123 652 ad
3161 605 3412 655 mutuum
3465 617 3563 657 ve-

1960 687 2118 742 niunt
2171 687 2509 760 colloquium
2602 689 2702 744 Ubi
2759 689 3060 745 Balduinus
3115 707 3242 747 eum
3315 693 3570 750 obsecrat

1961 774 2222 846 quatinus
2277 784 2466 833 contra
2535 775 2822 833 Henricum
2879 778 3077 834 ducem
3120 778 3477 836 Lovaniesem
3509 799 3568 838 se

1961 871 2408 937 exheredantem,
2438 872 2698 927 auxilium
2731 872 2898 938 ferat;
2942 875 3088 945 quod
3118 890 3305 931 comes
3331 891 3572 934 renuncs

1960 957 2243 1014 discordes
2272 960 2564 1016 discedunt
2611 961 2680 1016 ab
2730 961 2986 1017 invicem.
3045 963 3344 1020 Balduinus
3383 981 3570 1022 comes

1957 1049 2276 1107 Mondeusis
2326 1069 2496 1125 super
2563 1053 2852 1108 Henricum
2903 1055 3101 1110 ducem
3161 1057 3398 1113 Lovanie
3445 1075 3569 1114 cum

1957 1143 2276 1198 exercituin
2309 1143 2429 1200 loco
2461 1145 2556 1216 qui
2589 1145 2794 1200 dicitur
2855 1146 3156 1203 Lembecca
3195 1149 3340 1220 (442)
3380 1149 3569 1218 vadit;

1957 1239 2056 1295 sed
2087 1240 2283 1296 ducem
2313 1241 2638 1312 imparatum
2670 1257 2779 1298 non
2813 1243 3104 1299 inveniens
3151 1251 3227 1310 et,
3259 1250 3317 1298 ut
3343 1243 3566 1316 quidam

1955 1343 2226 1400 asserunt,
2259 1351 2289 1390 a
2342 1336 2459 1391 suis
2505 1337 2778 1408 proditus,
2842 1337 3093 1393 inefﬁcax
3157 1338 3339 1392 rediit.
3382 1337 3571 1393 Mense

1959 1426 2199 1500 Augusto
2222 1425 2508 1497 Philippus
2560 1441 2746 1482 comes
2784 1426 3036 1480 Flandrie
3075 1427 3376 1481 secundam
3419 1425 3576 1480 duxit

1958 1528 2208 1580 uxorem,
2237 1512 2402 1568 ﬁliam
2437 1513 2584 1589 regis
2625 1513 3008 1590 Portigalensis
3037 1513 3321 1581 Adefonsr,
3349 1515 3576 1570 nomine

1963 1603 2276 1659 Tharasiam
2325 1603 2470 1675 (443)
2521 1604 2714 1659 Petrus
2750 1604 2921 1659 abbas
2959 1603 3317 1659 Cisteriencis
3354 1603 3582 1658 ordina-

1965 1698 2050 1746 tur
2079 1693 2375 1764 episcopus
2404 1692 2819 1757 Attrebatensis,
2855 1694 3069 1748 Verone
3101 1692 3154 1746 in
3175 1691 3410 1748 ecclesia
3430 1691 3578 1747 beati

1962 1785 2214 1856 martyris
2245 1785 2500 1839 Zenonis.
2543 1784 2722 1853 Greci,
2758 1786 2986 1858 indigne
3018 1785 3260 1842 ferentes
3296 1783 3576 1856 quodim-

1961 1884 2182 1950 perator
2209 1893 2396 1934 eorum
2431 1879 2668 1946 Francos
2693 1877 2775 1932 eis
2818 1885 3170 1949 preponerct,
3200 1875 3574 1932 Andronicum

1961 1975 2253 2043 cOgnatum
2276 1969 2396 2038 ejus
2421 1969 2614 2026 dolose
2654 1968 2940 2033 mandant,
2970 1969 3048 2024 uti
3079 1969 3284 2035 veniat,
3311 1975 3366 2022 ct
3396 1967 3575 2038 impe-

1959 2071 2218 2130 ratorem,
2248 2072 2440 2135 utpote
2471 2079 2724 2136 puerum,
2763 2061 2919 2134 quasi
2950 2063 3032 2117 vir
3055 2063 3278 2132 sapiens
3306 2068 3568 2116 manule-

1958 2164 2106 2213 neat.
2151 2156 2248 2222 Qui
2301 2156 2522 2212 nunciis
2567 2163 2849 2229 gratanter
2923 2154 3217 2225 susceptis,
3267 2153 3570 2223 assumptis

1959 2260 2148 2301 secum
2171 2244 2484 2300 Sarracenis
2520 2241 2948 2308 Yconiensibus,
2977 2242 3250 2296 civitatem
3281 2241 3569 2314 ingressus

1957 2347 2059 2394 est.
2106 2339 2203 2394 Die
2240 2336 2493 2410 sequenti
2527 2336 2796 2409 palacium
2833 2334 3142 2410 ingreditur
3171 2348 3304 2388 eum
3361 2331 3573 2402 paucis,

1959 2428 2345 2499 imperatorem
2377 2426 2568 2482 adorat
2587 2433 2642 2482 et
2670 2425 2898 2490 salutat;
2929 2431 2985 2478 at
3013 2422 3104 2478 ille
3131 2438 3254 2478 cum
3282 2419 3574 2494 magniﬁce

1929 2521 2214 2586 .honorat,
2255 2526 2310 2574 et
2339 2535 2465 2574 sese
2514 2517 2664 2572 illius
2715 2516 2936 2572 tuitioni
2980 2513 3348 2570 commendat.
3400 2511 3571 2576 Quem

1966 2610 2058 2667 ille
2087 2611 2140 2665 in
2171 2626 2272 2665 sua
2290 2609 2522 2681 suscipit
2551 2608 2679 2664 ﬁde.
2712 2607 2813 2673 Qui
2844 2606 3051 2662 curiam
3065 2605 3284 2661 curiose
3307 2618 3568 2674 pensans,

1965 2699 2110 2772 quod
2132 2700 2224 2754 diu
2242 2699 2500 2771 cupiebat
2520 2704 2725 2760 mente,
2757 2694 2972 2768 perlicit
2985 2709 3178 2766 Opere.
3213 2693 3406 2748 Paucis
3423 2691 3570 2748 enim

1965 2787 2169 2860 elapsis
2195 2788 2410 2854 diebus,
2452 2785 2720 2858 palacium
2762 2791 2970 2840 armato
3023 2783 3196 2838 milite
3227 2781 3462 2851 stipatus
3493 2779 3578 2832 iu-

1964 2881 2234 2955 gredttur,
2262 2879 2484 2946 Grecos,
2513 2878 2765 2942 Francos,
2799 2875 3024 2951 Anglos,
3067 2889 3207 2946 quos
3232 2873 3308 2926 ibi
3342 2871 3577 2949 invenit,

1966 2987 2160 3028 omnes
2185 2969 2502 3026 interfecit:
2543 2969 2722 3040 ipsum
2745 2967 2988 3038 denique
3019 2965 3406 3037 imperatorem
3445 2977 3570 3017 cum

1961 3075 2059 3116 sua
2090 3067 2260 3114 matre
2315 3059 2568 3130 capiens,
2626 3058 2680 3112 in
2729 3071 2947 3112 carcere
2995 3054 3230 3118 clausit;
3285 3066 3426 3124 quos
3457 3057 3579 3122 post

1960 3152 2236 3207 modicum
2280 3151 2335 3205 in
2362 3166 2511 3206 mare
2565 3149 2882 3221 perductos,
2915 3145 3216 3202 crudeliter
3252 3143 3582 3199 innocentes

1962 3240 2147 3296 necari
2190 3239 2338 3307 fecit,
2373 3248 2427 3294 et
2455 3254 2650 3294 omnes
2699 3237 2821 3307 ejus
2847 3235 3183 3302 familiares,
3215 3233 3308 3305 qui
3343 3233 3398 3286 in
3438 3231 3576 3286 urbe

1961 3337 2364 3396 remanserant,
2409 3329 2705 3385 interfecit.
2748 3329 2898 3382 Tunc
2928 3326 3183 3397 imposito
3213 3323 3322 3378 sibi
3371 3322 3574 3377 diade-
3637 3315 3644 3322 ’

1963 3426 2126 3484 mate,
2158 3419 2394 3488 imperat
2439 3416 2647 3472 civitati
2683 3415 3066 3480 nobilissimae,
3095 3429 3206 3469 non
3237 3423 3297 3468 ut
3337 3412 3579 3481 impera-

1967 3519 2071 3577 tor,
2103 3510 2200 3566 sed
2231 3509 2374 3564 sicut
2403 3518 2668 3580 tyrannus
2737 3507 2947 3562 Deinde
2980 3505 3068 3560 his
3098 3521 3196 3576 pro
3237 3503 3445 3557 nichilo
3475 3502 3583 3557 du-

1967 3604 2091 3665 ctis,
2125 3601 2347 3674 nuptias
2373 3601 2502 3656 facit
2531 3600 2771 3666 illicitas,
2800 3613 3025 3654 uxorem
3055 3595 3273 3669 cognati
3304 3595 3413 3662 sui,
3468 3595 3580 3649 im-

1967 3695 2240 3770 peratoris
2269 3693 2482 3750 scilicet
2507 3692 2716 3750 domini
2749 3691 2859 3758 sui,
2879 3689 3044 3745 tiliam
3077 3687 3222 3762 regis
3251 3687 3582 3742 Francorum

1968 3784 2313 3856 accipiendo.
2362 3782 2650 3853 Philippus
2705 3797 2892 3837 comes
2940 3777 3193 3834 Flandrie
3247 3775 3575 3831 Balduinum

1970 3876 2227 3933 comitem
2259 3874 2603 3930 Montcuscm
2635 3889 2734 3946 per
2773 3871 3007 3928 nuncios
3036 3883 3407 3941 sepenumero
3451 3881 3587 3923 con-

1973 3969 2143 4036 venit,
2175 3973 2234 4021 ut
2261 3967 2368 4022 sibi
2394 3977 2449 4023 et
2479 3983 2596 4023 sua:
2629 3963 3126 4022 utiliconcordarct
3148 3960 3439 4018 voluntati.
3486 3958 3584 4014 lllo

1970 4072 2098 4112 vero
2123 4055 2348 4110 minime
2370 4055 2769 4126 adquiescente
2792 4053 2882 4120 ⁸⁵⁸,
2898 4067 3089 4107 mense
3114 4048 3442 4106 Novcmbrio
3467 4047 3587 4102 Phi-

1970 4147 2155 4220 lippus
2179 4147 2626 4218 archiepiscopus
2655 4145 2877 4202 lZolonie
2907 4143 2976 4198 ab
3016 4143 3250 4206 oriente,
3294 4139 3584 4210 Philippus

1971 4255 2158 4296 comes
2187 4239 2439 4295 Flandrie
2469 4255 2500 4294 a
2536 4237 2790 4303 meridie,
2850 4250 3012 4307 porro
3047 4235 3357 4288 Duacenses
3385 4237 3440 4285 et
3487 4229 3590 4283 Pa-

1973 4331 2236 4387 bulenses
2265 4331 2334 4388 ab
2385 4331 2696 4397 occidente,
2728 4336 2927 4384 terram
2960 4325 3080 4393 ejus
3110 4321 3366 4395 ingressi.
3398 4321 3590 4376 incen—

1893 4383 1948 4452 D
1973 4423 2081 4478 diis
2125 4428 2180 4476 et
2227 4421 2436 4493 rapinis
2463 4436 2584 4475 eam
2631 4428 2758 4474 sunt
2787 4413 3055 4472 demoliti.
3111 4411 3410 4467 Balduinus
3451 4426 3584 4466 vero

1971 4527 2177 4574 comes,
2247 4508 2598 4584 congregatis
2653 4503 3024 4578 septingentis
3081 4499 3325 4568 armatis,
3383 4506 3585 4556 terram

1971 4599 2186 4656 comitis
2211 4597 2410 4652 virtute
2440 4595 2675 4652 militum
2729 4594 3037 4664 irrumpere
3073 4591 3326 4662 cupiens,
3358 4605 3483 4646 cum
3513 4588 3582 4644 ad

1969 4689 2152 4744 villam
2182 4702 2288 4758 que
2311 4684 2678 4740 Obercicurtis
2709 4682 2930 4750 dicitur,
2976 4688 3218 4736 armatus
3257 4695 3382 4736 cum
3411 4696 3586 4734 arma-

1973 4781 2043 4838 tis
2070 4781 2332 4848 venisset,
2381 4787 2592 4836 mutato
2621 4777 2858 4834 consitio
2908 4791 3212 4852 regressus,
3246 4774 3452 4831 milites
3477 4790 3508 4830 a
3529 4789 3590 4829 se

1971 4871 2276 4929 conductos
2315 4870 2464 4926 abire
2513 4869 2783 4941 permisit.
2811 4869 2907 4924 Die
2945 4875 3126 4924 autem
3157 4865 3458 4922 nativitatis
3486 4864 3585 4920 do-

1970 4963 2175 5018 minice
2206 4960 2632 5034 propinquante,
2653 4959 2878 5016 inducie
2908 4959 3110 5015 dantur
3131 4956 3437 5028 utrimque.

2044 5053 2202 5109 1185.
2353 5052 2416 5108 R.
2458 5053 2546 5108 33.
2697 5051 2753 5106 [ε’.
2797 5051 2850 5108 5.
2999 5053 3041 5104 A
3102 5049 3193 5104 3‘1.
3340 5045 3403 5099 ﬂ.
3443 5043 3497 5098 9.

2043 5145 2197 5201 Multi
2251 5161 2350 5217 per
2378 5144 2499 5202 loca
2527 5143 2746 5200 diversa
2787 5143 2841 5198 in
2875 5142 3102 5196 Francia
3144 5146 3198 5194 et
3246 5134 3500 5192 Flandria
3529 5144 3586 5190 et

1599 5245 1821 5302 VARIA'I
1858 5243 2239 5302 LECTIONES.

324 5313 394 5348 “i
424 5312 811 5387 adquiesceuti
832 5317 952 5373 coal.

1807 5407 2014 5466 ΝΟΤᾹΞ.

321 5507 475 5652 )
515 5507 626 5566 Seu
659 5507 862 5566 Warda
889 5510 945 5566 S.
981 5505 1240 5594 Remigii.
1585 5580 1596 5592 ο

455 5582 475 5648 ι
513 5579 790 5652 Lombeke
828 5597 1002 5652 prope
1037 5582 1267 5638 Ninove.
1301 5577 1381 5637 Cf.
1443 5579 1513 5636 de
1545 5579 1596 5636 hl

344 5577 475 5648 442)
513 5579 790 5655 Lombeke
828 5597 1002 5655 prope
1037 5577 1267 5638 Nineve.
1301 5577 1381 5637 Cf.
1443 5579 1513 5636 de
1545 5579 1630 5639 his
1657 5583 1836 5642 Gisle-

249 5650 502 5721 bet-tum,
525 5667 584 5723 p.
616 5651 743 5726 131,
772 5650 900 5726 sq'q.

2028 5505 2190 5580 (443),
2214 5509 2536 5580 Mathildem
2566 5514 2726 5565 vocat
2749 5504 3112 5576 Gisleberlus,
3157 5503 3449 5560 Beatricem
3487 5497 3588 5557 Ra-

1947 5578 2130 5636 dulfus
2159 5578 2229 5636 de
2275 5579 2484 5638 Diceto.
