3894 6070
310 205 418 262 323

1514 197 1859 254 SIGEBERTI
1909 195 2430 255 GEMBLACENSIS.

3533 196 3649 253 324

312 332 521 387 Ilainau
551 327 884 385 discordiam
916 323 1230 396 principum
1281 331 1337 381 et
1361 341 1615 400 guerram
1658 327 1924 398 pertime-
1944 343 1995 409 Α
2023 337 2187 383 ventu
2220 330 2340 398 ejus
2388 327 2599 392 audito,
2641 325 2862 382 nuntios
2901 325 3096 380 ﬁdeles
3126 324 3194 380 ad
3245 339 3370 380 eum
3426 326 3640 398 dirigit,

310 431 546 482 scentes,
591 415 972 487 unusquisque
989 414 1265 470 civitatem
1296 431 1470 482 suam,
1503 416 1792 472 castellum
1821 432 1920 471 seu

310 513 490 568 villam
536 523 693 564 muro
751 507 1076 574 circumdat,
1137 507 1282 563 vallo
1314 506 1512 563 ﬁrmat.
1561 508 1690 564 Cum
1740 515 1920 564 autem

311 605 455 658 inter
482 615 669 673 regem
707 606 763 654 et
789 599 1046 654 comitem
1094 598 1244 670 (444)
1291 599 1513 657 inducie
1547 599 1790 655 ﬁniende
1821 615 1920 653 es-

308 697 450 756 sent,
481 695 537 744 et
564 702 753 743 comes
778 686 1130 742 Flandrensis
1167 703 1320 742 suam
1355 696 1674 760 prepararet
1700 687 1922 758 expedio

308 771 1012 848 tionem,Balduinus(445)
1031 793 1219 834 comes
1233 786 1430 834 terram
1457 779 1647 835 Jacobi
1668 779 1736 834 de
1751 781 1921 836 Aves-

310 873 400 928 nis
429 871 632 928 virtute
662 871 1213 941 irrumpens,veteris
1235 886 1444 927 memor
1468 871 1690 941 injurie,
1733 873 1922 926 incen-

313 963 405 1018 dio
426 961 610 1016 tradit.
640 961 732 1015 Ille
760 959 1922 1030 enimincentordiscordieinterutrumque

315 1052 576 1108 comitem
635 1067 754 1105 esse
803 1049 1098 1104 ferebatur.
1159 1050 1288 1106 Post
1346 1051 1695 1107 festivitatem
1753 1051 1927 1106 sancti

315 1141 582 1198 Johannis
614 1138 854 1193 induciis
880 1137 1069 1201 ﬁnitis,
1105 1154 1197 1193 rex
1227 1146 1281 1194 et
1310 1155 1498 1195 comes
1527 1139 1804 1195 exercitus
1829 1138 1933 1192 mi-

314 1232 470 1287 litum
499 1229 820 1300 etpeditum
852 1236 1180 1283 armatorum
1207 1231 1550 1300 producunt;
1581 1231 1674 1302 qui
1711 1231 1766 1284 in
1791 1245 1933 1305 pago

314 1320 667 1376 Ambianensi
701 1320 1030 1387 residentes,
1063 1321 1142 1375 rei
1177 1320 1341 1376 ﬁnem
1370 1322 1755 1393 expectabant.
1789 1323 1927 1375 Tan-

313 1412 438 1466 dem
467 1409 562 1464 Dei
586 1416 742 1474 nutu,
777 1416 834 1463 ut
861 1407 1160 1477 credimus,
1196 1425 1386 1466 comes
1415 1411 1482 1465 ad
1517 1412 1746 1486 gratiam
1777 1409 1926 1482 regis

315 1507 498 1571 rediit,
530 1511 825 1575 antequam
857 1503 1057 1575 aliquis
1095 1513 1406 1574 caperetur,
1432 1505 1811 1560 vulneraretur
1840 1503 1924 1557 vel

2025 418 2297 472 mandans
2349 419 2399 473 ei
2429 425 2482 472 et
2521 417 2820 492 designans
2850 415 3056 484 locum,
3099 415 3196 470 ubi
3241 417 3310 471 ad
3363 423 3643 472 secretum

2024 509 2384 564 convenirent
2423 507 2779 578 colloquium.
2824 506 2936 562 Rex
2965 521 3092 561 eum
3125 506 3429 562 honoriﬁce
3458 507 3646 562 susci-

2023 597 2121 668 pit,
2152 605 2343 653 mutuo
2390 597 2755 666 collocuntur,
2786 605 2840 652 et
2889 613 2993 667 pax
3042 595 3187 651 inter
3225 611 3322 652 eos
3362 595 3516 650 ﬁrma
3549 594 3648 650 ﬁr—

2024 695 2223 744 matur.
2253 689 2505 744 Urbanus
2552 706 2694 760 papa
2723 698 2778 743 et
2816 689 3117 760 imperator
3168 688 3492 744 Fredericus
3545 688 3644 742 in-

2023 785 2326 833 veteratum
2361 779 2505 833 inter
2532 795 2591 833 se
2622 778 2810 834 odium
2852 777 3249 832 dissentientes
3301 777 3370 831 ad
3402 777 3641 833 invicem

2024 878 2311 924 renovant.
2375 871 2692 926 Multimode
2742 869 2967 925 fuerunt
3021 885 3185 925 cause
3243 869 3640 934 dissentiouis;

2028 958 2310 1029 precipua,
2331 960 2477 1030 quod
2497 958 3248 1030 patriarchaAquileiensiset
3269 959 3491 1030 quidam
3521 960 3646 1029 epi-

2032 1048 2182 1118 sc0pi
2217 1048 2584 1104 interfuerunt
2621 1049 2832 1121 absque
2890 1064 3163 1104 consensu
3203 1065 3343 1120 pape
3400 1064 3644 1104 corona-

2032 1139 2166 1192 tioni
2202 1139 2419 1193 Henrici
2448 1141 2614 1211 regis,
2647 1139 2738 1194 die
2770 1140 3006 1211 quodam
3031 1139 3348 1210 sollempni,
3380 1139 3435 1194 in
3469 1140 3646 1195 Italia.

2034 1228 2179 1290 Quos
2233 1243 2426 1281 omnes
2465 1245 2606 1298 papa
2650 1245 2681 1282 a
2708 1229 2900 1285 divino
2947 1229 3236 1300 suspendit
3265 1227 3470 1285 ofﬁcio.
3503 1228 3647 1295 Alia,

2031 1316 2178 1386 quod
2223 1316 2537 1371 Formosum
2567 1317 2804 1372 electum
2832 1318 3250 1386 Treverensem,
3279 1320 3518 1376 electum
3551 1336 3650 1375 ca-

2029 1407 2245 1470 nonice,
2277 1407 2510 1462 sabbato
2541 1415 2733 1464 sancto
2774 1415 3128 1479 pentecostes
3167 1409 3222 1462 in
3275 1411 3643 1481 presbiterum

2030 1496 2386 1564 cardinalem,
2415 1507 2468 1552 et
2507 1498 2746 1552 crastino
2777 1498 2867 1553 die
2892 1499 2948 1552 in
2967 1498 3469 1570 archiepiscopum,
3502 1513 3648 1555 con-

315 1601 698 1671 perimeretur.
753 1598 902 1653 Tunc
959 1597 1072 1670 regi
1128 1599 1366 1653 reddidit
1419 1598 1655 1670 quedam
1707 1597 1928 1652 castella

2034 1589 2106 1640 tu
2145 1593 2326 1640 votum
2362 1585 2710 1657 imperatoris
2753 1588 3114 1643 consecravit.
3173 1587 3305 1642 Nam
3345 1587 3485 1643 alter
3514 1588 3644 1643 ele-

316 1649 606 1745 (rzomitatus
675 1649 1150 1752 Viromandeiisis,
1233 1688 1378 1742 inter
1424 1649 1562 1758 1que
1607 1685 1928 1741 eminebant
1955 1649 2006 1718 Β
2030 1686 2148 1731 ctus
2174 1693 2462 1749 perperam
2496 1678 2694 1743 fuerat,
2721 1695 2885 1750 quem
2909 1679 3641 1750 imperatormanutenebat.

320 1781 636 1847 Causiacus,
677 1780 897 1846 Torota,
942 1779 1094 1835 Mons
1153 1779 1444 1845 Desiderii,
1506 1779 1810 1844 Calmacus,
1875 1786 1928 1832 et

321 1875 612 1931 comitatus
639 1872 1046 1927 Ambianensis.
1079 1871 1156 1926 Ibi
1181 1871 1540 1943 paciﬁcantur
1567 1887 1754 1926 comes
1775 1870 1931 1925 Flau-

321 1970 537 2025 drensis
567 1976 621 2024 et
647 1967 988 2033 llainoensis,
1011 1977 1094 2022 set
1126 1968 1371 2023 nondum
1399 1967 1565 2022 corde
1595 1964 1752 2021 ﬁrmo
1782 1965 1908 2035 (446

323 2060 421 2114 Hic
449 2075 626 2113 annus
675 2057 954 2111 liabundat
1001 2056 1275 2113 frumento
1318 2065 1372 2111 et
1397 2057 1526 2111 vino
1597 2055 1932 2128 Francigene

320 2153 672 2225 vilipendunt
718 2151 1031 2223 Philippum
1065 2152 1320 2207 comitem
1372 2152 1425 2206 in
1458 2151 1740 2222 presentia
1791 2150 1934 2224 regis

320 2243 466 2313 apud
495 2241 896 2312 Conpendium,
929 2239 1112 2294 verbis
1141 2239 1449 2313 nugacibus
1481 2240 1759 2294 irritantes
1781 2255 1908 2294 eum

320 2332 420 2398 Qui
462 2335 516 2387 in
558 2331 878 2386 Alemannia
899 2347 1136 2404 pergens
1165 2331 1230 2384 ad
1262 2347 1447 2405 regem
1476 2331 1788 2397 Henricum,
1816 2331 1937 2398 ejus

320 2422 552 2478 consilio
599 2420 894 2483 animatus,
940 2426 994 2473 et
1020 2419 1222 2474 auxilio
1251 2421 1297 2474 si
1339 2435 1567 2474 necesse
1595 2419 1778 2486 fuerit,
1812 2434 1935 2474 cor-

321 2509 690 2573 roborandus,
726 2507 934 2578 liylaris
965 2508 1018 2560 in
1053 2507 1360 2563 Flandriam
1384 2509 1690 2564 revertitur.
1721 2508 1936 2564 Andro-

324 2601 483 2654 nicus
531 2599 1175 2668 Constantinopolitauus
1233 2608 1496 2670 tyrannus
1525 2609 1577 2656 et
1609 2611 1936 2672 apostata—

325 2688 532 2743 dudum
567 2687 713 2741 enim
745 2687 1200 2744 christianitatem
1233 2689 1609 2762 abnegaverat
1641 2722 1698 2731 —-
1732 2691 1936 2748 interﬁ-

328 2778 549 2834 citurin
583 2777 786 2848 palatio
836 2793 865 2830 a
896 2778 1133 2848 quodam
1165 2781 1338 2850 probo
1378 2782 1552 2835 milite
1594 2782 1726 2854 regii
1769 2799 1943 2855 gene-

327 2868 423 2932 ris,
449 2882 614 2938 qucm
634 2865 824 2920 dolose
851 2865 1105 2921 occidere
1135 2867 1463 2937 disponebat
1525 2868 1645 2933 Qui,
1669 2868 1945 2923 animatus

327 2957 533 3013 auxilio
591 2963 879 3028 parentum
920 2971 1143 3011 suorum
1197 2959 1507 3036 et‘civium
1569 2959 1940 3014 Andronicum

329 3049 661 3109 odientium,
693 3047 949 3102 occidere
977 3065 1037 3102 se
1060 3049 1337 3105 volentem
1369 3050 1593 3114 occidit,
1613 3057 1667 3104 et
1697 3067 1940 3106 consen-

328 3143 600 3199 tientibus
628 3159 726 3214 pro
749 3159 816 3198 eo
839 3144 1158 3214 imperavit;
1200 3146 1293 3217 qui
1323 3147 1751 3218 imperatricem,
1776 3147 1943 3204 ﬁliam

332 3235 541 3290 scilicet
595 3233 855 3290 Ludovici
915 3238 1060 3310 regis
1111 3237 1467 3306 Francorum,
1517 3239 1733 3305 clausrt,
1789 3249 1843 3296 et
1893 3241 1944 3294 ci

328 3323 606 3397 condigno
635 3323 844 3380 honore
891 3325 1203 3380 ministrare
1262 3328 1526 3398 precepit.
1579 3329 1776 3384 Lucius
1805 3346 1946 3400 papa

329 3414 474 3486 apud
544 3413 811 3469 Veronam
870 3421 1118 3472 mortuus
1155 3423 1239 3470 est
1270 3418 1425 3486 (Nov.
1481 3419 1618 3488 24.);
1674 3435 1839 3491 quem
1888 3421 1944 3474 in

331 3503 566 3558 ecclesia
607 3503 764 3559 beate
800 3504 987 3571 Marie,
1039 3505 1094 3558 in
1133 3505 1429 3575 sepulchro
1479 3525 1788 3566 marmoreo
1818 3517 1943 3565 ante

327 3593 506 3661 majus
557 3593 726 3648 altare
781 3593 1155 3664 sepelierunt;
1209 3597 1297 3650 cui
1352 3598 1618 3653 successit
1673 3599 1947 3654 Hubertus

327 3684 758 3741 Mediolanensis
788 3686 1260 3757 archiepiscOpus,
1307 3690 1582 3760 quondam
1642 3691 1949 3748 Bituricen-

334 3773 411 3826 sis
443 3773 888 3840 archidiaconus,
929 3774 1048 3843 qui,
1069 3775 1217 3842 justa
1247 3791 1454 3830 morem
1488 3779 1944 3848 predecessorum

331 3876 558 3915 suorum
596 3861 820 3915 nomine
872 3867 1102 3926 mutato,
1143 3870 1368 3918 vocatur
1413 3863 1661 3919 Urbanus
1709 3867 1938 3931 tercius;

327 3954 443 4023 qui,
470 3952 624 4019 juxta
674 3967 962 4005 numerum
1003 3954 1376 4024 suprascripte
1425 3957 1667 4023 cronice,
1699 3957 1942 4014 Romane

329 4040 452 4094 urbi
486 4039 732 4110 prcsidet
761 4041 864 4094 170
895 4041 982 4094 ¹⁶⁵⁵.

440 4133 599 4187 1186.
717 4133 908 4188 Β.34.
1022 4134 1079 4190 F.
1121 4137 1172 4189 6.
1284 4139 1474 4193 A.32.
1591 4139 1783 4196 ".10.

400 4223 702 4292 Imperator
739 4221 1059 4278 Fredericus
1115 4223 1237 4278 dies
1303 4225 1582 4281 dominice
1646 4228 1943 4284 nativitatis

2031 1769 2122 1824 Ilis
2155 1778 2209 1824 et
2239 1771 2361 1824 aliis
2399 1771 2580 1825 causis
2621 1771 3117 1827 intercurrentibus
3148 1772 3294 1828 inter
3352 1788 3548 1843 papam
3594 1780 3650 1828 et

2031 1865 2442 1935 imperatorem,
2501 1867 2556 1920 in
2589 1867 2740 1921 Italia
2781 1884 2883 1938 pax
2921 1868 3170 1922 turbatur
3208 1868 3402 1940 (Jan),
3444 1868 3650 1924 Frede-

2029 1953 2178 2008 ricus
2213 1955 2510 2024 imperator
2548 1955 2948 2014 Cremonenses
3019 1958 3124 2012 sibi
3154 1957 3409 2024 rebelles,
3445 1958 3650 2013 auxilio

2034 2046 2525 2102 Mediolanensium
2572 2048 2627 2103 in
2667 2065 2825 2104 suum
2887 2050 3086 2106 invitos
3143 2052 3291 2124 cogit
3346 2051 3654 2105 servitium.

2036 2136 2334 2206 Imperator
2351 2137 2673 2209 relinquens
2714 2138 3002 2194 Henricum
3034 2139 3208 2195 ﬁlium
3239 2157 3400 2196 suum
3434 2141 3489 2194 in
3523 2156 3653 2211 par-

2035 2226 2182 2280 tibus
2221 2227 2649 2294 Beneventanis,
2682 2228 2737 2282 in
2775 2227 3122 2283 Germaniam
3163 2229 3309 2285 redit
3343 2237 3449 2298 (an.
3494 2230 3656 2295 1187,

2033 2318 2233 2386 Febr.).
2280 2317 2546 2373 Henricus
2612 2335 2726 2386 rex,
2750 2319 3106 2390 imperatoris
3154 2318 3323 2387 ﬁlius,
3380 2322 3659 2392 quendam

2041 2404 2240 2460 Urbani
2275 2422 2416 2478 pape
2437 2409 2768 2464 servientem
2801 2416 2856 2463 et
2887 2409 3087 2464 multas
3113 2425 3300 2465 secum
3333 2413 3453 2466 auri
3492 2419 3546 2467 et
3573 2429 3672 2466 ar-

2039 2495 2190 2567 genti
2221 2495 2484 2564 pecunias
2514 2495 2856 2553 deferentem
2884 2499 3108 2553 obvium
3141 2515 3209 2554 ex
3239 2500 3519 2571 insperato
3552 2501 3658 2554 ha-

2037 2584 2194 2650 bens,
2228 2601 2419 2640 aurum
2460 2594 2513 2640 et
2539 2597 2827 2660 argentum
2859 2590 3140 2659 auferens,
3181 2591 3237 2644 in
3253 2592 3654 2647 contumeliam

2041 2689 2181 2742 pape
2215 2690 2405 2729 nasum
2437 2676 2486 2729 ei
2515 2677 2773 2748 precidit.
2804 2679 3106 2734 Balduinus
3138 2695 3325 2736 comes
3383 2681 3666 2736 Ilainoen-

2041 2765 2116 2818 sis
2148 2773 2202 2820 et
2235 2767 2503 2823 Henricus
2533 2771 2837 2825 avunculus
2878 2772 3021 2841 ejus,
3057 2789 3245 2828 comes
3275 2773 3660 2838 Namucensis,

2042 2871 2210 2925 super
2241 2857 2597 2914 Godefridum
2647 2861 2845 2916 ducem
2896 2864 3296 2918 Lovaniensem
3352 2865 3577 2931 vadunt,
3614 2872 3670 2919 et

2045 2948 2168 3016 ejus
2197 2955 2395 3004 terram
2431 2952 2753 3009 incendunt.
2795 2955 2931 3010 Villa
2971 2955 3384 3011 Gemblacensis
3413 2956 3662 3028 peropti-

2001 3046 2016 3067 ‘
2046 3056 2134 3094 ma
2172 3057 2295 3095 cum
2347 3043 2583 3098 ecclesia
2622 3046 2798 3101 sancti
2847 3047 3083 3102 Wiberti
3115 3055 3245 3103 tunc
3284 3056 3368 3103 est
3411 3048 3667 3103 incensa.

2047 3131 2334 3204 Philippus
2365 3150 2455 3189 rex
2487 3135 2817 3192 Francorum
2851 3144 2904 3193 et
2933 3137 3222 3210 Philippus
3261 3154 3448 3195 comes
3491 3140 3663 3194 Flan-

2047 3225 2186 3294 drie,
2211 3230 2606 3285 contrahentes
2622 3232 3012 3304 undecumque
3035 3232 3319 3304 capiosum
3340 3232 3666 3299 exercitum,

2047 3317 2330 3374 hostiliter
2366 3322 2574 3376 vadunt
2625 3339 2795 3394 super
2832 3323 3028 3378 ducem
3077 3325 3551 3399 Burgundionum,
3614 3334 3667 3381 et

2040 3411 2217 3482 juste;
2251 3411 2650 3483 injustissimus
2681 3415 2827 3469 enim
2869 3423 3022 3470 erat:
3075 3417 3168 3488 qui
3218 3424 3551 3472 mercatores
3581 3433 3666 3473 re-

2045 3501 2130 3575 gis
2168 3512 2223 3558 et
2247 3504 2465 3559 comitis
2493 3506 2547 3559 in
2604 3504 2713 3560 ﬁde
2754 3523 2852 3562 sua
2885 3508 3091 3564 tuendo
3139 3509 3469 3580 suscipiens,
3503 3509 3674 3566 latrov

2049 3594 2211 3650 nibus
2240 3596 2356 3651 suis
2404 3598 2766 3667 expoliandos
2815 3599 3077 3654 donabat.
3137 3601 3238 3665 Qui
3289 3600 3668 3657 fortitudinem

2049 3685 2193 3758 regis
2224 3693 2278 3740 et
2307 3687 2538 3742 comites
2571 3703 2680 3741 non
2727 3687 3030 3755 sustinens,
3066 3688 3393 3759 quibusdam
3427 3687 3672 3746 castellis

2048 3775 2298 3844 perditis.
2333 3777 2400 3829 ad
2433 3777 2605 3847 pedes
2627 3778 2772 3850 regis
2799 3779 3052 3845 veniens,
3086 3787 3263 3834 semet
3294 3780 3474 3851 ipsum
3505 3779 3671 3835 dedi-

2043 3868 2138 3923 dit.
2167 3869 2348 3924 Pridie
2390 3870 2504 3924 Kal.
2537 3871 2664 3927 Julii
2699 3874 2860 3928 turbo
2889 3874 3247 3948 gravissimus
3279 3884 3333 3930 et
3363 3883 3668 3947 tempestas

2042 3961 2242 4027 valida,
2279 3961 2346 4015 ab
2376 3961 2574 4018 Amico
2626 3965 2856 4020 veniens
2884 3974 2937 4020 et
2994 3966 3062 4020 ad
3118 3967 3477 4022 subsolanum
3531 3975 3663 4022 ten—

2043 4049 2203 4113 dens,
2237 4066 2334 4120 per
2358 4051 2530 4106 multa
2557 4053 2676 4107 loca
2707 4052 2893 4129 fruges
2923 4061 2979 4108 et
3029 4055 3216 4109 omnia
3246 4063 3362 4110 sata
3403 4071 3664 4126 pessum-

2043 4141 2218 4198 dedit.
2251 4142 2383 4196 Nam
2409 4143 2621 4213 lapides
2649 4159 2753 4201 ovo
2783 4145 2988 4219 galline
3016 4147 3256 4215 majores
3283 4161 3383 4217 per
3413 4147 3532 4202 loca
3563 4147 3660 4201 di-

2042 4249 2199 4287 versa
2226 4234 2566 4301 ceciderunt,
2617 4235 2710 4306 qui
2745 4251 2945 4305 pecora
2975 4237 3032 4291 in
3092 4238 3304 4308 campis
3344 4245 3397 4292 et
3426 4254 3556 4294 aves
3609 4239 3669 4292 in

330 4335 455 4374 cum
490 4317 720 4372 Henrico
754 4332 906 4390 rege,
941 4317 1054 4372 lilio
1085 4335 1206 4384 suo,
1249 4321 1393 4390 apud
1440 4321 1662 4392 Papiam
1695 4324 2020 4396 celebresD
2046 4325 2206 4396 aquis
2234 4325 2579 4392 occiderunt,
2613 4325 2882 4383 fenestras
2913 4345 3137 4400 quoque
3167 4330 3368 4386 vitreas
3399 4331 3669 4387 ecclesia-

325 4413 457 4479 egit.
516 4405 623 4460 Illis
652 4404 848 4460 diebus
885 4405 1013 4461 fecit
1065 4406 1363 4477 imperator
1416 4412 1635 4482 nuptias
1687 4411 1801 4468 ﬁlio
1840 4430 1943 4469 suo

328 4503 474 4564 (Jan.
535 4499 645 4568 27},
682 4499 1037 4570 despondeas
1094 4500 1142 4555 ei
1187 4498 1354 4556 ﬁliam
1412 4503 1630 4578 Rogeri,
1687 4505 1942 4561 ditissimi

327 4590 605 4660 quondam
635 4590 779 4663 regis
805 4591 991 4646 Sicilie
1033 4598 1087 4646 et
1126 4592 1283 4648 ducis
1333 4595 1547 4665 Apulie,
1580 4597 1725 4671 regis
1775 4597 1938 4654 Fran-

329 4695 513 4735 corum
548 4693 856 4754 cognatam.
893 4685 1000 4740 Hec
1029 4686 1175 4741 enim
1208 4695 1332 4741 nata
1365 4694 1446 4742 est
1475 4705 1538 4743 ex
1573 4689 1684 4744 ﬁlia
1727 4694 1942 4748 comitis

332 4767 402 4822 de
451 4769 710 4825 Reitesta.
774 4773 866 4827 His
895 4775 1104 4844 nuptiis
1161 4776 1626 4834 interfuitcomes
1687 4780 1942 4838 Flandrie

327 4857 638 4931 Philippus,
671 4877 794 4917 cum
829 4864 1079 4933 plurimis
1129 4867 1348 4938 imperii
1381 4870 1605 4926 Romani
1661 4873 1943 4943 optimati-

327 4951 452 5007 bus.
489 4952 587 5017 Qui
622 4953 674 5006 in
708 4957 891 5010 eundo
921 4956 1199 5014 Franciam
1233 4961 1538 5029 dimittens,
1590 4980 1689 5035 per
1713 4966 1940 5022 Germa-

327 5042 474 5096 niam
509 5041 612 5097 iter
651 5041 813 5109 fecit;
864 5051 1142 5100 revertens
1171 5063 1302 5102 vero
1331 5065 1429 5120 per
1457 5050 1736 5108 Franciam
1767 5057 1940 5125 venit,

329 5147 398 5186 ne
422 5132 539 5205 regi
567 5132 895 5188 Francorum
927 5141 1073 5189 esset
1097 5137 1425 5206 suspicioni.
1469 5139 1580 5195 Rex
1611 5150 1817 5212 autem,
1841 5146 1941 5200 ad-

2047 4431 2188 4482 rum,
2235 4426 2290 4470 et
2348 4416 2638 4472 domorum
2707 4420 2920 4490 tegulas
2987 4419 3412 4492 confregerunt;
3467 4422 3673 4492 stipula

2044 4522 2290 4578 quoque,
2321 4523 2432 4577 que
2463 4508 2515 4561 in
2567 4509 2712 4583 agris
2767 4519 3124 4577 remanserat,
3158 4511 3231 4566 ita
3261 4520 3380 4566 erat
3409 4511 3589 4568 fetens
3619 4521 3677 4567 et

2045 4601 2275 4667 inutilis,
2308 4611 2366 4656 ut
2398 4618 2501 4657 nec
2532 4603 2707 4672 pastui
2741 4611 2886 4660 esset
2917 4612 3042 4676 apta
3074 4605 3286 4660 bestiis.
3345 4607 3491 4661 Obiit
3521 4607 3672 4662 Gau-

2044 4692 2216 4748 fridus
2245 4710 2434 4750 comes
2475 4695 2774 4761 Britannic,
2820 4693 2964 4750 ﬁlius
2995 4697 3216 4753 lIenrici
3250 4699 3397 4771 regis
3443 4698 3658 4774 Anglic,

2043 4785 2129 4839 15.
2163 4785 2276 4841 Kal.
2306 4785 2420 4840 Oct.
2451 4786 2674 4856 quando
2706 4788 2789 4841 sol
2821 4794 2929 4842 stat
2952 4787 3006 4842 in
3048 4788 3264 4857 libram,
3297 4790 3484 4866 magni
3512 4791 3667 4845 venti

2043 4880 2348 4950 periculum
2407 4892 2570 4934 antea
2599 4882 2987 4952 prophetatum
3018 4898 3120 4954 per
3155 4883 3251 4938 Dei
3282 4883 3514 4956 gratiam
3541 4898 3674 4937 eva-

2043 4969 2239 5024 simus.
2297 4970 2494 5024 Futura
2525 4969 2672 5024 enim
2722 4986 2886 5026 nemo
2934 4971 3091 5026 novit
3128 4972 3231 5026 nisi
3267 4972 3432 5037 Deus,
3487 4977 3540 5026 et
3579 4972 3670 5027 cui

2042 5057 2162 5127 ipse
2195 5057 2454 5129 dignatus
2482 5056 2648 5112 fuerit
2673 5059 2937 5115 revelare.
2963 5060 3075 5114 Nec
3099 5060 3272 5131 ipsius
3304 5069 3364 5115 ut
3392 5059 3673 5116 credimus

2042 5148 2267 5219 sapiens
2317 5147 2606 5218 dispositio
2639 5149 2890 5218 subjecta
2921 5159 3004 5206 est
3035 5152 3199 5206 alicui
3248 5153 3524 5226 astrologo
3564 5167 3668 5207 nec

1672 5277 1890 5332 VARUE
1943 5278 2217 5337 LECTION
2225 5281 2322 5335 ES.

399 5336 468 5371 ιιι
499 5336 771 5393 chxxus
801 5338 988 5407 codex,
1019 5341 1070 5394 el
1100 5343 1179 5396 ita
1204 5357 1388 5411 porro.

1888 5451 2100 5508 NOTAE.

403 5508 542 5577 (444)
586 5509 997 5570 Flandrensem.

403 5579 548 5650 (μδ)
587 5580 910 5640 Montensis.

2183 5524 2330 5597 (446)
2371 5525 2495 5582 Haec
2526 5526 2707 5584 fusius
2727 5534 2912 5585 narrat
2949 5525 3294 5584 Gislebertus
3319 5544 3376 5598 p.
3400 5525 3528 5584 N5.
