3894 6070
295 233 408 292 325

1229 231 1574 288 CHRONICA.
1616 263 1682 271 —
1723 227 2158 288 CONTINUATIO
2199 226 2687 296 AQUICINCTINA.

3527 233 3633 293 326

291 364 560 422 Toletano
602 363 1038 428 nichromantico
1092 363 1262 433 (417),
1314 361 1604 417 Vindemia
1648 363 1704 416 in
1763 377 1908 436 pago
1937 365 1990 434 Α
2016 361 2204 417 fertur.
2239 361 2347 416 Rex
2386 360 2668 431 capituret
2696 374 2892 415 omnes
2933 361 3211 433 principes
3238 371 3334 419 aut
3359 365 3630 422 occidun-

295 455 621 511 Belvacensi
662 461 717 510 et
744 453 1094 510 Noviomeusi
1144 469 1244 524 per
1284 459 1669 524 tempestatem
1708 468 1910 524 supra-

291 547 556 618 scriptam
584 553 699 602 toto
730 561 874 618 pene
913 545 1150 616 perdita,
1181 560 1292 601 non
1344 546 1524 600 solum
1557 545 1614 599 in
1644 545 1729 600 his
1755 546 1912 612 locis,

294 642 395 696 sed
425 641 591 698 etiam
623 640 681 695 in
709 639 874 695 Arida
917 639 1202 695 Gamantia
1247 638 1391 708 (448)
1443 637 1531 692 vel
1563 637 1816 704 Humida,
1858 637 1913 694 in

295 731 564 786 comitatu
603 745 829 803 quoque
859 727 1286 785 Ostrevandensi
1301 734 1355 784 et
1386 726 1918 794 Ilainoensi;etubi-

293 837 534 894 cumque
563 821 832 880 transivit.
853 819 1104 877 ﬁendaet
1131 818 1612 890 dolendareliquit
1663 819 1915 894 vestigia.

369 915 531 970 1187.
567 914 923 970 lacrimabilis
965 914 1151 970 nobis.
1377 913 1436 968 Β.
1478 912 1568 968 35.
1669 997 1676 1004 ι
1767 912 1820 966 F.
1865 913 1917 967 7.

296 1005 359 1057 A.
401 1003 471 1058 33
643 1003 704 1059 H.
743 1003 833 1060 11.

369 1095 530 1150 Anno
561 1093 778 1150 Domini
827 1092 984 1158 1187,
1035 1107 1184 1148 anno
1239 1091 1328 1147 26.
1361 1091 1636 1147 Frederici
1669 1091 1914 1162 impera-

297 1185 456 1252 toris,
485 1193 544 1241 et
557 1187 621 1256 ,7.
649 1184 887 1256 Philippi
919 1185 1249 1241 Francorum
1308 1183 1476 1256 regis,
1509 1197 1672 1254 porro
1697 1181 1916 1238 Henrici

294 1274 603 1349 Anglorum
627 1273 774 1348 regis
797 1271 888 1339 33,
929 1271 1378 1349 incomparabilis
1416 1272 1577 1327 dolor
1603 1280 1659 1326 et
1690 1270 1920 1326 tristicia

295 1347 603 1420 ineﬁ'abilis
630 1347 892 1419 universe
930 1347 1134 1419 accidit
1180 1362 1594 1420 christianitati.
1631 1363 1764 1418 Nam
1797 1363 1923 1418 Bal-

297 1459 472 1513 duino
504 1474 635 1533 rege
663 1457 1150 1514 Iherosolimorum
1179 1455 1292 1514 ﬁlio
1322 1457 1578 1514 Amalrici
1611 1457 1872 1513 defuncto
1905 1475 1920 1524 ;

297 1546 574 1602 successit
598 1545 651 1600 ei
682 1545 984 1600 Balduinus
1039 1561 1198 1616 puer,
1260 1545 1381 1615 ejus
1406 1562 1474 1600 ex
1510 1561 1702 1601 sorore
1724 1560 1919 1616 nepos.

298 1637 449 1738 ﬁlius
477 1636 740 1692 Willelmi
768 1633 1026 1734 marcoiiisi
1056 1637 1128 1693 de
1168 1637 1508 1738 {Iont-ferrat,
1540 1653 1724 1736 .quem
1755 1652 1921 1736 supra
1949 1671 2000 1738 Β

297 1723 542 1779 diximus
568 1739 788 1780 veneno
815 1724 1138 1780 extinctum.
1171 1725 1365 1780 Tutela
1396 1725 1553 1796 pueri
1595 1731 1649 1780 et
1677 1727 1831 1800 regni
1855 1743 1918 1782 ex

300 1815 540 1870 consilio
567 1815 862 1887 primatum
915 1817 1082 1872 totius
1121 1815 1408 1887 provincie
1436 1817 1800 1872 committitur
1829 1831 1922 1874 co-

299 1903 422 1958 miti
452 1903 810 1974 Tripolitano.
867 1902 1040 1960 Mater
1099 1910 1282 1959 autem
1344 1904 1504 1976 pueri
1558 1905 1693 1960 satis
1745 1913 1923 1961 astuta

301 1995 532 2050 extorsit
557 2011 587 2050 a
628 1996 936 2067 patriarcha
965 2003 1020 2051 et
1046 1997 1248 2052 ceteris
1281 1995 1627 2068 principibus
1654 1997 1830 2070 regni,
1863 2005 1923 2052 ut

301 2091 352 2144 si
377 2107 520 2162 puer
548 2091 842 2147 decederet
869 2097 1042 2146 morte
1083 2092 1396 2159 immatura,
1449 2091 1557 2146 sibi
1599 2091 1924 2148 redderetur

303 2197 512 2238 corona
541 2183 715 2258 regia.
744 2183 1046 2239 Balduinus
1079 2201 1170 2238 rex
1202 2184 1694 2240 Iherosolimorum
1719 2185 1824 2240 sub
1851 2196 1934 2242 tu-

303 2275 418 2331 tela
447 2277 664 2332 comitis
720 2277 1040 2348 Tripolitani
1097 2277 1378 2343 moritur;
1423 2285 1595 2333 mater
1643 2295 1775 2335 vero
1809 2280 1933 2348 ejus

305 2367 589 2424 comitissa
610 2367 683 2422 de
709 2368 908 2439 Joppe,
939 2385 970 2422 a
1002 2369 1313 2439 patriarcha
1344 2376 1403 2424 et
1441 2369 1710 2424 militibus
1739 2369 1930 2440 templi

307 2465 366 2514 et
398 2458 689 2530 hospitalis
725 2459 990 2514 etceteris
1051 2459 1334 2530 provincie
1391 2459 1731 2531 primoribus
1761 2476 1930 2517 coro-

307 2569 438 2608 nam
467 2552 738 2628 regnisibi
771 2553 1106 2608 hereditario
1146 2553 1270 2621 jure
1325 2561 1730 2626 competentem
1761 2570 1933 2626 expe-

303 2645 398 2700 tiit
450 2643 564 2708 Qua
589 2650 831 2714 recepta,
863 2644 1028 2713 capiti
1068 2643 1167 2698 viri
1202 2645 1288 2699 sui
1328 2643 1594 2700 Guidonis
1617 2644 1840 2700 cornitis
1859 2635 1934 2700 de

305 2731 490 2802 Joppe
519 2731 803 2802 imposuit.
830 2732 882 2786 Is
913 2731 1060 2786 enim
1114 2731 1276 2786 Wido
1308 2739 1422 2787 erat
1468 2747 1675 2806 genere
1704 2733 1932 2804 Aquita-

311 2835 444 2888 nus,
473 2819 546 2874 de
581 2819 808 2875 castello
839 2818 1132 2874 Lesinione
1163 2819 1326 2890 (449),
1355 2819 1612 2875 asemiue
1636 2820 1788 2894 regio
1801 2820 1934 2876 alie-

311 2930 442 2970 nus.
507 2913 662 2978 Quod
719 2912 919 2969 factum
973 2913 1162 2969 multis
1233 2913 1579 2986 principibus
1617 2914 1929 2986 diSplicuit,

313 3003 558 3059 maxime
601 3003 790 3060 comiti
858 3003 1197 3074 Tripolitano
1291 3005 1403 3060 Rex
1465 3020 1596 3060 vero
1651 3007 1932 3077 predictus

311 3103 444 3144 cum
477 3089 1112 3164 hominiumrequireret
1140 3109 1169 3147 a
1203 3091 1412 3164 prefato
1443 3094 1664 3156 comite,
1698 3095 1748 3150 ei
1766 3095 1934 3151 dene-

311 3181 466 3253 gavit
506 3199 522 3248 ;
561 3182 789 3254 insuper
817 3190 872 3239 et
901 3183 1296 3240 Salahadinum
1337 3201 1522 3260 regem
1557 3185 1852 3255 Babylonis
1879 3195 1935 3241 et

317 3273 630 3345 principem
658 3276 906 3331 Damasci
962 3291 1130 3347 super
1173 3292 1300 3331 eum
1352 3276 1619 3345 invitavit,
1669 3283 1725 3333 et
1754 3276 1936 3333 fmdus

317 3369 496 3440 pacis,
537 3370 684 3442 quod
723 3386 845 3426 cum
877 3370 1189 3426 christianis
1215 3387 1314 3442 per
1339 3371 1480 3426 duos
1499 3386 1675 3427 annos
1703 3371 1936 3444 pepige-

321 3469 425 3528 rat,
457 3461 800 3532 disrumpere
817 3461 964 3518 fecit.
1005 3461 1371 3518 Salahadinus
1399 3463 1584 3518 audita
1627 3477 1816 3518 eorum
1841 3462 1934 3516 di-

319 3549 543 3606 scordia
571 3551 790 3622 gavisus
819 3557 921 3618 est,
954 3559 1008 3606 et
1062 3559 1342 3608 contracto
1370 3551 1760 3622 undecumque
1791 3551 1934 3605 Tur-

324 3656 517 3697 corum
563 3651 620 3696 et
706 3642 1132 3698 Sarracenorum
1216 3642 1609 3698 innumerabili
1667 3643 1936 3709 exercitu,

322 3736 451 3786 ante
466 3745 715 3786 mensem
745 3732 1051 3805 Augustum
1099 3746 1270 3802 prope
1323 3739 1565 3786 montem
1598 3729 1816 3786 Thabor
1836 3746 1938 3785 ca-

322 3827 438 3876 stra
470 3821 689 3877 locavit.
713 3820 889 3876 Guido
945 3827 1126 3876 autem
1173 3837 1287 3886 rex,
1329 3827 1662 3894 congregato
1693 3819 1938 3876 exercitu

321 3910 1175 3982 Christianorumcomparatione
1207 3925 1548 3984 paganorum
1591 3908 1939 3980 parvissimo,

317 4006 475 4076 juxta
503 4004 780 4061 civitatem
796 4005 1058 4060 Nazareth
1087 4004 1323 4059 tentoria
1351 4003 1483 4058 ﬁxit.
1542 4004 1737 4060 Comes
1759 4011 1942 4059 autem

320 4096 715 4169 Tripolitanus.
747 4095 873 4152 facti
899 4096 1178 4167 penitens,
1211 4096 1280 4150 ad
1311 4111 1496 4169 regem
1525 4097 1676 4152 venit
1711 4115 1726 4164 ;
1764 4104 1820 4151 et
1860 4095 1944 4151 vi-

327 4187 473 4243 dens
493 4184 795 4241 exercitum
828 4183 1248 4240 christianorum
1281 4183 1940 4255 imparatumetparvum,

328 4277 624 4335 consilium
647 4275 740 4332 dat
771 4275 908 4349 regi,
931 4283 990 4331 ut
1039 4275 1108 4331 ad
1151 4283 1369 4348 tempus
1401 4276 1643 4343 recedat,
1669 4283 1724 4330 et
1749 4275 1946 4331 civita-

2014 451 2202 506 turvel
2249 449 2565 521 capiuntur,
2623 449 2826 522 vulgus
2867 449 3272 508 innumerabile
3319 455 3628 526 perimitur.

2017 544 2219 616 Sicque
2249 542 2399 598 omni
2420 550 2565 598 terra
2592 559 2737 614 pene
2763 561 2794 600 a
2815 544 2931 599 suis
2961 543 3355 602 defensoribus
3379 556 3634 616 vacuata,

2015 631 2379 688 Salahadinus
2431 641 2630 688 terram
2726 633 3090 706 perambulat,
3145 637 3396 695 civitates
3463 644 3634 714 capit,

2023 723 2247 778 castella
2293 731 2388 778 aut
2434 724 2539 778 sibi
2598 725 2797 780 retinet
2844 733 2936 780 aut
3000 727 3250 796 destruit,
3302 735 3634 791 monasteria

2022 819 2239 886 evertit,
2285 820 2606 887 monachos,
2658 819 3019 892 presbiteros,
3068 823 3302 881 clericos
3351 827 3632 898 interﬁcit,

2021 912 2470 968 sanctimoniales
2516 913 2847 968 dehonestat
2901 921 2956 969 et
2994 916 3216 972 occidit.
3251 918 3362 974 Rex
3391 936 3514 976 cum
3542 939 3637 978 ce-

2021 1005 2151 1060 teris
2173 1006 2406 1076 captivis
2435 1014 2489 1062 et
2517 1024 2681 1064 cruce
2707 1008 2988 1064 dominica
3017 1009 3341 1067 Damascum
3371 1013 3592 1071 ducitur
3616 1035 3632 1084 ;

2017 1095 2280 1161 Armenii,
2311 1096 2486 1162 Greci,
2529 1097 2835 1166 christiani,
2885 1117 3086 1174 magno
3117 1103 3244 1158 dato
3281 1104 3399 1159 auri
3449 1109 3636 1177 precio

2018 1187 2374 1258 sepulchrum
2406 1188 2622 1244 Domini
2672 1206 2794 1245 cum
2851 1208 2952 1246 sua
3013 1195 3248 1250 ecclesia
3307 1203 3362 1252 et
3418 1198 3636 1256 Domini

2021 1279 2288 1350 templum
2317 1295 2348 1334 a
2375 1279 2708 1336 Salahadino
2743 1284 3119 1341 redemerunt.
3154 1287 3244 1343 Hae
3276 1297 3404 1345 sunt
3425 1291 3624 1349 civita-

2022 1376 2125 1432 tes.
2149 1371 2242 1440 qui
2291 1371 2611 1428 christianis
2659 1385 3061 1433 remanserunt.
3110 1379 3397 1436 Antiochia
3456 1383 3635 1454 Syrie,

2023 1459 2349 1516 fortitudine
2372 1463 2640 1534 principis
2662 1465 2744 1520 sui
2764 1473 2819 1519 et
2858 1467 3284 1525 inhabitantium
3314 1475 3590 1532 custodita
3621 1495 3636 1539 ;

2023 1551 2195 1624 Tyrus
2221 1553 2413 1609 civitas
2442 1555 2684 1623 Fenicie,
2724 1573 2823 1628 per
2881 1560 3205 1617 industriam
3239 1563 3335 1619 ﬁlii
3383 1569 3642 1623 marchisi

2023 1641 2092 1697 de
2121 1641 2458 1710 Montferrat,
2500 1645 2681 1701 fratris
2702 1647 2986 1714 Willelmi,
3035 1666 3202 1722 quem
3252 1668 3420 1724 supra
3441 1656 3639 1712 retuli.

2022 1749 2146 1787 mus
2177 1734 2478 1790 extinctum
2509 1752 2748 1806 veneno,
2770 1745 2980 1795 retenta
3023 1758 3038 1807 ;
3066 1740 3303 1812 Tripolis
3341 1746 3510 1800 etiam
3542 1764 3644 1818 per

2023 1821 2280 1876 comitem
2311 1829 2367 1876 et
2395 1823 2774 1881 inhabitantes
2804 1837 3035 1884 servata.
3061 1829 3208 1888 Obiit
3229 1848 3417 1889 comes
3447 1835 3642 1907 Tripo-

2023 1907 2247 1976 litanus,
2281 1910 2443 1980 hujus
2482 1913 2610 1967 mali
2652 1914 2925 1971 incentor.

2097 1999 2347 2058 Urbanus
2403 2021 2547 2076 papa
2596 2024 2627 2062 a
2683 2007 2897 2064 Verona
2926 2011 3218 2080 secedens,
3272 2022 3328 2070 et
3354 2017 3635 2074 Venetiam

2028 2086 2108 2144 ire
2137 2089 2464 2162 disponens,
2497 2097 2643 2168 apud
2709 2097 3008 2156 Ferrariam
3059 2103 3209 2158 venit
3237 2105 3534 2162 civitatem.
3559 2109 3638 2162 lbi

2031 2179 2222 2236 audito
2250 2183 2400 2256 gravi
2422 2185 2627 2241 nuncio
2658 2186 2728 2242 de
2754 2189 3065 2258 perditione
3095 2195 3462 2249 transmarine
3494 2197 3638 2251 chri-

2031 2271 2348 2340 stianitatis,
2395 2273 2449 2328 in
2501 2275 2872 2333 inﬁrmitatem
2921 2279 3128 2336 decidit
3195 2283 3334 2354 (Oct.
3380 2284 3484 2355 19).
3527 2287 3642 2351 Quo

2031 2367 2246 2416 mortuo
2277 2372 2335 2417 et
2365 2363 2572 2420 ibidem
2616 2369 2907 2433 tumulato,
2961 2372 3211 2428 succedit
3256 2374 3307 2427 ei
3338 2373 3637 2430 Autbertus

2031 2453 2396 2510 cancellarius
2423 2459 2565 2525 ejus,
2611 2459 2703 2530 qui
2756 2461 2981 2518 alterato
3026 2464 3251 2519 nomine
3298 2473 3524 2522 vocatus
3556 2476 3641 2523 est

2032 2539 2328 2615 Gregorius
2375 2545 2511 2613 VIII,
2561 2563 2704 2618 papa
2749 2549 2839 2605 171
2921 2551 3008 2603 ⁸⁵⁸.
3063 2552 3162 2616 Qui
3195 2563 3318 2624 post
3346 2570 3644 2612 consecra-

2031 2633 2239 2689 tionem
2269 2652 2425 2692 suam
2466 2639 2692 2695 Romam
2726 2641 2805 2696 ire
2837 2642 3160 2714 disponens,
3195 2645 3250 2698 in
3281 2646 3400 2716 ipso
3432 2648 3634 2703 itinere

2028 2723 2222 2780 Januis
2247 2727 2478 2782 moritur
2525 2727 2666 2800 (Dec.
2733 2731 2842 2800 I7),
2885 2741 2940 2787 et
2978 2739 3101 2802 post
3143 2736 3492 2810 septuaginta
3523 2737 3646 2794 dies

2031 2813 2324 2870 sacerdotii
2354 2816 2439 2871 sui
2469 2816 2544 2871 ibi
2569 2818 2621 2872 in
2655 2819 2889 2875 ecclesia
2933 2821 3092 2878 beate
3131 2823 3300 2879 Marie
3346 2828 3638 2898 sepelitur,

2033 2897 2125 2953 (.ui
2149 2901 2395 2958 succedit
2424 2903 2625 2960 Paulus
2663 2906 3020 2964 Prenestinus
3063 2910 3380 2983 episcopus,
3407 2897 3499 2986 qui
3526 2933 3644 2970 mu-

2031 2994 2145 3044 tato
2178 2991 2404 3046 nomine
2435 2999 2660 3048 vocatur
2682 2994 2936 3051 Clemens
2976 2998 3068 3064 ΙΙΙ,
3097 2998 3152 3052 in
3185 3000 3380 3055 ordine
3425 3002 3650 3072 pontiﬁ-

2033 3091 2158 3132 cum
2194 3079 2293 3133 I72
2367 3081 2456 3136 ‘57.
2489 3081 2831 3139 Richarchus
2856 3085 3145 3158 Aquitanie
3177 3089 3307 3155 dux,
3336 3088 3482 3144 ﬁlius
3515 3089 3654 3145 Hen-

2033 3171 2131 3226 rici
2171 3173 2468 3248 Anglorum
2529 3177 2694 3252 regis,
2755 3178 3011 3246 injuriam
3037 3181 3318 3252 sepulchri
3373 3183 3646 3239 dominici

2034 3259 2432 3330 vindicaturus,
2453 3265 2664 3336 primus
2681 3269 2928 3323 omnium
2961 3270 3270 3342 principum
3297 3273 3448 3347 regni
3475 3273 3642 3330 Fran-

2037 3369 2227 3410 corum
2265 3371 2486 3412 crucem
2517 3361 2768 3429 assumit,
2797 3371 2924 3416 ante
2965 3363 3200 3418 natalem
3237 3365 3472 3420 Domini.

2109 3445 2269 3500 1188.
2486 3448 2556 3502 36
2863 3450 2898 3505 8
3208 3451 3295 3508 34.
3519 3456 3573 3512 1.

2039 3533 2167 3590 Post
2196 3535 2537 3592 natiuitatem
2578 3539 2816 3606 Domini,
2850 3540 3136 3613 Philippus
3186 3558 3281 3598 rex
3323 3543 3650 3601 Francorum

2040 3632 2095 3680 et
2117 3625 2384 3682 Henricus
2447 3644 2540 3683 rex
2593 3629 2892 3704 Anglorum
2947 3637 3002 3686 et
3059 3631 3325 3687 Henricus
3353 3634 3652 3706 episcopus

2040 3714 2386 3778 Albanonsis,
2439 3716 2652 3788 legatus
2697 3718 2994 3783 Romanus,
3053 3729 3108 3774 et
3183 3720 3342 3775 multi
3394 3721 3488 3776 alii
3547 3730 3657 3778 tam

2043 3807 2312 3880 cpiscOpi,
2345 3824 2506 3880 quam
2525 3809 2696 3865 duces
2721 3817 2773 3865 et
2804 3811 3056 3879 comites,
3104 3813 3160 3866 in
3191 3813 3428 3869 marchis
3450 3815 3658 3869 utrius-

2043 3914 2152 3969 que
2181 3898 2334 3972 regni
2369 3908 2748 3955 convenerunt
2780 3899 2909 3966 ;ubi
2967 3901 3112 3956 inter
3167 3918 3265 3956 eos
3307 3902 3378 3956 de
3413 3903 3648 3958 diversis

2044 3991 2226 4046 causis
2287 3997 2414 4045 sunt
2460 3998 2684 4046 tractata
2713 3991 2929 4048 diversa
3010 3993 3246 4048 maxime
3291 3993 3362 4049 de
3419 3993 3657 4050 ecclesia

2044 4083 2428 4139 transmarina.
2489 4084 2663 4140 Ambo
2714 4100 2872 4159 rcges
2916 4100 3042 4140 cum
3119 4084 3305 4141 multis
3361 4085 3445 4141 sui
3505 4086 3661 4162 regni

2047 4176 2414 4248 principibus,
2443 4177 2790 4250 episcopiset
2821 4177 3105 4244 militibus,
3129 4179 3411 4235 nobilibus
3429 4187 3484 4235 et
3498 4179 3664 4253 igno-

2046 4271 2276 4337 bilibus,
2335 4279 2484 4326 trans
2529 4287 2678 4326 mare
2744 4271 3041 4342 profecturi
3099 4287 3292 4328 cruces
3352 4272 3654 4342 accipiunt.

330 4378 417 4428 tes
437 4377 494 4426 et
525 4371 746 4426 castella
781 4371 946 4426 totius
971 4370 1126 4445 regni
1183 4370 1413 4425 muniat.
1455 4371 1551 4425 Cui
1600 4386 1690 4426 rex
1720 4370 1946 4425 minime
2050 4359 2354 4416 Richard!”
2383 4360 2674 4450 Aquitania
2705 4361 2814 4415 dux
2846 4361 3107 4450 insurgit
3162 4360 3662 4450 (ιοξιῑτεάρηιίηυηι

329 4460 628 4535 acquievit.
657 4459 852 4516 Comes
903 4465 1084 4516 autem
1123 4459 1306 4516 statim
1359 4476 1480 4516 cum
1530 4460 1644 4516 suis
1698 4461 1825 4516 inde
1857 4475 1947 4516 rc-
1975 4454 2206 4524 Dsuum
2237 4465 2425 4524 regem
2455 4449 2804 4504 Francorum.
2829 4449 3001 4512 Quem
3035 4464 3126 4502 rex
3153 4447 3281 4503 totis
3321 4447 3532 4504 viribus
3558 4465 3663 4504 ex-

330 4553 594 4618 cessit,et
623 4559 824 4608 terram
853 4566 1006 4606 suam
1037 4551 1270 4606 munivit
1309 4558 1364 4606 et
1401 4551 1718 4606 custodivit.
1779 4551 1926 4606 Guidi

2054 4539 2288 4611 cipiens,
2309 4537 2578 4609 compulit
2606 4537 2674 4592 ad
2735 4537 3100 4591 deditionem.
3134 4535 3274 4590 Pace
3299 4542 3484 4592 autem
3515 4536 3661 4593 inter

331 4661 464 4702 vero
495 4661 591 4701 rex
614 4644 860 4700 nondum
891 4643 1002 4699 duo
1020 4658 1238 4698 menses
1269 4643 1324 4697 in
1384 4658 1558 4716 regno
1588 4650 1948 4718 transegerat.

331 4737 514 4794 luitur
555 4736 763 4791 bellum
815 4735 1152 4797 miserabile,
1210 4743 1265 4790 et
1313 4735 1572 4790 omnibus
1622 4734 1956 4790 christicolis

331 4827 494 4882 valde
520 4825 894 4882 lamentabile.
961 4822 1359 4887 Bethleemites
1405 4823 1704 4894 cpiscopus
1744 4822 1952 4880 ferebat

330 4934 558 4976 crucem
583 4916 919 4974 dominicam
949 4915 1045 4983 ;in
1093 4929 1205 4986 quo
1246 4912 1508 4970 conﬂictu
1533 4913 1655 4985 ipse
1690 4915 1952 4970 sacerdos

329 5006 627 5072 occiditur,
645 5021 778 5060 crux
808 5003 1088 5060 dominica
1109 5019 1143 5058 a
1165 5002 1392 5078 paganis
1429 5001 1694 5068 aufertur,
1717 5010 1772 5058 et
1797 5003 1906 5058 heu
1936 5001 1948 5055 Ι

335 5102 600 5159 translata
639 5109 724 5157 est
753 5099 928 5174 gloria
953 5100 1023 5154 ab
1055 5096 1243 5166 Israel,
1273 5104 1334 5152 ut
1357 5097 1426 5153 de
1452 5113 1577 5154 arca
1617 5097 1830 5154 Domini
1863 5112 1954 5152 re-

2055 4649 2152 4688 eos
2225 4630 2458 4699 ﬁrmata,
2522 4636 2713 4686 contra
2777 4627 3065 4682 llenricum
3126 4643 3313 4703 regem
3365 4627 3664 4703 Anglorum

2056 4720 2354 4778 exercitum
2387 4719 2618 4785 ducunt,
2677 4717 2868 4786 etcjus
2922 4715 3146 4771 castella
3194 4717 3465 4788 diripiunt
3495 4725 3550 4774 et
3580 4719 3668 4773 in-

2055 4811 2298 4866 cendunt
2328 4811 2484 4879 (nam
2539 4821 2762 4876 semper
2817 4804 3143 4860 Francorum
3189 4805 3662 4881 regibusrebellis

2053 4900 2307 4955 extiterat
2337 4898 2522 4966 (Mart,
2554 4895 2663 4966 27).
2693 4894 2975 4952 Dominica
3013 4894 3196 4951 media
3220 4895 3670 4971 quadragesime,

2054 4993 2201 5064 apud
2231 4989 2631 5065 Maguntiacum
2683 4989 2927 5065 generali
2976 4990 3128 5046 curia
3157 4999 3508 5066 congregata,
3533 4989 3667 5044 Fre-

2055 5089 2276 5145 dcricus
2306 5087 2604 5158 imperator
2649 5102 2772 5142 cum
2830 5085 3021 5142 multis
3072 5085 3352 5157 episc0pis
3403 5091 3459 5140 ct
3497 5085 3666 5141 totius

1690 5217 1911 5274 VARl/E
1941 5213 2318 5275 LECTIONES.

410 5293 483 5330 ‘“
507 5292 769 5350 CLXXXI.
794 5292 906 5350 cod.
935 5291 1003 5328 ⁸⁸⁷
1031 5289 1312 5348 CLXXXII.
1347 5293 1460 5348 cod.

1898 5385 2106 5443 NOT/E.

411 5490 591 5564 (44η
607 5490 806 5564 Ιιιιιιιίῐ
823 5489 1168 5564 vaticinium,
1187 5488 1338 5561 quod
1359 5487 1563 5562 legitur
1575 5489 1721 5560 apud
1746 5489 1958 5546 Rober—

339 5560 456 5621 tum
484 5560 757 5620 de'lonte
787 5579 820 5617 a
873 5560 1032 5619 1179.

419 5635 565 5709 (448)
598 5633 690 5690 Est
717 5635 854 5690 silva
884 5634 940 5689 in
968 5649 1110 5709 pago
1150 5630 1542 5690 Attrebatensi.
1579 5631 1832 5688 Humida.

2067 5487 2352 5543 Gamantia
2380 5485 2612 5542 inferior
2649 5489 2769 5558 ejus
2785 5499 2912 5558 pars
2937 5483 3040 5540 erit
3077 5484 3146 5539 ad
3169 5481 3480 5540 Sambram.

2140 5558 2287 5630 (449)
2322 5558 2615 5631 Lusignan.
