3894 6070
289 217 394 275 327
1502 225 1843 285 SIGEBERTI
1881 228 2393 317 GEMBLACENSIS.
3514 234 3625 298 328

292 351 445 422 regni
476 351 561 407 sui
585 350 925 423 principibus
976 357 1033 406 et
1089 350 1483 410 innumerabili
1541 358 1895 414 multitudine
1920 362 2140 434 Aultra
2168 378 2333 433 quam
2363 362 2516 418 credi
2560 370 2742 435 potest
2795 366 3176 436 contristatus,
3224 368 3280 424 in
3324 368 3624 430 inﬁmita-

289 442 744 498 Theutonicorum
794 458 988 498 cruces
1042 453 1286 503 sumunt.
1319 447 1512 504 Comes
1541 449 1899 507 Namucensis
1999 460 2107 511 tem
2136 454 2361 510 decidit.
2394 455 2640 528 Cumque
2679 459 2825 529 apud
2876 461 3166 516 castellum
3224 463 3621 534 quodvocatur

293 536 554 591 Henricus
576 534 743 591 filiam
782 553 937 592 suam
968 538 1211 606 unicam,
1269 541 1451 597 adhuc
1471 541 1901 610 lactentem,dat
2004 547 2174 603 Cinon
2206 548 2464 616 venisset,
2496 550 2593 605 ubi
2641 567 2769 622 pars
2826 553 3213 610 thesaurorum
3266 557 3393 627 ejus
3437 566 3630 616 custo-

293 624 525 680 Henrico
550 625 739 680 comiti
758 625 1072 694 Trecarum,
1127 636 1182 684 et
1210 644 1334 684 cum
1359 645 1426 686 ea
1468 639 1592 701 post
1619 647 1779 686 suum
1799 630 1903 685 de-
2003 637 2280 704 diebatur,
2308 640 2534 713 langore
2568 640 3009 713 ingravescente,
3070 624 3330 701 moritur.
3365 646 3463 712 Qui
3482 649 3630 719 apud

290 727 504 768 cessum
551 728 774 769 omnem
831 720 974 770 terre
1040 731 1141 771 sue
1211 717 1551 775 comitatum.
1606 718 1906 774 Balduinus

288 799 483 856 Comes
512 800 864 869 Hainoensis,
896 819 962 858 ex
1015 819 1204 860 sorore
1256 820 1431 876 nepos
1480 806 1623 877 ejus,
1657 807 1760 862 hoc
1805 823 1908 861 au-

285 888 448 945 diens
471 896 526 945 et
547 890 765 957 videns,
826 891 1082 959 indoluit,
1133 893 1262 965 quia
1306 893 1544 949 eundem
1586 894 1903 950 comitatum

282 978 442 1034 valde
471 978 782 1046 affectabat,
814 988 865 1034 et
893 995 989 1050 pro
1014 997 1080 1036 eo
1108 981 1470 1051 adipiscendo
1524 991 1630 1039 tam
1663 984 1903 1055 impera-

286 1070 390 1126 tori
416 1071 729 1137 Frederico,
772 1088 934 1142 quam
966 1074 1169 1127 ceteris
1197 1075 1266 1129 de
1297 1075 1466 1138 curia,
1503 1076 1701 1129 multas
1727 1076 1904 1130 dede-

286 1166 370 1215 rat
410 1160 672 1230 pecunias
722 1160 858 1214 (‘um
898 1167 1078 1215 autem
1140 1168 1265 1215 ante
1315 1177 1559 1216 mensem
1598 1164 1902 1235 Augustum

287 1249 344 1302 in
369 1264 567 1323 guerra
594 1249 736 1321 regis
759 1248 1088 1303 Francorum
1161 1249 1427 1305 Henricus
1449 1265 1638 1306 comes
1664 1252 1903 1307 Trecen-

284 1341 359 1395 sis
399 1340 851 1397 inexcusabiliter
900 1347 1202 1411 occupatus
1283 1349 1451 1409 esset,
1514 1352 1569 1397 et
1635 1342 1903 1398 Henricus

284 1447 473 1487 comes
528 1432 670 1488 lecto
715 1432 1095 1499 decumberet,
1152 1433 1455 1488 Balduinus
1510 1434 1900 1508 undecumque

285 1531 564 1579 contracto
586 1524 850 1588 exercitu,
880 1531 1123 1579 castrum
1172 1525 1345 1579 milite
1387 1525 1651 1581 nudatum
1700 1533 1756 1581 et
1799 1513 1903 1581 de-

286 1611 606 1666 l'ensoribus
651 1610 998 1681 repperiens,
1051 1612 1482 1687 inexpugnabile
1521 1621 1756 1670 castrum
1789 1615 1898 1669 Na-

280 1721 564 1771 mucense,
596 1715 657 1761 ut
679 1706 993 1777 putabatur,
1019 1706 1242 1763 fortuna
1272 1708 1377 1762 sibi
1418 1709 1699 1765 arridente
1726 1710 1892 1781 cepit.

286 1790 562 1847 Mediante
586 1800 770 1849 autem
830 1810 1019 1850 mense
1066 1797 1309 1870 Augusto
1351 1797 1490 1852 ultra
1521 1798 1894 1872 progreditur,

284 1889 339 1937 et
367 1883 654 1939 castellum
683 1884 1042 1941 fortissimum
1080 1887 1407 1943 Boviniense
1436 1888 1571 1959 (450)
1603 1888 1895 1945 obsidione

286 1975 539 2049 cingens,
569 1985 690 2046 post
709 1978 855 2032 diem
888 1978 978 2047 15,
1008 1978 1241 2033 viriliter
1261 1980 1432 2049 cepit,
1465 1988 1520 2035 et
1540 1997 1763 2037 omnem
1786 1987 1898 2036 ter-

288 2082 403 2120 ram
433 2066 581 2121 circa
605 2066 805 2122 Mosam
838 2067 1129 2123 comitatus
1170 2069 1532 2141 Namuceusis
1578 2071 1686 2126 sibi
1715 2073 1901 2127 subdi~

286 2160 383 2214 dit.
416 2160 612 2216 Paucis
631 2176 761 2216 vero
790 2162 990 2217 diebus
1022 2165 1331 2230 transactis,
1377 2179 1564 2220 comes
1590 2166 1899 2221 Namucen-

284 2250 359 2304 sis
379 2250 677 2305 canonicos
720 2251 791 2305 de
837 2251 1076 2306 ecclesia
1104 2252 1359 2308 Florefﬁa
1411 2253 1664 2324 ejiciens,
1707 2264 1899 2311 contra

284 2338 550 2408 impetum
609 2339 861 2393 Balduini
903 2340 1185 2394 castellum
1232 2342 1340 2396 sibi
1402 2341 1549 2410 fecit,
1592 2349 1646 2398 et
1697 2344 1901 2399 milites

283 2442 408 2481 cum
422 2425 538 2481 suis
569 2426 895 2481 satellitibus
918 2427 994 2482 ibi
1011 2429 1296 2485 constituit
1322 2430 1489 2501 (451).

357 2514 517 2569 1189.
671 2515 731 2569 R.
783 2515 871 2572 37.
1000 2516 1058 2571 F.
1089 2517 1145 2573 9.
1258 2521 1315 2573 A.
1351 2520 1440 2575 35.
1595 2520 1654 2575 11.
1698 2521 1755 2576 2.

355 2604 681 2659 Fredericus
711 2606 1011 2677 imperator
1065 2624 1191 2662 cum
1239 2626 1341 2665 suo
1366 2612 1745 2682 cxercitupost
1780 2611 1901 2666 dies

285 2710 449 2767 pasce
487 2695 718 2765 arripuit
746 2696 871 2763 iter,
901 2706 1104 2751 etcum
1140 2715 1338 2774 magno
1364 2701 1639 2756 exercitus
1676 2702 1762 2756 sui
1799 2702 1901 2756 de-

287 2788 546 2843 trimeuto
574 2788 768 2843 transit
818 2804 915 2859 per
972 2790 1321 2865 Hungariam,
1382 2791 1623 2847 Traciam
1675 2801 1728 2848 et
1757 2794 1897 2848 Gre—

285 2879 450 2945 ciam,
481 2887 541 2933 et
570 2879 822 2949 pervenit
860 2895 1036 2951 usque
1081 2882 1149 2935 ad
1181 2881 1406 2937 ﬂuvium
1458 2883 1615 2955 Syrie
1645 2884 1900 2940 nomina-

287 2966 557 3021 tissimum
573 2966 775 3023 Farfar.
818 2966 983 3023 Porro
1023 2970 1195 3024 nostri
1254 2970 1477 3038 milites,
1508 2972 1748 3028 Jacobus
1777 2972 1894 3027 sci-

286 3058 416 3113 licet
440 3058 511 3112 de
531 3058 777 3121 Avesnis,
814 3059 1063 3115 Hellinus
1087 3061 1324 3133 dapifer,
1378 3071 1433 3119 et
1490 3064 1646 3120 multi
1689 3064 1780 3119 alii
1809 3065 1896 3119 di-

283 3166 442 3206 verse
469 3150 752 3226 dignitatis
779 3159 835 3207 et
855 3153 1086 3219 ordinis,
1118 3171 1218 3226 per
1244 3156 1495 3227 Apuliam
1551 3157 1894 3224 incedentes,

284 3259 433 3299 mare
463 3250 766 3313 transeunt,
797 3252 851 3302 et
871 3247 1064 3302 urbem
1122 3249 1333 3318 Achon,
1372 3268 1536 3322 quam
1578 3252 1896 3308 Tholomai-

283 3334 413 3388 dam
454 3334 735 3404 Scriptura
797 3336 984 3392 divina
1048 3348 1227 3407 vocat,
1291 3341 1586 3397 obsidione
1640 3342 1889 3417 cingunt.

283 3428 486 3483 Eodem
514 3436 764 3495 tempore
794 3431 931 3487 obiit
961 3430 1271 3489 Willelmus
1337 3435 1428 3506 pie
1483 3437 1749 3491 memorie
1798 3452 1892 3491 rex

280 3520 494 3590 Apulie.
536 3520 961 3577 Christianorum
993 3524 1480 3580 transmarinorum
1522 3533 1802 3597 protector
1838 3534 1891 3582 et

280 3611 559 3679 defensor,
589 3612 800 3684 absque
831 3615 1038 3670 herede
1073 3633 1087 3682 ;
1121 3618 1600 3693 qui,congregatis
1621 3620 1789 3675 totius
1812 3635 1892 3674 re-

279 3703 371 3776 gni
409 3703 496 3758 sui
527 3703 896 3774 principibus,
923 3707 1186 3762 heredem
1219 3708 1372 3782 regni
1404 3708 1662 3783 designat
1697 3711 1890 3768 Henri-

280 3809 404 3848 cum
445 3807 652 3865 regem,
682 3791 859 3847 filium
913 3794 1182 3850 Frederici
1246 3796 1615 3867 imperatoris,
1644 3810 1741 3870 qut
1774 3801 1893 3869 ejus

281 3883 502 3937 amitam
541 3881 783 3936 habebat
828 3883 887 3937 in
943 3885 1223 3958 conjugio.
1253 3888 1352 3952 Qui
1417 3903 1612 3943 omnes
1642 3906 1768 3944 cum
1793 3906 1889 3945 sa-

280 3978 587 4036 cramento,
619 3969 726 4024 ﬁde
750 3971 1095 4042 interposita,
1125 3975 1497 4045 promiserunt
1525 3997 1624 4035 sua
1642 3981 1888 4052 predicto

280 4059 396 4133 regi
454 4058 595 4114 colla
642 4057 1037 4116 submissuros.
1110 4062 1236 4119 Post
1278 4073 1509 4122 mortem
1559 4085 1689 4125 vero
1744 4072 1891 4145 regis

280 4149 556 4214 Willelmi,
621 4148 782 4205 ﬁdem
842 4160 898 4207 et
952 4163 1377 4225 sacramentum,
1422 4160 1569 4230 quod
1625 4161 1889 4231 fecerant,

277 4244 769 4316 parvipendentes,
819 4249 1096 4319 quendam
1154 4252 1520 4310 Trancredum
1579 4273 1645 4311 ex
1675 4260 1890 4316 semine

2007 728 2234 783 Fontem
2263 729 2333 763 ³⁵⁸
2364 729 2586 784 Ebraldi
2616 730 2962 802 deportatus,
2986 732 3075 787 vix
3107 734 3453 792 necessarios
3482 753 3632 791 sum-

2008 828 2134 892 ptus
2159 823 2253 878 ille
2283 823 2563 895 quondam
2599 823 2754 879 dives
2802 832 2858 880 et
2904 834 3208 897 prepotens
3236 828 3305 882 ad
3336 829 3627 900 sepelien-

2010 912 2139 967 dum
2170 911 2403 978 habens,
2428 911 2507 966 ibi
2541 911 2598 967 in
2653 914 2989 972 monasterio
3064 916 3340 991 virginum
3388 920 3634 975 tumula-

2005 1011 2108 1061 tur.
2145 1005 2237 1073 Cui
2268 1005 2517 1061 succedit
2544 1005 2853 1063 Richardus
2909 1025 3097 1065 comes
3126 1012 3450 1082 Aquitanus,
3478 1012 3630 1068 ﬁlius

2003 1097 2141 1168 ejus.
2177 1097 2319 1152 Obiit
2347 1098 2499 1170 llugo
2528 1098 2861 1154 castellanus
2892 1100 3322 1169 Cameracensis,
3338 1102 3625 1159 Elizabeth

2004 1185 2333 1240 Francorum
2392 1185 2605 1260 regina,
2659 1187 2791 1242 satis
2853 1188 3132 1263 religiosa,
3200 1191 3270 1245 ad
3332 1192 3627 1247 Dominum

2003 1277 2259 1350 migravit
2314 1278 2500 1347 (Mart.
2552 1278 2666 1346 15),
2724 1286 2779 1333 et
2846 1294 2972 1334 cum
3027 1281 3220 1337 nimtio
3275 1282 3612 1339 Francorum

2003 1368 2302 1438 planctuin
2343 1369 2579 1424 ecclesia
2628 1370 2792 1426 beate
2846 1371 3307 1429 Marie‘Parisius
3332 1376 3623 1447 sepelitur.

2002 1461 2203 1516 Civitas
2238 1461 2657 1529 Attrebatensis,
2712 1479 2835 1517 cum
2897 1464 3134 1519 ecclesia
3165 1467 3367 1539 sancti,1
3385 1467 3631 1536 Vedasti,

2003 1547 2260 1603 incendio
2282 1547 2670 1622 conﬂagratur.

2278 1640 2436 1694 1190.
2654 1642 2748 1696 38.
2970 1644 3057 1701 10.
3284 1646 3333 1699 1.

1998 1733 2147 1788 Circa
2204 1733 2552 1789 festivitatem
2609 1737 2782 1792 sancti
2840 1737 3094 1807 Joannis,
3163 1739 3456 1811 Philippus
3525 1757 3625 1796 rex

1997 1828 2327 1884 Francorum
2346 1837 2399 1884 et
2427 1829 2733 1886 Richardus
2790 1844 2885 1887 r‘ex
2937 1834 3237 1906 Anglorum
3286 1844 3440 1890 trans
3472 1851 3627 1891 mare

1998 1916 2316 1988 profecturi,
2371 1918 2476 1973 iter
2526 1919 2840 1991 arripiunt;
2875 1937 2967 1977 rex
3024 1922 3358 1978 Francorum
3392 1932 3619 1995 portum

1997 2004 2170 2061 Janue
2198 2006 2435 2061 civitatis
2456 2007 2706 2077 expetiit,
2775 2016 2829 2064 ct
2859 2025 2953 2065 rex
2985 2011 3286 2083 Anglorum
3316 2012 3617 2067 Massiliam

1999 2097 2169 2152 venit.
2226 2097 2409 2153 Pridie
2460 2098 2575 2153 Kal.
2627 2100 2877 2173 Augusti,
2936 2102 3222 2157 christiani
3276 2103 3371 2175 qui
3425 2104 3616 2159 Achon

1999 2188 2352 2255 obsederant,
2385 2189 2710 2246 inconsultis
2738 2192 3012 2248 exercitus
3067 2193 3436 2265 principibus,
3474 2193 3624 2250 infe-

1997 2277 2175 2333 liciter
2225 2287 2606 2353 pugnaverunt
2653 2281 2918 2337 adversus
2974 2281 3392 2351 Salahadinum,
3460 2283 3631 2338 insti-

1999 2379 2161 2446 gante
2192 2386 2288 2426 eos
2325 2371 2543 2427 Elberto
2593 2373 2922 2443 presbitero,
2955 2375 3225 2430 Duacensi
3292 2375 3534 2442 decano,
3562 2383 3629 2430 ut

1999 2459 2229 2514 relatum
2248 2466 2331 2514 est
2366 2460 2526 2516 nobis
2567 2460 2635 2514 ab
2687 2460 2774 2516 his
2803 2461 2896 2533 qui
2932 2461 3319 2518 interfuerunt.
3349 2462 3428 2517 Ibi
3464 2463 3624 2519 occi-

2000 2567 2094 2605 sus
2124 2559 2208 2607 est
2264 2552 2410 2607 idem
2466 2552 2717 2609 Elbertus
2779 2561 2832 2609 et
2863 2555 3023 2610 multi
3072 2555 3164 2610 alii
3212 2572 3390 2628 usque
3417 2556 3486 2611 ad
3517 2573 3619 2612 sex

2000 2645 2153 2701 milia
2206 2645 2537 2701 interierunt
2619 2647 2749 2703 Cum
2802 2664 2897 2703 rex
2951 2649 3285 2704 Francorum
3339 2649 3399 2704 in
3449 2650 3625 2706 Janua

2001 2744 2226 2792 ventum
2256 2738 2324 2793 ad
2364 2738 2833 2794 transfretandum
2886 2747 3201 2811 expectaret
3229 2748 3442 2811 aptum,
3484 2758 3626 2814 qua-

2001 2826 2126 2881 dam
2158 2827 2246 2880 die
2269 2827 2325 2880 in
2353 2828 2551 2882 eadem
2580 2828 2803 2883 civitate
2834 2827 3020 2902 fulgur
3064 2829 3131 2882 de
3162 2828 3284 2883 celo
3319 2829 3623 2901 quinquies

2002 2918 2239 2981 cecidit;
2265 2918 2413 2989 quod
2446 2935 2631 2991 regem
2650 2919 2807 2975 valde
2831 2919 3146 2991 perterruit.
3170 2921 3413 2975 Tandem
3437 2921 3627 2977 omni-

1919 3018 1970 3088 ρ
1996 3010 2098 3064 bus
2123 3007 2454 3062 necessariis
2485 3009 2808 3079 preparatis,
2840 3009 2896 3064 in
2950 3009 3041 3064 die
3096 3009 3414 3065 festivitatis
3443 3012 3621 3066 sancti

2001 3098 2479 3155 Laurentiirelicto
2514 3106 2696 3171 portu,
2727 3101 3019 3157 velitieavit
3049 3120 3064 3168 ;
3089 3117 3331 3174 cumque
3353 3118 3621 3175 prospere

1998 3188 2339 3263 navigarent,
2368 3195 2423 3242 et
2453 3188 2567 3256 jam
2607 3188 2778 3244 multa
2835 3190 3003 3246 maris
3051 3190 3239 3261 spacia
3271 3192 3614 3247 transvolas-

1996 3286 2140 3345 sent,
2174 3288 2399 3349 repente
2429 3288 2627 3335 ventus
2648 3296 2882 3357 surgens
2946 3287 3277 3347 contrarius,
3306 3298 3497 3357 regem
3530 3299 3617 3339 re-

1997 3371 2312 3444 trogradare
2342 3372 2540 3446 coegit.
2570 3372 2735 3429 Multe
2761 3391 2930 3431 naves
2993 3378 3272 3434 confracte
3299 3384 3446 3440 sunt,
3478 3378 3611 3450 equi

1991 3460 2199 3527 amissi,
2224 3460 2589 3518 instrumenta
2622 3463 2807 3538 lignea
2842 3508 2855 3526 .
2888 3483 2997 3538 que
3050 3484 3239 3524 secum
3273 3468 3512 3524 ducebat
3544 3467 3615 3522 ad

1989 3549 2290 3620 capiendas
2318 3550 2678 3617 munitiones,
2728 3559 2856 3608 sunt
2914 3555 3153 3625 perdita,
3212 3557 3409 3611 Milites
3445 3556 3610 3612 etiam

1990 3639 2141 3693 multi
2201 3640 2474 3694 submersi
2526 3647 2580 3695 et
2635 3642 2852 3712 perditi.
2888 3643 3090 3717 Sicque
3146 3662 3240 3702 rex
3266 3646 3604 3702 Francorum

1986 3742 2085 3782 suo
2109 3727 2397 3783 frustratus
2441 3736 2661 3794 conatu,
2721 3730 2777 3785 in
2828 3731 3081 3789 Messana
3134 3734 3333 3806 Apulie
3383 3734 3606 3792 civitate

1992 3833 2116 3873 cum
2143 3835 2271 3892 rege
2310 3820 2629 3894 Anglorum,
2687 3824 2974 3880 transitum
3024 3827 3312 3898 sequentis
3347 3828 3478 3882 anni
3513 3843 3613 3882 ex-

1992 3920 2220 3983 pectans
2274 3915 2498 3969 resedit.
2542 3915 2738 3972 Comes
2785 3928 2969 3974 autem
3028 3920 3281 3975 Flaudrie
3327 3920 3614 3992 Philippus

1991 4004 2269 4060 mediante
2315 4010 2558 4081 Augusto
2621 4009 2764 4079 (452)
2824 4012 3104 4081 profectus
3134 4020 3237 4079 est,
3280 4021 3335 4069 et
3365 4013 3422 4067 in
3452 4014 3608 4068 Italia
3646 4059 3651 4063 .

1991 4093 2288 4163 hyemavit.
2319 4095 2443 4164 lpso
2490 4112 2637 4151 anno
2665 4114 2899 4172 magnus
2948 4101 3262 4157 christianis
3289 4102 3493 4157 nostris
3518 4118 3613 4159 ac-

1992 4184 2127 4239 cidit
2165 4185 2342 4240 dolor.
2398 4187 2531 4241 Nam
2572 4187 2893 4245 Fredericus
2947 4191 3231 4263 piissimus
3286 4193 3607 4264 imperator,

1993 4291 2117 4331 cum
2150 4276 2205 4330 in
2239 4276 2467 4333 ﬂumine
2490 4278 2677 4335 Farfar
2719 4297 2890 4353 prOpe
2946 4284 3331 4340 Anthiochiam
3388 4285 3609 4341 lavandi
3662 4304 3668 4310 ‘

276 4334 427 4409 Γοὲίο
457 4336 565 4392 Sibi
605 4354 790 4412 regem
842 4350 1185 4443 οΐθθξξεῐςξξηῑ-
1223 4345 1506 4443 Philippus
1532 4367 1625 4404 rex
1659 4351 1889 4409 Ρτθῐιϐο-
1912 4341 1967 4410 D
1991 4370 2046 4418 et
2071 4363 2431 4439 refrigerandi
2463 4383 2627 4423 causa
2656 4334 2888 4437 nataret,
2946 4371 3262 4427 violentiam
3321 4387 3464 4443 aque
3496 4386 3609 4426 non

276 4434 714 4531 [ῑξηξνδδξυῐξηηίξ
746 4445 932 4486 Secum
970 4431 1223 4505 philippo
1280 4436 1480 4492 comite
1534 4438 1791 4495 Flaudrie
1830 4450 1885 4497 et
1987 4431 2288 4519 sustinens,
2323 4461 2405 4509 ter
2435 4455 2488 4509 in
2548 4456 2797 4524 ejusdem
2844 4475 2988 4531 aque
3016 4460 3291 4531 profundo
3317 4431 3608 4515 demersus

276 4516 549 4574 Richardo
579 4520 870 4592 Aquitanie
900 4523 1121 4591 comite,
1184 4527 1409 4581 castella
1461 4535 1516 4583 et
1543 4529 1701 4585 villas
1729 4533 1883 4604 regni

2004 4553 2089 4613 ast,
2119 4554 2175 4602 et
2202 4562 2326 4601 cum
2352 4563 2554 4622 magno
2589 4550 2821 4605 militum
2849 4551 3184 4609 laboreinde
3204 4561 3288 4610 est
3311 4560 3605 4609 extractus.

273 4605 492 4716 llenrici
523 4609 667 4716 regis
700 4610 1013 4716 ‘Angliemet
1066 4613 1313 4672 incendit
1365 4624 1419 4672 et
1476 4618 1733 4677 destruit.
1775 4622 1884 4677 Rex
1987 4637 2087 4703 Qui
2121 4637 2301 4693 triduo
2323 4640 2625 4711 supervixit
2653 4642 2915 4716 elinguis,
2946 4651 3001 4699 et
3053 4660 3287 4716 corpore
3317 4645 3605 4701 dominico

272 4713 403 4753 vero
431 4700 618 4801 Anglie
647 4702 715 4801 ad
782 4704 1100 4801 conﬂictum
1149 4725 1258 4801 non
1289 4712 1597 4770 sustinebat
1626 4732 1745 4782 eos,
1779 4719 1877 4773 sed
1978 4735 2204 4799 accepto
2232 4746 2353 4785 cum
2387 4746 2543 4787 sacra
2600 4734 2886 4801 unctione,
2939 4736 3087 4791 diem
3120 4738 3375 4793 ultimum
3406 4737 3608 4793 clausit

270 4802 463 4842 eorum
489 4788 726 4844 adventu
756 4792 967 4859 audito,
1024 4799 1179 4867 quasi
1207 4798 1425 4872 fugiens
1455 4802 1522 4857 de
1551 4804 1672 4860 loco
1703 4807 1772 4861 ad
1800 4808 1880 4863 lo-

278 4892 390 4896 -____
427 4876 715 4896 -_--J-L_.
773 4879 812 4896 η.
909 4882 920 4896 .
1077 4885 1106 4896 η
1396 4891 1407 4896 -

2004 4788 2128 4875 Jun:
2168 4822 2232 4876 10
2260 4862 2273 4874 .
2309 4822 2519 4893 Corpus
2550 4825 2670 4894 ejus
2696 4788 2976 4883 conditum
3011 4830 3375 4896 aromatibus,
3425 4830 3608 4885 adhuc
3656 4858 3663 4865 -

1985 4876 1998 4888 κ
2361 4876 2370 4877 ί
2417 4876 2429 4893 ι
2557 4876 2667 4894 ‘¢"'
2702 4876 2976 4883 νν--η--π
3011 4876 3375 4896 *ο-ν--νπ--σ-νν
3425 4876 3605 4885 *ν’-ν’*

270 4892 395 4930 cum
424 4876 739 4992 Seceiebat-
773 4879 1014 4992 Tandem
1037 4885 1440 4992 nCe'uou‘iannis
1498 4897 1748 4992 pervenit
1798 4897 1877 4953 lbi
1983 4910 2318 4981 insepultum
2344 4913 2669 4969 custoditur.
2705 4914 2797 4971 Cui
2832 4919 3099 4974 successit
3149 4919 3208 4974 in
3251 4934 3424 4992 regno
3459 4918 3609 4973 Hen-
3674 4964 3681 4969 .

265 4980 393 5082 θυηῖ
438 4980 531 5020 rex
562 4966 892 5082 τίξθθοτυηξ
936 4977 989 5024 et
1036 4972 1339 5034 Ric'mrd‘ls
1403 4996 1589 5037 comes
1644 4984 1880 5045 insecuti
1982 4966 2128 5054 ricus
2157 4999 2304 5056 ﬁlius
2335 5001 2474 5070 ejus.
2506 5004 2673 5060 Porro
2702 5007 3003 5064 exercitum
3036 5010 3178 5079 ejus,
3236 4966 3420 5082 qui’in
3452 5010 3610 5080 Syria

264 5065 445 5127 sunt;
503 5065 597 5132 qui
649 5065 989 5132 insperatum
1043 5081 1233 5122 eorum
1295 5073 1529 5131 audiens
1584 5078 1881 5138 adventum
1982 5102 2349 5163 remanserat,
2393 5096 2531 5151 rexit
2588 5095 2870 5154 Conradus
2908 5100 3017 5155 dux
3087 5065 3415 5165 Suevdrum,
3460 5099 3611 5157 filius

334 5257 402 5293 ⁸⁵³
432 5258 668 5317 frontem
701 5264 815 5318 cod.
1624 5208 1844 5266 VARUE
1884 5215 2263 5275 LECTIONES'

1836 5386 2043 5446 NOTAE.

510 5459 691 5544 grape
723 5463 940 5544 D_inant.

337 5529 702 5624 ἓίίδξὶηΐιξεξξε
749 5537 1103 5624 haegnomnia
1155 5552 1339 5598 narrat
1377 5545 1582 5608 Gisleb.
1620 5570 1675 5624 p.
1731 5555 1824 5612 161
1860 5587 1929 5598 --

264 5597 385 5655 166.
418 5601 672 5657 170.177
702 5633 770 5647 --
801 5610 921 5665 186.

2041 5491 2261 5619 δείῗὲἓ)
2293 5493 2478 5551 Mense
2529 5497 2841 5569 Seplembl‘i
2899 5499 3203 5571 profectum
3249 5502 3386 5558 dicit
3433 5502 3607 5559 Gisle-
