3894 6070
202 235 310 290 329

1147 232 1493 288 CHRONICA.
1537 262 1604 272 -
1648 232 2084 290 CONTINUATIO
2125 235 2609 300 AQUICINCTINA.

3451 243 3555 299 330

202 361 402 433 ipsius,
428 359 591 415 miles
643 358 893 415 inclitus.
956 359 1098 414 Obiit
1157 359 1426 414 Evrardus
1473 359 1913 434 TornacensisA
1938 365 2112 418 sancti
2135 364 2404 420 Johannis
2436 365 2722 437 Philippus
2749 382 2840 422 rex
2875 367 3204 424 Francorum
3236 379 3291 425 et
3334 372 3556 427 Richar'

201 458 528 528 episcopus.
557 457 617 511 In
642 455 972 523 ebdomada,
1027 473 1135 527 que
1192 457 1456 526 precessit
1495 455 1832 510 nativitatem

200 546 566 612 dominicam,
595 545 795 600 factum
846 553 928 600 est
977 545 1214 615 prelium
1275 545 1328 597 in
1392 544 1662 614 Hyspania
1696 544 1837 599 inter

200 654 366 712 reges
407 637 808 707 Ilyspaniarum
843 645 895 692 et
943 637 1272 691 Sarracenos
1323 637 1377 690 in
1407 652 1516 707 quo
1547 636 1833 691 christiani

200 732 316 785 Deo
360 730 661 784 auxiliante
693 729 934 784 victores
961 728 1108 795 facti,
1140 728 1600 782 innumerabilem
1645 743 1833 783 eorum

198 821 623 878 multitudinem
645 828 1025 892 peremerunt.

363 914 522 970 1191.
714 914 774 966 R.
816 915 864 967 I.
1090 913 1262 964 Fu”.
1479 913 1602 965 A.2

271 1003 430 1057 Multi
462 1010 570 1057 tam
600 1002 885 1072 principes
917 1018 1078 1071 quam
1107 1002 1375 1071 episcOpi,
1411 1011 1488 1066 et,
1514 1001 1835 1054 innumera-

212 1094 345 1148 bilis
372 1094 672 1148 multitudo
701 1093 873 1167 vulgi,
908 1093 1002 1163 qui
1032 1091 1224 1146 urbem
1257 1093 1446 1146 Acram
1477 1091 1838 1158 obsidebant,

203 1183 411 1239 mortui
433 1190 582 1250 sunt,
609 1189 716 1236 tam
771 1181 996 1252 propria
1056 1189 1254 1247 morte,
1288 1197 1452 1252 quam
1505 1182 1841 1236 Sarraceno—

198 1293 317 1330 rum
349 1275 518 1341 telis;
567 1273 868 1329 Balduinus
907 1273 1364 1343 archiepiscopus
1403 1271 1840 1341 Cantuariensis,

199 1366 452 1440 Rogerus
511 1365 934 1419 Cameracensis
993 1363 1313 1433 episc0pus,
1378 1362 1704 1418 Fredericus
1735 1363 1842 1418 dux

210 1453 523 1508 Suevorum
552 1452 713 1506 miles
743 1451 1065 1518 acerrimus,
1098 1452 1452 1506 Theobaldus
1507 1467 1694 1507 comes
1721 1453 1846 1509 Ble-

216 1541 424 1607 sensis,
467 1548 522 1595 et
546 1540 862 1610 Stephanus
905 1539 1074 1594 frater
1122 1539 1265 1607 ejus,
1323 1539 1571 1594 Hellinus
1623 1555 1845 1611 quoque

203 1630 430 1702 dapifer
477 1631 853 1701 Flandrensis,
893 1640 946 1685 et
978 1631 1131 1686 multi
1185 1631 1300 1700 alii,
1331 1645 1577 1704 ,quorum
1607 1631 1831 1686 nomina

206 1725 460 1780 scribere
493 1725 794 1791 noluimus,
855 1727 986 1798 quia
1017 1726 1218 1781 diversi
1260 1726 1546 1796 relatores,
1577 1727 1744 1781 dubia
1777 1734 1832 1782 et

209 1822 428 1876 incerta
476 1821 824 1889 nunciantes,
856 1837 957 1876 nos
998 1821 1524 1877 feceruntincertos.
1554 1821 1840 1892 Philippus

213 1930 309 1968 rex
343 1914 700 1982 Francorum,
725 1914 1031 1970 Richardus
1062 1931 1155 1968 rex
1196 1915 1516 1988 Anglorum,
1549 1913 1838 1984 Philippus

210 2022 406 2061 comes
451 2007 726 2075 Flandrie,
786 2015 912 2079 post
961 2023 1212 2062 mensem
1253 2008 1502 2062 Martium
1559 2023 1682 2062 cum
1724 2007 1840 2062 suis

212 2098 555 2154 exercitibus
584 2115 736 2154 mare
793 2106 1096 2155 transeunt.
1130 2099 1434 2155 Richardus
1497 2115 1592 2153 rex
1635 2098 1838 2172 Anglo-

206 2209 330 2246 rum
365 2200 662 2262 antequam
685 2193 960 2259 transiret,
992 2209 1218 2247 uxorem
1252 2192 1408 2248 duxit
1471 2191 1640 2246 ﬁliam
1689 2193 1838 2265 regis

212 2285 478 2348 Navarre,
513 2289 828 2353 contempta
856 2297 1046 2336 sorore
1077 2282 1225 2354 regis
1282 2282 1638 2350 Francorum,
1671 2298 1833 2353 quam

213 2375 617 2448 spoponderat.
649 2374 899 2428 Clemens
929 2374 999 2428 IIl
1030 2389 1170 2444 papa
1196 2374 1228 2426 7
1252 2374 1365 2428 kal.
1399 2373 1602 2444 Aprilis
1647 2373 1785 2429 obiit
1815 2393 1830 2439 ;

205 2467 462 2524 succedit
527 2467 577 2523 ei
624 2467 903 2522 Jacinctus
950 2465 1221 2521 diaconus
1287 2465 1584 2520 cardinalis
1636 2466 1833 2520 Sancte

208 2559 380 2614 Marie
435 2558 488 2612 in
529 2556 678 2613 scola
719 2555 910 2622 Greca,
966 2571 1172 2630 genere
1226 2554 1629 2618 nobilissimus,
1691 2562 1834 2610 etate

209 2662 530 2724 provectus,
559 2657 614 2706 et
634 2659 858 2705 vocatus
878 2657 962 2705 est
992 2649 1297 2704 Celestinus
1330 2648 1421 2702 III.
1456 2648 1556 2712 Qui
1587 2648 1832 2703 Romane

213 2741 456 2798 ecclesie
499 2741 740 2812 presidet
771 2739 928 2794 175118
955 2739 1042 2792 ‘59.
1077 2738 1343 2792 Henricus
1374 2753 1488 2803 rex,
1538 2736 1684 2792 ﬁlius
1716 2738 1843 2793 Fre-

219 2836 394 2891 derici
429 2833 803 2906 imperatoris,
846 2834 900 2887 in
933 2833 1322 2903 imperatorem
1347 2831 1403 2886 in
1434 2831 1844 2902 sollempnitate

214 2924 463 2996 paschali
492 2924 558 2978 ab
586 2939 652 2978 eo
679 2931 973 3002 coronatur
1012 2922 1160 2991 (Apr.
1200 2921 1336 2991 15),;
1368 2921 1462 2992 qui
1493 2921 1545 2974 in
1579 2937 1677 2975 sua
1709 2935 1842 2991 pro—

1935 457 2038 512 dus
2062 473 2152 511 rex
2165 458 2460 529 Anglorum
2491 475 2612 513 cum
2632 460 2746 514 suis
2775 462 3113 517 exercitibus
3134 463 3359 529 vallum,
3379 481 3548 536 quem

1936 547 2223 601 Sarraceni
2265 547 2318 600 in
2351 548 2580 602 circuitu
2631 549 2871 604 civitatis
2915 551 3342 607 munitissimum
3405 552 3555 608 fece-

1936 643 2080 702 rant,
2138 653 2258 691 cum
2293 652 2492 710 magno
2535 638 2719 692 labore
2760 654 2917 694 muro
2963 639 3198 694 civitatis
3242 657 3551 713 coequave-

1938 736 2084 796 runt,
2118 737 2172 784 et
2203 730 2468 800 petrarias
2500 730 2696 784 decem
2740 745 2913 801 prope
2965 736 3180 786 murum
3234 742 3549 789 erexerunt.

1939 819 2224 874 Sarraceni
2260 835 2388 874 vero
2419 828 2473 874 et
2501 820 2678 887 Turci,
2705 820 2970 890 impetum
3004 837 3193 876 eorum
3227 838 3335 877 non
3368 822 3552 879 feren-

1941 921 2045 979 tes,
2077 923 2129 966 et
2163 913 2228 967 de
2280 913 2516 968 civitatis
2548 913 2857 970 rctentione
2911 912 3249 981 diffidentes,
3285 932 3404 971 eam
3436 917 3550 988 regi

1947 1006 2270 1059 Francorum
2304 1012 2356 1057 et
2381 1004 2642 1058 exercitui
2675 1005 2975 1060 christiano
2996 1005 3029 1059 5
3062 1005 3176 1059 Kal.
3206 1005 3333 1059 Julii
3367 1006 3554 1059 reddi—

1943 1093 2160 1146 derunt.
2195 1094 2363 1156 Quam
2395 1108 2486 1146 rex
2519 1108 2582 1146 ea
2633 1094 2954 1148 conditione
2987 1093 3217 1163 recepit,
3261 1103 3319 1148 ut
3363 1109 3556 1150 omnes

1945 1183 2072 1238 inde
2103 1182 2221 1236 sani
2255 1183 2488 1249 exirent,
2547 1182 2592 1237 si
2634 1191 2686 1238 et
2729 1183 3097 1239 Salahadinus
3142 1191 3387 1239 sanctam
3428 1201 3557 1240 cru-

1944 1294 2061 1334 cem
2127 1286 2182 1334 et
2217 1278 2359 1332 2600
2408 1278 2652 1348 captivos
2723 1279 2981 1334 redderet
3033 1279 3379 1334 christianos.
3431 1279 3558 1334 Post

1945 1371 2250 1425 discessum
2285 1385 2416 1424 vero
2439 1368 2585 1442 regis
2611 1369 2938 1424 Francorum
2961 1369 3207 1440 predicta
3235 1368 3555 1424 conditione

1948 1465 2241 1529 inﬁrmata,
2303 1481 2395 1518 rex
2425 1464 2743 1537 Anglornm,
2797 1465 2892 1535 qui
2950 1464 3157 1519 ibidem
3198 1469 3554 1529 remanserat,

1946 1556 2108 1622 2600,
2139 1553 2331 1626 paucis
2362 1554 2431 1607 de
2462 1552 2832 1608 nobilioribus
2864 1553 3111 1620 retentis,
3143 1567 3241 1622 per
3271 1568 3408 1623 quos
3437 1567 3557 1606 san-

1935 1661 2074 1710 ctam
2104 1665 2321 1707 crucem
2353 1656 2407 1704 et
2434 1649 2701 1720 quosdam
2736 1656 2982 1719 captivos
3004 1664 3329 1720 recuperare
3363 1665 3551 1719 spera-

1938 1743 2092 1807 bant,
2126 1739 2360 1794 diversis
2391 1736 2664 1792 interfecit
2693 1737 3003 1793 tormentis.

2013 1836 2278 1890 Henricus
2335 1834 2635 1904 imperator
2685 1841 2874 1888 contra
2956 1833 3296 1888 Tancredum
3373 1848 3554 1906 regem

1939 1925 2135 1996 Apulie
2182 1923 2474 1988 dimicans,
2531 1921 2808 1977 civitatem
2861 1921 3276 1993 Neapolitanam
3339 1923 3558 1978 obsedit

1942 2020 2140 2091 (Mai.);
2202 2018 2257 2071 in
2297 2033 2404 2089 qua
2463 2016 2756 2071 obsidione
2790 2016 3080 2088 Philippus
3107 2018 3556 2089 archiepiscopus

1941 2108 2164 2164 Colonie
2203 2116 2258 2161 et
2286 2105 2441 2160 multi
2476 2105 2568 2159 alii
2624 2105 2794 2159 duces
2825 2111 2880 2158 et
2919 2105 3151 2160 comites
3175 2107 3376 2161 mortui
3407 2113 3553 2172 sunt,

1938 2205 1995 2252 et
2024 2197 2204 2254 omnis
2255 2196 2529 2251 exercitus
2568 2195 2690 2264 ejus
2718 2194 3170 2250 incommoditate
3216 2195 3360 2249 aeris
3411 2211 3555 2265 pene

1939 2296 2301 2361 consumptus
2353 2297 2456 2343 est.
2500 2288 2615 2352 Quo
2668 2293 2956 2357 comperto
2997 2287 3145 2342 cives
3201 2287 3552 2354 Salernitani,

1935 2392 1990 2438 et
2013 2384 2192 2454 ipsum
2224 2382 2612 2451 imperatorem
2646 2380 2811 2435 etiam
2844 2387 3122 2437 mortuum
3157 2380 3554 2446 existimantes,

1935 2473 2030 2546 qui
2061 2473 2114 2528 ei
2142 2479 2307 2528 antea
2346 2470 2584 2536 favebat,
2625 2470 2695 2527 ob
2727 2470 2957 2544 gratiam
2997 2471 3260 2527 Tancredi
3321 2487 3558 2542 recupe-

1934 2563 2185 2630 randam;
2219 2561 2649 2633 impcratricem,
2673 2561 2803 2631 quia
2833 2561 2886 2615 in
2921 2560 3114 2616 eadem
3133 2559 3269 2616 urbe
3295 2561 3553 2634 degebat,

1947 2664 2235 2727 ceperunt.
2267 2661 2322 2708 et
2343 2652 2594 2708 custodie
2617 2653 2850 2707 honeste
2885 2653 3353 2724 mancipaverunt.
3381 2653 3560 2724 [mpe-

1946 2753 2096 2800 rator
2124 2751 2329 2810 autem,
2368 2742 2570 2798 amisso
2617 2746 2860 2798 exercitu
2903 2751 2957 2799 et
2987 2759 3178 2810 uxore,
3240 2744 3294 2797 in
3349 2744 3558 2799 Italiam

1943 2834 2264 2890 interiorem
2298 2833 2462 2888 rediit
2487 2849 2610 2889 cum
2646 2833 2877 2888 tristicia
2910 2843 2964 2889 et
3003 2834 3216 2890 dolore.
3248 2834 3306 2888 In
3339 2833 3558 2890 civitate

1945 2929 2322 2985 Cameracensi
2356 2929 2658 2995 Johannes,
2718 2930 2967 2999 ejusdem
3011 2929 3246 2984 ecclesie
3287 2929 3559 2984 archidia-

211 3019 466 3075 motione
523 3017 724 3073 multas
776 3016 1242 3073 contradictiones
1296 3024 1402 3072 tam
1461 3034 1491 3072 a
1550 3016 1830 3080 Romanis,
1859 3034 2109 3115 Cconus
2143 3025 2198 3072 et
2238 3017 2634 3072 Attrcbatensis
2659 3017 2926 3085 decanus,
2959 3017 3181 3092 eligitur
3235 3018 3552 3089 episcopus.

213 3131 381 3186 quam
408 3131 440 3168 a
470 3113 849 3170 cardinalibus
872 3113 1135 3168 sustinuit
1167 3131 1180 3179 ;
1217 3114 1441 3170 tandem
1469 3130 1706 3169 cernens
1737 3130 1832 3168 re-

210 3218 450 3277 gnorum
484 3201 960 3274 perturbationem
985 3211 1039 3256 et
1068 3203 1447 3273 Apuliensium
1481 3219 1612 3277 erga
1644 3219 1702 3258 se
1753 3219 1841 3257 re-

223 3293 551 3357 bellionem,
585 3307 684 3363 pro
714 3299 966 3362 tempore
993 3300 1099 3346 tam
1144 3291 1520 3346 cardinalibus
1549 3291 1838 3357 satisfecit,

224 3400 372 3457 pape
394 3384 693 3440 restituens
722 3383 916 3449 multa,
959 3399 1065 3455 que
1094 3391 1475 3438 antecessores
1505 3384 1625 3454 ejus
1654 3383 1841 3437 eccle-

225 3479 312 3533 sie
340 3478 703 3544 abstulerant,
735 3477 994 3532 Romanis
1045 3492 1175 3532 vero
1217 3475 1580 3530 munitionem
1638 3477 1847 3530 Tuscu-

223 3568 410 3621 lanam
444 3567 686 3632 tradens,
711 3582 875 3637 quam
904 3573 1059 3636 pater
1087 3566 1209 3634 ejus
1231 3580 1371 3634 pape
1386 3564 1702 3619 abstulerat.
1734 3563 1846 3628 Qua

229 3657 465 3713 Romani
496 3668 742 3727 accepta.
778 3658 832 3711 in
860 3657 1218 3713 coronatione
1243 3656 1592 3728 imperatoris
1611 3655 1849 3726 prebue-

229 3757 364 3804 Tlllll.
391 3765 697 3803 assensum.

302 3841 791 3912 Philippuscomes
821 3839 1072 3895 Flandric
1094 3839 1147 3893 in
1180 3839 1475 3895 obsidione
1490 3838 1643 3893 urbis
1656 3839 1849 3905 Achre,

233 3934 621 4007 indigentibus
651 3942 705 3989 et
734 3934 972 3990 maxime
1002 3935 1272 3989 militibus
1301 3935 1396 4006 qui
1439 3951 1538 3989 sua
1575 3934 1852 4006 stipendia

235 4039 725 4102 consumpserant,
758 4047 858 4085 sua
885 4031 1188 4104 erogando,
1231 4031 1459 4086 nimium
1494 4031 1738 4087 liberalis
1765 4048 1858 4086 ex-

239 4124 372 4178 titit.
405 4123 459 4177 Si
500 4123 651 4178 mille
687 4123 946 4178 haberem
978 4123 1215 4198 linguas,
1249 4140 1359 4180 non
1389 4130 1582 4196 potero
1614 4124 1859 4196 proferre

237 4212 600 4267 necessitates
632 4212 811 4276 famis,
871 4211 1091 4287 frigoris
1141 4220 1195 4267 et
1252 4220 1420 4279 estus,
1476 4229 1613 4285 quas
1643 4215 1697 4267 in
1725 4229 1862 4285 qua-

239 4301 479 4355 drienna
509 4300 664 4356 urbis
699 4301 995 4356 obsidione
1027 4302 1297 4357 exercitus
1327 4302 1420 4356 Dei
1449 4301 1863 4357 sustinuit.Phi-

2012 3111 2316 3168 Richardus
2347 3127 2437 3165 rex
2493 3111 2813 3186 Anglorum,
2873 3118 2996 3182 post
3042 3127 3355 3184 regressum
3414 3111 3562 3184 regis

1942 3205 2272 3262 Francorum
2332 3211 2388 3259 et
2420 3203 2597 3259 ruinis
2655 3219 2936 3260 murorum
2984 3203 3222 3260 civitatis
3249 3206 3421 3260 Achre
3465 3221 3562 3276 pro

1946 3304 2193 3368 tempore
2223 3297 2508 3368 reparatis,
2543 3295 2736 3351 divisis
2775 3296 3111 3352 exercitibus
3151 3297 3267 3352 suis
3301 3298 3355 3351 in
3384 3296 3564 3353 tribus

1944 3387 2158 3452 turmis,
2191 3402 2385 3441 versus
2429 3385 2790 3440 Aschalonem
2843 3385 3040 3440 tendit.
3098 3385 3322 3441 Tractus
3377 3395 3560 3442 autem

1947 3476 2033 3530 vie
2069 3474 2212 3529 inter
2242 3474 2470 3528 Achram
2503 3482 2557 3528 et
2597 3474 2943 3529 Aschalonen
2974 3474 3174 3549 longus
3221 3481 3359 3531 erat.
3392 3475 3459 3530 In
3486 3476 3566 3530 ul-

1949 3565 2080 3619 tima
2112 3573 2308 3630 turma,
2333 3578 2439 3632 que
2475 3562 2842 3632 procedentes
2874 3563 3183 3630 muniebat,
3211 3563 3367 3620 multi
3417 3564 3568 3620 ceci-

1950 3655 2152 3709 derunt
2181 3651 2494 3707 Salahadini
2541 3650 2760 3706 insidiis
2789 3663 2846 3708 et
2872 3654 3171 3710 Turcorum
3236 3655 3382 3711 telis.
3423 3655 3570 3710 Tan-

1952 3745 2077 3799 dem
2129 3742 2417 3798 Cesaream
2449 3750 2847 3814 pervenerunt,
2887 3751 2942 3799 et
2970 3744 3048 3798 ibi
3079 3745 3361 3817 paululum
3409 3747 3567 3820 quie-

1951 3841 2168 3890 verunt.
2229 3834 2362 3888 Cum
2421 3839 2604 3888 autem
2661 3836 2731 3888 de
2789 3835 3016 3889 Cesarea
3079 3845 3374 3911 pergerent
3421 3839 3568 3910 apud

1953 3927 2192 3998 Joppen,
2224 3925 2593 3982 Salahadinus
2632 3941 2755 3981 cum
2789 3927 2902 3982 suis
2932 3926 2992 3982 ﬁt
3012 3929 3094 3984 eis
3120 3928 3338 3998 obvius,
3371 3931 3424 3985 in
3445 3931 3573 3986 sab-

1959 4021 2087 4076 bato
2117 4019 2304 4093 vigilie
2337 4019 2638 4076 nativitatis
2668 4021 2831 4075 beate
2884 4021 3068 4078 Marie.
3095 4021 3230 4077 Mira
3262 4024 3355 4079 Dei
3399 4024 3572 4082 virtus

1960 4123 2181 4170 ostensa
2221 4120 2305 4169 est
2332 4114 2389 4170 ir.
2421 4113 2515 4168 illa
2543 4114 2654 4170 die.
2685 4113 2819 4169 Nam
2851 4115 3217 4171 Salahadinus
3265 4134 3389 4172 eum
3422 4135 3576 4174 exer—

1962 4217 2072 4264 citu
2111 4225 2235 4276 suo,
2277 4209 2483 4264 nostris
2532 4209 3020 4281 persequentibus,
3080 4209 3263 4284 fugam
3319 4213 3572 4286 arripuit,

1964 4308 2283 4373 tantamque
2303 4309 2539 4376 stragem
2568 4302 2637 4356 de
2665 4301 3034 4357 nobilioribus
3067 4301 3404 4371 Sarracenis,
3437 4321 3575 4376 quos

239 4391 428 4462 lippus
455 4406 642 4446 comes
672 4391 921 4445 Flandrie
955 4391 1176 4445 inclitus
1208 4391 1465 4445 Kalendis
1512 4391 1661 4445 Junii
1706 4391 1862 4456 obiit,
1890 4401 1943 4469 ι)
1965 4409 2155 4448 secum
2189 4393 2478 4459 habuerat,
2535 4393 2625 4447 die
2657 4392 2750 4446 illa
2801 4407 2972 4464 pr0pe
3004 4393 3168 4446 Assur
3196 4393 3367 4447 nostri
3427 4394 3576 4452 fece-

240 4481 416 4536 tercio
446 4497 637 4535 mense
671 4481 1132 4538 transfretationis
1156 4498 1276 4548 sue,
1305 4490 1358 4538 et
1385 4483 1634 4553 sepultus
1666 4492 1752 4538 est
1804 4484 1858 4537 in

242 4571 478 4626 basilica
530 4572 705 4626 sancti
766 4573 995 4640 Nicolai,
1048 4573 1182 4628 foris
1222 4589 1437 4628 murum
1501 4574 1673 4628 Aehre
1715 4591 1728 4639 ;
1763 4573 1857 4628 ubi

243 4661 412 4715 etiam
470 4661 721 4716 tumulati
783 4669 911 4716 sunt
942 4662 1064 4733 plus
1094 4678 1256 4734 quam
1315 4663 1719 4738 quinquaginta
1752 4670 1860 4718 tam

243 4750 520 4821 episCOpi,
552 4767 717 4821 quam
785 4751 956 4806 duces
1015 4761 1071 4805 et
1128 4751 1377 4806 comites.
1421 4751 1480 4804 In
1525 4752 1684 4820 cujus
1710 4751 1861 4807 obitu

243 4841 407 4896 dolor
446 4839 894 4910 incomparabilis
923 4839 1237 4895 christianis
1273 4839 1395 4907 fuit,
1437 4840 1701 4912 gaudium
1732 4856 1862 4896 vero

245 4929 568 4982 Sarracenis
606 4935 661 4983 et
707 4929 915 4984 Turcis.
960 4929 1206 5000 Eclypsis
1234 4929 1370 4985 solis
1401 4928 1542 4986 facta
1570 4937 1653 4985 est
1682 4931 1716 4987 9
1747 4931 1858 4986 Kal.

242 5021 398 5088 Julii,
429 5021 522 5076 die
549 5022 850 5089 dominica,
885 5024 1018 5078 hora
1047 5023 1080 5076 6
1113 5023 1165 5076 in
1207 5023 1393 5096 vigilia
1418 5022 1562 5078 beati
1595 5022 1865 5078 Johannis

245 5114 512 5183 baptiste,
548 5112 760 5186 fulgore
774 5115 894 5183 ejus
923 5114 978 5168 in
1007 5113 1313 5185 aquilonari
1345 5122 1495 5184 parte
1519 5124 1864 5183 remanente,

238 5207 397 5275 juxta
441 5207 801 5278 quantitatem
864 5207 1103 5263 terciane
1146 5208 1294 5262 Iune.
1338 5207 1465 5263 I’ost
1514 5209 1865 5264 festivitatem

1961 4496 2109 4557 runt,
2161 4497 2424 4559 quantam
2466 4487 2617 4543 omni
2676 4494 2924 4557 tempore
2969 4486 3312 4558 principatus
3350 4489 3432 4543 sui
3465 4506 3576 4547 non

1961 4576 2225 4632 sustinuit
2250 4593 2360 4631 una
2393 4576 2505 4631 die.
2563 4576 2637 4629 De
2669 4575 2871 4629 nostris
2910 4581 3091 4628 autem
3153 4575 3337 4631 nullus
3358 4579 3577 4650 cecidit,

1964 4669 2069 4725 nisi
2101 4670 2340 4726 Jacobus
2373 4669 2441 4724 de
2481 4667 2730 4726 Avesnis.
2775 4665 2940 4741 miles
2989 4667 3246 4743 egregius
3303 4677 3358 4726 et
3387 4671 3482 4727 uni
3507 4674 3580 4730 de

1964 4762 2277 4817 Machabeis
2306 4759 2714 4832 comparandus
2744 4758 2908 4829 (453).
2945 4760 3003 4814 In
3043 4776 3234 4816 mense
3266 4762 3581 4835 Septembri

1965 4851 2160 4906 relatio
2192 4867 2356 4905 verax
2390 4850 2460 4904 de
2491 4857 2668 4904 morte
2723 4848 2960 4920 Philippi
2989 4851 3227 4919 comitis,
3257 4855 3351 4925 qui
3409 4857 3582 4911 comi-

1966 4947 2139 4995 tatum
2186 4938 2439 4993 Flandrie
2493 4938 2565 4990 24
2627 4936 2788 4991 annis
2834 4943 3059 4993 strenue
3114 4949 3348 5010 rexerat,
3406 4944 3581 4998 venit.

1968 5027 2169 5081 Omnes
2196 5025 2414 5092 timent,
2439 5041 2635 5080 omnes
2664 5025 2877 5088 dolent.
2909 5034 3017 5080 tam
3070 5026 3252 5082 clerus
3283 5043 3447 5098 quam
3480 5046 3584 5100 po-

1969 5119 2151 5190 pulus.
2187 5118 2445 5173 Succedit
2475 5119 2526 5172 ei
2561 5117 2864 5173 Balduinus
2893 5134 3080 5175 comes
3136 5119 3460 5174 Hainoensis
3489 5120 3585 5175 he-

1972 5209 2234 5265 reditario
2285 5200 2430 5279 jure.
2477 5210 2608 5265 Nam
2649 5210 3009 5285 Margaretam
3060 5211 3224 5267 ﬁliam
3258 5210 3585 5268 Theoderici

1589 5334 1808 5389 VARIzE
1873 5333 2248 5391 LECTIONES.

1813 5477 2034 5533 NOT/E.

321 5577 474 5646 (453)
534 5575 672 5631 1192
711 5647 714 5648 ν
752 5577 978 5632 Jacobus
1026 5577 1089 5631 de
1141 5580 1381 5642 Avesnis,
1407 5575 1559 5629 miles
1609 5581 1852 5648 egregius
1885 5584 1934 5631 et
1997 5580 2099 5632 uni
2122 5577 2184 5632 de
2209 5579 2467 5634 Macabeis
2515 5578 2931 5646 comparandus,
2961 5579 3019 5632 in
3048 5579 3178 5635 bello
3235 5592 3266 5631 a
3312 5581 3591 5634 Saracenis

322 5405 388 5440 ι⁵⁹
425 5403 714 5459 CLXXXIII
757 5407 850 5459 cod

244 5651 656 5704 martinmtur.
691 5647 832 5702 Ann.
861 5648 1055 5719 Aquic.

556 5781 856 5846 PATROL.
909 5779 1105 5846 CLX.

3184 5784 3257 5848 11
