3894 6070
357 260 452 317 33f

1567 244 1912 298 SIGEBERTI
1955 237 2465 294 CEMBLACENSIS.

3579 235 3693 293 332

357 391 861 455 comitis,sororem
893 380 1154 451 Philippi,
1195 377 1432 432 habebat
1491 377 1547 429 in
1579 374 1877 449 conjugio;
1912 389 1973 427 ex
2002 378 2049 443 Α
2078 370 2415 431 intenderet,
2469 366 2655 420 subito
2691 364 2802 419 duo
2847 379 2910 418 ex
2968 362 3061 416 illo
3115 376 3323 435 genere
3382 362 3701 423 hominum,

358 502 467 556 qua
494 486 764 557 genuerat
790 475 1067 533 Elizabeth
1112 474 1443 527 Francorum
1473 469 1719 541 reginam
1751 475 1806 522 et
1836 466 1977 521 ﬁlios

358 575 686 629 Balduinum
717 615 731 641 ,
758 569 1074 640 Philippum
1108 574 1161 621 et
1206 564 1519 619 Henricum.
1562 562 1847 630 Philippus
1886 574 1975 612 rex

358 668 714 730 Francorum,
758 670 882 718 ante
911 660 1031 715 dies
1060 656 1358 713 nativitatis
1392 654 1691 717 dominice,
1726 652 1779 706 in
1810 652 1979 705 Fran-

358 754 500 809 ciam
530 752 702 808 venit.
754 750 1014 806 Videntes
1052 757 1234 803 autem
1262 745 1486 817 quidam
1530 743 1756 809 milites,
1806 741 1974 794 Deum

356 842 433 900 mi
471 862 547 901 .us
576 845 888 919 diligentes,
911 842 1031 910 ejus
1049 826 1519 910 repatriationem,
1546 835 1750 890 laboris
1779 841 1834 888 et
1860 848 1979 887 cer-

360 935 583 991 taminis
607 949 706 1004 pro
738 932 948 986 Christo
980 928 1350 998 impatientes.
1375 934 1427 980 et
1456 942 1576 979 cum
1619 923 1747 977 filiis
1780 921 1972 975 Effrem

360 1028 417 1081 in
448 1026 539 1080 die
580 1025 709 1080 belli
772 1032 925 1094 terga
954 1021 1206 1076 hostibus
1238 1020 1452 1082 dantes,
1510 1032 1623 1072 non
1662 1024 1721 1071 ut
1750 1014 1970 1073 milites,

360 1122 458 1177 sed
488 1129 547 1176 ut
576 1121 793 1188 lepores
820 1117 1021 1180 timidi,
1053 1115 1121 1169 ad
1138 1131 1291 1169 suam
1317 1120 1560 1167 eternam
1589 1109 1971 1165 confusionem

358 1214 426 1268 ad
458 1212 680 1283 propria
702 1217 831 1265 sunt
860 1209 1083 1264 reversi.
1118 1207 1236 1260 Non
1260 1206 1341 1259 sic
1369 1204 1606 1258 Jacobus
1633 1201 1703 1255 de
1726 1199 1972 1263 Avesnis,

362 1324 475 1363 non
506 1309 612 1373 sic;
667 1306 764 1360 sed
799 1305 928 1377 quia
974 1300 1345 1375 perseveravit
1371 1313 1545 1369 usque
1599 1297 1653 1350 in
1699 1294 1888 1359 finem,
1920 1304 1978 1347 ut

361 1400 662 1465 credimus,
694 1398 874 1452 salvus
907 1396 1031 1461 erit,
1067 1401 1122 1449 et
1149 1409 1277 1448 cum
1316 1391 1521 1447 sanctis
1558 1387 1893 1460 martyribus
1922 1386 1976 1439 in

365 1489 502 1545 celis
530 1486 912 1558 triumphabit.

816 1578 880 1631 Β.
918 1576 973 1630 2.

436 1669 706 1724 Henricus
734 1668 1031 1737 imperator
1049 1663 1168 1717 dies
1185 1657 1490 1716 nativitatis
1522 1656 1803 1712 dominice
1834 1653 1977 1724 apud

365 1757 720 1814 Wormatiam
758 1771 883 1809 cum
913 1750 1271 1823 optimatibus
1308 1746 1462 1819 regni
1518 1739 1846 1804 celebravit;
1908 1738 1979 1792 ibi

369 1850 430 1905 in
458 1848 740 1920 presentia
770 1845 939 1901 totius
966 1840 1117 1896 curie
1148 1835 1493 1894 confirmavit
1531 1832 1862 1887 electionem
1889 1828 1981 1882 Jo-

368 1919 568 1992 hannis
629 1931 1036 1989 Cameracensis
1084 1927 1266 1983 electi.
1340 1924 1626 1994 Philippus
1665 1919 1831 1975 etiam
1889 1933 1982 1971 rex

368 2030 699 2084 Francorum
759 2024 994 2079 Parisius
1050 2036 1170 2075 cum
1230 2018 1345 2073 suis
1390 2015 1615 2071 eosdem
1665 2013 1785 2066 dies
1833 2011 1984 2064 cele-

368 2119 570 2174 bravit.
601 2117 677 2170 Ad
710 2115 867 2183 cujus
892 2111 1099 2167 curiam
1160 2106 1460 2162 Balduinus
1489 2118 1674 2159 comes
1708 2098 1981 2166 Flandrie,

368 2210 564 2266 litteris
594 2209 768 2280 ipsius
796 2202 1250 2277 precipientibus,
1277 2199 1446 2255 venit.
1488 2197 1599 2251 Rex
1642 2201 1824 2248 autem
1880 2208 1984 2246 nec

366 2308 609 2362 humane
661 2320 766 2359 nec
793 2301 1038 2373 benigne
1072 2313 1198 2353 eum
1230 2293 1496 2364 suscepit.
1553 2290 1709 2356 Quod
1740 2304 1981 2343 cernens

368 2411 580 2460 comes,
634 2408 765 2466 rege
820 2389 1138 2453 insalutato,
1193 2385 1333 2440 clam
1400 2399 1431 2437 a
1483 2381 1707 2436 civitate
1760 2378 1978 2432 disces-

368 2490 438 2544 sit
465 2488 629 2561 (454).
663 2487 732 2540 18
763 2484 876 2538 Kal.
920 2482 1083 2537 Febr.
1117 2481 1152 2534 4
1208 2477 1345 2533 feria
1373 2482 1502 2548 post
1537 2473 1671 2528 solis
1701 2485 1981 2537 occasum,

369 2578 423 2632 in
476 2559 606 2648 ipso
650 2575 826 2629 noctis
864 2569 1212 2642 crepusculo,
1244 2567 1361 2622 visa
1419 2570 1503 2619 est
1532 2561 1722 2617 multis
1764 2559 1983 2631 species

367 2670 516 2746 ignis
558 2666 844 2731 terribilis,
895 2672 1071 2721 totum
1130 2663 1319 2718 orbem
1360 2661 1428 2716 ad
1462 2666 1670 2731 partem
1702 2656 1981 2712 borealem

368 2744 667 2831 oecupans.
711 2757 1019 2811 Subsecuta
1049 2760 1133 2808 est
1164 2752 1217 2806 in
1246 2750 1434 2805 multis
1476 2748 1612 2803 locis
1643 2747 1699 2801 in
1729 2744 1982 2817 partibus

362 2848 420 2902 ill
441 2848 487 2903 is
511 2848 669 2922 plaga
708 2845 852 2920 ignis
883 2842 1076 2898 divini.
1133 2840 1288 2896 Unde
1338 2840 1393 2892 in
1425 2837 1749 2908 episc0patu
1776 2835 1981 2889 Torna-

367 2937 520 2992 censi
550 2945 605 2991 et
633 2934 822 2989 multis
851 2932 987 2988 locis
1019 2930 1284 2985 indictum
1345 2934 1429 2982 est
1467 2925 1740 2995 jejunium
1770 2923 1804 2978 6
1843 2922 1979 2977 ferie

368 3029 613 3101 exceptis
643 3027 874 3082 infirmis
913 3033 969 3080 et
1007 3023 1311 3078 infantibus
1350 3020 1644 3076 universis.
1680 3017 1981 3072 Balduinus

366 3136 577 3189 comes,
607 3120 713 3175 sibi
744 3126 798 3174 et
827 3128 969 3174 terre
1010 3134 1110 3173 sue
1156 3114 1472 3182 consulens,
1517 3113 1583 3167 ad
1638 3126 1979 3182 recuperan-

369 3211 493 3265 dam
526 3209 672 3283 regis
718 3208 972 3282 gratiam,
1026 3205 1283 3260 abbatem
1321 3205 1614 3274 Symonem
1648 3200 1984 3272 Aquicinen-

370 3317 489 3356 sem
532 3308 586 3355 et
636 3297 954 3354 Danihelem
1004 3298 1073 3351 de
1126 3294 1431 3349 Camberon
1467 3293 1535 3347 ad
1589 3308 1714 3346 eum
1762 3290 1978 3345 direxit.

369 3388 610 3443 Tandem
642 3394 769 3459 post
798 3387 1076 3441 mediante
1105 3382 1382 3438 Willelmo
1414 3379 1669 3436 Remensi
1699 3379 1981 3448 archiepi-

368 3497 539 3553 scopo
571 3487 627 3537 et
672 3479 831 3534 Petro
867 3476 1233 3533 Attrebatensi
1274 3474 1557 3545 episcopo,
1582 3487 1683 3543 pax
1716 3472 1860 3525 inter
1889 3485 1981 3524 re-

2078 475 2217 531 quos
2242 454 2681 529 hystoriographi
2710 452 3000 507 Arsacidas
3016 456 3235 517 vocant,
3260 467 3291 503 a
3318 449 3536 520 prcfato
3569 467 3705 521 per-

2080 549 2190 603 fido
2222 547 2470 618 principe
2503 542 2828 607 transmissi,
2878 548 3177 611 utrumque
3235 540 3377 594 latus
3425 540 3549 608 ejus
3590 556 3718 594 am-

2081 640 2333 703 bierunt;
2375 638 2469 709 qui
2513 636 2724 692 nullum
2786 634 3063 699 timentes,
3133 631 3281 686 clara
3332 630 3445 697 die,
3493 637 3711 686 astante

2078 729 2269 800 populi
2304 725 2636 797 frequentia,
2699 722 2938 778 cultellis
2966 737 3107 792 quos
3148 720 3454 791 improprie
3484 720 3710 775 miseri-

2080 822 2298 878 cordias
2319 824 2515 875 vocant
2546 817 2851 873 crudeliter
2889 814 3162 869 lateribus
3185 814 3308 882 ejus
3336 812 3539 881 inﬁxis,
3562 813 3708 869 heu!

2081 909 2485 965 nobilissimum
2514 904 2820 976 principem
2856 901 3283 957 interfecerunt.
3320 902 3400 955 illi
3457 902 3642 956 statim
3674 919 3710 957 a

2080 998 2282 1068 populo
2315 995 2517 1057 necati,
2553 1003 2610 1049 ut
2660 993 2885 1065 dignum
2940 998 3075 1055 erat,
3134 991 3592 1045 transmittuntur
3633 992 3710 1044 ad

2079 1095 2305 1151 tartara;
2362 1085 2524 1139 miles
2575 1084 2779 1156 dignus
2811 1081 2981 1152 digno
3031 1081 3255 1150 planctu
3305 1080 3609 1154 plangitur,
3645 1095 3714 1142 ei

2080 1179 2374 1250 sepulchro
2409 1185 2560 1232 tanto
2606 1174 2859 1246 principe
2918 1173 3089 1243 digno
3127 1172 3418 1242 sepultura
3449 1171 3710 1225 traditur.

2084 1269 2220 1323 Proh
2254 1265 2438 1321 dolor!
2493 1263 2773 1335 principes
2800 1270 2855 1316 et
2886 1260 3092 1315 milites
3132 1260 3307 1315 incliti
3360 1261 3546 1333 gladio
3580 1276 3713 1315 cor-

2082 1366 2249 1415 ruunt
2282 1367 2339 1413 et
2389 1357 2720 1421 moriuntur,
2766 1352 3089 1408 Fredericus
3126 1352 3337 1407 scilicet
3375 1353 3709 1423 imperator,

2083 1451 2401 1507 Fredericus
2427 1450 2537 1503 dux
2587 1448 2914 1510 Suavorum,
2965 1443 3112 1498 filius
3153 1443 3293 1512 ejus,
3353 1444 3589 1498 Iacobus
3638 1444 3714 1497 de

2078 1540 2327 1606 Avesnis,
2372 1538 2617 1593 Hellinus
2656 1533 2891 1604 dapifer,
2948 1531 3239 1602 Philippus
3295 1546 3482 1586 comes
3538 1530 3709 1585 Flau-

2080 1633 2318 1698 drensis,
2366 1628 2716 1684 Theodaldus
2761 1625 3134 1689 Carnotensis,
3192 1625 3508 1695 Stephanus
3578 1624 3712 1678 Ble-

2009 1706 2057 1773 Β
2079 1722 2280 1786 sensis,
2314 1729 2369 1775 et
2398 1716 2835 1772 innumerabiles
2880 1715 2973 1769 alii
3006 1715 3180 1784 (457);
3213 1721 3269 1768 et
3298 1713 3498 1768 militie
3530 1714 3715 1768 scoria

2083 1830 2186 1869 nec
2232 1811 2591 1874 nominanda,
2632 1824 2740 1879 quc
2797 1822 3017 1862 crucem
3051 1805 3249 1859 Christi
3304 1814 3705 1875 assumpserat,

2083 1909 2174 1963 illa
2205 1908 2471 1979 projecta,
2528 1904 2748 1977 fugiens
2796 1917 3016 1957 reversa
3047 1908 3130 1955 est
3184 1915 3294 1955 non
3334 1901 3532 1973 sagitta
3581 1915 3713 1970 per-

2084 2002 2355 2066 sequente
2387 2009 2490 2047 nec
2529 1991 2722 2046 lancea
2758 1990 2852 2046 vel
2897 1988 3105 2060 gladio,
3157 1988 3255 2043 sed
3287 1988 3430 2043 sicut
3460 1988 3615 2042 canis
3642 1988 3713 2042 ad

2083 2091 2346 2147 vomitum
2380 2094 2686 2153 revertens,
2720 2093 2775 2140 et
2805 2091 2863 2139 ut
2892 2085 3058 2154 lupus
3089 2098 3256 2153 rapax
3281 2089 3335 2137 et
3374 2082 3713 2136 insatiabilis

2085 2177 2257 2233 hianti
2291 2192 2388 2231 ore
2459 2175 2611 2230 bona
2664 2173 2900 2228 ecclesie
2932 2172 3177 2228 comedit
3218 2179 3273 2225 et
3307 2170 3711 2226 substantiolas

2084 2287 2389 2344 pauperum
2420 2267 2688 2324 crucifixi.

2154 2362 2458 2418 Richardus
2492 2376 2584 2415 rex
2615 2358 2912 2433 Anglorum
2949 2365 3003 2412 et
3059 2357 3170 2411 dux
3227 2355 3569 2433 Burgundio,
3620 2357 3706 2412 vel

2084 2460 2254 2516 ceteri
2284 2455 2791 2530 principes,templi
2824 2468 3045 2527 quoque
3076 2462 3130 2508 et
3160 2432 3705 2525 hospitalis'milites,

2083 2551 2489 2609 communicato
2520 2549 2589 2603 ad
2619 2548 2855 2603 invicem
2887 2546 3141 2611 consilio,
3174 2546 3467 2601 Henricum
3515 2546 3698 2601 comi-

2084 2650 2193 2698 tem
2243 2641 2670 2711 Campanensem
2719 2636 3032 2708 principem
3064 2635 3233 2690 totius
3291 2634 3711 2690 christianitatis

2084 2734 2450 2792 transmarina
2502 2740 2732 2802 excepto
2772 2729 3087 2801 principatu
3136 2730 3501 2794 Antiocheno,
3563 2744 3707 2785 con-

2080 2829 2396 2890 stituerunt,
2428 2834 2483 2880 et
2523 2826 2573 2880 ei
2620 2838 2847 2879 uxorem
2894 2822 3153 2877 marchisi
3186 2822 3242 2876 in
3271 2822 3533 2894 conjugio
3581 2829 3699 2877 tra-

2081 2920 2362 2974 diderunt.
2391 2916 2500 2970 Hec
2539 2914 2686 2975 enim
2720 2921 2838 2968 erat
2885 2920 3003 2969 orta
3023 2914 3093 2968 de
3123 2914 3295 2985 regali
3323 2929 3560 2988 genere;
3592 2912 3710 2968 ﬁlia

2024 3062 2051 3083 Ἴ
2082 3006 2230 3060 enim
2264 3002 2517 3057 Amalrici
2548 3002 2694 3073 regis
2717 3010 2891 3056 mater
2919 3000 3038 3072 ejus
3068 3000 3266 3057 extitit.
3286 3000 3539 3071 jGuidoni
3572 3017 3706 3057 vero

2007 3067 2054 3129 C

2084 3095 2361 3167 quondam
2402 3093 2517 3167 regi
2546 3094 2703 3147 dedit
2731 3109 2823 3147 rex
2864 3092 3165 3165 Anglorum
3199 3092 3433 3148 insulam
3465 3094 3706 3163 opulen-

2084 3187 2349 3242 tissimam
2411 3185 2590 3256 Cypri.
2642 3184 2845 3239 Ordine
2901 3191 3027 3239 utor
3073 3192 3421 3255 prepostero,
3459 3185 3561 3239 sed
3604 3186 3707 3240 hoc

2084 3280 2214 3335 fecit
2239 3278 2467 3334 oblivio.
2512 3277 2834 3332 Precedenti
2868 3277 3017 3331 enim
3054 3292 3223 3345 anno,
3257 3293 3381 3333 cum
3414 3293 3507 3332 rex
3535 3277 3708 3332 Fran-

2085 3385 2274 3424 corum
2305 3384 2427 3423 cum
2472 3367 2586 3421 suis
2639 3368 2708 3421 ad
2739 3367 2930 3421 urbem
2967 3366 3374 3423 transfretasset
3410 3368 3708 3433 Acconam,

2086 3473 2176 3512 rex
2223 3457 2520 3531 Anglorum
2566 3457 2637 3511 ad
2665 3455 2965 3527 Cyprorum
3022 3455 3302 3531 navigavit
3354 3456 3608 3510 insulam.
3645 3456 3705 3509 In

368 3590 496 3651 gem
548 3580 603 3628 ει
649 3571 907 3627 comitem
968 3568 1198 3624 formata
1228 3573 1332 3633 est,
1380 3565 1530 3637 apud
1590 3565 1887 3618 Per-mnam
1930 3570 1985 3615 ει
2085 3568 2151 3607 ea
2182 3569 2424 3623 namque
2453 3552 2678 3623 quidam
2710 3557 3011 3622 prepotens
3066 3558 3259 3606 contra
3308 3550 3698 3620 imperatorem

371 3638 518 3736 ξι)ῃά
549 3661 889 3717 Aurelianum
924 3658 1213 3714 ﬁrmanda,
1251 3658 1309 3711 In
1340 3656 1369 3710 7
1391 3654 1701 3710 ebdomada
1730 3660 1857 3708 ante
1888 3668 1986 3724 pa-
2088 3639 2752 3710 Constantinopolitanum
2812 3638 3209 3709 tyrannizabat,
3252 3648 3308 3693 et
3347 3654 3549 3693 nomen
3593 3638 3701 3692 sibi

371 3758 530 3825 scha,
553 3771 649 3809 rex
680 3754 976 3809 Perronam
1008 3768 1130 3807 cum
1155 3751 1274 3805 suis
1302 3748 1581 3820 episcopis
1602 3753 1656 3801 et
1685 3745 1988 3802 baronibus
2088 3734 2377 3804 imperiale
2428 3737 2809 3803 usurpaverat-
2864 3729 3064 3785 Contra
3121 3731 3271 3786 hunc
3298 3731 3549 3785 ascendit
3607 3747 3704 3784 rex

369 3847 541 3902 venit.
590 3844 669 3898 lbi
725 3844 1028 3899 Balduinus
1077 3856 1261 3897 comes
1287 3856 1409 3894 cum
1442 3839 1558 3894 suis
1587 3837 1761 3904 aﬁ'uit,
1800 3844 1855 3890 et
1887 3837 1984 3890 ho-
2087 3826 2385 3899 Anglorum
2434 3840 2557 3879 cum
2594 3823 2709 3877 Silis
2738 3823 2807 3877 de
2835 3822 3002 3887 ιηετὶς
3045 3837 3208 3892 quem
3248 3822 3481 3876 Virilitel‘
3512 3822 3704 3877 debel-

373 3938 602 3992 minium
661 3936 776 4008 regi
829 3935 1057 4001 faciens,
1096 3940 1306 4003 partem
1359 3930 1611 3985 Flandrie
1659 3929 1986 3984 orientalem
2089 3916 2380 3982 13115.00!"
2412 3922 2524 3970 ῑοῐε
2553 3914 2658 3968 Sibi
2691 3914 2912 3987 subegit
2946 3913 3145 3968 ίηευιᾶ·
3181 3914 3350 3979 Quem
3385 3930 3508 3969 cum
3537 3929 3704 3970 ιιΧοΓο

375 4025 643 4099 possedit,
677 4039 770 4078 rex
806 4037 936 4078 vero
965 4002 1388 4085 occidentalem,
1423 4020 1679 4073 Sanctum
1715 4018 1990 4073 Audoma-
2090 4015 2145 4061 el
2178 4005 2365 4059 liberis
2394 4004 2692 4075 captivum,
2742 4020 2865 4057 cum
2906 4003 3025 4057 auri
3063 4010 3117 4057 ct
3157 4002 3372 4075 argenti
3416 4010 3472 4057 et
3520 4018 3704 4057 rerum

373 4131 517 4181 rum,
571 4113 774 4180 Ariam,
839 4112 1204 4178 Attrebatum,
1275 4110 1579 4179 Bapalmas,
1666 4108 1985 4163 comitatum
2089 4111 2395 4158 ceterarum
2426 4100 2626 4171 cepiis,
2680 4115 2866 4154 secum
2900 4098 3149 4163 adduxit,
3204 4105 3258 4152 et
3286 4096 3355 4151 ad
3398 4096 3703 4152 exercitum

375 4206 794 4263 Hesdiniensem
838 4211 894 4260 et
926 4206 1280 4269 Lensensem,
1324 4201 1700 4273 hominagium
1735 4201 1984 4267 Bolonie,
2090 4194 2327 4261 Domini,
2370 4193 2425 4247 in
2480 4192 2773 4247 obsidione
2824 4191 2975 4245 urbis
3003 4192 3218 4245 Accone
3268 4188 3414 4244 fame
3445 4189 3706 4244 diuturna

375 4309 432 4356 et
462 4298 645 4353 Sancti
677 4296 853 4364 Pauli,
882 4304 937 4353 et
967 4296 1234 4352 Gisnense
1276 4301 1328 4349 et
1382 4294 1614 4348 Linense
1644 4293 1803 4362 (455).
1839 4292 1991 4346 Reli-
2017 4339 2071 4364 η
2092 4287 2459 4353 laborantem,
2501 4283 2771 4354 pervenit,
2804 4298 3107 4353 eorumque
3139 4282 3382 4352 inopiam
3414 4282 3484 4335 de
3504 4280 3707 4351 Opibus

375 4339 432 4356 ν.
462 4339 645 4353 νην..
677 4339 853 4364 .......,
883 4339 937 4353 ν.
970 4339 1233 4352 “me...”
1278 4339 1328 4349 υ.
1383 4339 1614 4348 .....--.--
1645 4339 1803 4362 μνη,
1842 4339 1956 4346 -.-η
2095 4339 2170 4341 κη.
2445 4339 2458 4353 ,
2503 4339 2513 4354 ,
2760 4339 2770 4351 ,
3019 4339 3033 4353 ι
3239 4339 3250 4352 ι
3544 4339 3557 4351 _

374 4412 486 4468 qua
542 4393 809 4449 Balduino
858 4396 1145 4446 cesserunt
1229 4388 1336 4442 Hec
1374 4387 1560 4442 omnia
1613 4339 2280 4457 suprascriptaDsecum
2338 4377 2594 4432 adductis
2634 4374 2925 4450 magnifice
2972 4373 3251 4429 relevavit.
3298 4372 3489 4427 Filiam
3538 4372 3698 4441 hujus

374 4467 530 4539 dedit
550 4481 844 4552 Philippus
872 4493 1058 4534 comes
1087 4477 1225 4551 regi,
1254 4476 1476 4547 quando
1504 4474 1554 4529 ei
1587 4483 1810 4544 neptem
1833 4490 1987 4528 suam
2091 4472 2378 4545 principis,
2393 4489 2557 4543 quem
2581 4487 2767 4526 secum
2798 4471 3037 4525 vinctum
3070 4468 3393 4531 adduxerat,
3425 4467 3583 4522 dedit
3612 4484 3707 4522 rex

377 4570 680 4635 Elizabeth,
714 4568 879 4622 filiam
928 4567 1228 4641 Margarete
1259 4564 1469 4620 sororis
1512 4579 1631 4627 sue,
1668 4563 1990 4618 llainoensis
2090 4565 2387 4636 Anglorum
2447 4562 2682 4618 Cuidoni
2713 4561 2990 4632 quondam
3034 4559 3174 4632 regi,
3228 4574 3351 4614 cum
3383 4565 3496 4613 tota
3545 4557 3705 4628 Cypri

376 4665 677 4730 comitisse,
701 4663 863 4735 legali
889 4661 1243 4717 matrimonio
1275 4658 1561 4727 conjunxit
1594 4660 1749 4729 (456).
2091 4653 2291 4707 insula.
2341 4651 2536 4707 Comes
2580 4665 2709 4705 vero
2753 4649 3039 4716 Henricus,
3092 4648 3143 4702 si
3185 4648 3328 4701 Deus
3356 4646 3521 4701 nobis
3549 4646 3710 4701 resti-

447 4754 579 4808 Cum
630 4752 935 4806 marcbisus
978 4750 1259 4806 Conradus
1288 4750 1512 4821 Tyrum,
1550 4748 1701 4819 Syrie
1736 4745 1989 4801 Phenicis
2090 4748 2255 4803 tuerit
2283 4746 2646 4806 Hierusalem.
2687 4760 2782 4798 rex
2813 4742 3030 4797 futurus
3059 4742 3226 4809 £458),
3252 4741 3471 4812 Tyrum,
3504 4740 3706 4795 Ascba-

374 4842 648 4898 civitatem
691 4840 1113 4905 nobilissimam,
1149 4840 1298 4908 justo
1337 4837 1717 4894 moderamine
1749 4845 1986 4911 regeret,

373 4930 784 4988 machinatione
814 4929 1097 4999 cujusdam
1129 4929 1495 5000 potentissimi
1544 4926 1813 4998 principis
1841 4926 1985 4979 chri-

372 5027 561 5095 stiani,
620 5025 881 5097 probitati
910 5032 975 5093 vet
1002 5024 1249 5080 felicitati
1304 5024 1481 5095 ipsius
1518 5022 1843 5089 invidentis,
1884 5022 1987 5077 hoc

372 5119 538 5176 modo
568 5117 785 5174 occisus
806 5126 910 5173 est.
946 5119 1003 5171 ln
1034 5116 1236 5171 diebus
1256 5116 1404 5171 enim
1430 5114 1784 5186 paschalibus
1812 5114 1846 5168 3
1870 5113 1981 5167 Kal.

370 5208 518 5273 Maii,
541 5224 666 5264 cum
709 5207 972 5279 princeps
1002 5205 1123 5276 ipse
1157 5204 1394 5276 quadarn
1435 5205 1528 5259 die
1565 5205 1623 5258 in
1654 5204 1776 5259 loco
1803 5202 1989 5258 civita-

2089 4840 2295 4907 lonem,
2336 4840 2669 4904 Acchonem,
2702 4836 3010 4899 Cesaream,
3039 4834 3256 4905 Joppen
3297 4841 3353 4889 et
3380 4840 3563 4889 cetera
3616 4850 3707 4888 ca-

2087 4935 2245 4989 stella
2266 4949 2436 5003 super
2459 4932 2612 4987 littus
2641 4930 2811 4984 maris
2844 4928 3045 4984 stantia
3074 4926 3344 4999 possedit.

2157 5026 2473 5082 Tancredus
2513 5024 2705 5095 Apulie
2747 5029 3012 5093 tyrannus
3054 5021 3289 5077 nuncios
3318 5034 3449 5075 suos
3506 5020 3573 5075 ad
3606 5020 3705 5076 Ce-

2087 5116 2348 5171 lestinum
2395 5130 2595 5185 papam
2655 5121 2711 5166 et
2744 5113 3019 5167 Romanos
3059 5110 3276 5184 dirigit,
3331 5108 3618 5179 spondens
3647 5124 3705 5163 se

2089 5204 2433 5260 redditurum
2475 5209 2667 5257 sancto
2714 5201 2894 5266 Petro,
2937 5198 3204 5271 quicquid
3236 5198 3568 5269 Apulienses
3609 5197 3710 5251 du-

369 5302 459 5367 tis,
493 5301 588 5357 ubi
618 5300 906 5357 monetarii
927 5305 1103 5367 erant,
1135 5314 1304 5369 super
1329 5313 1533 5369 equum
1562 5296 1767 5352 sedens
1795 5295 1864 5350 ad
1892 5309 1988 5350 eos
2088 5311 2180 5350 ces
2227 5294 2296 5348 ab
2351 5292 2592 5363 antiquis
2639 5289 2840 5346 diebus
2892 5288 2970 5343 illi
3009 5286 3371 5355 asbtulerant,
3428 5286 3473 5341 si
3518 5285 3706 5366 fidem,

1922 5423 2137 5480 ΝΟΤᾹΞ.

444 5534 585 5604 (454)
615 5532 692 5589 Cl.
737 5532 971 5601 Gisleb.,
1012 5549 1069 5604 p.
1100 5528 1225 5587 230.

468 5605 590 5659 455)
619 5606 926 5659 lnsulense.

468 5605 572 5658 455
619 5606 926 5659 lnsulense.

444 5605 591 5749 ξιιὸϐζ
625 5675 792 5731 Paulo
818 5676 923 5730 alia
954 5679 1137 5728 narrat
1163 5670 1522 5737 Gislebertus,
1559 5687 1611 5741 p.
1636 5670 1764 5727 233.

2160 5525 2297 5595 (.457)
2326 5524 2516 5579 Plures
2556 5520 3200 5595 nominatGislebertus,
3241 5534 3297 5589 p.
3339 5516 3467 5574 232.

2108 5667 2118 5678 .
2163 5590 2312 5677 {458)
2346 5596 2470 5678 Haec
2528 5595 2697 5678 igitur
2728 5593 2932 5678 scripta
2945 5601 3091 5678 sunt
3122 5596 3248 5678 ante
3289 5598 3520 5645 mortem
3564 5590 3704 5646 Hen-

2080 5662 2198 5736 rici,
2231 5662 2393 5740 quam
2428 5668 2546 5739 ipse
2572 5662 2766 5722 auctor
2793 5662 2854 5720 a.’
2878 5662 3013 5720 1197
3045 5668 3255 5718 narrat.
