3894 6070
277 306 388 362 333

1215 305 1563 362 CHRONICA.
1607 337 1675 346 —-
1715 305 2150 362 CONTlNUATIO
2190 306 2675 373 AQUlClNCTlNA.

3525 309 3630 367 334

281 451 446 506 quam
496 433 770 489 habebant
825 451 945 488 cum
1009 434 1242 489 Henrico
1293 435 1646 505 imperatore,
1706 435 1774 489 ad
1843 451 1902 490 se
1927 436 2198 507 Adomos
2243 437 2591 502 clericorum,
2634 435 2727 506 qui
2773 435 2822 490 ei
2852 434 3218 504 adherebant,
3250 435 3538 506 subvertit,
3575 445 3630 494 et

281 521 664 578 transferrent.
723 521 877 586 Quod
909 521 1140 577 audiens
1181 539 1322 594 papa
1363 523 1694 588 Celestinus,
1745 523 1904 578 valde

277 619 363 665 est
392 610 746 682 indignatus;
778 610 872 680 qui
926 625 1085 663 versa
1114 611 1234 665 vice
1286 611 1520 665 nuncios
1551 625 1704 675 suos,
1770 610 1908 664 duos

281 699 496 754 scilicet
551 697 886 760 cardinales,
943 699 1008 750 ad
1061 714 1188 752 eum
1237 699 1466 767 direxit,
1510 699 1798 763 mandans,
1852 705 1910 752 ut

283 789 700 861 impemtricem
743 789 814 844 de
866 789 1119 844 custodia
1159 789 1404 844 educens
1463 788 1780 858 imperatori
1821 804 1910 841 re-

281 885 561 951 mitteret;
595 885 641 940 si
670 899 800 940 vero
831 886 936 940 hoc
975 885 1156 939 facere
1187 885 1378 951 nollet,
1409 886 1758 939 anathemate
1785 899 1908 954 per-

293 985 466 1047 petuo
497 994 558 1032 se
619 975 926 1031 feriendum
974 993 1097 1032 cum
1133 985 1284 1046 parte
1327 976 1632 1047 provincie,
1689 991 1796 1046 que
1839 975 1914 1028 illi

283 1067 523 1135 favebat,
556 1081 657 1136 pro
697 1074 849 1121 certo
881 1065 1067 1120 sciret.
1127 1065 1358 1118 Hadult‘o
1421 1062 1748 1119 Leodicensi
1789 1062 1917 1131 epi-

287 1171 485 1227 sc0po,
511 1157 604 1227 qui
629 1171 750 1211 eum
781 1155 1071 1210 Frederico
1102 1154 1434 1226 imperatore
1465 1169 1686 1210 crucem
1715 1169 1922 1208 assum-

297 1250 504 1316 pserat,
571 1245 630 1298 in
663 1244 858 1298 itinere
887 1258 1036 1298 anno
1090 1243 1361 1314 superiori
1402 1252 1638 1309 mortuo,
1679 1242 1788 1296 duo
1826 1257 1923 1312 per

289 1335 710 1390 contentionem
733 1335 787 1388 in
807 1333 1055 1405 predicta
1078 1333 1315 1388 ecclesia
1337 1340 1468 1388 sunt
1487 1333 1672 1398 electi,
1697 1331 1922 1388 Autber-

285 1438 378 1483 tus
408 1427 644 1494 scilicet,
679 1426 845 1482 frater
883 1425 1042 1480 ducis
1087 1424 1466 1491 Lovaniensis,
1507 1429 1564 1478 et
1603 1423 1918 1485 Autbertus,

285 1521 456 1576 frater
485 1520 704 1576 comitis
741 1520 810 1574 de
845 1519 1112 1574 Heitesta.
1168 1518 1560 1572 Verumtamen
1591 1515 1919 1587 Lovaniensi

289 1612 558 1667 Autberto
581 1611 781 1682 justior
811 1627 962 1682 pars,
987 1610 1174 1664 sanior
1200 1618 1256 1664 et
1286 1607 1645 1678 multiplicior
1671 1606 1908 1662 favebat.

291 1701 567 1755 Henricus
619 1707 801 1754 autem
843 1700 1143 1772 imperator
1196 1698 1263 1752 ab
1315 1696 1669 1767 expeditione
1723 1700 1912 1766 Appu-

286 1791 455 1846 liensi
505 1807 778 1859 reversus,
839 1792 1168 1848 electionem
1208 1789 1498 1860 utriusque
1557 1786 1812 1852 cassavit,
1860 1794 1915 1840 et

289 1881 609 1936 Lorharium
652 1882 1000 1936 Bonnensem
1055 1879 1395 1950 prepositum
1455 1875 1786 1932 ditissimum
1847 1875 1916 1930 ad

288 1976 572 2052 civitatem
607 1976 856 2050 dirigens
909 1975 1185 2048 palacium
1231 1973 1500 2046 episcopi,
1532 1973 1693 2030 villas
1733 1979 1788 2026 et
1827 1987 1919 2027 ca-

283 2066 447 2120 stella
500 2066 771 2136 episc0pii
829 2066 880 2121 ei
933 2066 1186 2127 tradidit;
1255 2065 1461 2119 clerum
1515 2077 1735 2133 quoque
1793 2077 1916 2116 cum

286 2153 499 2224 populo
533 2153 585 2208 ei
627 2151 857 2208 obedire
886 2153 1155 2224 precepit.
1210 2151 1317 2208 llec
1337 2153 1544 2219 omnia,
1599 2159 1660 2207 ut
1689 2151 1916 2223 quidam

284 2246 632 2312 existimant,
663 2245 797 2300 fecit
845 2247 1144 2317 imperator
1183 2245 1416 2302 consilio
1446 2243 1696 2300 Balduini
1736 2243 1912 2298 comi-

285 2339 359 2394 tis
412 2339 744 2394 Hainoensis
802 2338 976 2411 (459).
1034 2340 1166 2394 Nam
1225 2347 1450 2410 propter
1521 2337 1699 2409 ipsius
1757 2335 1914 2390 ducis

286 2431 614 2502 superbiam
645 2437 699 2485 et
741 2430 1106 2487 inveteratum
1148 2447 1278 2504 erga
1309 2447 1368 2486 se
1427 2430 1617 2486 odium
1651 2427 1910 2483 infestum

283 2523 528 2579 habebat
557 2521 734 2594 ipsius
789 2523 1032 2580 fratrem.
1066 2525 1190 2595 Ipse
1222 2538 1352 2579 vero
1402 2523 1696 2577 Autbertus
1745 2519 1913 2575 frater

285 2617 476 2682 ducis,
540 2615 740 2672 videns
794 2617 850 2670 in
918 2633 978 2672 se
1047 2617 1244 2671 factam
1301 2615 1654 2686 injusticiam,
1712 2613 1909 2668 timore

287 2705 642 2777 imperatoris
673 2704 867 2760 habitu
919 2705 1180 2776 pauperis
1219 2704 1446 2760 viatoris
1486 2706 1792 2772 assumpto,
1837 2702 1906 2756 ad

285 2798 466 2870 pedes
495 2797 758 2852 Celestini
789 2813 946 2868 papae
976 2796 1260 2852 Lateranis
1278 2795 1545 2867 pervenit.
1581 2794 1779 2849 Audita
1811 2809 1911 2848 au-

285 2895 400 2942 tem
429 2901 574 2958 papa
606 2885 901 2941 electionis
930 2885 1144 2940 ratione
1172 2892 1228 2940 et
1257 2883 1575 2950 concordia,
1611 2883 1791 2938 electo
1823 2883 1914 2936 lit-

285 2987 438 3034 teras
493 2993 622 3032 suas
652 2977 898 3044 tradidit,
964 2977 1387 3048 archiepisc0po
1436 2977 1705 3030 mandans
1751 2972 1913 3030 Colo-

284 3073 502 3138 niensi,
537 3071 667 3128 utei
694 3087 900 3126 munus
944 3070 1193 3127 conferat
1230 3070 1680 3126 consecrationis.
1714 3069 1912 3124 Letha-

282 3165 404 3218 rius
419 3171 602 3219 tamen
634 3162 986 3233 imperatoris
1005 3162 1236 3228 electus,
1265 3177 1364 3232 per
1385 3161 1666 3227 ecclesias,
1691 3159 1917 3216 castella

287 3262 346 3308 et
379 3253 634 3323 ejusdem
670 3252 940 3324 episcOpii
968 3252 1128 3308 villas
1167 3251 1511 3324 pontificales
1541 3251 1738 3325 agebat
1783 3267 1917 3306 cau-

286 3361 402 3400 sas.
463 3345 611 3399 Luna
649 3344 860 3399 mensis
917 3344 1148 3418 Augusti
1199 3359 1456 3400 crescens
1494 3350 1548 3398 et
1585 3343 1917 3398 decrescens

289 3437 462 3491 nimis
493 3436 674 3493 extitit
704 3436 954 3506 pluviosa
986 3442 1041 3490 et
1067 3442 1462 3506 tempestuosa,
1497 3441 1552 3489 et
1581 3433 1919 3489 metentibus

291 3525 463 3580 nimis
515 3525 774 3591 molesta;
852 3531 1037 3579 tamen
1095 3525 1446 3596 subsequens
1531 3523 1660 3578 luna
1712 3522 1920 3577 mensis

292 3619 641 3690 Septembris
695 3618 796 3673 fuit
842 3619 1110 3692 gratiosa,
1157 3619 1306 3674 unde
1361 3617 1560 3673 messis
1616 3617 1830 3672 triticea
1867 3624 1922 3670 et

293 3711 581 3768 vindemia
621 3711 976 3766 mediocriter
1007 3711 1108 3765 fuit
1148 3711 1312 3766 bona.
1351 3709 1658 3765 Richardus
1688 3723 1779 3763 rex
1809 3709 1918 3760 An-

296 3801 542 3874 glorum,
571 3815 738 3871 supra
770 3809 1020 3854 naturam
1061 3800 1357 3854 humanam
1413 3798 1651 3870 cupidus
1706 3805 1760 3853 et
1789 3813 1919 3852 ava-

294 3909 416 3960 rus,
461 3901 516 3948 et
545 3893 696 3949 omni
727 3894 1114 3950 christianitati
1142 3895 1355 3950 invisus
1385 3904 1442 3949 et
1475 3893 1721 3961 rebellis,
1751 3910 1782 3947 a
1819 3894 1918 3948 Sa-

195 3993 200 3996 ’
295 3989 558 4044 lahadino
590 4005 792 4064 magno
824 3991 1014 4060 precio
1054 3990 1171 4044 auri
1224 3997 1504 4061 suscepto,
1551 3989 1912 4044 Aschalonem

288 4077 791 4134 nominatissimam
830 4077 1256 4135 christianorum
1297 4078 1574 4134 civitatem
1617 4077 1912 4134 subvertit.

288 4173 608 4228 Tancredus
633 4173 830 4243 Apulie
878 4179 1143 4244 tyrannus
1173 4189 1204 4228 a
1255 4172 1527 4228 Celestino
1572 4188 1714 4243 papa
1759 4186 1914 4226 com-

292 4266 489 4336 pulsus
520 4265 925 4335 imperatricem
977 4266 1046 4320 de
1077 4265 1325 4321 custodia
1368 4265 1638 4328 relaxans,
1672 4263 1914 4333 impera-

296 4357 403 4413 tori
439 4357 687 4412 remittit.

364 4445 682 4501 Willelmus
723 4445 1013 4501 Remensis
1075 4445 1546 4516 archiepiscOpus,
1614 4444 1813 4500 litteris
1885 4459 1916 4496 a

295 4536 576 4592 Celestino
636 4553 780 4608 papa
827 4537 1089 4608 acceptis,
1151 4537 1470 4593 Autbertum
1525 4535 1920 4591 Leodicensem

295 4629 534 4684 electum
589 4629 643 4683 in
677 4629 898 4685 civitate
955 4629 1215 4684 Hemensi
1245 4645 1435 4684 mense
1466 4628 1775 4700 Septembri
1804 4627 1923 4698 epi~

297 4737 532 4794 scopum
611 4723 978 4778 consecravit.
1035 4721 1497 4793 Archiepiscopus
1551 4722 1714 4777 etiam
1763 4719 1923 4775 Colo-

262 4811 534 4882 jniensis,
571 4811 639 4865 ab
695 4812 815 4880 ejus
861 4810 1283 4867 consecratione
1324 4827 1386 4866 se
1439 4825 1728 4876 excusans,
1784 4815 1842 4863 ut
1871 4807 1921 4862 ei

297 4915 508 4954 munus
545 4899 983 4956 consecrationis
1023 4899 1358 4970 imponeret,
1411 4915 1511 4970 per
1549 4898 1760 4954 litteras
1794 4911 1924 4952 suas

294 4991 562 5063 eptinuit.
600 4991 863 5047 Henricus
885 4992 1190 5062 imperator
1221 4991 1470 5046 audiens.
1509 4990 1658 5063 quod
1689 4989 1926 5045 Autber-

298 5092 388 5138 tus
458 5083 814 5138 Leodicensis
873 5083 1084 5138 electus
1130 5083 1360 5157 gratiam
1401 5081 1839 5138 consecrationis
1893 5097 1924 5136 a

295 5193 444 5248 papa
495 5183 548 5231 et
577 5177 837 5232 Romanis
867 5183 1057 5232 contra
1095 5193 1256 5231 suum
1287 5177 1630 5247 propositum
1665 5176 1921 5246 impetra-

295 5266 460 5332 verit,
498 5266 728 5320 nimium
754 5266 1076 5341 indignatus
1116 5265 1376 5320 Leodium
1410 5265 1561 5320 venit
1607 5267 1824 5337 (Sept),
1867 5271 1923 5319 et

1937 1743 1988 1811 Β

2011 527 2164 599 regni
2197 528 2279 582 sui
2311 527 2595 582 introitum
2647 526 2828 580 eidem
2866 525 3130 598 episc0po
3160 527 3457 582 interdixit.
3485 529 3631 584 Tan-

2011 618 2210 673 credus
2263 619 2458 690 Apulie
2507 626 2776 689 tyrannus
2821 617 3070 673 moritur.
3127 619 3431 675 Celestinus
3462 636 3626 692 papa,

2011 715 2184 762 morte
2241 707 2360 775 ejus
2387 708 2592 773 audita,
2652 713 2844 762 contra
2875 707 3163 762 Henricum
3209 707 3624 780 imperatorem,

2012 811 2174 866 quem
2209 805 2434 866 propter
2464 797 2780 850 Autbertum
2805 797 3198 852 Leodicensem
3222 797 3540 869 episcopum
3573 807 3630 854 et

2017 886 2154 941 alias
2181 886 2422 942 latentes
2452 903 2646 943 causas
2683 887 2946 943 infestum
2987 888 3250 956 habebat,
3280 888 3452 946 ﬁlium
3483 891 3630 946 Tan-

2020 976 2171 1030 credi
2203 977 2254 1030 in
2292 977 2502 1048 Apulia,
2537 977 2786 1032 Calabria
2817 986 2872 1034 et
2909 979 3094 1035 Sicilia
3125 995 3310 1055 regem
3350 982 3624 1037 sublimat.

2023 1066 2268 1136 Eclypsis
2308 1066 2437 1120 lune
2460 1067 2659 1122 accidit
2683 1069 2744 1122 11
2785 1069 2897 1123 Kal.
2929 1070 3190 1125 Decemb.
3219 1070 3349 1126 luna
3383 1073 3468 1138 12,
3495 1073 3630 1128 hora

2023 1155 2200 1210 noctis
2256 1155 2308 1219 8,
2340 1154 2558 1223 duabus
2605 1156 2854 1225 ejusdem
2906 1158 3152 1228 partibus
3199 1160 3522 1224 obscuratis,
3576 1162 3629 1216 in

2021 1259 2120 1297 suo
2177 1242 2389 1317 fulgore
2429 1249 2582 1314 parte
2619 1245 2788 1298 tercia
2827 1255 3204 1316 permanente.
3259 1247 3630 1320 Subsequenti

2021 1335 2112 1389 die
2141 1334 2433 1389 Autbertus
2471 1335 2825 1392 Leodicensis
2875 1339 3187 1410 episcopus,
3228 1355 3260 1395 a
3297 1341 3628 1412 quibusdam

2021 1425 2396 1496 proditoribus
2421 1433 2576 1481 extra
2604 1427 2797 1482 urbem
2827 1423 3153 1485 Remensem
3186 1431 3437 1498 eductus,
3465 1433 3628 1488 inau-

2022 1516 2137 1570 dita
2166 1515 2364 1570 mortis
2391 1516 2718 1572 crudelitate
2743 1518 2825 1572 vir
2853 1518 3034 1590 justus
3072 1519 3139 1574 ab
3188 1521 3376 1592 impiis
3407 1529 3462 1578 et
3501 1539 3630 1594 pro-

2013 1608 2292 1663 ditoribus
2313 1608 2642 1664 innocenter
2659 1609 2968 1680 perimitur.
2997 1612 3128 1666 Nam
3161 1613 3424 1670 Henricus
3453 1616 3628 1688 impe-

2017 1706 2184 1764 rator,
2224 1700 2320 1769 qui
2351 1698 2606 1754 Lothario
2647 1699 2884 1768 favebat,
2926 1718 3091 1773 quem
3147 1703 3200 1756 in
3251 1708 3383 1759 sede
3436 1707 3633 1762 Leodi-

2016 1789 2166 1844 censi
2197 1789 2515 1856 intruserat,
2547 1807 2671 1846 eum
2722 1809 2754 1846 a
2801 1808 2974 1865 regno
3005 1809 3106 1850 suo
3146 1795 3446 1866 expulerat.
3493 1797 3632 1852 Wil-

2016 1880 2214 1934 lelmus
2263 1887 2444 1934 autem
2493 1881 2780 1936 Remensis
2842 1883 3294 1956 archiepiscopus
3331 1893 3387 1941 et
3437 1901 3633 1942 omnes

2017 1971 2165 2027 cives
2211 1972 2532 2038 Hemenses,
2571 1987 2697 2027 eum
2738 1973 3052 2030 detinentes
3097 1975 3324 2042 ibidem,
3367 1993 3625 2053 magnum

2019 2065 2068 2120 ei
2103 2066 2366 2120 honorem
2400 2071 2453 2119 et
2477 2065 2840 2120 reverentiam
2886 2066 3199 2121 exibebant.
3238 2068 3502 2139 Sepultus
3543 2079 3633 2125 est

2019 2164 2198 2210 autem
2247 2171 2370 2209 cum
2428 2155 2642 2228 magnis
2679 2155 2929 2210 omnium
2987 2156 3231 2212 lacrimis
3287 2159 3342 2212 in
3395 2161 3628 2215 ecclesia

2014 2245 2552 2317 majori'beatissime
2582 2245 2749 2302 Marie
2791 2247 2885 2302 Dei
2917 2248 3225 2321 genitricis,
3267 2249 3323 2304 in
3358 2251 3479 2307 loco
3533 2252 3627 2306 ubi

2015 2339 2208 2394 beatus
2246 2338 3030 2410 NichasiusfarchiepiseOpus
3069 2355 3166 2412 pro
3207 2339 3418 2398 Christo
3459 2358 3628 2400 occu-

2013 2426 2152 2482 buit.
2187 2428 2286 2493 Qui
2331 2430 2554 2484 fuerunt
2611 2430 2992 2488 interfectores
3021 2433 3296 2506 episcopi,
3356 2444 3411 2491 et
3450 2453 3482 2490 a
3519 2452 3628 2509 quo

2012 2520 2188 2587 missi,
2221 2521 2504 2593 ignoratur
2533 2522 2720 2594 (460);
2769 2525 2878 2580 hoc
2903 2531 3090 2582 tamen
3131 2527 3322 2596 scitur,
3377 2530 3526 2600 quod
3557 2529 3628 2584 de

1977 2609 2297 2664 'Germania
2344 2611 2619 2678 venerint,
2677 2619 2734 2667 et
2795 2611 2925 2669 illuc
2973 2613 3308 2688 aufugerint.
3362 2615 3438 2672 Ve
3495 2616 3624 2683 illis,

2009 2701 2140 2772 quia
2190 2703 2277 2756 via
2329 2701 2458 2757 Cain
2502 2703 2782 2771 abierunt,
2837 2707 2931 2778 qui
2999 2705 3226 2762 fratrem
3272 2724 3434 2764 suum
3493 2709 3628 2764 Abel

2009 2793 2218 2862 justum
2250 2796 2306 2849 in
2339 2811 2472 2870 agro
2503 2795 2801 2863 interfecit,
2855 2813 2884 2852 e
2915 2797 3269 2856 tabernaculo
3298 2807 3624 2859 extractum.

2015 2884 2179 2957 Cujus
2207 2901 2473 2958 sequaces
2511 2887 2622 2955 isti,
2679 2895 2888 2960 patrem
2917 2907 3076 2946 suum
3113 2898 3167 2947 et
3219 2891 3507 2949 dominum
3556 2895 3626 2951 de

2015 2975 2238 3033 civitate
2280 2977 2536 3032 Hemensi
2567 2978 2764 3035 callide
2795 2979 3118 3050 educentes,
3143 2989 3203 3040 ut
3228 2983 3460 3040 liberius
3491 3002 3626 3057 per-

2013 3072 2291 3137 petrarent
2336 3067 2625 3140 ﬂagitium,
2657 3070 2905 3126 secundo
2954 3087 3148 3128 mense
3195 3075 3630 3131 consecrationis

2017 3155 2138 3225 ejus
2192 3156 2278 3211 vix
2319 3155 2531 3228 elapso,
2587 3165 2752 3228 caput
2794 3160 2968 3216 sancti
3021 3163 3324 3220 sacerdotis
3361 3180 3629 3221 mucrone

2020 3245 2191 3317 impio
2218 3248 2628 3305 mutilaverunt.
2660 3250 2909 3306 Prudens
2944 3253 3136 3322 lector,
3167 3263 3298 3311 nota
3328 3256 3630 3313 inauditam

2018 3336 2358 3406 proditorum
2389 3339 2708 3394 versutiam.
2739 3341 2918 3396 Pridie
2946 3341 3096 3396 enim
3123 3360 3286 3414 quam
3334 3345 3437 3400 ista
3465 3361 3632 3420 agere

2019 3426 2414 3496 deliberarent,
2444 3429 2754 3484 hominium
2785 3432 2836 3486 ei
2869 3431 3144 3498 fecerunt,
3185 3450 3254 3489 ne
3274 3451 3372 3490 eos
3405 3437 3635 3494 haberet

2021 3523 2324 3587 suspectos.
2369 3516 2441 3570 Ve
2473 3517 2658 3586 impiis
2695 3519 3078 3587 traditoribus,
3120 3537 3352 3592 quorum
3383 3523 3635 3594 impieta-

2023 3621 2130 3667 tem
2157 3606 2261 3663 celi
2293 3605 2642 3672 revelabuut,
2667 3615 2721 3663 et
2753 3617 2895 3664 terra
2921 3611 3183 3666 adversus
3211 3629 3310 3669 eos
3339 3623 3634 3691 consurget

2021 3704 2074 3758 in
2103 3701 2192 3756 die
2219 3698 2416 3754 furoris
2439 3699 2675 3767 Domini,
2710 3701 2818 3756 nisi
2859 3701 3061 3760 fuerint
3091 3705 3323 3762 Domino
3355 3713 3632 3778 pres‘tante

2020 3790 2290 3850 conversi.
2335 3789 2484 3844 Inter
2513 3789 2845 3847 Richardum
2877 3809 3062 3866 regem
3116 3795 3415 3870 Anglorum
3446 3803 3500 3853 et
3541 3798 3635 3852 Sa-

2019 3883 2364 3954 lahadinum,
2389 3880 2720 3938 christianos
2748 3897 2974 3956 quoque
3013 3891 3070 3941 et
3099 3885 3433 3942 Sarracenos
3454 3895 3632 3942 trans-

2015 3976 2282 4046 marinos,
2314 3975 2536 4032 inducie
2563 3974 2729 4029 trium
2761 3990 3030 4032 annorum
3081 3975 3388 4044 firmantur,
3430 3978 3634 4034 misera

2012 4071 2345 4128 condicione
2379 4071 2726 4142 interposita,
2768 4079 2828 4126 ut
2855 4070 3046 4127 civitas
3086 4071 3359 4128 Aschalon
3402 4072 3634 4152 nobilis-

2014 4167 2152 4222 sima
2180 4167 2594 4222 subverteretur
2631 4183 2662 4221 a
2713 4166 2936 4222 nostris.
2967 4167 3122 4240 Hugo
3164 4169 3276 4224 dux
3297 4167 3637 4242 Burgundio-

2015 4275 2146 4314 num
2177 4259 2382 4314 ibidem
2411 4258 2670 4324 moritur;
2704 4258 2791 4313 cui
2832 4259 2888 4312 in
2918 4259 3117 4316 ducatu
3178 4259 3632 4335 Burgundionum

2015 4347 2280 4402 successit
2305 4347 2440 4415 Odo,
2490 4347 2638 4403 filius
2665 4347 2806 4416 ejus.
2849 4347 3000 4402 Multi
3049 4347 3251 4402 milites
3297 4346 3466 4400 armis
3494 4353 3638 4401 stre—

2018 4435 2114 4490 nui
2156 4437 2261 4492 hoc
2288 4452 2434 4492 anno
2465 4443 2616 4491 trans
2644 4451 2797 4490 mare
2827 4441 2955 4490 sunt
2987 4434 3210 4502 mortui,
3251 4433 3477 4506 quidam
3507 4433 3638 4489 Sar-

2024 4540 2346 4581 racenorum
2377 4525 2576 4601 gladiis
2624 4523 2962 4593 interempti,
2993 4523 3083 4576 alii
3133 4537 3264 4578 vero
3313 4527 3494 4578 morte
3534 4537 3638 4577 na-

2025 4617 2204 4673 turali.
2235 4616 2463 4672 Residui
2501 4622 2684 4671 autem
2710 4620 2938 4684 excepto
2975 4613 3210 4668 Henrico
3249 4627 3378 4688 rege
3415 4621 3472 4669 et
3499 4613 3637 4682 suis,

2025 4723 2216 4778 parum
2249 4707 2323 4760 ibi
2354 4703 2729 4777 proficientes,
2754 4702 2823 4758 ad
2855 4701 3078 4774 propria
3107 4707 3235 4758 sunt
3263 4701 3492 4760 reversi.

2096 4803 2252 4859 1193.
2332 4801 2394 4856 Β.
2436 4801 2488 4855 3.
2569 4799 2624 4854 F.
2669 4798 2758 4856 l3.
2837 4799 2898 4853 Α.
2940 4799 2994 4852 4.

2093 4893 2282 4948 Mense
2349 4890 2609 4947 Januario
2665 4889 2943 4963 peregrini
3003 4890 3354 4947 transmarini
3413 4891 3481 4946 ad
3539 4905 3640 4946 nos

2021 4984 2227 5042 reversi
2257 4989 2404 5049 sunt,
2438 4983 2508 5037 de
2560 4983 2978 5052 recuperatione
3025 4988 3171 5037 terre
3209 4981 3445 5054 perdite,
3487 4981 3639 5051 quod

2026 5091 2127 5131 nos
2149 5073 2438 5130 letificaret
2467 5073 2552 5129 vel
2583 5073 2788 5144 scripto
2820 5073 3050 5147 dignum
3077 5080 3245 5140 esset,
3277 5070 3447 5126 nichil
3479 5085 3632 5125 nun-

2022 5168 2252 5224 ciantes.
2288 5166 2592 5222 Hichardus
2629 5175 2818 5223 sancte
2843 5165 3111 5223 memorie
3141 5179 3441 5222 conversus
3468 5163 3642 5236 Aqui-

2023 5259 2320 5317 cinctensis
2349 5259 2600 5327 moritur,
2652 5265 2706 5315 et
2737 5260 2792 5314 in
2827 5259 3024 5315 eodem
3066 5254 3402 5313 monasterio
3439 5254 3642 5326 sepeli-

1877 5385 2085 5442 ΝΟΤίΕ.

374 5511 522 5581 {459)
571 5511 961 5581 Nequaquam;
1023 5510 1318 5564 Balduinus
1366 5509 1511 5581 enim
1569 5524 1699 5581 pro_
1733 5523 1936 5581 conso-

303 5578 472 5639 brino
505 5578 624 5638 suo
665 5578 886 5636 Alberlo
943 5583 1010 5636 de
1066 5582 1304 5636 licitesta
1363 5580 1594 5634 multum
1636 5578 1942 5644 laborabat,

301 5655 391 5709 cui
423 5665 481 5709 et
505 5656 803 5736 imperator
832 5663 1209 5736 episcopatum
1243 5652 1590 5736 [,ironiiserat,
1622 5651 1720 5736 sed
1754 5658 1944 5736 postea

303 5734 538 5797 accepta
579 5721 747 5780 nimia
780 5721 1038 5796 pecunia,
1071 5721 1327 5782 Lothario
1359 5721 1606 5780 contulit.
1657 5721 1732 5777 Cf.
1762 5721 1954 5778 ’Gisle-

2047 5508 2293 5579 bertum,
2319 5523 2485 5579 quem
2521 5507 2821 5562 Balduinus
2851 5521 2948 5576 pro
2977 5505 3222 5579 .tlberto
3237 5504 3306 5560 ad
3347 5503 3642 5579 imperils),

2054 5595 2168 5633 rem
2209 5573 2508 5650 delegavit,
2551 5596 2604 5650 p.
2636 5579 2764 5645 217,
2815 5573 2941 5650 221,
2965 5577 3096 5650 224,
3125 5577 3230 5632 229
3258 5593 3348 5650 sq.
3375 5573 3649 5650 235-246-

2067 5649 2271 5775 bttMSO)
2340 5647 2456 5708 Dux
2520 5647 2878 5706 L'ovaniensis
2925 5649 2979 5703 id
3037 5647 3354 5721 imperatori
3407 5647 3643 5716 imputa-

2105 5737 2134 5776 a
2166 5764 2175 5774 .
