3930 6068
269 248 374 301 335

1481 232 1822 288 SIGEBERTI
1863 231 2377 288 GEMBLACENSIS.

3486 240 3591 294 336

273 388 382 447 tur,
418 378 586 446 Hujus
612 373 711 429 viri
773 371 910 425 mira
941 370 1043 424 fuit
1081 369 1206 441 cybi
1247 377 1301 424 et
1338 374 1496 439 potus
1522 367 1875 433 abstinentia,
1907 370 1952 437 Α
1979 364 2166 431 Marie,
2190 363 2490 418 Ambianis.
2514 364 2573 418 ln
2596 365 2685 420 die
2708 371 2891 420 autem
2914 368 3308 438 assumptionis
3321 368 3600 438 ejusdem.

270 470 447 525 lectus
470 465 654 522 nullus
684 469 778 519 aut
820 461 1011 527 durus,
1054 459 1226 514 vestis
1280 457 1515 527 abjecta,
1565 456 1877 529 compassio

272 574 401 634 erga
430 570 704 629 pauperes
741 560 795 608 et
818 552 1120 608 monachos
1135 550 1455 605 claustrales
1476 548 1674 604 eximia
1709 546 1873 619 (461).

270 650 539 706 Henricus
578 648 683 703 dux
714 644 1071 702 Lovaniensis
1100 650 1154 698 et
1193 642 1459 698 Henricus
1480 648 1707 714 patruus
1734 639 1876 708 ejus,

274 741 382 796 dux
431 735 835 803 Ardennensis,
875 734 1168 805 insurgunt
1237 736 1426 787 contra
1499 728 1756 785 comitem
1814 728 1883 781 de

272 834 473 890 Ostada
512 832 660 903 (462)
691 837 745 886 et
776 828 1090 886 Lotharium
1122 826 1344 882 fratrem
1376 825 1513 899 ejus,
1545 840 1710 898 quem
1735 823 1884 879 lien-

273 931 420 986 ricus
450 929 748 999 imperator
797 925 853 979 in
891 924 1025 979 sede
1055 923 1350 977 intruserat
1401 919 1750 983 Leodicensi,
1783 932 1881 989 pro

267 1018 655 1077 interfectione
710 1012 958 1069 Autberti
1030 1011 1279 1083 episcopi
1368 1010 1648 1065 nominate
1707 1007 1879 1063 urbis.

271 1107 464 1166 Omnia
495 1106 616 1174 ejus
644 1102 888 1164 castella,
919 1102 1045 1173 fque
1096 1100 1242 1155 circa
1290 1099 1499 1153 Renum
1545 1096 1881 1177 possidebat.

272 1202 516 1274 capiunt,
552 1207 607 1253 et
636 1195 871 1268 quedam
928 1194 1219 1249 destruunt
1271 1200 1325 1247 et
1372 1190 1698 1246 incendunt.
1764 1189 1887 1258 ipse

271 1300 451 1349 autem
484 1302 671 1344 comes
702 1302 825 1341 cum
880 1283 1044 1338 fratre
1074 1298 1175 1338 suo
1208 1281 1277 1336 ad
1319 1281 1704 1352 imperatorem
1761 1276 1888 1333 fecit

269 1384 612 1459 confugium.
632 1379 942 1436 Celestinus
962 1394 1105 1450 papa
1134 1392 1330 1432 omnes
1348 1374 1727 1431 interfectores
1756 1373 1878 1445 epi-

270 1477 425 1549 scopi
455 1476 802 1532 anathemate
841 1478 1112 1543 perpetuo
1142 1469 1447 1526 innodavit.
1484 1466 1614 1522 Cum
1646 1466 1877 1521 Richar-

270 1568 375 1623 dus
406 1582 499 1621 rex
531 1562 720 1638 Anglic
765 1567 891 1616 ante
922 1559 1042 1614 dies
1068 1558 1492 1634 quadragesime
1518 1557 1587 1611 de
1618 1564 1889 1611 transma-

273 1657 410 1712 rinis
432 1653 680 1726 partibus
710 1654 1108 1713 reverteretur;
1163 1653 1446 1717 suspectas
1475 1644 1688 1700 habens
1716 1660 1882 1716 quas-

270 1749 393 1801 dam
445 1743 725 1819 regiones,
774 1740 1023 1812 Apuliam
1049 1738 1259 1794 scilicet
1298 1746 1353 1793 et
1401 1736 1728 1803 Calabriam,
1760 1734 1883 1791 Cor-

270 1844 437 1898 sicam
489 1847 543 1896 et
608 1836 837 1899 Italiam.
885 1842 1109 1908 propter
1164 1832 1606 1889 interfectionem
1653 1829 1883 1886 Conradi

270 1932 530 1990 marehisi
563 1931 633 1986 de
654 1927 993 1995 Montferrat,
1026 1942 1133 1998 que
1163 1925 1268 1995 illi,
1303 1925 1490 1981 nescio
1510 1924 1558 1980 si
1581 1924 1748 1996 juste,
1780 1924 1875 1979 im-

270 2026 597 2100 ponebatur,
631 2021 822 2094 paucis
872 2035 1061 2075 secum
1116 2017 1411 2090 assumptis
1448 2017 1634 2085 sociis,
1694 2022 1754 2071 ut
1797 2031 1885 2071 se-

272 2117 479 2174 cretius
508 2114 577 2169 ad
608 2118 866 2183 nepotem
902 2126 1063 2165 suum
1104 2108 1301 2165 ducem
1333 2107 1567 2163 Saxonie
1592 2105 1884 2178 pervenire

270 2214 479 2282 posset,
507 2216 708 2261 terram
740 2202 899 2258 ducis
929 2200 1144 2256 Austrie
1174 2201 1475 2273 ingressus,
1497 2198 1567 2253 ab
1596 2199 1716 2270 ipso
1743 2197 1882 2253 duce

269 2300 509 2371 capitur,
564 2305 619 2352 et
667 2292 920 2351 custodie
970 2291 1339 2362 mancipatur.
1379 2290 1511 2345 Nam
1559 2306 1683 2347 cum
1735 2295 1881 2344 esset

270 2393 414 2449 idem
456 2390 565 2445 dux
595 2389 649 2443 in
689 2385 984 2442 obsidione
1042 2383 1195 2439 urbis
1223 2384 1380 2449 Acre,
1436 2396 1529 2435 rex
1582 2380 1879 2454 Anglorum

267 2481 584 2551 frequenter
628 2475 784 2530 illum
833 2473 1126 2530 verborum
1192 2469 1545 2527 contumeliis
1601 2466 1878 2523 aﬁecerat.

273 2576 443 2637 Quem
474 2565 774 2639 aliquando
803 2572 1050 2635 tempore
1070 2561 1535 2629 secumdetinuit,
1566 2566 1621 2615 et
1646 2568 1882 2631 postmo-

267 2665 397 2719 dum
442 2661 512 2718 ad
553 2660 943 2731 imperatorem
992 2656 1048 2711 in
1085 2654 1464 2710 Alemanniam
1521 2652 1736 2707 direxit.
1784 2650 1882 2715 Qui

267 2770 393 2809 eum
423 2767 632 2816 secum,
665 2762 1016 2822 quocumque
1047 2753 1321 2820 pergeret.
1374 2741 1613 2798 ducebat
1637 2740 1743 2797 sub
1786 2740 1886 2796 ho—

263 2846 501 2904 norabili
533 2842 804 2900 custodia.
840 2841 995 2911 ;Dum
1031 2837 1338 2893 Richardus
1370 2850 1461 2890 rex
1489 2834 1789 2910 Anglorum
1816 2834 1884 2889 ah

264 2939 594 3007 imperatore
636 2930 997 2996 detineretur,
1054 2926 1341 2998 Philippus
1395 2941 1488 2980 rex
1529 2925 1883 2993 Francorum,

264 3026 653 3095 undecumque
692 3019 926 3075 collecto
974 3032 1040 3073 ex
1078 3016 1229 3072 omni
1279 3029 1448 3090 regno
1477 3013 1583 3068 sibi
1625 3013 1878 3083 subjecto

262 3119 488 3190 c0pioso
531 3113 796 3180 exercitu,
848 3118 971 3183 post
1027 3109 1341 3181 paschalem
1412 3106 1876 3178 sollempnitatem

263 3220 450 3260 mense
480 3201 649 3275 Aprili
682 3201 736 3254 in
763 3198 1216 3255 Northmanniam
1249 3196 1417 3259 vadit,
1460 3211 1580 3251 eam
1617 3194 1876 3265 dep0pu-

262 3294 501 3359 laturus;
563 3287 785 3345 castella
852 3285 1165 3341 Wileassini
1236 3283 1525 3352 territorii,
1580 3283 1876 3339 Gisortium

265 3384 480 3441 scilicet
509 3390 563 3438 et
592 3382 699 3438 alia
738 3379 929 3447 mulia,
962 3378 1128 3450 cepit.
1166 3377 1452 3433 Civitatem
1482 3374 1879 3431 Northmannie

262 3479 745 3551 metropolitanam
791 3476 1154 3550 Rotomagum
1185 3473 1477 3530 obsidione
1524 3470 1732 3538 cinxit;
1781 3470 1880 3525 sed

263 3568 479 3625 civibus
521 3566 759 3623 viriliter
788 3563 1248 3638 repugnantibus,
1277 3568 1587 3619 commotus
1644 3561 1723 3615 ira
1772 3576 1881 3632 que

262 3662 312 3716 ei
354 3662 498 3716 inest
526 3658 728 3726 nativa,
777 3656 1032 3729 petrariis
1061 3662 1117 3710 et
1170 3655 1429 3729 ingeniis,
1456 3654 1658 3726 quibus
1687 3652 1877 3707 urbem

260 3753 575 3815 vallaverat,
619 3749 885 3815 incensis;
914 3747 984 3803 ab
1016 3747 1227 3802 assultu
1271 3745 1540 3819 inglorius
1570 3744 1750 3800 rediit.
1785 3744 1883 3798 Sa-

260 3843 521 3899 lahadino
552 3840 699 3912 apud
729 3841 1051 3894 Damascum
1092 3844 1332 3904 mortuo,
1361 3835 1458 3890 filii
1486 3836 1604 3905 ejus
1638 3836 1696 3889 in
1728 3835 1878 3905 prin-

261 3933 446 4003 cipatu
497 3929 651 4000 Syrie
701 3938 757 3983 et
813 3925 1107 3998 Babylonis
1160 3926 1209 3980 ei
1255 3924 1582 3980 succedunt.
1640 3923 1880 3978 Ecclesie

260 4020 454 4094 Anglic
483 4024 539 4073 ct
584 4015 939 4072 Northmanie
983 4022 1037 4070 et
1086 4014 1420 4070 monasteria
1472 4013 1868 4069 monachorum

262 4126 293 4165 a
338 4106 610 4163 thesauris
636 4105 752 4161 suis
798 4104 869 4160 ob
899 4103 1338 4175 redemptionem
1382 4103 1528 4178 regis
1571 4102 1868 4178 Anglorum

261 4199 585 4271 Spoliantur.
642 4195 930 4253 Lotharius
977 4194 1332 4251 Leodicensis
1407 4195 1672 4260 intrusus,
1703 4210 1870 4250 causa

264 4289 666 4347 interfectionis
711 4287 957 4343 Autberti
1015 4287 1264 4357 ejusdem
1315 4286 1469 4342 urbis
1513 4287 1762 4359 episcopi
1801 4286 1869 4342 ab

263 4383 416 4439 omni
464 4380 774 4453 prelatione
824 4379 1057 4435 ecclesie
1088 4395 1120 4434 a
1176 4377 1448 4435 Celestino
1487 4394 1630 4451 papa
1688 4378 1872 4449 priva-

267 4485 352 4531 tur
395 4474 556 4546 (463).
612 4472 878 4528 Henricus
924 4471 1228 4543 imperator
1274 4471 1343 4526 de
1395 4477 1573 4526 morte
1628 4469 1878 4541 episcOpi

263 4568 563 4641 supradicti
595 4566 919 4639 parentibus
944 4566 1064 4635 ejus
1107 4564 1476 4635 satisfaciens,
1506 4573 1689 4621 motus
1719 4565 1878 4635 prin-

200 4664 209 4669 “
264 4665 446 4735 cipum
480 4662 659 4736 regni,
710 4663 806 4734 qui
836 4661 1099 4716 adversus
1139 4676 1263 4716 eum
1308 4667 1534 4732 pr0pter
1562 4660 1704 4714 hanc
1751 4675 1881 4714 cau-

264 4771 380 4809 sam
407 4755 839 4821 insurrexerant,
895 4752 1091 4818 sedat;
1124 4768 1189 4808 ea
1241 4751 1583 4809 conditione.
1640 4757 1699 4806 ut
1743 4750 1870 4805 duci

266 4845 594 4903 Lovaniensi
623 4852 678 4900 et
714 4844 1056 4899 Ardennensi
1090 4843 1232 4917 (464)
1291 4859 1416 4899 cum
1451 4842 1683 4900 consilio
1713 4843 1875 4915 capi-

265 4938 365 4996 tuli
404 4938 620 5004 liceret,
669 4952 833 5009 quem
873 4935 1145 4991 voluerint
1187 4935 1396 5011 eligere
1452 4933 1771 5006 episcopum
1821 4934 1874 4989 in

264 5032 396 5087 sede
449 5028 794 5087 Leodicensi.
848 5028 949 5092 Qui
1008 5027 1338 5083 auctoritate
1394 5026 1668 5099 imperiali
1730 5027 1873 5095 freti,

263 5124 550 5196 elegerunt
618 5122 936 5195 Symonem,
1032 5120 1202 5177 filium
1267 5122 1425 5178 ducis
1479 5121 1872 5177 Ardennensis.

265 5216 552 5288 Philippus
575 5231 667 5271 rex
692 5213 992 5269 secundam
1030 5213 1188 5269 duxit
1223 5229 1451 5270 uxorem
1486 5213 1871 5288 lngelburgem

264 5307 411 5381 regis
457 5306 610 5362 Datie
660 5304 852 5375 ﬁliam,
901 5306 958 5360 in
1000 5305 1191 5382 vigilia
1247 5304 1643 5377 assumptionis
1688 5310 1875 5361 sancte

1911 1694 1959 1764 Β

1902 3066 1953 3136 C

1979 456 2070 511 die
2108 454 2404 523 dominica,
2433 463 2692 526 presente
2735 457 3009 513 Willelmo
3041 459 3461 532 archiepiscopo
3494 461 3605 517 Re-

1979 546 2179 612 mensi,
2230 546 2388 602 Petro
2438 547 2822 615 Attrebatensi,
2873 549 3124 605 Johanne
3180 549 3595 618 Cameracensi,

1982 641 2296 697 Theobaldo
2349 642 2727 709 Ambiancnsi,
2777 642 3065 699 Lamberto
3101 643 3423 714 Morinensi,
3480 646 3604 703 Ste-

1984 739 2169 810 phano
2193 737 2523 794 Tornacensi
2556 745 2609 793 et
2639 738 2762 794 aliis
2779 738 3141 813 suﬂ‘raganeis
3170 741 3599 814 archiepiscopi,

1985 834 2039 882 et
2064 827 2251 882 multis
2284 827 2510 883 Francie
2559 827 2906 900 principibus
2936 829 3266 898 astantibus,
3302 831 3457 907 regio
3487 831 3601 888 dia-

1986 922 2202 977 demate
2235 930 2497 979 coronata
2547 931 2650 986 est,
2684 925 2741 978 in
2794 924 2965 980 totius
3019 926 3255 981 civitatis
3310 927 3514 1001 gaudio
3546 935 3600 983 et

1986 1020 2305 1083 conspectu.
2348 1013 2694 1087 Octogesimo
2752 1026 2936 1070 autem
2965 1023 3021 1071 et
3062 1016 3309 1072 secundo
3356 1017 3447 1072 die
3477 1025 3601 1088 post

1987 1104 2086 1159 has
2103 1104 2343 1175 nuptias,
2364 1106 2706 1177 quorundam
2738 1106 2998 1173 consilio,
3029 1108 3178 1179 apud
3201 1106 3598 1179 Compendium

1989 1211 2082 1251 rex
2121 1212 2245 1251 cum
2278 1196 2395 1252 suis
2424 1198 2879 1269 archiepiscopis,
2902 1198 3182 1270 episcOpis
3207 1206 3261 1255 et
3292 1199 3598 1256 baronibus

1988 1284 2325 1357 colloquium
2367 1286 2578 1341 habuit.
2630 1285 2709 1341 lbi
2738 1286 2960 1359 quidam
3006 1288 3255 1360 episcopi
3314 1296 3369 1345 et
3399 1290 3603 1346 milites

1980 1384 2402 1451 consurgentes,
2433 1378 2967 1453 eonsanguinitatem
3000 1380 3146 1435 inter
3183 1382 3415 1454 primam
3456 1383 3601 1458 regi-

1980 1480 2106 1519 nam
2137 1472 2193 1520 et
2246 1465 2543 1521 secundam
2591 1466 2930 1535 juraverunt.
2983 1467 3097 1533 Quo
3140 1468 3455 1540 juramento
3504 1487 3599 1527 rex

1986 1560 2233 1625 accepto,
2267 1555 2476 1626 absque
2529 1554 2642 1610 ulla
2689 1554 2953 1611 dilatione
3012 1564 3068 1612 et
3106 1558 3345 1615 consilio
3390 1558 3601 1615 dimisit

1985 1659 2127 1701 eam.
2151 1644 2191 1698 A
2233 1643 2491 1700 Kalendis
2534 1644 2723 1723 Marcii
2748 1662 2923 1718 usque
2954 1647 3023 1702 ad
3066 1647 3252 1704 lunam
3283 1649 3601 1706 Decembris

1984 1737 2215 1805 mensis,
2254 1752 2448 1793 omnes
2479 1737 2793 1794 lunationes
2831 1738 2888 1794 in
2920 1739 3104 1795 iniciis
3134 1742 3405 1798 mensium
3433 1743 3597 1799 nimis

1985 1828 2217 1884 extitere
2251 1828 2541 1900 pluviales,
2566 1846 2757 1886 mense
2797 1830 3016 1887 Octobri
3054 1843 3304 1906 excepto.
3332 1834 3395 1889 In
3434 1842 3599 1892 nocte

1985 1920 2300 1978 festivitatis
2354 1922 2527 1978 sancti
2559 1921 2778 1978 Martini
2834 1923 3075 1996 eclypsis
3122 1925 3254 1982 lune
3313 1926 3436 1983 fuit.
3491 1929 3599 1985 Hec

1986 2010 2165 2066 littere
2222 2012 2484 2067 translate
2539 2020 2664 2067 sunt
2712 2029 2744 2068 a
2797 2013 3045 2084 partibus
3112 2018 3495 2075 transmarinis
3543 2020 3599 2075 in

1986 2098 2243 2154 Galliam:
2284 2104 2475 2154 Frater
2507 2098 2832 2168 Gaufridus,
2863 2104 2960 2156 Dei
2982 2105 3167 2171 gratia
3203 2111 3385 2161 sancte
3408 2107 3599 2163 domus

1985 2195 2268 2265 hospitalis
2292 2196 2627 2250 Jherusalem
2649 2195 2870 2252 humilis
2895 2201 3173 2268 magister,
3192 2216 3304 2256 una
3330 2218 3449 2257 cum
3476 2206 3603 2258 uni-

1979 2302 2131 2341 verso
2160 2286 2399 2356 ejusdem
2426 2287 2613 2341 domus
2646 2290 2906 2357 capitulo,
2929 2290 3218 2346 karissimo
3246 2296 3295 2346 et
3322 2293 3513 2350 dilecto
3544 2298 3601 2349 in

1978 2381 2203 2434 Domino
2220 2380 2392 2446 fratri
2423 2380 2690 2436 Willelmo
2706 2380 2772 2435 de
2808 2383 3078 2449 Vileruns,
3102 2388 3403 2456 preceptori
3422 2387 3599 2442 ultra-

1979 2473 2208 2540 marino,
2241 2472 2469 2527 salutem
2505 2476 2554 2526 et
2605 2473 2909 2539 fraternam
2937 2474 3290 2533 dilectionem.
3338 2478 3601 2545 Quoniam

1984 2563 2049 2617 de
2086 2562 2192 2629 his,
2242 2578 2344 2633 que
2404 2564 2464 2617 in
2495 2568 2640 2617 terra
2686 2564 3281 2622 Jherosolimitanorum
3332 2575 3593 2639 aguntur,

1984 2651 2253 2706 credimus
2280 2666 2373 2707 vos
2411 2656 2578 2707 certos
2598 2668 2840 2708 rumores
2872 2653 3205 2725 desiderare,
3235 2660 3421 2713 notum
3450 2659 3599 2715 vobis

1983 2748 2239 2815 facimus,
2267 2746 2412 2818 quod
2448 2749 2702 2817 proximo
2725 2752 2849 2818 post
2874 2749 3230 2819 Septembrem
3259 2751 3486 2820 quidam
3535 2753 3600 2807 de

1985 2841 2141 2904 gente
2157 2852 2404 2907 pagana,
2455 2836 2652 2891 nobilis
2678 2853 2869 2905 genere
2915 2842 2966 2893 et
2995 2841 3163 2894 armis
3200 2841 3462 2909 famosus,
3493 2857 3595 2897 no-

1986 2934 2132 2986 mine
2157 2932 2374 2997 Mestoc,
2418 2933 2593 2987 vitam
2633 2946 2793 2987 suam
2842 2935 3173 2989 terminavit.
3224 2935 3427 2991 Deinde
3452 2952 3596 2991 mor-

1977 3023 2102 3075 tuus
2154 3025 2232 3074 est
2284 3024 2435 3074 vetus
2483 3020 2732 3076 dominus
2778 3021 3163 3091 Assyriorum;
3214 3022 3406 3078 deinde
3455 3041 3599 3079 mor-

1979 3116 2102 3167 tuus
2125 3116 2203 3166 est
2231 3112 2474 3167 sollanus
2503 3112 2569 3167 de
2610 3114 2833 3180 Ycanio,
2864 3117 2915 3168 et
2940 3129 2997 3168 eo
3026 3119 3256 3182 mortuo,
3290 3117 3380 3170 ira
3407 3121 3457 3172 et
3484 3119 3601 3172 dis-

1979 3202 2168 3256 cordia
2209 3205 2400 3256 emorta
2444 3205 2521 3256 est
2549 3204 2694 3256 inter
2722 3203 2865 3271 ﬁlios
2903 3218 3055 3270 suos;
3102 3204 3296 3259 deinde
3320 3207 3379 3259 in
3414 3208 3599 3276 prima

1978 3293 2282 3361 septimana
2304 3292 2512 3353 Martii,
2555 3290 2645 3345 die
2673 3307 2775 3360 que
2800 3291 3003 3346 dicitur
3028 3295 3310 3361 Mercurii,
3351 3299 3598 3351 mortuus

1980 3385 2056 3435 est
2081 3383 2431 3450 persequutor
2456 3384 2637 3435 noster
2665 3380 3037 3438 Salahadinus
3061 3399 3076 3449 ;
3131 3386 3190 3438 in
3219 3384 3376 3454 cujus
3430 3389 3597 3441 morte

1980 3476 2128 3543 genti
2150 3489 2243 3528 sue
2266 3474 2445 3540 factus
2466 3476 2544 3527 est
2570 3474 2733 3526 timor
2750 3477 2799 3527 et
2814 3475 3175 3543 perturbatio,
3208 3481 3259 3529 et
3286 3478 3431 3531 inter
3456 3478 3602 3547 ﬁlios

1981 3563 2098 3632 ejus
2138 3566 2329 3617 exorta
2371 3565 2449 3616 est
2484 3562 2573 3615 ira
2601 3565 2652 3615 et
2680 3561 2964 3617 dissensio.
3020 3563 3257 3630 Quilibet
3295 3567 3436 3620 enim
3466 3567 3597 3620 illo-

1982 3671 2128 3722 rum,
2156 3669 2383 3725 quorum
2399 3654 2536 3708 alter
2558 3656 2637 3708 est
2665 3654 2725 3707 in
2754 3653 3000 3724 Halapia
3027 3655 3196 3727 (465),
3229 3657 3368 3711 alter
3397 3659 3455 3711 in
3482 3660 3599 3713 Da-
3624 3698 3629 3701 ,

1980 3761 2178 3809 musco,
2219 3746 2360 3799 alter
2386 3746 2446 3799 in
2481 3744 2776 3815 Babylonia
2804 3751 3185 3815 commoratur,
3226 3763 3281 3803 se
3305 3750 3482 3817 fratri
3506 3765 3601 3805 suo

1979 3836 2277 3905 subjectum
2312 3849 2424 3889 esse
2449 3834 2693 3901 fastidit,
2725 3835 2822 3889 sed
2850 3837 2989 3889 alter
3021 3836 3096 3890 ad
3128 3836 3431 3892 dominium
3469 3839 3600 3892 alte-

1980 3929 2101 3981 rius
2137 3932 2184 3981 el
2222 3931 2360 3981 terre
2387 3926 2504 3995 ejus
2528 3927 2717 3995 pocius
2747 3926 3000 3982 intendit.
3039 3928 3189 3982 Unde
3218 3932 3487 3984 ueraciter
3516 3945 3592 3985 co-

1970 4019 2295 4086 gnoscimus,
2319 4016 2465 4086 quod
2484 4032 2518 4069 a
2537 4019 2770 4086 tempore
2786 4015 3115 4086 perditionis
3137 4020 3298 4086 terre,
3317 4018 3588 4073 hereditas

1974 4112 2180 4167 Christi
2206 4113 2283 4166 sic
2308 4112 2373 4165 de
2397 4112 2499 4165 levi
2523 4126 2628 4166 non
2652 4112 2830 4180 potuit
2857 4114 3197 4181 recuperari.
3234 4114 3406 4167 Terra
3426 4129 3590 4184 quam

1969 4208 2109 4259 tenet
2134 4205 2509 4259 ch-ristianitas
2528 4205 2593 4257 in
2618 4205 2842 4271 treugis,
2876 4207 3054 4258 manet
3065 4204 3179 4271 fere
3201 4206 3422 4274 penitus
3435 4206 3595 4260 habi-

1971 4295 2238 4349 tatoribus
2282 4293 2562 4348 destituta.
2613 4293 2837 4347 Factum
2891 4307 3035 4347 anno
3076 4295 3296 4348 Domini
3348 4292 3487 4349 1193
3537 4297 3596 4349 in

1979 4388 2132 4441 exitu
2169 4385 2385 4455 Aprilis

2123 4478 2285 4534 1194.
2432 4477 2495 4532 R.
2536 4478 2590 4533 4.
2740 4476 2796 4533 F.
2842 4480 2923 4535 14.
3077 4481 3136 4534 A.
3178 4476 3237 4534 5.

2053 4570 2358 4626 Richardus
2407 4586 2502 4626 rex
2547 4569 2844 4644 Anglorum
2911 4586 3010 4642 per
3065 4585 3305 4626 annuam
3368 4568 3597 4640 captivi-

1980 4667 2170 4726 tatem,
2213 4675 2412 4733 magno
2461 4667 2537 4725 et,
2569 4666 2628 4714 ut
2658 4659 2731 4714 ita
2764 4659 2965 4728 dicam,
3004 4658 3226 4715 inﬁnito
3263 4658 3475 4734 argenti
3507 4674 3592 4714 re-

1980 4753 2239 4824 demptus
2280 4751 2487 4823 precio.
2542 4750 2611 4805 ab
2654 4750 2983 4821 imperatore
3031 4750 3264 4807 Henrico
3293 4747 3594 4806 honorifice

1980 4855 2035 4901 et
2086 4861 2211 4900 cum
2255 4843 2448 4919 gratia,
2500 4857 2638 4913 pace
2692 4841 2857 4896 etiam
2918 4842 3064 4897 inter
3102 4856 3199 4897 eos
3247 4838 3479 4907 firmata,
3536 4838 3595 4893 in

1977 4937 2226 5013 Angliam
2259 4934 2575 4990 remittitur.
2610 4934 2711 5001 Qui
2751 4934 2985 4990 navibus
3012 4934 3069 4989 in
3092 4939 3252 5006 portu
3284 4931 3594 5003 Andoverpi

1978 5025 2306 5101 preparatis,
2361 5023 2736 5081 transfretavit
2765 5039 2888 5080 cum
2920 5023 3108 5080 favore
3153 5036 3355 5095 magno
3412 5037 3443 5075 a
3481 5022 3597 5077 suis

1975 5122 2298 5194 suscipitur,
2318 5126 2373 5176 et
2399 5119 2456 5176 in
2488 5119 2643 5192 regni
2674 5117 2815 5175 solio
2847 5118 3115 5174 decenter
3146 5115 3439 5171 relocatur.
3471 5115 3598 5171 lllos

1976 5211 2069 5284 qui
2129 5208 2330 5264 ﬁdeles
2395 5206 2502 5263 sibi
2567 5206 2881 5274 extiterant,
2923 5204 3229 5262 honoribus
3278 5203 3597 5260 sublimavit

1975 5299 2287 5373 proditores
2335 5312 2469 5354 vero
2508 5295 2948 5364 exauctorisavit,
2989 5293 3260 5367 quosdam
3303 5294 3470 5351 etiam
3500 5308 3596 5350 oc-

1824 5425 2032 5485 NOTAE.

273 5602 283 5612 .
340 5532 488 5612 (A61)
512 5532 822 5612 Hichardus
866 5564 928 5612 ςι-
957 5537 1167 5612 eaimia
1194 5533 1389 5590 iisdem
1430 5534 1612 5591 verbis
1644 5535 1905 5609 leguntur

272 5604 326 5657 in
355 5604 1107 5678 AnnalibusAquicinctinis.
1458 5642 1463 5645 η

343 5674 486 5749 (462)
521 5675 628 5732 Seu
663 5674 1027 5734 Hoclistadcn.

2085 5528 2223 5609 (466)
2256 5528 2491 5609 Excepta
2524 5525 2883 5609 [impositura
2912 5523 2969 5579 in
3001 5520 3367 5580 Conﬂuentia.

2084 5596 2219 5670 (464i
2256 5596 2488 5655 Henrico
2524 5596 2597 5655 de
2639 5596 2913 5672 Limburg.

2078 5673 2219 5746 (465)
2249 5672 2479 5744 Aleppo.
