3930 6068
340 304 445 362 337

1297 292 1642 350 CHRONICA.
1684 320 1753 329 —
1791 286 2226 344 CONTlNUATIO
2267 285 2751 350 AQUICINCTINA.

3565 286 3670 344 338

341 440 496 496 cidit.
533 440 679 494 Inter
709 452 848 510 quos
877 450 1074 502 unum,
1107 433 1198 506 qui
1233 430 1450 503 dapifer
1470 427 1746 485 Johannis
1775 425 1960 482 fratris
1985 438 2033 504 Α
2067 421 2440 493 inquireretur
2468 421 2536 475 ab
2569 436 2634 475 ea
2665 420 2985 476 salvationis
3041 422 3259 487 modus,
3294 422 3514 479 dicebat
3543 441 3674 495 spe-

343 530 463 600 ejus
492 527 694 594 fuerat,
746 527 904 595 cujus
933 525 1187 589 consilio,
1239 530 1298 578 ut
1323 520 1631 584 dicebatur,
1672 519 1742 572 ah
1767 532 1833 572 eo
1864 516 1965 572 de-

342 618 548 673 fecerat
591 625 646 673 et
695 617 762 670 ad
823 631 1008 689 regem
1049 614 1382 668 Francorum
1433 609 1755 674 transierat,
1801 623 1966 662 exco-

342 706 522 762 riavit.
554 707 615 762 Et
642 705 772 778 quia
818 704 940 759 dies
987 701 1408 776 quadragesime
1463 697 1766 762 instabant,
1822 696 1964 750 inter

345 797 523 867 ipsum
551 804 605 850 et
631 810 814 868 regem
855 794 1183 849 Francorum
1216 789 1535 860 Philippum
1567 794 1758 858 treuge
1787 800 1965 856 usque

342 884 414 940 ad
469 891 690 940 octavas
738 888 1099 953 pentecosten
1165 885 1596 949 componuntur.
1664 871 1968 927 Balduinus

343 993 536 1034 comes
559 975 977 1032 Flandrensium
1003 982 1059 1030 et
1091 971 1508 1036 Hainoensium,
1529 970 1584 1023 in
1616 968 1749 1040 ipsis
1773 966 1969 1021 diebus

344 1070 771 1145 quadragesime
795 1067 1097 1124 exercitum
1129 1080 1474 1140 congregans
1505 1062 1818 1132 copiosum,
1841 1072 1970 1112 con-

344 1170 426 1215 tra
481 1159 778 1214 Henricum
844 1157 1046 1212 ducem
1096 1154 1335 1210 Lovanie
1392 1160 1447 1207 et
1493 1149 1764 1222 quosdam
1823 1147 1979 1201 Flan.

345 1261 579 1315 drenses
602 1257 710 1312 sibi
741 1256 984 1312 rebelles
1008 1253 1286 1310 hostiliter
1304 1251 1474 1316 vadit,
1499 1251 1598 1304 sed
1631 1265 1822 1319 parum
1852 1257 1977 1318 pro-

346 1352 542 1408 ficiens
571 1367 714 1423 pene
743 1349 999 1405 inefﬁcax
1031 1347 1229 1411 rediit;
1261 1356 1316 1401 et
1345 1345 1567 1400 inducie
1601 1343 1686 1397 vix
1714 1342 1973 1412 eptinen-

345 1449 433 1495 tur
480 1456 656 1512 usque
698 1441 767 1494 ad
825 1439 1070 1493 medium
1101 1436 1312 1491 mensis
1339 1434 1585 1508 Augusti.
1629 1432 1859 1497 Quidam
1900 1431 1967 1485 ab

346 1532 542 1608 Anglia
579 1532 870 1588 venientes
929 1531 985 1584 in
1017 1527 1490 1594 Northmanniam,
1513 1526 1793 1596 [homines
1828 1524 1973 1595 regis

345 1626 679 1680 Francorum
722 1623 938 1693 injuriis
987 1623 1376 1686 lacesscentes,
1432 1634 1623 1690 pacem
1679 1625 1822 1672 terre
1857 1624 1974 1671 tur-

346 1718 645 1784 baverunt;
675 1719 748 1773 ob
802 1734 966 1790 quam
1014 1732 1232 1772 causam
1268 1732 1360 1770 rex
1409 1715 1735 1770 Francorum
1787 1712 1972 1767 turba-

2068 512 2430 567 ciosissimam
2471 510 2750 567 dominam
2779 526 2963 567 secum
2987 513 3186 582 fuisse,
3214 521 3270 569 et
3299 513 3367 570 ab
3415 515 3541 588 igne
3572 533 3673 570 ex-

2065 603 2312 658 traxisse.
2346 603 2473 658 Post
2529 604 2632 657 hec
2660 602 2717 655 in
2749 603 3023 658 civitatem
3055 605 3122 659 ad
3174 605 3466 660 ecclesiam
3516 607 3678 662 beate

2065 694 2230 750 Marie
2289 694 2619 750 liberatricis
2667 711 2768 750 sue
2798 695 3107 759 reducitur;
3141 706 3252 752 tota
3309 714 3452 770 pene
3490 700 3682 755 civitas

2069 793 2456 859 congregatur,
2491 793 2544 839 et
2574 786 2627 839 in
2661 786 2941 856 presentia
2972 785 3159 840 domni
3190 788 3328 843 Petri
3353 790 3600 861 episcOpi
3628 801 3683 845 et

2068 876 2201 931 cleri
2231 877 2422 931 laudes
2451 878 2698 932 omnium
2730 878 3077 945 attolluntur,
3120 886 3174 934 et
3199 887 3307 934 tam
3339 882 3547 953 grande
3578 883 3683 936 mi-

2069 967 2337 1032 raculum,
2400 969 2601 1022 nostris
2640 969 2981 1039 temporibus
3026 969 3358 1040 inauditum,
3402 991 3431 1026 a
3471 974 3682 1044 prefato

2079 1059 2380 1114 reverendo
2407 1061 2668 1131 episcopo
2717 1062 3106 1118 auctorizatur.
3159 1064 3348 1119 Actum
3391 1066 3497 1120 hoc
3537 1083 3684 1125 anno

2081 1148 2226 1217 apud
2266 1148 2627 1218 Attrebatum,
2661 1151 2714 1204 in
2745 1150 3152 1223 sollempnitate
3207 1153 3444 1223 Spiritus
3488 1159 3680 1211 sancti.

2152 1237 2415 1292 Henricus
2441 1238 2734 1308 imperator
2763 1241 3124 1310 lApulienses,
3184 1242 3398 1298 Siculos
3449 1253 3503 1299 et
3537 1246 3684 1301 Cala-

2075 1334 2221 1399 bros,
2256 1350 2354 1403 per
2394 1335 2712 1390 violentiam
2741 1336 3012 1390 Tancredi
3039 1338 3314 1407 quondam
3348 1339 3454 1393 sibi
3501 1341 3684 1396 rebel-

2073 1422 2176 1489 les,
2212 1434 2419 1494 partem
2452 1424 2614 1478 etiam
2647 1425 2946 1496 quamdam
2975 1424 3189 1492 Affrice,
3224 1428 3433 1500 absque
3464 1433 3684 1504 sangui-

2074 1512 2159 1566 nis
2207 1511 2475 1568 efi‘usione
2515 1514 2619 1568 sibi
2677 1515 2968 1570 victoriose
3016 1517 3345 1591 subjugavit.
3405 1521 3685 1577 Civitatem

2074 1603 2536 1672 Panormitanam,
2570 1607 2814 1677 expulsis
2863 1607 3282 1676 habitatoribus,
3338 1627 3480 1681 lene
3519 1620 3687 1669 totam

2075 1698 2362 1764 destruxit,
2395 1714 2462 1754 eo
2489 1701 2637 1771 quod
2677 1715 2866 1756 eorum
2901 1699 3135 1759 factione
3176 1704 3492 1775 imperatrix
3530 1717 3689 1780 capta

344 1819 453 1875 tus,
495 1771 740 1864 indutias
782 1771 958 1878 usque
998 1805 1067 1860 ad
1107 1815 1329 1861 octavas
1381 1810 1769 1876 pentecosten,
1815 1803 1968 1870 juxta
1996 1771 2046 1839 Β
2075 1788 2238 1844 fuerit
2274 1807 2419 1846 anno
2449 1792 2758 1862 superiore.
2794 1793 3098 1863 Optimates
3129 1796 3293 1851 etiam
3325 1798 3471 1853 illius
3499 1802 3686 1875 regio-

344 1903 684 1967 condictum,
743 1901 970 1955 minime
1032 1899 1360 1972 expectavit,
1427 1898 1526 1953 sed
1583 1898 1970 1967 undecumque

345 1995 579 2050 collecto
635 1993 830 2068 grandi
891 1993 1154 2052 exercitu.
1208 1991 1489 2046 castellum
1542 1989 1969 2044 munitissimum

339 2087 490 2162 regis
536 2087 749 2162 Anglic,
804 2086 954 2157 quod
1002 2085 1312 2140 Venonium
1358 2084 1502 2154 (466)
1565 2089 1780 2148 vocant,
1824 2082 1968 2136 circa

341 2180 727 2235 ascensionem
777 2178 995 2234 Domini
1048 2177 1286 2233 obsedit.
1352 2176 1656 2232 Richardus
1710 2192 1804 2230 rex
1858 2176 1968 2228 An-

337 2272 552 2344 glorum
610 2272 713 2326 hoc
770 2271 1026 2334 audiens,
1077 2286 1228 2324 mare
1288 2267 1674 2326 transfretavit.
1732 2277 1786 2322 et
1838 2283 1961 2321 cum

334 2363 528 2417 multis
559 2363 828 2417 militibus
869 2369 923 2417 et
963 2361 1096 2416 viris
1145 2360 1465 2417 fortissimis
1517 2366 1572 2414 et
1614 2359 1960 2415 obsidionem

336 2455 549 2509 castelli
593 2471 703 2510 non
737 2455 1038 2525 imparatus
1063 2453 1235 2509 venit.
1271 2452 1488 2509 Obsessi
1517 2459 1570 2506 et
1590 2468 1687 2506 sua
1715 2452 1962 2506 multitu-

334 2544 468 2598 dine
503 2550 558 2598 et
587 2542 933 2608 fortitudine,
965 2543 1178 2598 castelli
1210 2542 1373 2597 etiam
1423 2541 1721 2597 fortissima
1768 2539 1957 2595 muni-

336 2633 492 2687 tione
539 2632 756 2696 confisi,
817 2632 1054 2686 viriliter
1095 2631 1450 2697 resistebant,
1503 2628 1692 2697 januis
1748 2629 1957 2700 apertis

339 2719 571 2785 relictis,
602 2720 657 2773 in
709 2727 1085 2790 contemptum
1119 2720 1390 2774 exercitus
1430 2719 1573 2791 regis
1605 2719 1953 2773 Francorum.

339 2812 474 2866 Cum
507 2813 688 2884 itaque
721 2829 812 2867 rex
852 2813 1183 2868 Francorum
1217 2811 1294 2866 ibi
1346 2812 1588 2877 sederet,
1641 2827 1733 2866 rex
1764 2811 1960 2884 Anglo-

339 2918 460 2954 rum
529 2901 730 2956 milites
806 2901 1012 2956 electos
1067 2901 1136 2954 ad
1206 2901 1481 2955 civitatem
1540 2901 1955 2956 Ehroicensium

334 2993 508 3060 misit,
576 2994 667 3065 qui
732 2994 987 3049 homines
1055 2993 1203 3066 regis
1264 2993 1616 3050 Francorum.
1673 2992 1956 3046 castellum

337 3081 590 3149 ejusdem
647 3083 886 3138 civitatis
954 3083 1348 3146 custodientes,
1419 3102 1517 3155 per
1585 3083 1953 3155 proditionem

2075 1885 2181 1950 nis,
2212 1884 2305 1954 qui
2338 1893 2530 1939 contra
2563 1901 2689 1940 eum
2717 1887 3144 1954 conjuraverant
3190 1897 3244 1944 et
3293 1892 3444 1947 illum
3477 1892 3688 1948 interfi-

2073 1993 2200 2031 cere
2258 1977 2648 2047 disponebant,
2694 1979 2926 2049 cepitet
2969 1980 3344 2048 incarceravit,
3385 1984 3686 2057 Margareta

2071 2067 2492 2122 Flandrensium
2524 2075 2579 2123 et
2602 2069 2996 2125 Hainoensium
3029 2073 3308 2130 comitissa
3340 2077 3592 2145 moritur,
3626 2087 3683 2134 et

2070 2157 2123 2208 in
2153 2156 2357 2226 templo
2387 2158 2565 2212 sancti
2590 2157 2898 2224 Donatiani,
2926 2159 3081 2227 juxta
3112 2161 3364 2217 Karolum
3398 2165 3678 2228 comitem,

2067 2248 2260 2321 Brugis
2288 2250 2579 2320 sepelitur;
2614 2250 2703 2304 cui
2744 2252 3009 2308 successit
3034 2252 3089 2306 in
3130 2255 3389 2311 comitatu
3431 2258 3680 2316 Flandrie

2066 2339 2366 2394 Balduinus
2406 2340 2551 2396 filius
2582 2342 2719 2413 ejus.
2756 2342 2958 2414 Sicque
2991 2345 3282 2401 comitatus
3310 2364 3565 2405 reversus
3598 2362 3683 2408 est

2063 2436 2130 2490 ad
2176 2437 2385 2507 justum
2439 2438 2699 2493 heredem
2751 2439 2998 2495 Balduini
3053 2441 3472 2511 llasnoniensis,
3533 2462 3679 2503 anno

2062 2530 2280 2583 Domini
2318 2531 2477 2596 1194,
2508 2530 2602 2601 qui
2631 2531 2700 2585 ab
2739 2547 2886 2587 anno
2924 2532 3064 2587 1072
3113 2550 3404 2604 possessus
3437 2536 3616 2594 fuerat
3648 2558 3679 2596 a

2059 2625 2480 2681 successoribus
2531 2626 2757 2683 Roberti
2789 2628 3113 2685 Callotensis
3141 2631 3278 2701 (467)
3310 2634 3547 2701 comitis,
3581 2653 3679 2706 per

2058 2731 2233 2771 annos
2271 2715 2375 2771 100
2426 2725 2481 2770 et
2533 2717 2622 2773 23.
2680 2718 3038 2776 Successores
3076 2720 3295 2777 fuerunt
3332 2725 3498 2792 hujus
3560 2726 3670 2782 Ho-

2059 2806 2235 2862 berti:
2297 2807 2570 2863 Robertus
2624 2809 2770 2865 filius
2811 2812 2950 2880 ejus,
3005 2812 3306 2868 Balduinus
3345 2813 3493 2870 filius
3532 2817 3672 2886 ejus,

2059 2896 2287 2952 Karolus
2341 2905 2609 2972 cognatus
2661 2899 2803 2967 ejus,
2869 2900 3179 2956 Willelmus
3245 2902 3672 2972 Northmannus,

2056 2986 2448 3054 Theodericus,
2475 2987 2763 3059 Philippus
2777 2988 2923 3045 filius
2949 2989 3088 3058 ejus.
3110 2991 3192 3046 Hii
3216 3008 3409 3048 omnes
3423 2994 3525 3050 orti
3549 3005 3677 3051 sunt

2057 3077 2127 3131 de
2158 3094 2363 3149 genere
2409 3079 2654 3144 Roberti,
2687 3080 2780 3151 qui
2813 3081 2957 3151 apud
2992 3080 3264 3138 Casletum
3292 3084 3349 3138 in
3403 3085 3551 3141 bello
3581 3103 3675 3142 oc-

329 3172 540 3227 civium
592 3189 782 3229 omnes
842 3174 1252 3229 interfecerunt.
1298 3175 1430 3229 Nam
1472 3182 1742 3230 retroaclo
1785 3191 1953 3241 anno,
1985 3150 2034 3219 Ο
2057 3165 2192 3218 cidit
2223 3165 2505 3221 Arnulfum
2540 3176 2794 3238 nepotem
2827 3184 3009 3236 suum,
3043 3169 3219 3227 ﬁlium
3263 3173 3513 3228 Balduini
3548 3176 3678 3230 llas-

330 3279 455 3317 cum
487 3280 580 3319 rex
609 3265 905 3336 Anglorum
943 3265 1282 3320 detineretur
1328 3265 1383 3319 in
1412 3267 1755 3333 Alemannia,
1803 3282 1956 3320 eam-

332 3353 461 3408 dem
518 3354 787 3410 civitatem
848 3371 969 3410 cum
1031 3356 1361 3426 quibusdam
1429 3357 1829 3411 Northmannie
1870 3373 1955 3411 ca-

333 3444 515 3500 stellis
543 3463 633 3501 rex
665 3447 993 3502 Francorum
1036 3455 1278 3517 ceperat.
1313 3449 1509 3503 Audita
1552 3449 1720 3523 igitur
1752 3448 1951 3519 Philip-

335 3552 442 3607 pus
493 3552 585 3592 rex
636 3535 924 3590 hominum
957 3551 1181 3591 suorum
1237 3553 1394 3604 nece,
1446 3539 1588 3592 ultra
1642 3554 1805 3608 quam
1841 3537 1948 3590 dici

339 3631 540 3695 potest,
583 3625 771 3691 iratus,
811 3625 1022 3679 castelli
1083 3625 1323 3680 Vernolii
1389 3627 1574 3681 relicta
1635 3626 1947 3692 obsidione,

337 3733 463 3769 cum
518 3717 709 3771 electis
757 3716 1024 3770 militibus
1076 3718 1141 3771 ad
1199 3718 1474 3773 civitatem
1539 3717 1950 3801 Ebroicensium

338 3805 512 3870 venit,
539 3812 594 3860 et
625 3805 798 3876 ipsam
829 3814 996 3861 totam
1025 3822 1150 3861 cum
1183 3809 1389 3878 templo
1445 3815 1618 3863 sancti
1649 3808 1869 3862 Taurini
1901 3815 1956 3862 et

337 3895 464 3948 aliis
495 3893 847 3950 monasteriis
876 3893 1122 3950 funditus
1145 3897 1431 3962 subvertit,
1466 3897 1520 3950 in
1543 3897 1954 3968 sollempnitatc

339 3987 579 4057 Spiritus
608 3987 804 4041 sancti.
865 3988 972 4042 Rex
1012 3997 1199 4043 autem
1243 3991 1574 4045 Francorum
1635 3997 1958 4060 preceperat

341 4080 786 4152 principibus,ut
816 4081 1114 4137 exercitum
1144 4082 1200 4135 in
1223 4082 1516 4138 obsidione
1547 4084 1771 4138 castella
1799 4092 1958 4139 tene-

344 4179 502 4236 rent;
534 4171 629 4225 sed
659 4187 724 4226 eo
756 4172 1077 4227 discedente
1101 4173 1285 4227 nullus
1324 4172 1502 4243 potuit
1541 4189 1665 4228 eum
1694 4173 1955 4227 retinere.

348 4261 614 4316 Henricus
654 4263 953 4331 imperator
983 4271 1174 4317 contra
1214 4262 1541 4332 Apulienses
1581 4262 1686 4316 sibi
1722 4261 1960 4316 rebelles

346 4355 644 4408 exercitum
679 4355 832 4411 ducit
863 4359 996 4424 (Sept
1023 4360 1064 4422 ).
1092 4357 1150 4411 ln
1182 4357 1397 4411 civitate
1439 4353 1805 4411 Attrebatensi
1841 4353 1958 4424 qui-

2058 3253 2345 3308 noniensis
2397 3255 2582 3310 fratris
2622 3257 2730 3324 sui,
2782 3265 2838 3313 et
2875 3259 2954 3314 sic
3006 3260 3423 3318 Flandrensium
3478 3264 3679 3321 invasit

2056 3342 2397 3398 comitatum.

2126 3435 2285 3490 1195.
2437 3437 2497 3490 Β.
2539 3439 2590 3491 5.
2741 3439 2797 3492 F.
2845 3440 2929 3493 15.
3082 3444 3144 3499 Α.
3186 3443 3240 3497 ϐ.

2125 3528 2324 3584 Mensis
2374 3533 2684 3602 Januarius,
2742 3536 3070 3592 Februarius
3124 3543 3180 3592 et
3235 3539 3436 3609 Aprilis
3508 3541 3674 3595 nimis

2055 3619 2274 3675 fuerunt
2306 3621 2592 3692 pluviales.
2615 3626 2670 3680 5.
2695 3626 2809 3681 Kal.
2845 3628 3086 3698 April,in
3102 3645 3242 3703 pago
3269 3630 3679 3691 Cameracensi,

2057 3717 2354 3782 tempestas
2398 3729 2519 3767 cum
2565 3715 2768 3770 tonitru
2803 3717 3052 3772 horribili
3094 3719 3313 3782 cecidit,
3361 3737 3468 3792 que
3507 3739 3674 3778 unam

2056 3800 2237 3854 villam
2269 3818 2391 3856 cum
2420 3804 2622 3874 templo
2656 3805 2729 3860 ita
2757 3806 3046 3872 destruxit,
3095 3814 3151 3861 ut
3181 3809 3269 3862 vix
3316 3809 3370 3863 in
3399 3826 3466 3864 ea
3507 3828 3672 3881 parve

2055 3904 2406 3951 remanerent
2438 3897 2687 3969 reliquie.
2740 3899 3008 3954 Henricus
3039 3901 3339 3972 imperator
3386 3904 3454 3958 ab
3481 3904 3675 3974 Apulia

2058 3984 2228 4039 victor
2273 4001 2399 4039 eum
2455 3986 2736 4058 triumpho
2792 3989 3084 4044 revertitur
3143 3993 3329 4060 (ΗΜ),
3385 3993 3674 4050 adducens

2057 4095 2244 4134 secum
2276 4096 2500 4136 uxorem
2528 4091 2584 4136 et
2613 4082 2785 4138 filium
2810 4084 3077 4140 Tancredi
3129 4093 3184 4141 et
3223 4087 3530 4158 principes,
3576 4091 3670 4161 qui

2059 4183 2250 4231 contra
2287 4192 2414 4231 eum
2461 4179 2932 4250 conspirationem
2968 4180 3235 4248 fecerant,
3294 4183 3349 4238 in
3384 4185 3669 4253 custodia;

2062 4284 2314 4341 magnam
2363 4269 2526 4325 etiam
2559 4272 2773 4342 cepiam
2825 4273 2942 4327 auri
2973 4279 3028 4327 et
3083 4275 3296 4346 argenti
3355 4283 3409 4330 et
3443 4277 3672 4332 aliarum

2062 4359 2226 4413 etiam
2269 4376 2448 4414 rerum
2481 4377 2666 4416 secum
2704 4362 2948 4417 adduxit.
2982 4361 3166 4417 Mense
3202 4364 3349 4418 Julio
3388 4366 3671 4422 Sarraceni

348 4445 474 4499 dam
506 4445 744 4501 clericus
801 4452 854 4500 et
917 4461 1071 4501 soror
1101 4447 1242 4516 ejus,
1283 4447 1355 4502 ob
1410 4457 1617 4502 reatum
1653 4444 1958 4510 homicidii,
1981 4475 2043 4544 D
2068 4449 2136 4501 ab
2167 4448 2361 4503 Affrica
2392 4449 2700 4514 venientes,
2741 4467 2910 4517 super
2947 4465 3134 4524 regem
3193 4451 3469 4522 Hispanie,
3507 4471 3673 4526 quem

346 4539 607 4595 incendio
636 4547 765 4594 sunt
793 4539 1115 4607 adjudicati.
1155 4541 1431 4596 Accensus
1478 4547 1560 4596 est
1605 4540 1662 4594 in
1708 4539 1956 4594 Balduini

345 4638 532 4686 monte
586 4631 750 4704 ignis,
781 4638 993 4688 astante
1032 4633 1328 4688 innumera
1384 4632 1696 4704 frequentia
1744 4632 1954 4703 populi.

344 4723 531 4779 Frater
559 4733 617 4778 et
645 4739 802 4780 soror
831 4725 896 4778 ad
937 4724 1178 4796 stipitem
1209 4725 1468 4796 ligantur,
1503 4731 1557 4780 et
1587 4723 1734 4798 ignis
1765 4723 1821 4777 in
1852 4722 1959 4778 cir-

343 4813 494 4868 cuitu
524 4828 711 4868 eorum
741 4813 1000 4883 copiosus
1025 4814 1362 4869 accenditur.
1397 4813 1592 4869 Mulier
1628 4829 1752 4869 cum
1775 4813 1957 4869 valido

345 4903 528 4958 cordis
554 4902 792 4957 clamore
816 4910 871 4957 et
910 4902 1173 4958 ineffabili
1223 4903 1555 4959 contritione
1610 4910 1664 4958 et
1690 4904 1802 4959 oris
1831 4919 1960 4959 con-

347 4991 590 5048 fessione
624 5000 865 5047 sanctam
895 4993 1116 5048 Mariam
1158 4993 1252 5047 Dei
1301 4994 1626 5066 genitricem
1674 4994 1956 5060 invocans,

347 5087 404 5136 et
455 5079 601 5134 idem
643 5080 862 5135 fratrem
897 5080 1076 5137 facere
1125 5082 1451 5150 admonens,
1493 5083 1587 5138 illo
1628 5083 1683 5137 in
1725 5083 1962 5138 flammis

348 5181 583 5240 mortuo,
630 5173 839 5228 meritis
908 5173 1224 5229 beatissime
1292 5175 1384 5229 Dei
1451 5175 1736 5249 genitricis
1793 5175 1960 5230 Marie

347 5262 614 5317 liberatur
636 5264 703 5317 ab
726 5264 1005 5319 incendio.
1035 5264 1171 5319 Mira
1194 5281 1310 5331 res;
1341 5265 1508 5320 facies
1528 5265 1646 5335 ejus
1667 5271 1721 5320 et
1740 5265 1959 5337 loquela

345 5366 460 5406 non
489 5359 574 5405 est
601 5352 904 5416 immutata,
960 5352 1194 5423 capillus
1225 5354 1346 5422 ejus
1373 5369 1477 5408 nec
1515 5355 1660 5424 pilus
1708 5356 1955 5423 adustus,

344 5457 451 5498 nec
489 5443 652 5498 etiam
684 5444 821 5499 odor
842 5444 1084 5500 incendii
1119 5446 1383 5503 remansit
1412 5447 1466 5501 in
1495 5463 1579 5503 ea.
1613 5448 1743 5502 Cum
1774 5456 1955 5504 autem

2067 4541 2295 4596 Parvum
2327 4549 2542 4608 vocant,
2573 4549 2628 4596 et
2657 4543 2778 4610 ejus
2829 4543 3125 4598 exercitum
3175 4543 3471 4614 irruerunt,
3501 4553 3556 4602 et
3609 4565 3674 4602 ex

2061 4633 2142 4686 eis
2168 4648 2422 4706 magnam
2452 4639 2686 4707 stragem
2719 4633 2982 4688 fecerunt.
3039 4634 3150 4689 Rex
3190 4644 3374 4690 autem
3414 4637 3673 4709 Hispanie

2061 4721 2117 4774 in
2154 4721 2413 4788 crastino,
2441 4721 2652 4775 viribus
2693 4738 2791 4791 per
2819 4722 2913 4776 Dei
2969 4724 3198 4795 gratiam
3231 4727 3494 4797 receptis,
3548 4729 3674 4800 plus

2059 4830 2220 4884 quam
2249 4813 2443 4884 viginti
2474 4813 2623 4867 milia
2651 4829 2840 4868 eorum
2873 4814 3178 4882 interfecit;
3229 4818 3285 4872 in
3343 4835 3454 4891 quo
3494 4822 3671 4892 prelio

2060 4906 2508 4976 archiepiscopus
2555 4906 2740 4961 Sancti
2779 4907 2968 4963 Jacobi
3020 4910 3296 4965 occubuit.
3331 4912 3536 4969 Electio
3571 4915 3672 4984 Sy-

2060 4994 2242 5048 monis
2296 4993 2644 5048 Leodicensis
2696 5011 2726 5048 a
2769 4994 3042 5051 Celestino
3087 5014 3226 5070 papa
3283 5007 3548 5062 cassatur,
3615 5009 3671 5057 et

2061 5081 2310 5136 Autberti
2352 5083 2496 5152 (468)
2537 5081 2906 5139 confirmatur.
2957 5085 3161 5140 Tamen
3199 5087 3265 5141 ad
3307 5087 3668 5160 mitigandum

2063 5171 2312 5238 ejusdem
2344 5172 2600 5243 Symonis
2649 5173 2894 5229 dolorem
2935 5190 2966 5228 a
2997 5191 3139 5245 papa
3177 5175 3228 5229 ei
3277 5176 3516 5246 quedam
3557 5193 3672 5232 car-

2061 5264 2319 5318 dinalitas
2346 5263 2646 5320 confertur.
2679 5265 2868 5322 Clerici
2895 5267 2986 5338 qui
3025 5282 3149 5322 cum
3179 5282 3245 5323 eo
3298 5267 3469 5323 Rome
3497 5285 3672 5324 vene-

2060 5364 2201 5422 rant,
2233 5371 2427 5411 omnes
2457 5356 2568 5411 fere
2595 5355 2795 5413 mortui
2835 5365 3002 5422 sunt;
3065 5359 3184 5428 ipse
3233 5359 3397 5414 etiam
3433 5359 3672 5415 intrante

2060 5464 2250 5503 mense
2272 5449 2516 5523 Augusto
2549 5449 2754 5504 ibidem
2796 5449 3089 5504 defunctus
3118 5455 3218 5504 est.
3251 5449 3547 5506 Autbertus
3573 5469 3672 5508 au-

1903 5585 2113 5640 NOTAE.

419 5680 562 5747 (466)
591 5680 868 5735 Verneuil.

427 5750 575 5820 (467)
605 5751 642 5804 Ι.
686 5767 736 5808 e.
769 5750 1118 5808 Casletensis.

2121 5685 2371 5760 (46810}!
2418 5687 2588 5760 Cuch,
2638 5688 2732 5760 qui
2768 5689 2978 5743 electus
3035 5687 3138 5744 fuit
3198 5689 3446 5756 Namuci,
3479 5707 3668 5746 mense

2051 5755 2341 5812 Novembri
2376 5759 2530 5812 1194.
