3894 6070
257 223 363 281 339

1466 224 1809 279 SIGEBERTI
1848 223 2359 284 GEMBLACENSIS.

3471 229 3576 281 310

261 360 368 409 tem
402 371 436 410 a
475 355 643 410 Roma
682 370 802 408 cum
832 369 1060 407 munere
1099 354 1387 408 electionis
1418 370 1685 420 reversus,
1716 355 1863 425 apud
1890 357 1941 426 Α
1964 354 2282 421 noensium,
2335 356 2657 426 Philippum
2705 371 2929 427 quoque
2957 362 3012 410 et
3056 356 3370 411 Henricum.
3431 357 3595 412 Duxit

261 444 583 501 Cislercium
632 444 879 511 veniens,
920 444 1319 515 aliquantulum
1376 444 1624 500 infirmus
1662 446 1735 501 ibi
1786 453 1867 499 est

260 534 536 587 detentus.
571 531 776 586 Rumor
810 540 996 587 autem
1031 533 1199 587 falsus
1242 534 1482 605 perlatus
1534 536 1678 605 apud
1730 536 1869 591 Leo-

259 623 435 687 dium,
484 621 767 676 nunciavit
823 623 1126 689 canonicis,
1180 623 1331 678 illum
1382 641 1502 679 esse
1550 633 1864 691 mortuum;

257 710 350 781 qui
382 708 563 764 statim
596 709 886 784 elegerunt
924 712 1198 782 quendam
1247 711 1509 766 illustrem
1543 714 1866 769 canonicum

261 803 420 871 (469),
478 803 717 875 Philippi
748 804 816 857 de
852 804 1100 859 Falconis
1150 814 1337 859 monte
1371 804 1559 858 tilium.
1608 806 1699 860 Sic
1751 815 1871 877 post

257 895 699 951 interfectionem
727 897 971 951 Autberti
1011 897 1278 967 episeOpi,
1328 898 1509 952 Remis
1550 900 1737 965 occisi,
1785 916 1870 953 ec-

256 986 424 1041 clesia
455 986 806 1042 Leodicensis
858 988 910 1040 in
961 987 1229 1042 electione
1287 989 1532 1059 episcopi
1566 991 1864 1045 tluctuavit.

260 1080 454 1135 Pluvia
504 1080 711 1134 mensis
742 1081 965 1154 Augusti
1007 1083 1345 1136 metentibus
1396 1084 1560 1137 nimis
1594 1083 1695 1137 fuit
1748 1100 1868 1139 mo-

260 1176 417 1241 lesta,
462 1176 802 1246 Septembris
842 1177 1177 1231 vindemiam
1232 1178 1621 1251 colligentibus
1667 1182 1865 1252 gravis,

266 1268 516 1323 Octobris
574 1268 981 1324 seminantibus
1042 1271 1207 1325 nimis
1266 1272 1631 1326 incommoda.
1708 1274 1869 1327 Sexto

263 1361 390 1415 ldus
414 1360 664 1416 Octobris
690 1369 889 1416 ventus
909 1363 1213 1416 vehemens
1235 1371 1359 1434 post
1390 1370 1603 1418 noctem
1632 1365 1869 1418 mediam

259 1453 329 1508 ab
360 1452 555 1508 Alfrico
595 1454 846 1520 veniens,
880 1454 1076 1508 domos
1123 1456 1337 1520 evertit,
1372 1463 1547 1510 turres
1580 1456 1866 1523 destruxit,

260 1550 416 1603 ruina
439 1549 729 1603 domorum
759 1548 1029 1618 plurimos
1056 1550 1264 1613 stravit,
1288 1567 1523 1621 quercus
1551 1568 1789 1605 annosus
1814 1560 1867 1606 et

259 1640 482 1693 arbores
520 1637 827 1693 fructiteras
866 1638 1082 1704 evulsit,
1123 1646 1177 1693 et
1221 1639 1275 1692 in
1317 1640 1503 1693 multis
1542 1640 1676 1695 locis
1709 1642 1874 1695 nimis

260 1733 600 1802 rlampnosus
630 1731 826 1786 extitit.
880 1731 1033 1787 Multi
1061 1733 1130 1787 de
1163 1749 1334 1807 regno
1377 1734 1738 1801 Theutonico,
1772 1735 1873 1788 Lo—

262 1820 520 1895 tharingi,
579 1820 882 1888 Alemanni,
950 1821 1211 1884 Saxones,
1254 1824 1471 1877 hortatu
1526 1824 1874 1893 imperatoris

265 1909 479 1965 llenrici
506 1925 700 1964 cruces
749 1916 1032 1963 assumunt
1062 1910 1249 1979 (April.
1306 1912 1437 1981 17),'
1458 1913 1728 1982 episcopi,
1761 1914 1870 1967 du-

264 2016 375 2065 ces,
404 2000 654 2064 comites,
678 1997 901 2064 milites,
924 2005 978 2051 et
1009 1998 1075 2051 de
1108 1999 1320 2069 reliquo
1350 2000 1553 2070 p0pulo
1586 2000 1873 2056 innumera

264 2091 577 2146 multitudo.
625 2090 911 2161 Philippus
971 2106 1061 2144 rex
1096 2091 1424 2146 Francorum
1472 2100 1525 2147 et
1571 2094 1874 2149 Richardus

264 2204 355 2240 rex
409 2185 701 2256 Anglorum
731 2193 857 2254 post
895 2184 1112 2258 longam
1157 2185 1487 2240 discordiam
1530 2188 1750 2241 tandem
1787 2206 1872 2243 re-

264 2279 435 2332 deunt
488 2277 556 2330 ad
605 2275 980 2331 concordiam.
1056 2275 1203 2330 Obiit
1268 2277 1570 2331 Balduinus
1632 2282 1873 2336 marchio

265 2366 625 2422 Namucensis
664 2373 719 2420 et
768 2381 954 2421 comes
994 2364 1316 2421 Hainoensis
1365 2368 1434 2421 16
1490 2368 1602 2423 Kal.
1634 2370 1874 2424 Januarii

267 2458 430 2526 (670),
462 2465 515 2512 et
541 2457 808 2527 sepelitur
853 2458 999 2527 apud
1040 2458 1394 2513 Castrilocum
1427 2476 1552 2515 cum
1600 2463 1870 2532 patribus.

264 2553 520 2608 Succedit
547 2552 597 2605 ei
648 2552 945 2606 Balduinus
984 2552 1129 2607 filius
1158 2554 1299 2623 ejus,
1333 2571 1519 2609 comes
1577 2556 1869 2623 Flandrie;

263 2646 363 2699 sed
389 2645 519 2717 quia
542 2645 599 2698 in
627 2645 915 2716 superiora
941 2646 1107 2713 hujus
1137 2647 1359 2701 cronicc
1394 2665 1583 2718 parum
1625 2651 1871 2706 declara-

252 2745 370 2804 tur,
401 2752 467 2791 ex
496 2752 603 2808 qua
636 2736 708 2790 hii
737 2736 969 2790 comites
1002 2736 1341 2792 llainoenses
1399 2740 1618 2795 oriundi
1654 2742 1875 2798 fuerunt

265 2829 456 2899 stirpe,
514 2828 570 2882 id
621 2828 861 2883 breviter
926 2828 1206 2883 declarare
1280 2831 1591 2905 legentibus
1645 2835 1871 2908 dignum

265 2920 541 2976 duximus.
573 2919 852 2993 Originem
884 2920 1031 2974 enim
1063 2921 1274 2977 ducunt
1304 2939 1368 2976 ex
1398 2926 1668 2999 sanguine
1700 2927 1873 2999 impe-

266 3008 385 3063 riali
406 3008 775 3063 Romanorum
799 3014 853 3062 et
872 3007 1040 3080 regali
1066 3008 1389 3064 Francorum
1407 3014 1552 3081 (Gen.
1573 3030 1601 3069 θ
1636 3017 1873 3084 Fland.).

1967 451 2150 499 autem
2192 444 2493 499 Balduinus
2545 445 2725 499 adhuc
2756 444 2975 499 vivente
3036 452 3191 514 patre
3221 460 3446 500 uxorem
3487 446 3594 499 Ma-

1970 536 2121 601 riam,
2178 536 2343 590 filiam
2406 536 2623 592 Heurici
2656 537 2876 592 comitis
2933 538 3353 608 Campanensis,
3422 555 3590 609 quam

1969 629 2162 701 genuit
2186 644 2250 683 ex
2284 627 2394 683 ﬁlia
2429 628 2686 683 Ludovici
2708 629 2850 683 Vlll.
2882 629 3211 683 Francorum
3250 630 3415 705 regis.

2046 718 2205 773 1196.
2357 720 2416 773 Β.
2460 721 2514 772 6.
2668 720 2720 773 F.
2766 720 2852 774 16.
3004 722 3064 774 A.
3109 721 3159 775 7.

2045 806 2309 861 Henricus
2342 807 2640 878 imperator
2692 809 2891 877 hyeme
2935 817 3233 873 transacta,
3286 810 3478 864 iterum
3522 812 3588 864 ad

1970 894 2206 948 Siciliam
2240 904 2293 948 et
2323 896 2574 964 Apuliam
2611 895 2976 966 proficiscitur
3005 898 3215 967 (Aug.);
3246 907 3299 952 et
3325 899 3591 969 quicquid

1973 986 2027 1039 in
2062 1002 2230 1061 regno
2254 988 2636 1062 corrigendum
2671 996 2811 1057 erat,
2864 990 2932 1043 ab
2961 1006 3027 1045 eo
3059 991 3425 1063 corriguntur.
3462 993 3594 1048 Pre-

1971 1088 2232 1149 parantur
2264 1081 2429 1133 etiam
2476 1097 2641 1134 naves
2695 1088 2748 1135 et
2789 1090 2994 1149 cetera,
3057 1099 3163 1154 que
3216 1084 3589 1152 Theutonicis,

1970 1168 2065 1238 qui
2095 1168 2367 1237 superiori
2402 1184 2547 1223 anno
2579 1185 2770 1223 cruces
2810 1179 3242 1240 assumpserant,
3306 1174 3373 1227 ad
3410 1180 3589 1227 trans-

1973 1256 2281 1310 fretandum
2322 1265 2475 1310 erant
2516 1260 2843 1313 necessaria.
2899 1260 3107 1324 Quibus
3132 1261 3366 1330 prefecit
3406 1265 3591 1318 archi-

1972 1351 2294 1421 episcopum
2352 1351 2753 1423 Illaguntinum,
2832 1353 3006 1407 virum
3068 1355 3585 1423 prudentissimum.

1973 1442 2277 1512 Philippus,
2317 1459 2408 1497 rex
2433 1444 2788 1510 Francorum,
2813 1443 2983 1499 tiliam
3038 1447 3328 1515 cujusdam
3361 1448 3585 1502 comitis

1969 1534 2305 1588 Alemannici
2354 1535 2495 1603 ’4'“)
2556 1536 2868 1609 lngelburgi
2917 1537 3107 1611 regine
3183 1538 3587 1608 superinducit.

1976 1626 2080 1680 Pax
2106 1627 2249 1681 inter
2275 1627 2584 1697 Philippum
2608 1645 2792 1702 regem
2829 1630 3158 1684 Francorum
3185 1638 3239 1685 et
3262 1631 3592 1684 Richardum

1974 1731 2155 1788 regem
2189 1716 2485 1790 Anglorum
2533 1717 2730 1771 iterum
2764 1717 3044 1783 turbatur;
3102 1719 3251 1773 unde
3308 1719 3593 1789 Philippus

1974 1820 2087 1869 rex,
2119 1805 2351 1859 collecto
2374 1806 2760 1877 undecumque
2794 1807 2990 1877 grandi
3022 1807 3589 1873 cxercitu,castellum

1973 1898 2117 1970 regis
2156 1898 2449 1971 Anglorum
2492 1899 2547 1952 in
2605 1900 3024 1969 Northmanuia,
3072 1901 3219 1971 quod
3284 1900 3592 1955 Albamaria

1974 1997 2215 2055 vocatur,
2271 1991 2512 2055 obsedit,
2541 2000 2594 2045 et
2633 1998 2756 2061 post
2810 2006 2902 2045 sex
2960 1992 3301 2046 ebdomadas
3355 1993 3505 2063 cepit
3536 2000 3590 2047 et

1974 2081 2261 2135 destruxit.
2319 2082 2493 2147 Multi,
2545 2092 2601 2137 et
2650 2084 2882 2137 maxime
2927 2083 3185 2152 juvenes,
3227 2092 3385 2139 acuta
3445 2084 3601 2139 febre

1977 2170 2310 2233 moriuntur;
2367 2171 2511 2224 inter
2556 2189 2693 2243 quos
2744 2179 2799 2225 et
2852 2172 3135 2225 Johannes
3190 2170 3605 2228 Cameracensis

1978 2264 2445 2332 0])lSCOj)US,Cum
2501 2265 2565 2317 ad
2628 2282 2745 2327 rei“
2782 2285 2808 2316 ιι
2870 2266 2924 2319 in
2981 2266 3382 2320 Nortbmannia
3419 2267 3595 2337 proli-

1978 2355 2298 2419 risceretur,
2343 2354 2621 2409 Ambianis
2664 2363 2915 2409 mortuus
2943 2364 3045 2411 est.
3076 2356 3409 2411 Gravissima
3443 2359 3603 2427 panis

1980 2445 2209 2515 penuria
2248 2447 2353 2500 hoc
2384 2461 2531 2501 anno
2564 2447 2767 2502 multos
2798 2447 2994 2501 afflixit
3034 2455 3088 2502 et
3137 2450 3339 2502 multos
3384 2466 3604 2520 paupe-

1980 2538 2130 2591 ravit.
2166 2539 2244 2591 Ab
2277 2539 2567 2608 Apennino
2588 2546 2776 2594 monte
2806 2556 2982 2610 usque
3013 2539 3082 2595 ad
3114 2555 3264 2594 mare
3299 2540 3600 2607 Oceanum,

1977 2636 2256 2699 pertotam
2290 2629 2515 2683 Galliam
2576 2636 2630 2684 et
2661 2630 3031 2688 Germaniam.
3068 2629 3244 2683 fames
3284 2631 3337 2684 in
3382 2640 3594 2687 tantum

1977 2723 2263 2793 prevaluit,
2292 2731 2349 2777 ut
2380 2724 2672 2778 maximam
2696 2725 2987 2796 utriusque
3008 2741 3171 2780 sexus
3186 2726 3596 2781 multitudinem

1978 2812 2269 2885 contigerit
2316 2813 2592 2868 interisse.
2633 2814 2764 2867 Nam
2820 2814 3057 2869 triticum
3092 2815 3161 2869 40
3192 2815 3278 2869 vel
3306 2814 3375 2869 50
3405 2815 3604 2869 solidis

1979 2907 2418 2973 venundabatur,
2452 2908 2599 2978 quod
2641 2923 2737 2977 pro
2769 2918 3008 2979 quatuor
3038 2918 3130 2964 aut
3173 2910 3420 2980 quinque
3475 2915 3603 2964 ante

1982 3000 2121 3053 hanc
2164 3008 2372 3070 pestem
2406 2998 2675 3065 dabatur;
2718 3000 2866 3055 unde
2915 3001 3119 3056 accidit
3169 3007 3229 3055 ut
3273 3000 3452 3067 multi,
3508 3001 3602 3071 qui

265 3061 573 3156 5,71,11,55“;
616 3061 1613 3170 jnsuianusgomespg;,j}{gfg,ju',
1901 3061 1950 3129 Ο
1981 3061 2313 3159 putabantur
2348 3088 2451 3142 sibi
2480 3061 2821 3143 sufficientes
2854 3105 2995 3155 esse,
3059 3089 3179 3144 diro
3229 3089 3390 3143 famis
3418 3061 3600 3163 gladio

265 3204 400 3243 nere
431 3188 609 3244 Karoli
660 3188 805 3244 Calvi
835 3189 1185 3261 imperatoris
1233 3193 1601 3249 Romanorum
1649 3205 1702 3251 et
1732 3200 1875 3273 regis

267 3281 618 3348 Francorum,
677 3282 829 3336 duxit
882 3299 1106 3339 uxorem
1155 3284 1397 3351 Adelam,
1451 3286 1617 3342 filiam
1653 3289 1874 3346 Roberti

266 3374 412 3448 regis
442 3373 793 3442 Francorum,
824 3380 878 3429 et
906 3376 1099 3449 genuit
1120 3392 1184 3432 ex
1211 3392 1275 3431 ea
1302 3378 1629 3433 Balduinum
1664 3380 1878 3438 Hasno-

265 3466 543 3530 niensem,
575 3466 831 3521 comitem
873 3466 1292 3522 Flandrensium
1349 3476 1403 3524 et
1460 3469 1877 3539 Hainoensium,

263 3563 318 3612 et
350 3556 649 3613 Robertum
679 3557 1067 3626 Casletensem,
1118 3560 1342 3614 fratrem
1378 3561 1516 3629 ejus.
1582 3563 1881 3620 Balduinus

266 3648 660 3703 Hasnoniensis
707 3648 859 3702 duxit
922 3666 1144 3704 uxorem
1219 3651 1561 3718 Richeldem,
1631 3656 1874 3711 relictam

267 3739 583 3795 Herimauni
608 3740 827 3796 comitis
855 3740 1179 3808 Montensis,
1212 3759 1321 3813 que
1367 3754 1485 3798 erat
1513 3746 1583 3799 de
1610 3749 1877 3818 sanguine

267 3831 561 3901 imperiali,
589 3837 643 3885 et
680 3846 836 3884 soror
875 3832 1049 3885 sancti
1078 3831 1274 3886 Leonis
1306 3850 1447 3903 pape
1480 3836 1610 3889 noni
1638 3854 1651 3899 ;
1702 3848 1755 3891 et
1780 3855 1879 3909 ge-

266 3923 386 3977 nuit
414 3938 479 3977 ex
507 3937 571 3976 ea
613 3921 897 3976 Arnulfum
952 3922 1207 3977 comitem
1243 3923 1657 3991 Flandrensem,
1712 3946 1876 3998 quem

268 4010 540 4066 Robertus
567 4016 792 4080 patruus
820 4010 939 4080 ejus
967 4010 1241 4065 interfecit
1291 4012 1345 4065 in
1379 4013 1525 4068 bello
1555 4014 1876 4084 Casletensi,

267 4104 323 4152 et
350 4097 677 4152 Balduinum
706 4096 1273 4166 Jherosolimitanum,
1301 4100 1558 4156 comitem
1602 4104 1877 4160 llainoen-

268 4205 406 4256 sem,
431 4188 651 4244 fratrem
682 4189 822 4259 ejus.
852 4189 1156 4244 Balduinus
1184 4191 1701 4251 Jherosolimitanus
1728 4197 1880 4254 duxit

269 4294 494 4334 uxorem
526 4276 701 4346 Idam,
734 4278 903 4334 filiam
937 4278 1153 4334 Henrici
1212 4279 1560 4352 imperatoris
1597 4287 1797 4355 quarti,
1830 4294 1883 4341 et

1979 3189 2332 3257 perurgente,
2392 3183 2567 3237 coacti
2594 3191 2724 3237 sunt
2780 3184 2889 3239 alio
2938 3185 3227 3257 emigrare.
3274 3184 3475 3255 Sicque
3516 3184 3600 3238 fa-

1979 3278 2125 3327 ctum
2152 3277 2255 3337 est,
2288 3277 2345 3325 ut
2377 3278 2787 3326 excrescentem
2821 3289 3126 3343 pauperum
3177 3272 3596 3327 multitudinem

1981 3363 2101 3418 sine
2122 3377 2321 3435 magno
2348 3363 2664 3436 gravamine
2718 3370 3027 3417 sustentare
3086 3372 3315 3434 possent
3375 3364 3470 3429 hii,
3503 3365 3598 3436 qui

1982 3457 2236 3521 respectu
2266 3450 2359 3505 Dei
2394 3467 2614 3505 manum
2657 3451 3039 3507 misericordie
3086 3452 3165 3505 eis
3210 3452 3590 3527 porrigebant.

1986 3542 2185 3597 Carnes
2208 3559 2429 3614 quoque
2465 3543 2575 3612 jam
2601 3542 2886 3596 fetentium
2924 3543 3245 3597 animalium
3277 3554 3331 3597 et
3379 3544 3591 3599 radices

1983 3634 2267 3689 inusitatas
2293 3635 2587 3688 herbarum
2621 3636 2889 3704 compulsi
2919 3642 3047 3689 sunt
3078 3635 3430 3691 manducare.
3477 3637 3591 3689 Non

1980 3731 2189 3778 tantum
2215 3724 2391 3794 panis,
2422 3724 2518 3777 sed
2569 3724 2738 3777 etiam
2796 3734 2976 3779 cetere
3008 3740 3095 3778 res
3152 3725 3589 3790 manducahiles,

1980 3813 2226 3866 inaudito
2276 3812 2438 3867 nobis
2497 3812 2685 3881 precio
2735 3812 3218 3868 venundebantur.
3275 3812 3409 3882 Lupi
3454 3814 3601 3868 circa

1979 3904 2142 3974 Alpes
2183 3904 2235 3958 in
2274 3903 2562 3959 itineribus
2602 3910 2656 3957 et
2701 3904 2753 3958 in
2786 3905 2930 3960 villis
2960 3904 3014 3958 in
3053 3920 3222 3959 unum
3251 3906 3595 3979 congregati,

1980 3999 2190 4070 absque
2219 3998 2332 4052 ullo
2361 3998 2558 4053 timore
2599 4000 2803 4055 multos
2845 4000 3130 4054 devorant.
3185 4001 3416 4057 Trilicea
3456 4016 3598 4055 mes—

1980 4091 2055 4145 sis
2091 4097 2145 4146 et
2187 4105 2360 4146 avene
2389 4090 2641 4147 collectio
2674 4092 2814 4146 ultra
2871 4090 3279 4147 estimationem
3312 4091 3598 4147 hominum

1981 4180 2082 4236 fuit
2115 4181 2415 4237 rarissima.

2054 4271 2222 4326 1197.
2470 4272 2520 4325 7.
2778 4271 2867 4325 17.
3120 4272 3154 4323 8

266 4371 459 4447 genuit
488 4386 553 4427 ex
604 4388 668 4426 ea
700 4371 1056 4438 Balduinum;
1114 4372 1201 4427 cui
1229 4373 1454 4429 abstulit
1495 4374 1767 4433 Robertus
1795 4395 1958 4475 co-D
2052 4365 2269 4420 M00803
2320 4365 2630 4431 «Ianuarius.
2694 4366 3038 4429 Februarius,
3081 4365 3323 4475 ‘Mal‘ﬁus
3368 4382 3597 4467 (Illoflue

269 4476 385 4517 mes
414 4460 667 4516 Flandrie
726 4461 964 4517 Duacum
999 4468 1259 4516 castrum.
1315 4462 1407 4517 llic
1456 4464 1610 4519 duxit
1652 4483 1879 4523 uxorem

266 4554 587 4618 Yolendem,
622 4552 790 4608 tiliam
822 4553 1046 4608 Gerardi
1086 4554 1302 4609 comitis
1335 4555 1403 4609 de
1434 4555 1877 4633 Wassemberga,

265 4656 320 4703 et
346 4649 539 4720 genuit
565 4665 630 4702 ex
668 4663 732 4702 ea
775 4648 1122 4716 Balduinum,
1163 4649 1254 4720 qui
1306 4650 1729 4707 Valentinenses
1770 4653 1875 4707 sibi

267 4739 503 4795 rebelles
552 4740 760 4809 Optime
813 4742 1073 4811 optinuit,
1126 4750 1180 4796 et
1232 4741 1338 4796 alia
1382 4742 1537 4797 utilia
1594 4746 1873 4800 comitatui

266 4831 506 4887 adauxit.
561 4830 657 4883 Hic
696 4846 917 4902 quoque
960 4832 1111 4887 duxit
1141 4849 1364 4888 uxorem
1422 4834 1871 4901 Ermensendam,

263 4935 510 4977 sororem
542 4917 760 4973 Henrici
808 4920 1024 4974 comitis
1078 4921 1461 4988 Namucensis;
1512 4939 1576 4977 ex
1626 4940 1734 4995 qua
1782 4941 1877 4997 ge-

266 5010 383 5065 nuit
402 5006 728 5063 Balduinum
760 5007 1159 5075 marchionem,
1200 5011 1310 5076 cui,
1345 5011 1508 5066 etiam
1550 5013 1879 5068 multociens

264 5105 617 5157 accesserunt
666 5098 855 5153 felices
908 5114 1231 5165 successus;
1292 5103 1386 5173 qui
1437 5104 1592 5159 duxit
1647 5121 1874 5161 uxorem

260 5194 638 5267 Margaretam,
669 5205 913 5246 sororem
948 5189 1182 5261 Philippi
1211 5192 1429 5247 comitis
1457 5193 1732 5261 Flandrie,
1764 5213 1874 5266 que

259 5285 310 5339 ei
335 5286 528 5359 genuit
560 5283 887 5340 Balduinum
917 5282 1174 5338 comitem
1206 5283 1623 5342 Flandrensium
1663 5296 1717 5343 et
1746 5287 1874 5343 Hai-

1982 4464 2037 4514 et
2066 4458 2283 4528 Aprilis,
2319 4459 2421 4513 hoc
2450 4473 2596 4513 anno
2628 4457 2851 4512 fuerunt
2881 4456 3161 4511 naturales
3183 4465 3235 4511 et
3280 4457 3603 4512 hominibus

1981 4551 2298 4625 gratissimi.
2334 4552 2720 4606 Verumtamen
2775 4551 2971 4613 fames,
3018 4550 3179 4604 annis
3212 4550 3604 4620 superioribus

1981 4653 2269 4714 concepta,
2320 4643 2531 4699 nullum
2598 4643 2792 4697 habuit
2868 4649 3389 4711 temperamentum,
3471 4643 3601 4714 quia

1977 4736 2281 4806 superioris
2306 4737 2436 4790 anni
2476 4751 2697 4791 annone
2729 4750 2848 4789 rara
2888 4734 3142 4789 collectio
3176 4734 3384 4788 nullum
3422 4736 3602 4805 potuit

1977 4828 2229 4883 conferre
2265 4828 2653 4884 levamentum.
2689 4827 2821 4880 Nam
2878 4841 3053 4897 usque
3082 4826 3251 4880 hodie
3293 4826 3433 4879 fame
3476 4842 3599 4880 mo-

1978 4922 2193 4975 riuntur
2249 4921 2400 4975 milia
2430 4920 2673 4983 milium;
2708 4918 2865 4973 multi
2921 4918 3070 4971 enim
3127 4917 3229 4972 hac
3270 4920 3601 4972 necessitate

1978 5010 2285 5076 constricti,
2312 5019 2503 5065 contra
2539 5016 2862 5065 consuetum
2912 5006 3133 5061 vivendi
3163 5022 3321 5060 usum
3350 5006 3599 5062 latrones

1976 5104 2177 5166 eﬂ'ecti,
2208 5105 2404 5176 laqueo
2430 5112 2559 5160 sunt
2602 5103 2876 5175 suspensi.
2913 5102 3019 5157 Sed
3048 5102 3289 5157 vernalis
3322 5102 3593 5172 temporis

1977 5197 2276 5267 temperies
2306 5195 2567 5270 gratiosa,
2601 5202 2655 5249 et
2699 5193 2972 5248 seminum
3004 5198 3061 5246 ut
3093 5190 3312 5246 videtur
3361 5192 3591 5261 pulchra

1977 5286 2280 5358 processio,
2313 5283 2373 5339 ﬁt
2422 5283 2841 5356 expectantibus
2898 5296 3008 5336 non
3051 5279 3281 5334 minima
3326 5279 3587 5335 consola-

1816 5412 2024 5468 NOTAE.

331 5532 473 5603 (469)
506 5533 790 5600 Ottonem;
827 5532 924 5588 sed
953 5533 1070 5603 ipse
1098 5531 1322 5587 Alberto
1345 5548 1404 5586 se
1435 5533 1690 5601 subjecit.
1726 5533 1804 5589 Cf.

259 5604 461 5658 Gisleb.
493 5620 546 5673 p.
577 5604 702 5657 265.

286 5698 292 5707 ι
328 5674 575 5743 (170)12
615 5677 726 5728 Kal.
764 5678 1039 5741 Januarii,
1081 5681 1265 5729 octava
1309 5676 1507 5729 scilicet
1535 5677 1619 5729 die
1661 5685 1791 5729 ante

1953 5538 2153 5602 festum
2182 5536 2485 5588 nativitatis
2516 5534 2727 5602 Domini
2756 5528 2955 5581 (lisleh,

2042 5606 2183 5668 (471)
2220 5604 2380 5659 Ducis
2435 5602 2667 5659 Boemire
2720 5601 3103 5669 Moraviacque,
3158 5598 3376 5651 Mariam
3439 5596 3554 5649 Mlti
