3894 6070
237 268 336 322 341

1188 262 1538 318 CHRONICA.
1585 291 1646 302 —-
1693 259 2130 316 CONTINUATIO
2172 260 2652 326 AQUICINCTINA.

3486 275 3594 334 342

239 403 340 457 tio.
375 401 644 458 Henricus
672 400 971 471 episcOpus
1012 397 1383 454 Belluacensis
1408 397 1625 468 capitur
1655 412 1685 450 a
1723 395 1870 450 mili-
1895 393 1950 460 A
1977 395 2287 451 Celestinus
2318 397 2388 450 lll
2418 412 2578 468 papa,
2626 398 2661 453 6
2691 399 2806 455 Kal.
2833 402 3081 470 Januar.,
3111 420 3279 461 senex
3308 413 3364 462 et
3393 407 3594 479 plenus

241 492 397 546 tibus
425 490 684 546 Richardi
715 489 862 561 regis
891 489 1215 563 Anglorum,
1251 496 1308 542 et
1363 487 1507 558 apud
1565 487 1867 541 Rothoma-

1973 482 2186 539 dierum
2242 485 2496 542 moritur.
2555 486 2845 544 Lotharius
2923 491 3193 549 diaconus
3248 496 3590 567 cardinalis,

237 597 372 654 gum
429 579 583 654 gravi
633 578 884 633 custodie
929 577 1293 648 mancipatur.
1351 578 1500 632 lnter
1550 575 1864 646 Philippum
1967 589 2172 646 genere
2223 573 2520 643 Romanus,
2550 584 2785 632 vocatus
2818 579 3190 643 Innocentius.
3224 583 3387 650 hujus
3416 584 3592 640 nomi-

238 689 432 748 regem
473 672 807 728 Francorum
841 678 896 725 et
929 669 1257 725 Balduinum
1312 669 1569 725 comitem
1612 667 1865 722 Flandrie
1967 663 2053 717 nis
2124 679 2264 733 papa
2344 665 2564 732 tercius,
2635 673 2778 722 etate
2833 666 3075 734 juvenis,
3136 671 3298 727 184W
3341 671 3589 728 Romane

237 779 346 834 pax
393 760 665 823 turbatur,
723 759 988 814 instinctu
1044 758 1302 813 Richardi
1360 758 1504 831 regis
1541 757 1860 830 Anglorum.

236 854 298 908 In
348 867 543 906 mense
573 849 714 905 Julio
761 848 1062 903 Balduinus
1111 864 1318 913 comes,
1375 854 1656 902 contracto
1697 846 1864 900 unde-

236 955 481 1012 cumque
503 939 746 994 exercitu
781 938 1030 1009 c0pioso,
1061 944 1253 992 contra
1312 953 1496 1008 regem
1531 937 1859 991 Francorum

233 1047 333 1101 per
383 1045 587 1102 pagum
644 1028 1052 1083 Tornacensem
1095 1037 1149 1081 et
1183 1027 1634 1081 Cameracensem
1689 1024 1858 1090 vadit,

235 1131 292 1174 et
332 1117 522 1174 omnia
565 1117 813 1185 ejusdem
870 1116 997 1189 pagi
1063 1115 1287 1170 castella
1327 1115 1498 1186 cepit,
1553 1115 1743 1185 sicque
1793 1113 1860 1166 ad

1431 1222 1548 1260 eam
1620 1221 1652 1258 a
1703 1215 1859 1276 parte

235 1297 500 1354 orientali
552 1295 802 1361 obsedit;
857 1295 1103 1350 secundo
1151 1293 1492 1348 obsessionis
1532 1294 1621 1348 die
1673 1294 1858 1351 subito

233 1392 366 1446 inde
402 1391 652 1446 recessit.
686 1389 974 1459 Philippus
1005 1403 1094 1442 rex
1139 1388 1463 1444 Francorum
1490 1388 1592 1442 hoc
1621 1387 1856 1442 audiens

231 1489 287 1534 et
315 1480 547 1551 indigne
579 1481 784 1548 ferens,
817 1479 1168 1554 congregatis
1225 1480 1310 1534 sui
1345 1480 1500 1553 regni
1555 1478 1854 1550 episcopis,

233 1208 514 1263 civitatem
572 1207 1007 1261 Attrebatensem
1089 1206 1343 1270 tendens,

229 1569 554 1634 abbatibus,
576 1571 823 1642 equitum
853 1585 1074 1642 quoque
1087 1578 1142 1624 et
1169 1569 1412 1639 peditum
1444 1583 1643 1642 magna
1674 1568 1852 1638 copia,

229 1672 429 1720 contra
463 1665 792 1720 Balduinum
825 1664 1211 1736 proficiscitur,
1244 1670 1298 1718 et
1325 1663 1381 1716 in
1407 1663 1595 1736 vigilia
1634 1656 1854 1718 assum-

1965 753 2202 808 ecclesie
2232 754 2496 824 presidet.
2546 755 2776 822 Fulcho,
2816 759 3151 814 venerabilis
3198 761 3470 832 presbiter
3516 763 3587 820 de

1964 844 2241 900 territorio
2321 845 2647 913 Parisiensi,
2725 850 3051 906 auctoritate
3121 853 3424 924 apostolica
3483 871 3585 926 per

1961 941 2128 990 totam
2162 927 2439 989 Fra'nciam
2471 937 2691 1006 publice
2719 939 3135 1011 medicam-473;.
3157 942 3578 1014 (cf.A.Aquic-.).

1961 1023 2089 1078 Cum
2125 1024 2176 1078 in
2210 1040 2471 1080 sermone
2500 1041 2601 1081 suo
2641 1028 2823 1083 omnia
2882 1040 3140 1101 carperet
3185 1032 3344 1098 vicia,
3395 1040 3579 1088 tamen

1957 1116 2140 1170 omnis
2169 1117 2254 1170 vis
2287 1117 2408 1185 ejus
2439 1119 2832 1187 predicationis
2863 1129 3050 1178 contra
3083 1125 3360 1180 usurarios
3388 1139 3581 1180 avaros

1957 1212 2011 1260 et
2041 1206 2293 1276 cupidos,
2315 1213 2504 1262 contra
2522 1207 2764 1277 prelatos
2786 1211 3135 1284 negligentes
3155 1221 3208 1267 et
3233 1212 3578 1282 presbiteros

1957 1297 2368 1352 incontinentes
2399 1299 2636 1353 maxime
2670 1299 2978 1354 intonabat.
3015 1301 3145 1356 Tota
3198 1318 3343 1373 pene
3402 1302 3580 1374 patria

1956 1389 2008 1442 in
2057 1390 2256 1444 melius
2285 1391 2409 1459 ejus
2436 1391 2815 1462 predicatione
2869 1400 3077 1448 mutata
3137 1401 3240 1449 est.
3285 1394 3574 1450 Maximam

1958 1493 2179 1549 quoque
2229 1477 2522 1533 mulierum
2563 1480 2907 1550 publicarum
2988 1483 3264 1538 convertit
3306 1483 3568 1538 multitu-

1957 1563 2164 1621 dinem.
2217 1565 2420 1622 Potens
2473 1567 2638 1622 etiam
2695 1567 2800 1624 fuit
2844 1569 2901 1623 in
2949 1567 3228 1624 miraculis
3284 1569 3577 1628 faciendis.

1959 1657 2092 1712 Nam
2141 1673 2304 1713 cecos
2361 1658 2730 1728 illuminabat,
2799 1661 3028 1716 claudos
3092 1661 3336 1724 curabat,
3394 1663 3576 1719 surdis

228 1754 439 1826 ptionis
497 1753 660 1808 beate
707 1753 876 1808 Marie
933 1753 1080 1824 apud
1137 1754 1378 1808 Duacum
1459 1768 1524 1806 ex
1575 1745 2208 1821 insperatouaudilum
2257 1747 2554 1815 reddebat;
2603 1756 2680 1816 et,
2738 1750 2886 1821 quod
2945 1750 3124 1825 magis
3175 1750 3434 1806 omnibus
3473 1767 3573 1823 pro

227 1847 414 1912 venit;
443 1846 540 1900 sed
583 1845 706 1900 utili
734 1845 898 1901 nobis
930 1854 1157 1916 accepto
1211 1843 1468 1909 consilio,
1518 1843 1713 1898 eadem
1763 1843 1852 1899 die

223 1935 476 1992 recessit.
508 1936 718 1991 Deinde
748 1951 848 2008 per
869 1952 1069 2010 pagum
1095 1935 1339 2010 Letigum
1367 1935 1531 2004 (572),
1553 1934 1848 2002 transiens,

225 2029 378 2100 apud
412 2028 592 2083 Ariam
624 2036 850 2098 pontem
891 2028 1134 2082 ﬂuminis
1173 2027 1268 2099 qui
1317 2026 1519 2081 dicitur
1548 2027 1637 2081 Lis
1667 2033 1847 2082 trans-

227 2119 372 2183 iens,
405 2117 460 2171 in
497 2125 698 2171 terram
747 2117 986 2183 comitis,
1019 2133 1142 2171 eam
1200 2123 1530 2181 vastaturus,
1597 2117 1844 2183 intravit;

209 2220 300 2268 set
335 2211 669 2283 quibusdam
707 2219 881 2266 tactus
909 2211 1246 2278 infortuniis,
1291 2229 1414 2266 cum
1455 2212 1655 2268 comite
1693 2220 1845 2268 extra

209 2306 340 2375 lpre
371 2303 715 2374 colloquium
733 2304 942 2369 habuit,
965 2311 1050 2358 set
1077 2303 1279 2360 infecto
1304 2305 1526 2378 negotio
1549 2305 1618 2359 ad
1644 2315 1840 2360 terram

217 2412 377 2451 suam
423 2395 612 2450 rediit.
645 2395 797 2450 Multi
830 2397 922 2467 qui
957 2396 1251 2452 adventum
1283 2397 1364 2452 eis
1391 2396 1836 2461 formidaverant,

215 2491 530 2544 discessum
583 2489 926 2544 inefﬁcacem
975 2489 1236 2546 riserunt.
1296 2491 1443 2546 Inter
1479 2491 1620 2547 duos
1682 2509 1841 2567 reges

215 2577 450 2633 inducie
492 2593 594 2650 per
631 2595 834 2632 annum
881 2579 1153 2648 jurantur.
1187 2579 1474 2634 Vindemia
1527 2595 1628 2650 per
1671 2587 1837 2637 totam

210 2670 524 2736 Franciam,
567 2669 620 2723 in
681 2685 823 2744 pago
869 2670 1082 2726 scilicet
1130 2671 1408 2738 Remensi,
1460 2671 1838 2743 Laudunensi,

208 2758 624 2825 Suessionensi,
655 2758 1012 2814 Noviomensi
1045 2766 1099 2814 et
1123 2759 1462 2827 Belvacensi,
1503 2777 1623 2815 rara
1655 2761 1755 2816 fuit
1786 2769 1840 2817 et

211 2851 398 2914 tarda;
441 2851 590 2905 unde
622 2851 818 2905 accidit
860 2858 918 2906 ut
949 2851 1158 2915 rustici,
1201 2852 1296 2923 qui
1338 2852 1527 2907 vineas
1583 2854 1840 2910 colebant

205 2949 264 2997 et
316 2942 610 3014 pecuniam
671 2959 839 3014 super
891 2945 1078 2999 vinum
1134 2943 1376 3000 futurum
1431 2952 1832 3015 mutuaverant,

1957 1837 2223 1892 miraculo
2269 1845 2404 1905 erat,
2465 1837 2890 1893 innumerabilis
2925 1839 3118 1909 populi
3145 1838 3443 1895 multitudo
3502 1839 3572 1895 ad

1953 1942 2079 1980 eum
2142 1926 2502 1993 audiendum,
2569 1927 2728 1997 quasi
2788 1927 2857 1981 ad
2923 1926 3164 1998 aliquem
3235 1926 3569 1997 apostolum,

1950 2020 2342 2090 undecumque
2420 2019 2754 2076 conﬂuebat.
2842 2021 2974 2076 Post
3049 2029 3282 2077 mortem
3353 2021 3569 2078 Henrici

1949 2109 2296 2178 imperatoris
2343 2109 2637 2179 eptimates
2689 2107 2844 2181 regni
2899 2109 3246 2176 Theutonici,
3305 2109 3376 2164 de
3436 2125 3565 2182 rege

1947 2201 2332 2257 substituendo
2363 2199 2706 2257 difﬁdentes:
2741 2201 2928 2267 Suavi,
2963 2201 3223 2268 Bajoarii,
3249 2200 3558 2266 Alemanni,

1944 2294 2274 2364 Apulienses
2297 2294 2386 2349 vel
2413 2294 2752 2361 Sicilienses,
2813 2293 3130 2365 Philippum
3185 2293 3382 2348 ducem
3425 2295 3562 2350 Sua-

1941 2398 2157 2449 vorum,
2208 2383 2430 2438 fratrem
2479 2381 2694 2438 Henrici
2753 2382 3124 2455 imperatoris,
3189 2398 3355 2454 quem
3391 2399 3560 2455 supra

1941 2475 2183 2531 diximus
2203 2482 2439 2530 tutorem
2467 2475 2626 2547 pueri
2647 2475 3030 2543 constitutum,
3061 2475 3350 2549 elegerunt
3379 2481 3496 2546 (Mar
3515 2483 3552 2530 t.

1941 2563 2024 2635 5);
2055 2565 2300 2620 Saxones
2329 2570 2513 2619 autem
2558 2573 2614 2620 et
2643 2564 2964 2637 Lotharingi
3000 2563 3270 2620 Othonem
3300 2565 3559 2621 comitem

1943 2658 2342 2723 Pictavensem,
2399 2655 2573 2711 ﬁlium
2627 2656 2843 2711 Henrici
2923 2656 3082 2712 ducis
3132 2656 3426 2721 Saxonum,
3501 2657 3559 2712 in

1939 2747 2183 2818 Aquensi
2221 2745 2424 2818 palatio
2473 2745 2528 2798 in
2581 2761 2766 2819 regem
2810 2744 3272 2800 sublimaverunt.
3316 2745 3411 2801 Hic
3440 2752 3580 2802 erat

1941 2859 2008 2899 ex
2051 2857 2240 2898 sorore
2278 2840 2536 2896 Richardi
2563 2841 2710 2916 regis
2745 2840 3040 2914 Anglorum
3128 2840 3288 2911 cujus
3324 2839 3560 2897 consilio

1941 2945 1996 2992 et
2023 2937 2250 3003 auxilio,
2298 2941 2353 2990 et
2383 2934 2638 2990 Balduini
2683 2933 2901 2990 comitis
2928 2933 3202 2997 Flandrie,
3255 2935 3560 2992 assentien-

202 3049 319 3090 non
343 3035 594 3090 valentes
621 3033 810 3090 vinum
860 3035 1114 3102 reddere,
1156 3036 1427 3107 compulsi
1459 3045 1586 3092 sunt
1615 3037 1822 3112 fugere.
1855 3074 1905 3143 Ο
1936 3029 2087 3084 tibus
2119 3028 2202 3084 eis
2248 3027 2672 3099 aI‘ChiePiSCOPO
2727 3025 3043 3143 C?10nien8i
3086 3034 3142 3143 Et
3191 3025 3554 3143 gptimalibus

202 3125 262 3143 ll,
337 3125 366 3143 κο
389 3141 468 3143 id,
522 3126 533 3136 ο
557 3142 580 3143 ρ
615 3142 650 3143 ,,
734 3135 746 3143 .
767 3142 774 3143 ,
866 3127 876 3136 ο
972 3127 984 3143 ι
1084 3127 1115 3143 ι·
1332 3129 1364 3143 ο.
1497 3129 1545 3143 ιη
1621 3138 1630 3143 -
1706 3131 1798 3143 ΑΛ.
1932 3121 1948 3143 Ι
1973 3121 2271 3143 -ιὶ---2-..1-
2364 3121 2381 3143 Δ
2403 3135 2610 3143 ..-.-......
2689 3135 2754 3143 ..η
2785 3117 2960 3143 --2.-.κ
3050 3133 3077 3143 Α
3125 3133 3183 3143 ..Α
3233 3119 3269 3143 ξι
3364 3125 3546 3143 ΑΔ-Δ..-

157 3125 473 3181 .Henrieus
520 3126 818 3197 imperator
865 3127 918 3181 in
957 3127 1153 3198 Apulia
1208 3129 1440 3184 moritur
1492 3129 1650 3200 (Sept.
1705 3131 1821 3202 28).

201 3216 302 3272 llic
333 3223 542 3272 statura
570 3219 890 3288 personalis
922 3235 1034 3275 non
1065 3219 1192 3286 fuit,
1220 3219 1319 3274 sed
1349 3219 1654 3276 litteratura
1679 3224 1820 3291 ejus,

1929 3121 2293 3194 Lotharingis.
2355 3121 2612 3191 Aquense
2689 3117 2963 3189 palacium
3047 3118 3274 3174 obsedit
3361 3125 3552 3175 contra

1923 3214 2316 3270 Walerannum
2349 3213 2523 3269 ﬁlium
2575 3213 2733 3268 ducis
2775 3212 3222 3286 Lemburgensis,
3258 3213 3352 3285 qui
3389 3213 3553 3285 oppi-

203 3307 661 3379 maguanimitas,
697 3309 920 3378 justicia
948 3317 1003 3365 et
1033 3310 1326 3381 prudentia
1355 3311 1821 3382 pulchritudinem
1924 3310 2056 3364 dum
2105 3309 2361 3380 Aquense
2411 3324 2536 3364 cum
2589 3307 2771 3364 valida
2809 3324 2974 3362 manu
3017 3307 3252 3362 militum
3295 3306 3550 3379 Philippo

197 3400 498 3456 Absolonis
542 3401 838 3472 superavit.
892 3403 1066 3476 Luget
1115 3404 1356 3458 mundus
1393 3412 1624 3460 mortem
1680 3407 1820 3476 ejus,

198 3491 383 3561 Syria,
450 3491 669 3563 Sycilia,
722 3492 939 3564 Apulia,
1011 3492 1276 3560 Calabria,
1354 3493 1567 3561 Aﬂ'rica,
1643 3496 1816 3561 Italia,

198 3580 565 3647 Alemannia,
632 3581 868 3636 Saxonis
902 3624 915 3648 ,
973 3582 1261 3653 Bajoaria,
1323 3584 1542 3648 Suavia,
1602 3585 1817 3650 Frisia,

1925 3397 2053 3452 duci
2101 3397 2405 3452 Suavorum
2453 3395 2823 3452 custodiebat.
2882 3395 2982 3460 Qui
3025 3401 3178 3449 sexta
3226 3395 3544 3452 obsidionis

1923 3486 2230 3557 septimana
2283 3485 2473 3541 labore
2504 3484 2797 3554 multiplici
2829 3484 3067 3559 fatigati,
3093 3484 3304 3540 nullum
3351 3485 3420 3540 ab
3453 3502 3542 3550 eo,

1921 3578 2009 3632 cui
2069 3577 2338 3648 palacium
2397 3575 2806 3641 custodiebant,
2884 3576 3150 3630 habentes
3197 3591 3542 3643 succursum,

197 3673 440 3738 Ausa-ia,
492 3673 860 3748 Lothapingia,
913 3675 1045 3730 Nam
1086 3677 1154 3730 de
1210 3677 1332 3744 ejus
1387 3684 1563 3732 mone
1625 3692 1821 3732 omnes
1921 3664 2120 3720 Othoni
2153 3665 2303 3720 salvo
2345 3665 2399 3718 iu
2432 3663 2694 3720 omnibus
2732 3665 2943 3719 honore
3001 3671 3242 3719 castrum
3290 3664 3547 3719 reddide-

195 3771 330 3817 sunt
347 3761 586 3819 turbate.
619 3763 788 3818 Filius
827 3765 946 3834 ejus
977 3781 1114 3836 puer
1164 3766 1426 3836 parvulus
1466 3783 1498 3821 a
1541 3767 1737 3822 Siculis
1765 3768 1818 3821 in
1920 3765 2072 3821 Tum;
2101 3770 2264 3826 quem
2293 3753 2474 3808 Statim
2526 3752 2870 3810 δοιοηίθηδίε
2931 3753 3386 3826 ητοὴίθρίεοορυε
3413 3772 3536 3811 cum

196 3868 387 3924 regem
437 3852 558 3921 jure
611 3860 839 3924 paterno
904 3855 1238 3925 suscipitur;
1298 3872 1459 3926 porro
1510 3856 1820 3927 Philippus,
1897 3850 2283 3926 suffragaueis
2327 3849 2459 3912 suis.
2511 3849 2634 3904 oleo
2701 3865 2857 3905 sacro
2917 3849 3220 3918 inunctum,
3285 3851 3340 3905 in
3399 3853 3540 3908 solio

194 3940 365 3995 frater
411 3941 626 3996 Henrici
659 3942 1028 4014 imperatoris,
1062 3951 1208 3999 tutor
1236 3945 1394 4014 pueri
1441 3945 1816 4001 constituitur.

1919 3939 2076 4014 regni
2124 3939 2318 3992 sedere
2370 3937 2624 3992 fecerunt
2669 3937 2799 4006 (Jul.
2860 3937 2972 4005 12).
3027 3940 3068 3992 Α
3130 3939 3328 3994 diebus
3384 3941 3535 3996 enim

200 4032 581 4087 Lacrimabilis
619 4034 839 4090 fortuna
869 4035 1072 4090 accidit
1129 4035 1184 4090 in
1232 4037 1366 4091 urbe
1433 4037 1626 4092 Achra.
1686 4039 1818 4092 Nam
1921 4030 2099 4086 Karoli
2136 4030 2314 4102 Magni
2359 4029 2521 4084 sedes
2551 4029 2706 4103 regni
2754 4036 2836 4083 est
2860 4029 3212 4104 Aquisgrani,
3257 4031 3350 4086 ubi
3392 4032 3537 4088 idem

199 4123 471 4179 Henricus
500 4140 686 4180 comes
729 4126 1120 4197 Campaneusis
1149 4134 1204 4182 et
1251 4128 1508 4198 princeps
1558 4136 1822 4185 transma-

1921 4119 2240 4192 requiescit.
2304 4119 2464 4174 Duxit
2518 4125 2701 4174 autem
2757 4119 2878 4174 Otto
2937 4135 3032 4174 rex
3087 4136 3313 4176 uxorem
3368 4120 3535 4177 ﬁliam

197 4212 322 4266 rine
361 4213 796 4282 christianitatis,
825 4231 948 4270 cum
979 4215 1216 4287 quadam
1248 4218 1339 4272 die
1379 4217 1526 4288 apud
1567 4218 1819 4273 eamdem
1921 4214 2224 4280 Godefridi,
2257 4214 2474 4269 comitis
2504 4214 2859 4270 Lovaniensis
2888 4231 2953 4270 ac
2981 4215 3140 4270 ducis
3159 4216 3535 4291 Lotharingie.

198 4300 398 4354 urbem
418 4300 472 4355 in
502 4301 705 4357 solario
728 4303 1010 4371 cujusdam
1046 4307 1242 4361 domus
1280 4307 1576 4364 fenestram
1605 4307 1840 4378 aperire,

1993 4307 2282 4378 Philippus
2319 4307 2430 4360 dux
2460 4314 2516 4361 et
2546 4306 2665 4363 Otto
2695 4324 2788 4362 rex
2828 4307 2898 4361 de
2931 4307 3164 4378 imperio
3193 4310 3541 4364 contenden-

203 4392 492 4459 voluisset,
541 4411 640 4464 per
686 4411 808 4450 eam
856 4398 923 4451 ad
961 4405 1158 4453 terram
1221 4400 1449 4466 corruit,
1502 4407 1558 4455 et
1605 4399 2022 4491 cerviceDtes,
2075 4394 2302 4448 ﬂuvium
2347 4395 2620 4461 Rhenum,
2651 4394 2747 4466 qui
2798 4395 3206 4468 Letharingiam
3263 4404 3318 4450 et
3368 4397 3537 4452 Saxo-

200 4482 502 4552 confracia,
527 4487 662 4556 proh
692 4487 878 4542 ἀοιοιιε
905 4490 1220 4560 exspiravit,
1245 4493 1279 4546 6
1307 4508 1452 4548 anno
1475 4492 1820 4563 principatus
1840 4482 1887 4491 “’
1920 4483 2066 4538 niam
2097 4483 2318 4549 dividit,
2351 4483 2587 4537 transire
2627 4499 2736 4537 non
2794 4491 3114 4552 potuerunt,
3148 4482 3436 4555 Philippus
3464 4487 3536 4540 ab

194 4573 303 4628 sui.
335 4573 501 4643 Cujus
531 4590 678 4630 mors
729 4576 1066 4633 ineﬂ'abilem
1113 4579 1431 4636 christianis
1468 4582 1739 4649 dolorem,
1766 4589 1822 4636 et
1918 4579 2130 4633 oriente
2178 4577 2232 4632 in
2279 4577 2648 4642 occidentem,
2682 4576 2800 4632 Otto
2843 4591 2974 4632 vero
3023 4577 3090 4630 ab
3148 4577 3438 4635 occidente
3478 4581 3535 4634 in

197 4684 454 4742 magnam
514 4672 804 4727 Saracenis
861 4673 1081 4742 prebuit
1130 4675 1380 4730 letitiam.
1421 4677 1567 4731 Inter
1614 4675 1816 4730 milites
1915 4674 2208 4730 orientem.
2245 4673 2384 4727 Unte
2415 4671 2629 4727 titulum
2675 4671 3066 4738 Romanorum,
3118 4672 3178 4727 R.
3211 4673 3442 4742 scilicet,
3480 4682 3538 4731 et

198 4757 553 4825 christianos,
597 4777 738 4832 quos
779 4761 1044 4818 llenricus
1091 4763 1392 4835 imperator
1445 4774 1574 4820 ante
1602 4765 1813 4820 obitum
1916 4765 2132 4820 titulum
2188 4763 2684 4818 Jherosolimorum
2718 4802 2733 4826 ,
2799 4761 2858 4816 H.
2907 4763 3104 4819 omitto
3164 4766 3532 4836 prescribere,

199 4864 361 4902 suum
393 4856 541 4906 trans
597 4869 749 4908 mare
804 4854 1052 4921 miserat,
1105 4865 1159 4910 et
1191 4857 1395 4912 Turcos
1445 4872 1816 4928 sepenumero
1917 4854 2047 4926 quia
2078 4862 2203 4924 post
2237 4859 2466 4907 mortem
2500 4850 2740 4917 llenrici,
2769 4849 3182 4920 ﬁliiFrederici,
3207 4853 3375 4912 Bome
3409 4857 3531 4912 nul-

201 4946 510 5011 pugnatur;
553 4951 636 4996 set
664 4949 874 4998 certam
925 4950 1233 5001 nostrorum
1290 4946 1572 5002 victoriam
1638 4947 1817 5003 adhuc
1917 4947 2004 5001 lus
2032 4946 2283 5017 imperat,
2309 4951 2364 4999 et
2392 4944 2446 4998 in
2481 4942 2732 5015 partibus
2761 4945 3143 5000 transmarinis
3166 4953 3290 5016 post
3315 4947 3526 5003 obitum

199 5027 432 5084 minime
462 5031 792 5088 audivimus.

269 5118 432 5173 1198.
690 5121 747 5175 F.
1008 5124 1090 5178 18.

269 5207 512 5280 Hyemps
563 5212 920 5281 mollissima;
985 5215 1300 5283 Januarius,

1343 5127 1382 5178 Α
1449 5127 1505 5180 9.

1921 5038 2138 5092 Henrici
2165 5036 2384 5092 comitis
2437 5034 2828 5106 Campauensis
2856 5035 3190 5092 christianus
3217 5038 3402 5093 nullus
3439 5055 3532 5094 re-

1915 5134 2066 5201 gnat.
2122 5126 2248 5181 Post
2299 5139 2547 5180 mensem
2603 5127 2925 5199 Augustum,
2990 5125 3290 5182 Balduinus
3345 5141 3534 5182 comes

1379 5216 1706 5272 Februarius
1763 5226 1817 5273 et
1919 5219 2330 5277 Flandrensium
2385 5227 2441 5275 et
2495 5219 2912 5286 Hainoensium,
2971 5228 3301 5294 congregata
3349 5221 3532 5276 valida

192 5299 432 5356 Marcius
483 5305 766 5374 tranquilli
848 5315 902 5362 et
959 5307 1255 5381 gratissimi
1339 5307 1581 5372 fuerunt,
1653 5326 1816 5380 porro
1915 5318 2025 5365 tam
2051 5309 2285 5364 militum
2339 5325 2506 5382 quam
2557 5309 2801 5380 peditum
2847 5307 3218 5372 multitudine,
3275 5307 3328 5361 in
3370 5306 3532 5360 Flau-

192 5391 396 5462 Aprilis
453 5399 507 5448 et
561 5393 735 5452 Maius
801 5398 1074 5468 pluviales
1130 5408 1184 5454 et
1259 5399 1444 5473 frigidi
1496 5402 1811 5458 extiterunt.

1916 5402 2089 5460 driam
2129 5401 2329 5477 pergit,
2362 5409 2421 5459 ut
2449 5401 2692 5470 castella,
2722 5416 2830 5475 que
2880 5401 2966 5457 sui
3023 5406 3199 5467 erant,
3227 5405 3287 5454 ut
3313 5398 3419 5454 sibi
3451 5399 3532 5454 vi-

1769 5534 1980 5590 ΝΟΤΛΞ.

256 5627 880 5726 Ἦῇβίῖᾳᾲῐιωιίοιιηι,
931 5645 997 5698 εισί
1040 5646 1242 5701 ﬂumen
1307 5649 1423 5720 Lys.
1485 5651 1580 5704 ubi
1637 5654 1848 5726 Oppida

186 5706 373 5760 Cassel
399 5714 456 5760 et
481 5708 623 5763 Airc.

2029 5658 2044 5716 (
2059 5657 2175 5725 £73)
2209 5661 2530 5714 Venerabilis
2555 5662 2714 5716 Falco
2745 5661 3000 5730 presbiter
3027 5663 3266 5730 pradicet
3303 5666 3525 5718 verbum

1945 5731 2049 5793 Dei,
2080 5735 2129 5783 et
2173 5733 2364 5788 multos
2393 5732 2681 5798 languidos
2707 5739 2892 5787 sanat.
2927 5733 3064 5788 Ann.
3108 5735 3310 5806 Aquic.
