3930 6068
358 262 464 318 343
1570 268 1914 327 SlGEBERTl

2048 272 2474 332 MBLACENSIS.
3581 282 3687 338 344

345 393 599 460 debatur,
618 394 780 462 juris,
822 400 875 448 et
906 409 1000 450 rex
1035 395 1238 465 injuste
1265 399 1509 468 tenebat,
1542 417 1643 458 suo
1683 404 1965 460 comitatui
1990 409 2043 478 Α
2076 407 2305 464 remisit.
2354 409 2548 465 Petrus
2602 410 2672 466 de
2723 410 2976 468 Corboilo
3034 417 3389 468 consecratur
3435 413 3687 469 Camera-

345 484 661 574 resociaret.
695 484 956 574 Arienses
987 487 1109 555 ejus
1137 487 1499 546 formidantes
1531 492 1822 565 impetum.
1864 512 1960 566 pa-
2063 501 2245 559 censis
2291 502 2605 574 episcopus.
2655 503 2850 559 Messis
2895 510 2949 559 et
2993 504 3283 560 Vindemia
3333 505 3688 562 mediocriter

342 572 499 628 citice
529 587 656 627 eum
698 572 1052 643 recipientes,
1094 575 1303 648 absque
1358 578 1469 633 ulla
1500 595 1652 635 mora
1678 597 1737 636 se
1771 583 1960 639 reddi-
2061 572 2339 645 abundat.
2367 572 2557 645 Petrus
2604 591 2902 646 cardinalis
2959 608 3057 663 per
3110 609 3333 649 menses
3370 593 3564 650 decem
3624 595 3679 650 in

343 664 563 719 derunt.
598 662 809 720 Deinde
842 665 1142 721 exercitum
1176 669 1323 738 apud
1379 669 1640 727 Sanctum
1694 674 1963 730 Audoma—
2065 680 2288 736 Francia
2333 697 2713 751 commanens,
2755 685 3039 759 negotium
3081 686 3151 740 de
3190 685 3432 741 divortio
3490 688 3685 761 regine

344 771 465 810 rum
497 755 730 823 ducens,
758 763 994 812 castrum
1039 758 1277 815 obsedit.
1321 760 1511 817 Portas
1549 764 1760 819 obsessi
1805 767 1962 822 clau-
2068 770 2170 825 sibi
2198 770 2503 838 injunctum
2528 768 2722 842 tepide
2752 755 3064 844 exequitur.

344 849 505 916 dunt,
546 851 614 906 ad
646 867 836 927 regem
870 853 925 907 in
981 853 1260 909 Franciam
1314 858 1547 913 nuncios
1585 874 1860 915 consensu
1912 871 1968 917 et
2142 864 2439 920 Balduiuus
2461 880 2646 921 comes
2668 875 2866 922 terram
2900 868 3046 943 regis
3079 869 3431 934 Francorum,
3455 872 3507 926 in
3539 888 3680 946 pago

339 943 573 998 consilio
604 944 851 1013 ejusdem
911 946 1126 1001 comitis
1174 946 1451 1021 dirigunt;
1507 966 1538 1005 a
1576 966 1685 1022 quo
1746 953 1954 1009 nullum
2058 956 2341 1012 Adartensi
2382 958 2468 1012 vel
2507 957 2837 1014 Tervanensi
2888 967 2944 1015 et
2974 943 3675 1043 AridalGamantia,vast—at

341 1036 612 1091 habentes
664 1051 766 1091 nec
795 1046 1086 1108 sperantes
1114 1054 1457 1106 succursum,
1501 1050 1739 1098 castrum
1767 1045 1954 1100 comiti
2058 1046 2266 1118 rapinis
2291 1054 2346 1101 et
2385 1046 2677 1102 incendiis.
2721 1047 3004 1119 Philippus
3059 1036 3247 1105 comes
3285 1051 3671 1120 Namucensis,

339 1129 595 1194 reddunt,
630 1146 868 1202 eumque
899 1131 1127 1205 paciﬁcc
1162 1141 1216 1189 et
1246 1134 1554 1192 honoriﬁce
1580 1145 1704 1208 post
1739 1155 1834 1194 sex
1857 1140 1953 1196 eb-
2054 1138 2219 1194 frater
2243 1139 2385 1209 ejus,
2414 1155 2539 1193 cum
2581 1139 2705 1195 aliis
2735 1140 3064 1212 quibusdam
3119 1142 3384 1199 militibus
3424 1147 3670 1216 capitur,

339 1221 605 1276 domadas
638 1220 778 1275 infra
815 1227 1051 1309 castrum
1100 1223 1405 1294 accipiunt.
1448 1224 1577 1280 Cum
1620 1228 1786 1302 igitur
1844 1231 1959 1285 Bal-
2058 1230 2150 1302 qui
2177 1231 2341 1285 vincti
2372 1229 2517 1286 ferro
2547 1231 2660 1305 regi
2705 1231 2760 1286 in
2813 1232 3091 1289 Franciam
3142 1235 3472 1309 diriguntur.
3509 1239 3675 1294 Maria

344 1309 550 1364 ἀυίηυδ
581 1324 770 1365 comes
810 1308 1068 1364 Sanam“
1100 1312 1472 1367 Αυάοῐητιτυηι
1515 1315 1813 1385 οὒείάθτθῑ,
1869 1319 1958 1373 Ri-
2062 1327 2314 1382 Flandric
2340 1327 2623 1381 comitissa
2652 1344 2752 1399 pro
2773 1344 2908 1401 pace
2951 1330 3097 1385 inter
3122 1346 3308 1404 regem
3344 1339 3398 1388 et
3418 1335 3676 1391 comitem

342 1403 580 1458 chardus
629 1419 721 1458 rex
767 1403 1062 1475 Anglorum
1133 1405 1188 1458 in
1249 1421 1389 1479 pago
1429 1407 1755 1466 Wilcassino
1788 1413 1955 1482 (474),
2060 1419 2447 1490 componenda
2502 1420 2740 1476 Parisius
2776 1422 2956 1488 vadit;
3011 1403 3212 1494 quam"
3235 1440 3330 1479 rex
3371 1425 3675 1484 honoriﬁce

341 1494 693 1550 multitudine
718 1495 951 1565 stipatus
983 1495 1239 1563 militum,
1302 1514 1473 1569 super
1514 1500 1824 1573 Philippum
1869 1521 1959 1560 re-
2058 1510 2396 1580 suscipiens,
2444 1510 2622 1565 laetam
2650 1519 2707 1566 et
2744 1510 2814 1566 de
2847 1527 2983 1582 pace
3014 1528 3263 1569 securam
3290 1531 3411 1570 cum
3439 1517 3674 1587 quibus-

338 1600 461 1660 gem
496 1584 824 1639 Francorum
868 1583 1043 1638 irruit.
1077 1584 1186 1640 Rex
1238 1585 1569 1643 Francorum
1633 1599 1822 1647 contra
1871 1610 1958 1649 vc-
2058 1599 2186 1653 dam
2216 1598 2530 1670 captivis‘in
2561 1599 2762 1673 pignus
2789 1601 2939 1671 pacis
2975 1601 3041 1655 ad
3078 1602 3298 1673 pr0pria
3349 1583 3579 1660 remisit.
3616 1608 3673 1661 In

340 1677 519 1741 niens,
578 1675 746 1729 armis
786 1675 1029 1741 mutatis,
1088 1692 1260 1748 prope
1294 1677 1590 1735 Gisortium
1638 1681 1694 1735 in
1751 1682 1954 1741 ﬂumen
1988 1688 2257 1788 Bdiebus
2309 1689 2577 1744 adventus
2616 1689 2880 1745 dominici
2938 1690 3130 1746 Petrus
3166 1692 3464 1749 cardinalis
3522 1696 3670 1766 apud
3764 1698 3782 1705 ’

337 1770 565 1835 cecidit;
629 1769 722 1841 qui
768 1769 897 1824 inde
947 1769 1033 1824 vix
1086 1780 1382 1831 extractus.
1428 1774 1798 1833 nobilioribus
1844 1780 1964 1848 ejus
1988 1769 2037 1788 ”
2063 1777 2348 1833 Divionem
2377 1778 2691 1853 Burgundie
2721 1786 2956 1833 castrum
2985 1795 3107 1836 cum
3133 1782 3387 1851 personis
3413 1784 3675 1839 ecclesia-

338 1861 608 1917 militibus
639 1862 832 1932 captis,
867 1878 990 1917 cum
1016 1879 1218 1936 magno
1253 1864 1438 1920 labore
1469 1868 1663 1923 evasit.
1707 1870 1806 1935 Qui
1839 1878 1956 1927 sta-
2060 1865 2214 1921 sticis
2243 1867 2418 1923 tenuit
2456 1868 2779 1922 concilium.
2815 1867 3002 1922 Omnis
3032 1869 3100 1923 ab
3138 1869 3220 1924 eis
3258 1870 3335 1925 ibi
3374 1871 3514 1929 facta
3542 1889 3673 1928 con-

344 1956 440 2010 tim
481 1954 784 2011 exercitum
816 1955 1102 2025 copiosum
1128 1972 1490 2032 congregans,
1522 1967 1718 2016 terram
1750 1964 1955 2019 North-
2058 1958 2269 2013 stitutio
2303 1974 2412 2014 non
2443 1959 2655 2035 indiget
2694 1974 2878 2029 penna
2906 1960 2992 2014 vel
3027 1977 3383 2036 pergameno.

338 2045 584 2111 mannie,
626 2060 723 2100 sue
754 2043 991 2101 vicinam
1022 2050 1186 2110 terre,
1221 2044 1483 2103 incendio
1514 2057 1569 2104 et
1615 2050 1821 2121 rapinis
1871 2059 1957 2109 to-
2133 2050 2287 2106 1200.
2717 2052 2808 2105 20.
2928 2094 2939 2101 .
3240 2056 3292 2108 1.

338 2146 444 2193 tam
496 2139 747 2195 vastavit.
809 2140 869 2193 In
938 2139 1096 2209 cujus
1147 2141 1301 2196 hoste
1350 2143 1519 2199 multo
1582 2148 1767 2216 precio
1820 2165 1952 2204 ven~
2130 2138 2417 2210 Philippus
2478 2156 2567 2194 P8X
2630 2139 2956 2196 Francorum
3020 2150 3074 2197 ει
3129 2143 3431 2198 Βὸιάιιίῐιυδ
3486 2161 3672 2201 comes

336 2234 570 2289 debatur
601 2250 824 2290 annona
848 2243 956 2290 tam
988 2251 1249 2306 pecorum
1274 2254 1436 2309 quam
1466 2239 1771 2297 hominum.

406 2325 566 2383 1199.
894 2327 950 2382 F.
993 2328 1079 2381 19.
1410 2334 1469 2385 Α.
1518 2331 1599 2386 10.

408 2419 612 2475 Diebus
650 2419 950 2476 nativitatis
995 2421 1276 2477 dominice
1334 2425 1639 2492 transactis,
1698 2429 1847 2484 venit
1894 2430 1947 2484 in

336 2508 565 2564 Galliam
614 2508 807 2564 Petrus
835 2510 1131 2565 cardinalis
1162 2512 1432 2569 diaconus
1460 2514 1657 2572 Sancte
1686 2516 1856 2573 Marie
1881 2520 1950 2575 de

336 2599 422 2653 via
452 2597 581 2663 lata,
624 2596 693 2651 ab
740 2599 1066 2654 Innocentio
1120 2616 1263 2672 papa
1311 2605 1667 2661 transmissus
1710 2606 1947 2682 legatus,

330 2691 543 2747 litteras
570 2689 823 2762 Philippo
851 2691 1182 2749 Francorum
1216 2696 1330 2771 regi
1365 2697 1645 2767 deferens,
1669 2700 1722 2755 in
1747 2703 1951 2774 quibus

332 2785 654 2850 preceptum
685 2778 1076 2835 continebatur
1115 2783 1504 2853 apostolicum,
1553 2795 1612 2842 ut
1659 2789 1949 2862 lngelbur-

326 2883 451 2943 gem
510 2867 885 2923 venerabilem
932 2868 1203 2944 reginam,
1254 2870 1391 2928 falso
1447 2877 1949 2951 consanguinitatis

323 2962 640 3029 juramento
658 2961 1013 3030 disjunctam,
1039 2962 1283 3039 legitime
1301 2964 1407 3020 sibi
1442 2967 1759 3024 resociaret.
1795 2970 1948 3036 Quod

332 3053 376 3107 si
401 3052 759 3125 adquiescere
777 3053 971 3119 nollet,
995 3055 1361 3112 anathematis
1382 3059 1602 3115 vinculo
1615 3061 1943 3130 subjaceret.

406 3139 465 3193 In
517 3140 759 3195 marchis
804 3140 1091 3213 utriusque
1132 3144 1285 3216 regni
1328 3147 1628 3202 concilium
1670 3151 1944 3221 agitatur;

334 3231 556 3304 utrique
596 3247 755 3307 reges
784 3231 1115 3289 Francorum
1173 3243 1227 3290 et
1266 3237 1563 3308 Anglorum
1609 3243 1949 3299 conveniunt

333 3336 456 3376 cum
488 3320 840 3377 multitudine
871 3322 1281 3395 episcoporum,
1328 3327 1610 3397 abbatum,
1659 3331 1946 3399 comitum,

336 3413 601 3486 priorum,
635 3413 1044 3485 prepositorum
1065 3421 1120 3470 et
1144 3416 1435 3488 utriusque
1483 3418 1697 3475 ordinis
1732 3420 1950 3478 inﬁnita

335 3502 689 3559 multitudine
716 3504 1030 3571 hominum;
1063 3504 1131 3559 de
1166 3521 1298 3577 pace
1321 3505 1468 3562 inter
1495 3523 1652 3583 reges
1682 3516 1737 3565 et
1774 3512 1950 3568 comi-

334 3600 442 3649 tem
467 3591 721 3648 Flandric
751 3591 1006 3648 facienda
1026 3592 1258 3648 multum
1290 3594 1585 3665 laboratur,
1623 3601 1793 3654 setad
1823 3599 1951 3656 effe-

330 3692 479 3741 ctum
510 3684 741 3739 minime
790 3683 1130 3756 perducitur.
1183 3684 1278 3740 Set
1339 3692 1548 3753 tamen,
1607 3687 1831 3745 inducie
1892 3690 1948 3744 in

332 3775 776 3846 quinquennium
800 3775 1060 3840 tenende,
1098 3775 1266 3831 verbo
1289 3783 1451 3831 tenus
1468 3778 1808 3847 obtinentur,
1842 3799 1949 3853 que

328 3864 416 3919 vix
446 3878 619 3935 usque
647 3863 704 3916 in
745 3863 949 3933 pascha
973 3869 1250 3918 tenentus.
1302 3865 1359 3918 lu
1392 3866 1590 3922 diebus
1629 3869 1944 3944 quadrage-

330 3952 472 4007 sime
502 3952 558 4006 in
592 3965 733 4025 pago
782 3950 1160 4007 Lemovicensi
1208 3953 1504 4010 thesaurus
1537 3956 1795 4013 inventus
1838 3967 1940 4026 est,

331 4062 496 4119 quem
536 4044 646 4099 sibi
673 4043 917 4099 vindicat
950 4044 1353 4101 Lemovicensis
1391 4064 1599 4105 comes.
1640 4050 1944 4108 Richardus

330 4149 424 4189 rex
445 4132 765 4206 Anglorum,
794 4144 1044 4187 summus
1100 4133 1274 4204 ipsius
1315 4144 1457 4192 terre
1509 4138 1790 4211 princeps,
1825 4143 1945 4197 the-

327 4242 551 4283 saurum
592 4241 623 4280 a
652 4224 857 4281 comite
888 4224 1108 4296 repetit,
1138 4233 1223 4281 set
1260 4226 1486 4284 minime
1512 4229 1774 4286 obtinuit.
1809 4233 1944 4289 lude

330 4335 423 4375 rex
454 4317 845 4379 stomachatus,
896 4332 1020 4373 cum
1089 4325 1297 4374 armata
1334 4320 1691 4378 multitudine
1743 4326 1942 4380 castel-

2056 2227 2472 2282 Flandrensium
2502 2228 2556 2282 in
2590 2227 2726 2299 ipsis
2753 2229 2950 2284 diebus
2975 2229 3277 2285 nativitatis
3307 2230 3583 2287 dominica
3601 2233 3667 2286 ad

2051 2318 2382 2391 colloquium
2436 2320 2581 2390 apud
2646 2320 2808 2375 Perro
2836 2338 2938 2375 1.1m
2982 2330 3387 2389 convenerunt;
3429 2323 3526 2378 ubi
3572 2339 3668 2394 per

2052 2410 2215 2466 Marie
2243 2412 2519 2467 comitisse
2549 2412 2873 2467 industriam
2917 2412 3129 2468 firmam
3174 2413 3316 2468 inter
3365 2431 3427 2469 se
3448 2415 3667 2483 jurave-

2051 2513 2178 2562 runt
2207 2522 2419 2577 pacem,
2452 2523 2561 2579 que
2592 2524 2695 2579 pax
2725 2515 2780 2564 et
2810 2508 3037 2563 Francie
3077 2515 3133 2564 et
3176 2508 3428 2565 Flandrie
3469 2525 3665 2585 magna

2050 2594 2152 2649 fuit
2191 2611 2355 2651 causa
2414 2595 2616 2651 leticie.
2679 2596 2874 2652 Petrus
2930 2597 3227 2652 cardinalis
3292 2599 3669 2669 pertransiens

2053 2687 2446 2762 Burgundiam,
2481 2687 2821 2743 transcendit
2852 2689 3201 2759 Apenninum
3225 2696 3486 2745 montem.
3520 2690 3666 2745 Sen-

2050 2777 2302 2843 tentiam,
2327 2793 2491 2848 quam
2524 2777 2577 2831 in
2610 2777 2891 2832 Franciam
2921 2792 2988 2832 ex
3019 2778 3208 2833 domni
3237 2795 3378 2850 pape
3408 2788 3667 2852 precepto

2050 2867 2182 2921 dare
2222 2866 2512 2933 debuerat,
2556 2866 2633 2921 ibi
2675 2866 2849 2933 dedit,
2882 2873 2936 2921 et
2966 2882 3150 2941 regem
3183 2884 3305 2923 cum
3339 2870 3491 2924 omni
3524 2877 3669 2925 terra

2049 2974 2146 3012 sua
2180 2958 2427 3012 inaudita
2456 2958 2749 3013 severitate
2784 2957 3085 3014 interdixit.
3127 2959 3410 3015 lnterdicti
3443 2968 3668 3017 senten-

2054 3049 2183 3104 tiam
2207 3049 2430 3121 quidam
2482 3049 2730 3120 episcopi
2765 3049 3167 3106 ferventissime
3219 3051 3667 3117 observaverunt,

2054 3138 2395 3205 Parisiensis,
2448 3135 2901 3205 Silvanectensis,
2942 3139 3378 3207 Suessionensis,
3441 3141 3669 3196 Ambia-

2051 3229 2259 3293 nensis,
2312 3228 2726 3295 Attrebatensis,
2759 3236 2811 3284 et
2856 3229 2949 3284 alii
2980 3245 3215 3301 quorum
3251 3246 3362 3286 non
3398 3231 3668 3287 habemus

2050 3318 2331 3374 noticiam.
2369 3318 2475 3373 llos
2505 3334 2646 3389 papa
2677 3318 3032 3374 Innocentius
3071 3320 3224 3375 miris
3257 3335 3356 3391 per
3394 3321 3661 3392 epistolas

2053 3412 2162 3466 illis
2186 3411 2381 3466 missas
2412 3409 2570 3466 effert
2596 3411 2877 3478 laudibus,
2897 3420 3308 3484 contemptores
3330 3420 3514 3469 autem
3540 3430 3666 3470 ver-

2051 3500 2138 3555 bis
2166 3507 2333 3555 terret
2389 3499 2720 3556 minacibus.
2750 3499 3038 3572 Philippus
3090 3517 3181 3557 rex
3229 3502 3559 3558 Francorum
3613 3511 3669 3559 et

2024 3590 2333 3646 .Johannes
2361 3606 2455 3644 rex
2506 3589 2825 3664 Anglorum,
2868 3589 3170 3644 Balduinus
3207 3605 3429 3663 quoque
3481 3606 3668 3647 comes

2051 3678 2325 3746 Flandrie,
2359 3686 2415 3734 et
2442 3677 2598 3733 multi
2631 3678 2724 3732 alii
2758 3679 3043 3750 utriusque
3083 3679 3238 3754 regni
3274 3679 3575 3750 principes,
3608 3680 3663 3735 in

2051 3770 2290 3825 marchis
2321 3770 2543 3825 Francie
2575 3779 2629 3824 et
2667 3771 3064 3827 Northmannie
3095 3771 3165 3826 ad
3191 3779 3439 3827 mutuum
3472 3788 3668 3828 conve-

2050 3860 2208 3914 niunt
2256 3859 2611 3931 colloquium.
2662 3860 2739 3914 lbi
2793 3860 3100 3916 Ludovicus
3149 3876 3306 3932 puer,
3340 3860 3488 3916 ﬁlius
3519 3862 3664 3935 regis

2045 3951 2400 4018 Francorum,
2442 3965 2665 4006 uxorem
2706 3952 2919 4022 accepit
2966 3950 3136 4007 ﬁliam
3192 3952 3340 4028 regis
3381 3952 3666 4024 Hispania-

2049 4060 2191 4108 rum,
2219 4058 2343 4113 quae
2365 4050 2482 4098 erat
2512 4041 2624 4097 ﬁlia
2645 4044 2853 4100 sororis
2872 4044 3142 4099 Johannis
3170 4045 3318 4117 regis
3337 4044 3657 4119 Anglorum.

2048 4132 2131 4186 lbi
2163 4148 2265 4202 pax
2307 4129 2464 4186 ﬁrma
2521 4130 2730 4187 ﬁrmata
2761 4140 2843 4187 est
2871 4132 3021 4187 inter
3053 4148 3212 4207 reges
3256 4140 3311 4187 et
3363 4133 3640 4205 principes

2046 4222 2176 4277 Nam
2208 4221 2491 4277 Johannes
2522 4237 2613 4277 rex
2644 4221 2939 4297 Anglorum
2961 4220 3239 4296 guerpivit
3263 4220 3412 4292 (475)
3439 4222 3663 4278 castella

2044 4313 2355 4369 Wilcassini
2389 4313 2537 4388 pagi,
2570 4313 2869 4369 Gisortium
2902 4313 3115 4368 scilicet
3142 4319 3197 4367 et
3216 4312 3347 4379 alia,
3380 4314 3529 4368 unde
3551 4320 3661 4369 tota

325 4408 437 4463 lum
479 4405 729 4476 ejusdem
760 4405 978 4461 comitis
1023 4413 1076 4461 et
1106 4406 1229 4477 ipse
1277 4416 1516 4464 armatus
1545 4411 1793 4478 obsedit;
1844 4413 1939 4468 ubi
1967 4476 1998 4478 μ
2042 4403 2372 4477 gucrraiam
2408 4418 2506 4473 ΡθΓ
2536 4402 2736 4457 miluos
2766 4417 2942 4456 annos
2974 4401 3118 4457 inter
3153 4402 3441 4472 utriusque
3500 4404 3655 4475 mgni

327 4501 437 4555 ictu
463 4498 661 4555 baliste
691 4498 967 4571 quendam
1028 4476 1319 4570 percutere
1364 4500 1506 4556 idem
1553 4517 1648 4557 rex
1691 4476 1943 4576 cupiens,
1965 4476 2020 4545 θ
2047 4476 2205 4564 ὲθευε
2242 4492 2461 4548 fueram
2490 4493 2781 4567 exagitata
2835 4492 3163 4548 Οοῑθνίδηυδ
3198 4492 3496 4564 episcopus
3553 4492 3659 4548 δυ’

324 4588 393 4643 ab
424 4589 621 4644 eodem
657 4588 850 4643 eadem
898 4587 1094 4643 balista
1124 4588 1179 4642 in
1209 4590 1436 4659 scapula
1466 4607 1782 4663 percussus,
1818 4601 1940 4665 post
2039 4581 2265 4637 stiensis
2303 4582 2372 4637 ab
2425 4582 2745 4638 Innocentio
2802 4598 2947 4653 papa
3000 4582 3236 4638 mittitur
3267 4582 3323 4636 in
3375 4581 3657 4637 Franciam

325 4680 446 4735 dies
476 4680 506 4733 7
538 4679 697 4744 obiit,
728 4686 782 4735 ct
812 4679 957 4750 apud
998 4679 1225 4735 Fontem
1257 4681 1476 4737 Ebraldi
1506 4699 1629 4738 cum
1662 4691 1815 4756 patre
1836 4701 1937 4742 suo

320 4767 659 4838 sepulturam
711 4769 946 4839 accepit.
999 4768 1094 4824 Cui
1137 4771 1402 4827 successit
1429 4771 1483 4826 in
1518 4789 1689 4848 regno
1726 4774 1938 4830 Johan-

324 4872 424 4911 nes
475 4855 642 4910 frater
684 4856 839 4925 ejus;
899 4856 992 4929 qui
1034 4874 1311 4933 gucrram,
1369 4877 1532 4933 quam
1596 4862 1765 4918 frater
1813 4864 1936 4931 ejus

321 4948 626 5005 Richardus
653 4956 843 5005 contra
874 4965 1059 5024 regem
1107 4951 1433 5008 Francorum
1474 4954 1709 5010 viriliter
1737 4964 1794 5011 et
1823 4973 1932 5029 po-

322 5043 503 5093 tenter
555 5044 895 5102 exercuerat,
940 5039 1186 5113 segniter
1228 5051 1605 5113 persequtus.,
1652 5044 1721 5099 ad
1789 5046 1928 5100 ulti-

2041 4674 2280 4751 legatus;
2335 4692 2497 4748 quem
2532 4691 2623 4731 rex
2662 4675 2993 4730 Francorum
3056 4673 3362 4731 honoriﬁce
3386 4676 3654 4745 suscepit,

2039 4779 2094 4826 et
2124 4771 2510 4847 lngelburgem
2539 4769 2786 4845 reginam
2821 4785 2920 4840 per
2938 4776 3257 4841 preceptum
3292 4768 3484 4825 domni
3514 4784 3658 4839 pape

2036 4863 2205 4918 verbo
2238 4870 2399 4917 tenus
2433 4861 2540 4916 sibi
2589 4861 2898 4927 resociavit,
2928 4860 3379 4932 superinductam
3433 4857 3658 4927 abjura-

2035 4956 2131 5020 vit,
2160 4960 2215 5010 et
2246 4954 2327 5009 sic
2347 4964 2545 5009 terram
2577 4953 2722 5027 regis
2748 4953 3076 5008 Francorum
3109 4952 3178 5006 ab
3222 4949 3514 5007 interdictu
3546 4949 3658 5003 ab-

2032 5043 2212 5100 solvit.

322 5141 471 5180 mum
509 5141 633 5181 cum
660 5141 791 5199 rege
831 5141 1021 5197 pacem
1079 5126 1310 5195 faciens,
1379 5131 1707 5204 episcOpum
1741 5134 1934 5190 Belva-
2111 5134 2271 5191 1201.
2702 5132 2794 5187 21.
3227 5131 3281 5184 2.

322 5234 545 5275 censem
580 5225 637 5275 et
684 5219 823 5277 alios
862 5221 1108 5292 captivos
1135 5221 1319 5289 solvit,
1348 5229 1403 5278 et
1450 5226 1565 5297 regi
1600 5226 1930 5283 Francorum
2105 5228 2343 5299 Hyemps
2372 5225 2440 5261 ⁴⁶⁰
2471 5240 2576 5281 nec
2602 5224 2786 5281 mollis
2817 5239 2919 5281 nec
2949 5224 3116 5279 nimis
3145 5237 3365 5294 aspera,
3394 5228 3480 5277 set
3507 5221 3655 5276 inter

1671 5327 1892 5384 VARl/E
1921 5328 2194 5385 LECTION
2201 5329 2299 5384 ES.

393 5421 648 5500 ωομτιηίσ
666 5438 879 5500 annum
898 5424 1083 5500 eadem
1105 5440 1306 5500 manus
1330 5432 1448 5495 post
1492 5427 1717 5500 addidit,
1769 5435 2076 5500 atramento
2101 5430 2385 5500 paululum
2416 5429 2540 5484 alio.
2573 5428 2771 5483 Eadem
2800 5441 2869 5481 αι
2902 5430 3083 5481 nostro
3108 5424 3371 5492 desa'ipta
3394 5421 3653 5490 leguntur

325 5495 384 5548 in
399 5493 572 5549 codice
596 5498 859 5550 Duacensz'
887 5511 945 5549 η.
977 5496 1103 5564 840,
1135 5503 1186 5552 et
1201 5493 1412 5551 inde'in
1436 5493 1861 5554 Ambianensin.
1892 5498 2016 5556 386.

1882 5592 2088 5648 NOTAE.

394 5679 539 5757 ([Ιῇ
580 5678 658 5757 _L_c
674 5680 863 5757 chin,
890 5682 1031 5757 inter
1057 5683 1342 5752 lndellam,
1370 5684 1569 5740 lsaram
1595 5694 1649 5741 et
1668 5686 1851 5757 Sequa
1865 5701 2012 5741 nam.

393 5749 539 5825 (475)
579 5750 637 5805 ld
676 5760 782 5824 est,
804 5753 1067 5808 deseruit.
