3894 6070
254 273 363 329 345

1198 274 1554 329 canorum.
1600 304 1660 315 —
1707 273 2138 331 CONTINUATIO
2178 260 2661 338 AQUlClNCTlNA.

3486 270 3591 326 3$6

251 402 550 466 utrumque
607 393 710 449 fuit
765 400 1084 466 temperata.
1142 396 1454 465 Januarius,
1519 397 1868 466 Februarius,
1899 403 1947 471 Α
1973 397 2077 453 bus
2101 395 2506 468 campanilibus
2524 410 2647 450 cum
2679 394 2938 450 undecim
2965 393 3252 465 campanis
3289 393 3592 451 studiosius

250 485 497 552 Martius,
529 485 730 556 Aprilis
755 493 809 540 et
839 485 1012 542 Maius
1041 487 1270 560 gratiosi
1303 488 1458 545 fuere
1489 498 1543 546 et
1570 490 1866 546 naturales.

249 577 535 633 Hediante
582 566 774 632 mense
806 577 1019 645 Martio,
1054 574 1382 637 Octavianus
1412 583 1729 647 eardinalis,
1790 598 1872 637 ar-

249 664 621 736 chiepiscopi,
647 664 921 736 episcOpi,
945 681 1068 720 cum
1085 667 1338 740 Philippo
1360 686 1490 745 rege
1520 672 1871 738 Francorum,

252 758 314 812 in
348 756 489 813 urbe
519 756 870 823 Suessonica,
911 773 1035 812 cum
1070 759 1363 816 innumera
1389 763 1523 818 cleri
1576 771 1627 818 et
1679 764 1868 835 populi

254 845 611 900 multitudine
640 845 997 910 conveniunt,
1032 854 1091 901 ut
1115 847 1185 902 de
1217 850 1361 922 regis
1393 857 1447 904 et
1475 850 1663 925 regine
1693 852 1875 907 divor-

256 938 333 994 tio
360 945 571 992 certum
603 943 658 992 et
696 938 906 1007 justum
959 939 1113 1007 juxta
1145 940 1453 997 lnnocentii
1494 959 1632 1013 pape
1690 959 1874 1013 prece.

249 1036 407 1100 ptum
440 1028 713 1100 agitarent
736 1028 1028 1096 judicium.
1080 1029 1187 1085 Sed
1228 1031 1359 1102 quia
1379 1032 1661 1089 Johannes
1687 1035 1872 1089 cardi-

247 1122 393 1177 nalis
438 1122 623 1177 sancti
661 1122 832 1189 Pauli,
864 1125 1172 1179 monachus
1212 1126 1390 1180 nostri
1449 1128 1681 1193 ordinis,
1730 1144 1873 1184 non-

245 1214 378 1269 dum
399 1214 719 1279 advenerat,
751 1214 839 1270 cui
884 1215 986 1271 hec
1014 1231 1180 1271 causa
1209 1218 1278 1295 ab
1326 1219 1632 1288 apostolico
1666 1220 1871 1291 princi-

247 1306 446 1378 paliter
500 1306 795 1362 commissa
866 1306 1065 1374 fuerat,
1150 1310 1490 1382 colloquium
1572 1312 1873 1382 proteletur

246 1414 427 1471 usque
453 1398 522 1453 ad
538 1398 832 1453 adventum
859 1399 998 1467 ejus.
1034 1399 1135 1464 Qui
1166 1400 1471 1456 adveniens
1496 1419 1686 1461 mense
1710 1403 1867 1470 Maio,

247 1507 376 1546 cum
416 1506 619 1565 magno
651 1490 708 1544 in
764 1491 1012 1561 predicta
1067 1492 1450 1549 Suessionensi
1497 1496 1632 1550 urbe
1657 1513 1689 1551 a
1718 1512 1866 1569 rege,

248 1578 690 1650 archiepiscopis
742 1586 797 1634 et
826 1580 1130 1651 episcOpis,
1162 1581 1219 1635 in
1260 1582 1495 1638 ecclesia
1551 1592 1867 1640 sanctorum

247 1676 550 1738 martyrum
592 1666 831 1722 Gervasii
879 1674 936 1723 et
978 1668 1269 1738 Prothasii,
1317 1672 1588 1743 excipitur
1638 1674 1872 1747 gaudio;

1973 489 2254 563 insignivit
2298 490 2377 557 (Α.
2420 487 2653 558 Αιιιιίσ.).
2687 487 2917 558 Insuper
2971 486 3178 542 multos
3222 484 3473 542 redditus
3499 500 3592 542 ac-

1971 579 2216 652 quisivit.
2285 580 2394 635 Hoc
2441 579 2606 633 etiam
2662 593 2806 632 anno
2841 576 3345 649 Constantinopolis
3395 577 3591 633 civitas

1974 681 2132 745 capta
2181 681 2264 727 est
2294 689 2326 728 a
2373 672 2570 728 comite
2621 671 2889 726 Balduino
2927 669 3155 727 domino
3189 670 3507 725 Flandrensi
3535 677 3592 726 et

1976 765 2296 830 Hainoensi;
2330 765 2389 820 in
2421 780 2529 836 qua
2585 763 2805 819 civitate
2867 777 2965 833 per
2996 762 3088 818 Dei
3119 762 3355 835 gratiam
3381 761 3591 817 electus

1973 866 2029 912 et
2082 863 2437 914 consecratus
2495 862 2579 912 est
2631 855 2933 927 imperator
2980 862 3034 909 et
3065 860 3333 928 angustus
3392 854 3589 909 Roma-

1973 962 2167 1001 norum
2186 986 2199 1001 ο

2046 1038 2201 1093 1208.
2234 1039 2343 1094 Hoc
2382 1055 2526 1094 anno
2546 1040 2853 1095 Willelmus
2882 1045 3075 1095 nosteo
3101 1036 3275 1093 abbas
3306 1037 3449 1102 llus,
3490 1036 3590 1091 ab-

1975 1128 2073 1182 bas
2099 1128 2281 1182 Sancti
2325 1128 2554 1182 Amandi
2606 1126 2877 1193 efﬁcitur;
2931 1127 3019 1182 cui
3051 1126 3322 1182 successit
3352 1125 3591 1182 domnus

1974 1219 2177 1290 Symon
2209 1219 2380 1274 abbas
2409 1220 2557 1285 12ιιε,
2581 1219 2652 1273 de
2682 1234 2791 1290 quo
2817 1235 2981 1289 supra
3006 1218 3265 1273 diximus.

2046 1308 2201 1363 1212.
2257 1308 2577 1362 Fernandus
2632 1308 2699 1361 de
2731 1306 3025 1382 Portugalli
3084 1305 3298 1378 accepit
3320 1306 3585 1362 Johanam

1972 1401 2308 1456 comitissam
2340 1402 2731 1456 Flandrensem
2765 1407 2820 1456 et
2852 1401 3263 1456 Hainoiensem.

2041 1494 2179 1548 1213
2243 1494 2352 1549 Hoc
2414 1509 2559 1548 anno
2610 1494 2756 1563 cepit
2813 1492 3070 1548 editicare
3109 1492 3346 1547 domnus
3384 1490 3588 1563 Symon

1968 1587 2141 1642 abbas
2193 1588 2315 1642 1208
2353 1589 2675 1643 claustrum.
2737 1587 2951 1641 Grande
3008 1586 3216 1641 bellum
3288 1584 3392 1639 fuit
3447 1584 3591 1639 inter

1977 1679 2285 1750 Philippum
2330 1696 2515 1753 regem
2553 1680 2877 1734 Francorum
2911 1684 2965 1734 et
3010 1694 3142 1733 suos
3184 1694 3249 1732 ex
3278 1693 3387 1731 una
3410 1685 3586 1747 parte,

246 1761 337 1816 cui
371 1760 559 1817 oblata
589 1770 967 1816 suntmunera
997 1778 1026 1817 a
1065 1778 1217 1837 rege,
1246 1770 1331 1818 set
1358 1765 1449 1820 ille
1474 1767 1656 1836 justus
1679 1784 1876 1823 manus
1901 1761 1950 1828 Β
1974 1776 2028 1822 et
2058 1769 2403 1824 Fernandum
2436 1777 2491 1825 et
2538 1770 2903 1825 Flandrenses
2955 1777 3009 1824 et
3037 1768 3305 1824 Othonem
3351 1768 3589 1839 impera-

241 1868 378 1906 suas
405 1851 646 1907 excussit
691 1852 760 1906 ab
790 1852 912 1922 ejus
945 1869 1191 1908 munere.
1236 1856 1311 1909 Ad
1370 1855 1705 1928 colloquium
1734 1874 1867 1913 con-

239 1942 496 1998 veniunt.
531 1943 640 1997 Rex
680 1943 914 1999 vallatus
941 1951 995 1999 et
1024 1955 1265 2000 armatus
1287 1948 1643 2002 multitudine
1700 1950 1868 2006 advo-

246 2038 524 2097 catorum,
554 2031 648 2103 qui
680 2046 900 2087 causam
922 2048 1077 2088 suam
1103 2049 1201 2105 pro
1230 2049 1331 2090 suo
1351 2034 1493 2090 velle
1524 2047 1865 2107 perorarent,

240 2123 518 2189 accessit;
547 2130 740 2198 reglna
777 2140 908 2179 vero
934 2125 1072 2191 sola,
1106 2127 1242 2195 proh
1284 2126 1472 2182 dolor!
1508 2128 1719 2184 nullum
1740 2146 1868 2200 pre-

242 2222 331 2267 ter
352 2213 524 2267 Deum
557 2213 772 2268 habens
802 2213 1123 2269 advocatum
1150 2216 1322 2271 venit.
1356 2215 1599 2288 Cumque
1632 2218 1688 2272 in
1719 2225 1867 2276 tanta

243 2306 602 2361 multitudine
628 2307 814 2362 nullus
840 2317 1005 2372 esset,
1038 2310 1131 2381 qui
1165 2325 1265 2381 pro
1305 2327 1390 2375 ea,
1423 2319 1573 2367 metu
1604 2314 1771 2389 regis,
1800 2315 1865 2369 li-

248 2396 475 2471 tigaret,
519 2398 745 2469 quidam
803 2398 1026 2473 ignotus
1068 2415 1276 2473 pauper
1326 2401 1561 2457 clericus
1606 2406 1864 2471 e‘medio

241 2500 503 2559 surgens,
537 2484 758 2541 licentia
813 2487 959 2561 regis
1001 2494 1055 2542 et
1091 2488 1477 2556 cardinalium,
1521 2506 1738 2546 causam
1779 2509 1866 2547 re-

239 2573 377 2648 gine
431 2572 508 2627 ita
566 2573 960 2629 litteratissime
992 2575 1321 2642 dilucitavit,
1378 2584 1437 2632 ut
1488 2577 1593 2650 ipsi
1663 2580 1778 2651 regi
1812 2589 1867 2636 et

240 2664 624 2720 eardinalibus
654 2666 1026 2738 omnibusque
1082 2668 1362 2739 episcopis
1411 2668 1566 2725 fieret
1618 2670 1861 2727 admira-

242 2757 405 2812 tioni.
430 2757 531 2822 Qui
560 2766 682 2828 post
710 2774 812 2813 nec
841 2765 968 2813 ante
1025 2760 1080 2813 in
1129 2761 1325 2815 eadem
1376 2759 1598 2818 civitate
1638 2778 1669 2816 a
1708 2763 1859 2820 nullo

241 2845 455 2901 dicitur
480 2846 633 2901 visus
660 2845 844 2902 fuisse.
878 2846 989 2902 Rex
1030 2862 1160 2903 vero
1192 2863 1302 2904 non
1334 2856 1625 2920 expectato
1655 2867 1861 2907 secun-

243 2943 378 2998 dum
416 2944 639 2999 decreta
676 2950 990 3000 sanctorum
1031 2945 1251 3000 Patrum
1286 2946 1666 3002 ecclesiastico
1704 2946 1861 3016 judi-

1969 1863 2144 1912 torem
2170 1858 2489 1913 Alemannie
2519 1873 2586 1912 ex
2623 1858 2751 1925 alia,
2778 1858 2924 1929 apud
2957 1865 3178 1929 pontem
3212 1857 3539 1913 Bovinarum
3570 1874 3585 1923 ;

1968 1949 2066 2003 sed
2091 1948 2278 2003 Franci
2307 1949 2593 2004 victoriam
2624 1950 2939 2004 habuerunt
2970 1951 3093 2020 (an.
3142 1950 3280 2003 1214
3317 1951 3427 2004 Jul.
3470 1949 3584 2017 27).

1969 2038 2082 2103 Qua
2135 2038 2271 2103 visa,
2306 2037 2442 2093 Otho
2482 2053 2606 2092 cum
2655 2038 2987 2109 quibusdam
3045 2038 3114 2093 de
3165 2038 3283 2092 suis
3310 2038 3582 2105 recessit;

1968 2129 2289 2184 Fernandus
2314 2137 2494 2184 autem
2528 2136 2583 2183 et
2614 2128 2915 2183 Rainaldus
2959 2144 3144 2183 comes
3189 2128 3435 2192 Bolonie,
3487 2128 3583 2199 qui

1967 2236 2091 2278 cum
2122 2237 2190 2277 eo
2220 2228 2359 2287 erat,
2392 2228 2447 2276 et
2477 2220 2783 2275 Wilckinus
2834 2236 3021 2276 comes
3080 2218 3387 2285 llollandie,
3435 2220 3581 2290 capti

1968 2314 2190 2369 fuerunt
2239 2314 2293 2368 in
2324 2314 2447 2385 ipso
2507 2314 2701 2385 prelio.
2735 2313 2840 2368 Sed
2871 2311 3222 2383 postmodum
3260 2311 3583 2366 Fernandus

1969 2421 2067 2474 per
2096 2404 2363 2458 illustram
2393 2404 2462 2438 ⁸⁵³
2498 2419 2720 2459 uxorem
2762 2419 2917 2459 suam
2955 2402 3289 2465 Johannam,
3334 2401 3581 2456 comitis-

1965 2507 2081 2545 sam
2142 2491 2461 2556 Flandrie,a
2514 2491 2770 2561 captione
2837 2490 2986 2562 regis
3040 2489 3375 2542 Francorum
3456 2502 3585 2556 pre-

1952 2582 2051 2638 -cio
2083 2598 2194 2637 non
2220 2582 2440 2638 modico
2472 2591 2555 2636 est
2586 2582 2923 2651 redemptus.
2947 2580 3143 2635 Comes
3181 2594 3311 2634 vero
3361 2577 3585 2632 Bolonie

1966 2671 2021 2724 in
2073 2671 2312 2742 quodam
2369 2678 2547 2725 castro
2595 2669 2699 2724 sito
2754 2668 2810 2722 in
2856 2668 3132 2739 Sequana,
3177 2666 3326 2737 quod
3387 2665 3588 2721 dicitur

1965 2763 2181 2827 Goulet,
2212 2762 2317 2817 sub
2346 2763 2601 2818 Vernone
2632 2761 2720 2827 ⁸⁸³,
2762 2760 3038 2831 expiravit
3069 2760 3235 2826 (476}.

2033 2851 2191 2907 1216.
2249 2850 2579 2916 Ludovicus,
2660 2848 3063 2921 primogentius
3143 2846 3378 2917 Philippi
3440 2846 3585 2921 regis

1963 2941 2209 3008 Francie,
2263 2942 2511 3016 Angliam
2561 2941 2801 3005 intravit,
2852 2939 3091 3011 quedam
3144 2938 3369 2993 castella
3402 2938 3581 3007 cepit;

240 3033 355 3096 cio,
389 3033 617 3088 recessit
654 3048 684 3086 a
728 3032 1030 3105 colloquio.
1071 3034 1388 3090 Cardinales
1412 3036 1579 3091 etiam
1634 3044 1688 3093 et
1739 3036 1862 3108 epi-
1894 3083 1938 3108 η
1962 3035 2060 3089 sed
2092 3051 2239 3091 anno
2269 3036 2523 3107 sequenti
2560 3050 2656 3106 per
2685 3041 3002 3106 preceptum
3026 3032 3212 3088 domni
3241 3046 3379 3103 pape
3398 3031 3583 3086 Hono-

238 3123 398 3194 scopi
431 3124 634 3179 reversi
659 3133 789 3181 sunt
817 3125 885 3180 ad
915 3126 1157 3198 propria,
1192 3143 1354 3183 causa
1396 3129 1641 3184 nondum
1674 3130 1859 3184 termi-

244 3223 380 3271 nata
409 3216 472 3250 “'
485 3256 498 3269 .

1892 3083 1941 3151 Ο

1965 3123 2028 3177 rii
2056 3124 2223 3178 rediit
2257 3125 2311 3178 in
2346 3115 2653 3179 Franciam.

2040 3212 2195 3268 1218.
2255 3212 2504 3267 Monachi
2567 3212 3028 3283 Aquicinctenses
3092 3211 3435 3265 intraverunt
3484 3224 3585 3264 no-

317 3305 401 3371 (Α.
442 3307 652 3376 Aquis.)
711 3304 855 3360 Obiit
885 3306 1124 3362 domnus
1176 3309 1402 3379 Symon,
1464 3315 1649 3365 noster
1694 3309 1862 3365 abbas
1961 3316 2089 3356 vum
2120 3302 2374 3365 chorum,
2418 3311 2675 3373 presentc
2717 3300 3019 3357 venerabili
3060 3300 3323 3371 episcopo
3364 3298 3582 3354 Ambia-

236 3398 356 3463 Ωιιε,
380 3396 468 3451 cui
509 3397 783 3452 successit
810 3398 1049 3454 domnus
1082 3399 1248 3454 Adam
1278 3401 1549 3455 decimus.

314 3490 472 3545 1203.
505 3490 753 3547 Monachi
787 3493 964 3562 primo
1017 3493 1359 3549 intraverunt
1391 3494 1447 3548 in
1485 3510 1737 3569 magnam
1769 3511 1858 3550 ec-

238 3582 491 3649 clesiam,
523 3583 801 3639 dominica
830 3584 888 3639 in
921 3585 1117 3657 palmis

320 3668 477 3725 1204.
529 3670 770 3726 Domnus
824 3672 1015 3739 Adam,
1057 3682 1244 3728 noster
1285 3673 1408 3729 1Οιιει
1429 3672 1621 3740 abbas,
1691 3673 1860 3739 obiit;

237 3758 333 3814 eui
362 3758 632 3814 successit
670 3759 907 3815 domnus
956 3761 1264 3817 Willelmus
1315 3763 1460 3826 1108,
1515 3762 1863 3833 postmodum

239 3846 421 3901 abbas
460 3846 644 3903 Sancti
675 3848 935 3916 Amandi;
985 3857 1041 3905 et
1080 3850 1306 3907 Romam
1338 3850 1618 3923 profectus
1646 3860 1702 3907 et
1732 3851 1861 3907 inde

240 3939 494 4008 rediens,
548 3940 724 3995 factus
767 3948 852 3997 est
892 3944 1198 3998 monachus
1254 3943 1693 3999 Clarevallensis.
1738 3945 1864 4013 ipso

248 4037 435 4086 autem
468 4030 609 4087 facto
641 4032 838 4088 abbate
868 4034 1055 4089 Sancti
1094 4035 1345 4098 Amandi,
1389 4036 1627 4091 domnus
1659 4035 1865 4107 Symon

247 4118 425 4173 abbas
452 4119 572 4173 12η·
600 4120 653 4174 ei
684 4122 982 4187 successit;
1025 4123 1119 4194 qui
1152 4123 1206 4177 in
1243 4130 1492 4194 tempore
1538 4138 1639 4178 suo
1666 4124 1866 4178 multas

245 4215 467 4265 veteres
504 4208 753 4265 officinas
785 4212 1095 4281 prostravit,
1154 4220 1209 4266 et
1263 4227 1433 4267 novas
1485 4211 1868 4267 edificationes

247 4302 452 4356 multas
481 4302 804 4368 construxit,
827 4308 882 4358 et
901 4304 1068 4358 etiam
1091 4304 1255 4360 sedes
1288 4304 1343 4359 in
1378 4305 1548 4360 choro
1578 4310 1865 4374 sumptuo-

245 4410 339 4448 sas
368 4399 422 4447 et
451 4393 754 4450 laudabiles
781 4401 835 4450 et
862 4396 1138 4450 honestas.
1174 4395 1456 4453 Ediﬁcavit
1489 4397 1654 4451 etiam
1682 4395 1868 4466 capel-

1967 3394 2125 3449 nensi
2168 3394 2464 3461 Everardo,
2497 3395 2554 3449 in
2593 3394 2781 3465 vigilia
2811 3394 3007 3447 natalis
3039 3393 3274 3448 Domini.

2036 3482 2175 3538 1219
2229 3484 2498 3538 llonorius
2529 3498 2671 3553 papa
2708 3482 2776 3535 lll
2808 3481 3083 3537 concessit
3115 3482 3319 3535 domno
3359 3481 3583 3550 Symoni

1963 3570 2149 3625 abbati
2199 3570 2608 3641 Aquicinctensi
2658 3569 2990 3625 duodecimo
3047 3576 3101 3623 et
3154 3568 3582 3624 successoribus

1964 3666 2085 3734 ejus
2114 3682 2270 3720 usqu
2298 3665 2457 3720 mitre
2486 3672 2540 3720 et
2562 3664 2736 3731 anuli,
2761 3680 2885 3719 cum
2913 3664 3245 3736 quibusdam
3276 3662 3583 3737 privilegiis

1964 3764 2019 3812 et
2048 3756 2430 3829 indulgentiis.

2037 3845 2194 3901 1222.
2252 3846 2361 3901 Hoc
2401 3860 2547 3901 anno
2580 3848 2726 3917 jacta
2770 3852 2898 3901 sunt
2928 3844 3292 3900 fundamenta
3342 3840 3581 3899 ecclesie

1964 3941 2124 3997 beate
2153 3939 2317 3996 Marie
2342 3941 2411 3996 14
2435 3939 2548 3995 Kal.
2581 3940 2725 4007 Maii,
2757 3940 2892 3995 feria
2919 3940 2973 4016 2.

2036 4030 2195 4085 1223.
2241 4030 2525 4101 Philippus
2574 4029 2800 4086 inclitus
2847 4045 2938 4084 rex
2990 4028 3213 4084 Francie
3261 4027 3429 4094 obiit;
3498 4026 3586 4081 cui

1966 4122 2210 4177 successi
2240 4122 2640 4196 primogenitus
2669 4121 2790 4191 ejus
2822 4121 3148 4177 Ludovicus.

2038 4214 2197 4269 1224.
2246 4214 2353 4269 Hoc
2395 4229 2540 4269 anno
2597 4214 2652 4269 in
2712 4213 3139 4287 quadragesima
3168 4211 3320 4267 venit
3357 4210 3582 4282 quidam

1968 4303 2213 4378 ignotus,
2242 4313 2298 4358 et
2346 4310 2623 4375 tamquam
2659 4302 2932 4357 heremita
2991 4300 3258 4355 habitavit
3298 4299 3353 4352 in
3385 4297 3587 4353 foresta

1969 4391 2040 4446 de
2072 4391 2352 4446 Glauchon
2376 4391 2530 4462 juxta
2560 4390 2861 4463 Mortaigne
2909 4388 3094 4459 (477);
3136 4394 3192 4441 et
3234 4386 3456 4440 tandem
3494 4400 3586 4439 re-

247 4483 357 4536 lam
391 4482 448 4537 in
480 4483 691 4539 honore
722 4483 881 4539 beate
920 4484 1180 4559 Virginis,
1213 4501 1323 4557 qne
1362 4486 1646 4541 honestate
1684 4458 1784 4539 sua
1809 4492 1864 4540 et
1884 4458 1940 4528 D
1964 4482 2165 4538 velavit
2190 4458 2709 4554 quibusdam,quod
2742 4458 2862 4551 ipse
2895 4458 3011 4533 erat
3038 4476 3361 4541 Balduinus,
3392 4490 3583 4530 comes

249 4571 666 4642 pulchritudine
722 4572 1056 4629 intuentium
1091 4575 1282 4630 oculos
1356 4581 1537 4646 potest
1591 4575 1867 4631 morosius

245 4666 519 4723 detinere.
545 4667 823 4738 lnceptam
851 4668 1017 4723 etiam
1044 4670 1336 4724 ecclesiam
1363 4670 1432 4724 ab
1459 4670 1730 4725 avunculo
1764 4685 1865 4725 suo

247 4757 573 4828 Symmone,
604 4772 752 4812 nono
795 4758 1012 4823 abbate,
1066 4758 1241 4814 multo
1279 4758 1468 4814 labore
1520 4765 1576 4813 et
1604 4761 1865 4830 expensis

247 4860 363 4901 non
389 4845 624 4901 modicis
662 4846 901 4903 feliciter
926 4847 1350 4914 consummavit,
1381 4848 1525 4904 sicut
1552 4848 1730 4905 adhuc
1761 4866 1864 4920 po-

244 4942 356 4992 test
378 4934 696 4992 evidentius
723 4951 1016 5008 apparere,
1040 4945 1096 4992 et
1121 4937 1371 4992 eamdem
1401 4938 1690 4995 ecclesiam
1722 4939 1865 4996 duo-

1968 4573 2218 4628 Flandrie
2254 4580 2308 4628 et
2340 4573 2570 4629 llainoie
2601 4578 2656 4627 et
2685 4572 2986 4641 imperator
3013 4566 3585 4637 Constantinopolita-

1966 4683 2089 4723 nus.
2115 4667 2232 4733 Quo
2262 4666 2473 4733 audito,
2505 4665 2726 4737 quidam
2752 4663 2971 4719 nobiles
3010 4662 3368 4717 crediderunt
3397 4660 3585 4715 verbis

1967 4763 2163 4833 ipsius,
2196 4759 2474 4815 duxerunt
2529 4773 2653 4812 cum
2695 4756 3070 4812 Valenchenas
3121 4772 3245 4811 cum
3289 4756 3498 4811 honore
3529 4763 3586 4810 et

1967 4866 2092 4907 eum
2125 4849 2204 4904 ibi
2226 4853 2502 4911 ornatum,
2526 4846 2669 4901 sicut
2706 4844 2942 4900 decebat
2968 4845 3351 4916 imperatorem
3392 4851 3447 4899 et
3484 4858 3584 4899 co-

1964 4943 2176 5010 mitem,
2205 4942 2478 4997 duxerunt
2509 4957 2606 5012 per
2630 4940 2980 5007 Flandriam;
3006 4947 3061 4996 et
3086 4941 3241 4995 multi
3274 4939 3582 4994 Flandren-

1602 5068 1818 5124 VAth‘E
1849 5068 2225 5127 LECTIONBS.

319 5164 387 5199 3“
420 5168 517 5220 Hic
543 5166 740 5221 desinit
779 5182 1001 5222 mnus.
1047 5170 1346 5243 διειιιιεεηιὶιῑ⁸
1369 5174 1585 5241 scripsit
1610 5186 1712 5243 sec.
1738 5187 1868 5243 xm.
1903 5176 1983 5227 in.
2028 5174 2170 5243 alius
2197 5175 2420 5243 quidam
2472 5177 2657 5230 omnia
2696 5186 2805 5228 imo
2836 5179 3037 5239 tractu,
3066 5185 3190 5243 inec
3222 5169 3426 5243 habitu
3474 5181 3581 5243 nec

244 5242 560 5313 atramento
586 5253 832 5313 unquam
854 5245 1113 5313 Amututo;
1154 5245 1206 5294 et
1233 5240 1395 5295 verba
1417 5239 1632 5311 quidem
1656 5242 1799 5298 obiit
1854 5274 1924 5283 —
1947 5239 2286 5300 decimus—in
2314 5260 2531 5300 rasura.
2574 5249 2656 5300 Ea:
2682 5246 2764 5300 his
2791 5260 2876 5309 ea,
2914 5258 3033 5313 qua:
3060 5242 3251 5296 litteris
3277 5239 3579 5313 minoribus

245 5311 633 5384 expressimus,
659 5310 732 5384 qd
751 5310 980 5384 verbum,
998 5312 1279 5384 descripsit
1300 5326 1370 5366 ex
1396 5310 1689 5369 annalibus
1714 5316 2136 5384 Aquicinctiuis,
2168 5317 2262 5372 ubi
2290 5318 2476 5372 eadem
2502 5317 2690 5372 multis
2729 5310 2985 5371 manibus
3008 5314 3192 5369 οοωυις
3233 5315 3463 5365 exarata
3489 5310 3573 5365 le-

240 5384 472 5447 guntur.
565 5380 635 5414 ⁴⁶²
663 5382 742 5435 ita
768 5381 879 5437 cod.
968 5382 1037 5416 ⁸⁸³
1067 5380 1170 5436 sub
1200 5385 1387 5438 unone
1421 5385 1535 5439 cod.

1808 5484 2018 5544 ΝΟΤελΕ.

314 5581 461 5652 (476)
501 5585 591 5659 A.__
634 5584 789 5641 1227.
830 5584 1089 5659 Plerique
1149 5587 1404 5643 Perrona:
1471 5594 1688 5659 captum
1747 5607 1893 5647 mor-

239 5660 512 5725 tuumque
538 5653 753 5711 dicunt.

2077 5591 2222 5660 (477)
2254 5592 2312 5647 ln
2345 5592 2572 5668 regione
2600 5590 2956 5649 Tornacensi.
