3894 6070
313 276 416 333 347

1525 273 1867 329 SlGEBERTl
1908 272 2418 327 GEMBLACENSIS.

3531 275 3640 332 348

309 417 402 457 ses
428 402 678 458 fecerunt
707 403 755 457 ei
807 401 1120 474 homagium
1161 401 1308 456 sicut
1341 400 1550 465 comiti,
1611 407 1666 456 et
1696 401 1916 455 tandem
1943 401 2343 473 AAlbigenses
2394 415 2518 454 cum
2570 399 2757 454 multis
2832 400 3134 466 nobilibus,
3198 407 3305 455 tam
3357 401 3641 474 episcopis

312 496 532 552 intravit
567 496 802 552 insulam
850 512 975 552 cum
1016 497 1251 550 maximo
1295 495 1557 551 comitatu
1589 504 1643 550 et
1689 511 1922 566 appara-

311 598 387 642 tu.
442 587 746 644 Ludovicus
784 596 964 644 autem
1005 604 1102 643 rex
1141 587 1388 653 Francic,
1444 586 1588 642 fama
1643 587 1763 659 ejus
1819 603 1921 642 au-

309 679 442 739 dita,
474 679 621 733 diem
645 679 698 735 ei
737 680 884 750 apud
919 681 1187 735 Peronam
1233 679 1560 752 assignavit,
1617 685 1676 734 ut
1713 695 1921 754 cognos

309 777 661 836 scereteum,
716 771 808 844 qui
859 771 1079 826 dicebat
1123 787 1184 826 se
1223 787 1344 826 esse
1383 771 1718 827 avunculum
1775 771 1921 844 regis

311 859 564 928 predicti,
603 867 743 916 etut
771 862 973 917 faceret
1001 862 1052 916 ei
1099 861 1345 916 debitum
1381 861 1695 934 homagium
1728 861 1795 916 de
1825 876 1918 916 co-

311 947 504 1002 mitatu
533 949 876 1015 Flandrensi,
909 950 953 1004 si
983 956 1332 1004 essetcomes
1362 948 1612 1004 Flandrie
1645 949 1919 1004 veniendo

309 1046 364 1090 et
394 1037 679 1093 redeundo
704 1055 918 1093 secure.
947 1039 1188 1093 Tandem
1220 1037 1454 1092 veniens
1495 1054 1592 1108 per
1615 1039 1823 1102 horam,
1867 1045 1921 1092 et

309 1125 572 1180 audacter
607 1143 880 1197 apparens
912 1143 1098 1182 coram
1141 1143 1269 1202 rege
1299 1127 1574 1182 Ludovico
1605 1137 1659 1182 et
1687 1127 1919 1181 consilio

308 1218 449 1286 ejus,
479 1218 533 1272 in
568 1219 778 1289 palacio
808 1220 981 1291 ipsius
1011 1221 1174 1290 regis,
1211 1220 1398 1274 multis
1430 1219 1918 1289 interrogantibus,

310 1313 650 1368 examinatus
669 1322 768 1382 est,
807 1315 904 1369 sed
943 1315 1328 1370 certitudinem
1384 1314 1588 1369 nullam
1613 1314 1916 1384 respondit.

314 1401 466 1456 [inde
499 1401 748 1472 pluribus
780 1405 1123 1476 argumentis
1162 1413 1245 1458 est
1282 1404 1586 1469 convictus,
1644 1404 1791 1474 quod
1819 1403 1920 1457 do-

312 1493 428 1548 lose
455 1499 718 1566 agerctet
763 1509 859 1564 per
887 1494 1076 1549 omnia
1106 1495 1450 1560 mentiretur,
1496 1502 1550 1549 et
1591 1494 1664 1550 ita
1696 1495 1922 1549 recessit

313 1598 435 1638 cum
479 1585 715 1655 pudore;
775 1592 829 1639 et
883 1586 1162 1655 prodictus
1194 1603 1287 1641 rex
1325 1587 1570 1642 districto
1600 1595 1921 1658 prcceperat

312 1675 514 1739 eidem,
547 1675 695 1748 quod
727 1677 796 1732 de
839 1685 980 1732 terra
1001 1694 1095 1732 sua
1130 1678 1681 1735 recederetindilate.
1717 1678 1918 1732 Eodem

313 1776 494 1824 autem
527 1770 637 1833 die.
686 1787 795 1842 quo
850 1772 1158 1828 licentiatus
1208 1781 1289 1828 est
1329 1790 1360 1828 a
1401 1790 1552 1845 rege,
1601 1773 1804 1852 tam.de
1833 1773 1922 1828 die

315 1877 479 1932 quam
511 1869 670 1917 no’cte
700 1862 1036 1917 Valencenas
1083 1863 1234 1919 venit
1264 1865 1332 1898 ‘5‘
1364 1864 1510 1919 unde
1540 1862 1723 1918 furtim
1753 1870 1806 1916 et
1835 1863 1922 1918 la-

315 1956 494 2002 tenter
545 1949 825 2022 affugavit.
891 1951 1005 2014 Quo
1062 1951 1272 2016 audito,
1341 1952 1594 2007 Johanna
1643 1949 1922 2005 comitissa

314 2041 663 2096 Flandrensis
693 2051 850 2096 caute
890 2041 1018 2096 fecit
1045 2043 1201 2113 queri
1235 2043 1507 2108 eundem;
1565 2042 1660 2114 qui
1705 2043 1924 2096 tandem

313 2138 563 2202 repertus
613 2139 714 2197 est,
773 2141 828 2186 et
875 2133 941 2185 ad
1000 2132 1202 2186 dictum
1265 2133 1599 2188 comitissam
1657 2133 1926 2187 adductus

311 2222 456 2292 apud
501 2221 768 2288 insulam;
820 2221 914 2278 ubi
963 2223 1032 2277 de
1091 2223 1322 2279 consilio
1373 2223 1642 2279 baronum
1691 2238 1920 2278 suorum

306 2311 586 2378 judicatus
627 2321 708 2367 est
738 2321 791 2367 et
821 2313 1172 2385 dampnatus,
1210 2313 1360 2385 quod
1401 2330 1524 2368 cum
1557 2313 1716 2384 equis
1749 2314 1924 2368 trahe-

314 2411 463 2459 retur
490 2410 639 2459 extra
683 2404 886 2472 villam,
933 2411 988 2460 et
1041 2404 1511 2476 suspenderctur;
1549 2412 1603 2459 et
1659 2405 1730 2458 ita
1761 2403 1921 2459 vitam

313 2493 606 2548 infeliciter
634 2497 1054 2551 consummavit.

383 2585 523 2639 1226
581 2586 666 2639 ⁸⁸⁵.
726 2587 1034 2642 Ludovicus
1082 2603 1174 2642 rex
1230 2587 1508 2657 profectus
1537 2597 1618 2642 cst
1662 2587 1925 2642 adversus

2020 512 2184 568 quam
2225 494 2592 567 principibus,
2630 495 3328 568 videlicetarchiepiscopo
3370 497 3636 553 Remensi

2020 586 2308 642 Guillelmo
2359 587 2428 642 de
2477 587 2627 642 Jovis
2654 587 2786 641 villa
2828 587 2992 658 (478).
3041 629 3054 641 .
3100 630 3113 642 .
3160 629 3173 642 .
3219 629 3233 642 .
3282 630 3295 644 .
3337 589 3409 624 ⁴⁶⁶
3435 596 3491 644 et
3532 590 3638 644 Ga-

2018 675 2556 734 rinoSilvanectensi
2591 676 2858 747 episcopo
2883 675 2973 743 ⁸⁸⁷,
3006 675 3262 747 Philippo
3291 676 3636 743 Boloniensi,

2019 764 2269 822 Guidone
2298 766 2482 821 Sancti
2518 765 2668 821 Pauli
2707 765 3026 831 comitibus,
3051 772 3107 821 et
3140 765 3327 820 multis
3359 766 3482 822 aliis
3525 773 3637 822 tam

2019 854 2238 910 clericis
2275 871 2440 926 quam
2487 854 2668 920 laicis;
2705 855 2798 926 qui
2853 854 3180 910 Avinionem
3211 855 3554 911 obsederunt
3583 863 3640 911 et

2020 955 2305 1018 ceperunt.
2359 949 2468 1002 Sed
2515 948 2571 1003 in
2631 949 2927 1004 obsidione
2976 963 3164 1004 comes
3214 949 3392 1004 Guido
3450 949 3640 1005 Sancti

2021 1040 2169 1094 Pauli
2220 1040 2458 1112 quadam
2513 1046 2668 1112 petra
2719 1039 3056 1113 mangonelli
3108 1055 3405 1119 percussus
3440 1047 3527 1095 est
3584 1047 3642 1094 et

2022 1131 2362 1188 interfectus.
2417 1133 2528 1187 Rex
2578 1147 2711 1188 vero
2749 1132 3058 1187 Ludovicus
3095 1139 3150 1186 et
3175 1131 3331 1186 multi
3385 1131 3479 1186 alii
3522 1139 3632 1186 tam

2018 1222 2203 1278 clerici
2231 1223 2298 1256 ⁸⁸⁸
2331 1223 2346 1293 [
2375 1238 2538 1294 quam
2579 1223 2702 1278 laici
2734 1221 2790 1276 in
2822 1222 3045 1294 regione
3076 1221 3169 1276 illa
3198 1237 3413 1278 veneno
3448 1223 3634 1292 perie-

2021 1320 2178 1378 runt;
2226 1322 2280 1369 et
2305 1329 2505 1385 corpus
2529 1315 2676 1387 regis
2701 1313 2934 1368 latenter
2958 1320 3012 1368 et
3041 1321 3202 1368 caute
3242 1313 3310 1368 ad
3335 1313 3634 1368 ecclesiam

2021 1401 2168 1458 beati
2214 1402 2442 1457 Dionisii
2491 1403 2546 1456 in
2606 1401 2832 1457 Francia
2892 1406 2975 1456 est
3015 1401 3282 1468 delatum,
3335 1408 3390 1457 et
3424 1402 3638 1457 honore

2021 1495 2174 1568 regio
2206 1494 2555 1549 tumulatum.

2091 1625 2250 1680 1227.
2311 1627 2468 1696 (Ann.
2529 1627 2665 1696 Aq.)
2727 1625 2983 1681 Dedicata
3029 1635 3112 1682 est
3152 1626 3385 1682 ecclesia
3473 1626 3639 1682 beate

1945 1730 1994 1799 Β
2023 1721 2190 1777 Marie
2233 1721 2379 1793 apud
2417 1722 2798 1793 Aquicinctum
2835 1738 2863 1776 a
2921 1722 3222 1777 venerabili
3256 1731 3408 1794 patre
3439 1722 3640 1778 Pontio

2027 1810 2368 1866 Atrebatensi
2390 1810 2674 1880 episcopo.

2096 1923 2252 1979 1234.
2307 1924 2432 1994 (Ιὸ.)
2491 1923 2676 1978 Idibus
2720 1923 2922 1994 Aprilis
2988 1922 3128 1979 obiit
3204 1923 3296 1994 pie
3375 1923 3642 1978 memorie

2027 2017 2264 2073 domnus
2295 2018 2505 2083 Simon,
2553 2016 2726 2071 abbas
2774 2024 2962 2072 noster
3005 2016 3150 2082 ηαδ,
3203 2016 3284 2071 vir
3321 2015 3481 2072 valde
3512 2015 3646 2070 reli-

2026 2111 2236 2181 giosus,
2268 2109 2534 2164 honestus
2564 2115 2618 2164 et
2658 2109 2944 2179 providus,
2991 2108 3084 2180 qui
3120 2107 3410 2163 ecclesiam
3467 2109 3642 2180 Aqui-

2025 2200 2359 2255 cinctensem
2377 2201 2449 2256 25
2477 2199 2641 2254 annis
2666 2199 3050 2254 strenuissime
3087 2199 3246 2254 rexit.
3303 2199 3397 2253 Cui
3427 2215 3644 2254 succes-

2024 2291 2096 2347 sit
2137 2292 2374 2348 domnus
2410 2291 2737 2346 Wilhelmus
2793 2291 2921 2345 13u8
2951 2291 3143 2357 abbas,
3190 2289 3440 2360 predicto
3468 2306 3644 2348 vene-

2027 2381 2184 2435 rabili
2219 2388 2371 2452 patre
2392 2387 2682 2450 susceptus
2706 2381 2761 2434 in
2789 2379 3146 2434 monachum.

2102 2498 2252 2554 1137.
2325 2498 2450 2564 (Ιὸ.)
2506 2497 2761 2552 Johanna
2815 2496 3094 2552 comitissa
3142 2495 3394 2552 Flandrie
3431 2495 3644 2566 accepit

2025 2587 2279 2641 maritum
2317 2587 2576 2641 Thomam
2605 2584 2829 2640 fratrem
2868 2585 3088 2641 comitis
3109 2585 3406 2640 Sabaudie.

1664 2695 1883 2748 VAHL‘E
1915 2693 2185 2749 LECTION
2197 2693 2292 2748 ES.

384 2794 452 2828 ‘5‘
480 2795 622 2849 deest
673 2795 790 2849 cod.
873 2795 941 2828 ⁸⁸⁵
971 2793 1248 2848 MCCXXV.
1295 2795 1409 2848 cod.
1474 2794 1544 2828 ⁴⁶⁶
1571 2795 1656 2848 hic
1686 2812 1874 2849 nomen
1908 2795 2134 2864 aliquod
2170 2796 2406 2864 episcopi
2455 2808 2689 2848 erasum.
2773 2792 2840 2827 “7
2871 2796 2951 2847 ita
2977 2797 3267 2850 correctum
3318 2795 3376 2846 in
3423 2793 3538 2848 cod.
3572 2809 3640 2847 ea:

315 2865 592 2937 episcopis
672 2866 741 2900 ⁸⁸⁸
764 2868 863 2920 Hic
887 2867 1085 2920 desinit
1116 2867 1346 2922 ultimus
1377 2865 1574 2919 codicis
1603 2869 1908 2936 quaternio,
1927 2869 2024 2935 qui
2054 2867 2121 2919 ab
2146 2868 2304 2920 initio
2342 2869 2580 2934 quatuor
2617 2868 2827 2937 tantum
2865 2866 2974 2932 fuit
3012 2866 3269 2932 foliorum
3302 2882 3315 2918 :
3356 2865 3500 2918 unde
3527 2879 3648 2934 qua:

309 2937 430 3006 jam
454 2936 676 3006 perdita
703 2941 849 3001 sunt,
883 2953 989 2992 non
1015 2940 1093 2992 ita
1129 2938 1301 2991 multa
1323 2937 1498 3002 fuisse
1537 2943 1784 3006 apparet.
1817 2939 2189 3006 Supplcvimus
2242 2953 2305 2990 ea
2334 2951 2402 2990 ex
2431 2936 2735 2990 Annalibus
2763 2937 3168 3006 Aquicinctinis
3195 2940 3244 2990 et
3271 2951 3338 2988 ea:
3365 2937 3642 2990 continua-

318 3011 458 3062 tione
479 3011 758 3074 Bergensi,
779 3011 963 3063 statim
991 3008 1352 3078 subjicienda,
1383 3023 1504 3077 qua:
1523 3009 1599 3062 ad
1615 3009 1830 3062 verbum
1845 3025 1915 3061 ea:
1936 3013 2114 3063 nostra
2144 3007 2320 3062 codice
2341 3010 2584 3076 excepta,
2619 3009 2859 3062 Annales
2881 3010 3025 3076 ipsos
3055 3023 3160 3061 non
3184 3007 3465 3070 adhibuit;
3495 3007 3640 3060 unde

319 3093 437 3147 qua:
475 3081 532 3132 in
559 3079 658 3132 illa
695 3081 1095 3133 continuatione
1131 3082 1358 3149 itemque
1381 3083 1435 3133 in
1465 3080 1760 3135 Annalibus
1797 3080 2071 3147 leguntur,
2117 3080 2300 3134 eadem
2337 3083 2384 3132 et
2405 3081 2462 3132 in
2497 3078 2569 3132 85
2596 3079 2770 3145 fuisse
2799 3083 3020 3149 oportet.
3053 3079 3188 3133 Sunt
3207 3083 3384 3133 autem
3411 3093 3492 3144 ea,
3525 3094 3646 3147 qua:

317 3165 485 3218 supra
514 3151 731 3204 uncinis
757 3151 1096 3205 inclusimus.

1876 3221 1914 3274 Ν
1923 3221 2063 3276 ΟΤιίΕ
2073 3263 2084 3275 .

392 3291 514 3361 (478
553 3291 834 3346 Joinville.

2364 3489 2470 3496 .—

1038 3608 2007 3715 CONTINUATIO
2110 3607 2923 3712 BERGENSIS.

384 3838 448 3890 In
466 3837 648 3911 codice
680 3838 810 3903 83*,
833 3839 955 3907 jam
983 3839 1281 3907 deperdito,
1313 3856 1380 3893 ea:
1416 3841 1489 3896 [$5
1513 3843 1800 3911 descripto,
1829 3842 2227 3894 continuationi
2276 3841 2363 3894 illi
2417 3855 2683 3896 annorum
2738 3838 3041 3896 1201-1237
3085 3853 3255 3908 supra
3306 3838 3466 3892 editis
3490 3843 3643 3893 notas

314 3909 598 3961 historicas
630 3909 690 3983 in
719 3912 1037 3983 margineet
1071 3912 1218 3963 intra
1247 3911 1414 3965 lineas
1442 3909 1779 3983 interspersit
1805 3911 2092 3966 monachus
2125 3911 2188 3983 iS.
2221 3913 2472 3967 Winnoci
2499 3914 2799 3978 Bergensis,
2827 3911 3352 3979 nonnunquam'sibi
3390 3913 3502 3978 ipsi
3523 3914 3642 3983 visa

319 3992 576 4052 narrans,
601 3982 662 4031 ut
691 3994 744 4030 α.
774 3979 1082 4052 12201126
1108 3983 1294 4034 statim
1323 3979 1623 4052 postquam
1639 3985 1844 4050 scripta
1881 3986 2028 4044 sunt,
2071 3982 2373 4037 Willelmus
2405 3984 2571 4036 abbas
2591 3983 2895 4038 Andrensis
2923 3985 2982 4036 in
3013 3983 3309 4038 Chronicon
3329 3982 3647 4036 monasterii

316 4051 405 4102 sui
433 4047 577 4122 (1'79)
599 4051 804 4122 recepit
831 4051 903 4102 ad
928 4051 1186 4110 litteram.
1208 4047 1679 4122 nceptas-tantum
1706 4047 1774 4107 iis
1805 4055 2034 4121 quasub
2067 4058 2218 4107 textu
2247 4055 2627 4108 indicavimus.
2661 4057 2748 4108 Ea:
2770 4054 3036 4108 Willelmo
3066 4055 3260 4106 iterum
3287 4055 3645 4122 transumpsit

319 4121 538 4187 (petitis.
586 4120 784 4195 Sajculo
814 4137 908 4195 xvi
930 4123 1222 4195 monachus
1251 4125 1308 4178 S.
1338 4120 1485 4178 Petri
1529 4120 1828 4181 Gandensis
1870 4123 2029 4178 BS".
2075 4125 2308 4179 codicem
2338 4128 2651 4192 Bergensem
2680 4125 2971 4195 descripsit
2999 4124 3122 4178 inde
3149 4124 3219 4177 ab
3248 4139 3300 4176 a.
3341 4123 3479 4178 1049
3507 4120 3646 4178 {sed

319 4195 612 4265 tantacum
638 4193 946 4257 ignorantia
975 4193 1283 4265 aildiliones
1313 4197 1616 4263 Bergenses,
1643 4197 2090 4264 Aquicinensibus
2126 4197 2315 4265 procul
2339 4197 2501 4251 dubio
2529 4199 2610 4250 uti
2638 4193 2875 4263 spatium
2927 4196 3249 4265 permiserat
3303 4197 3636 4260 intersertas,

317 4277 434 4315 eum
475 4261 560 4336 liis
591 4263 648 4336 in
660 4278 840 4336 unum
861 4264 1164 4332 conjunxit,
1191 4270 1250 4318 ut
1279 4261 1489 4321 summa
1526 4267 1654 4321 inde
1685 4261 1981 4336 temporum
2009 4261 2253 4334 confusio
2275 4270 2530 4323 oriretur.
2564 4261 2737 4334 Quam
2767 4283 2862 4321 nos
2892 4261 3155 4320 intactam
3176 4267 3555 4336 relinquentes,
3586 4268 3642 4319 in

316 4333 565 4401 margine
603 4333 782 4398 (479⁵)
821 4336 999 4390 ubiuis
1030 4341 1196 4390 rectos
1223 4353 1391 4391 annos
1419 4355 1486 4392 ea:
1519 4333 2507 4396 Chronico—Andrcnsiindicavimus.
2553 4333 2700 4392 Idem
2749 4338 2891 4394 85“
2933 4342 3115 4392 nostro
3141 4339 3258 4391 sine
3300 4333 3418 4391 ulla
3444 4338 3642 4391 distin-

315 4405 804 4478 ctione‘adjunwit,
827 4409 994 4475 quasi
1020 4423 1187 4462 unum
1219 4413 1372 4476 esset,
1395 4426 1528 4478 opus
1543 4411 1704 4478 plane
1737 4413 2005 4464 diversum
2031 4424 2294 4464 annorum
2314 4409 2636 4462 1222-1228
2661 4413 2946 4478 conﬂatam
2969 4424 3038 4463 ea:
3067 4409 3377 4464 Annalibus
3400 4409 3638 4464 Blandi-

316 4475 592 4550 nicnsibus
622 4477 692 4530 ad
728 4479 949 4533 verbum
977 4479 1284 4548 descriptis,
1312 4495 1340 4533 e
1360 4475 1649 4535 'Baldu'ino
1675 4483 1972 4538 Ninovensi
1997 4485 2048 4537 et
2072 4496 2099 4534 c
2141 4482 2379 4536 Martino
2414 4481 2634 4545 Polono,
2659 4475 2854 4550 quibus
2878 4496 3156 4550 perpauca
3183 4485 3396 4534 tantum
3423 4479 3644 4534 aliunde

311 4549 490 4615 petita
505 4549 847 4614 inseruntur;
879 4550 1169 4618 nondigna
1203 4554 1514 4622 compilatio
1545 4567 1665 4622 quae
1693 4553 1903 4607 edatur.

392 4675 568 4748 [1202]
610 4677 752 4732 Obiit
795 4677 885 4748 pie
924 4679 1191 4736 memorie
1247 4679 1578 4736 Wilhelmus
1638 4680 1926 4736 Remensis
1951 4685 1998 4754 (ζ
2031 4680 2294 4750 pericula,
2327 4681 2552 4736 tandem
2586 4681 2829 4736 Accaron
2886 4679 3177 4750 applicuit,
3219 4679 3410 4751 ibique
3471 4680 3642 4754 longa

316 4766 788 4837 archiepiscopus.

389 4852 568 4926 11204]
606 4856 760 4910 Anno
784 4856 996 4911 Domini
1032 4859 1188 4912 1202.
1227 4860 1471 4916 Domnus
1514 4859 1682 4915 Adam
1731 4891 1794 4900 -
1829 4859 1925 4916 Ro-

315 4959 605 5000 manorum
634 4943 802 5014 (480).

390 5031 567 5106 [1208]
599 5033 754 5088 Anno
786 5032 996 5088 Domini
1030 5036 1168 5091 1203
1195 5037 1298 5093 hoc
1325 5054 1469 5094 anno
1511 5038 1922 5094 Wilhelmus—

313 5142 479 5196 supra
509 5125 766 5180 diximus.
795 5123 973 5195 [1203]
1017 5124 1186 5181 Maria
1228 5144 1364 5184 uxor
1405 5131 1636 5200 predicti
1669 5131 1922 5186 Balduini

314 5217 547 5288 comitis,
591 5216 775 5289 neptis
814 5215 1051 5288 Philippi
1099 5217 1326 5276 illustris
1369 5223 1512 5294 regis
1561 5222 1806 5292 Francie,
1843 5224 1926 5279 vi—

316 5325 435 5364 rum
477 5326 641 5366 suum
687 5309 957 5379 insecuta,
1005 5310 1178 5366 multa
1227 5312 1415 5384 gravia
1453 5329 1716 5386 perpessa
1763 5315 1927 5370 maris

2029 4769 2342 4840 egritudine
2372 4779 2645 4826 macerata
2659 4769 2912 4840 spiritum
2943 4768 3192 4824 exalavit.
3233 4768 3408 4839 [1203]
3431 4768 3645 4824 Johan-

2030 4875 2127 4914 nes
2167 4876 2257 4915 rex
2285 4859 2498 4932 Anglie,
2547 4858 2883 4914 Normannia
2901 4864 2956 4912 et
3004 4856 3336 4928 Aquitannia
3361 4873 3484 4913 cum
3507 4857 3641 4911 uni-

2029 4949 2202 5003 versis
2239 4947 2578 5018 appenditiis
2606 4947 2831 5012 relictis,
2865 4954 3141 5017 tamquam
3192 4946 3264 5000 ad
3293 4945 3488 5000 asilum
3507 4961 3640 5001 con-

2029 5039 2267 5112 fugiens,
2319 5054 2469 5094 mare
2519 5037 2782 5094 velociter
2841 5037 3035 5092 transit
3073 5036 3130 5090 in
3167 5036 3418 5112 Angliam
3469 5037 3640 5092 venit.

2026 5131 2120 5200 [l2
2147 5128 2214 5203 -1[
2258 5129 2524 5186 Balvotini
2552 5130 2778 5186 domum
2817 5129 3025 5185 domne
3076 5128 3349 5184 Mathildis
3375 5128 3643 5202 Portuga-

2026 5223 2198 5278 lensis
2248 5222 2459 5296 regine,
2500 5222 2854 5278 Flandrensis
2892 5221 3194 5288 comitisse,
3243 5219 3392 5292 apud
3449 5219 3644 5275 Furnis

2025 5314 2431 5371 succenderunt
2446 5322 2502 5370 et
2523 5315 2576 5370 in
2608 5315 2851 5370 cinerem
2877 5313 3218 5387 redigerunt.
3270 5313 3382 5378 Que
3422 5320 3646 5384 propter

1869 5424 2078 5482 NOTIE.

388 5518 528 5585 (479)
568 5519 721 5585 Quod
767 5536 793 5572 e
850 5520 1129 5576 Chronicis
1169 5521 1227 5575 S.
1274 5520 1484 5576 Bertini
1513 5531 1562 5578 et
1617 5526 1920 5579 vicinarum

315 5589 662 5668 ecchesiamm
683 5593 933 5668 inuitam
953 5607 1217 5648 summam
1239 5591 1566 5662 collegimus,
1592 5602 1651 5650 ut
1681 5595 1798 5668 ipse
1823 5596 1918 5661 ait,

320 5659 373 5712 in
407 5659 650 5730 Dachery
681 5661 868 5730 Spicil.
905 5679 961 5716 ιι.

388 5729 699 5801 (17991105
754 5732 810 5786 in
848 5740 1020 5801 textu,
1082 5733 1225 5790 inter
1253 5751 1442 5792 uncos.
1501 5737 1626 5792 Enn
1658 5737 1888 5794 PATROL.

2103 5524 2250 5606 (480)
2293 5525 2422 5590 Quae
2463 5541 2528 5578 ex
2555 5523 2914 5606 Aquicinensi
2962 5522 3032 5577 ad
3069 5523 3301 5606 verbum
3351 5522 3646 5606 descripsit

2031 5593 2243 5663 noster,
2295 5612 2486 5653 eorum
2553 5593 2728 5666 prima
2784 5602 2994 5650 tantum
3046 5595 3298 5651 ultimate
3344 5594 3517 5650 verba
3542 5593 3646 5649 hic

2029 5668 2332 5748 posuimus,
2356 5665 2583 5748 litteris;
2593 5665 2906 5748 minoribus
2931 5681 3218 5737 expressa,
3249 5682 3372 5724 cum
3433 5666 3647 5737 integra

2021 5738 2134 5809 jam
2168 5739 2222 5794 in
2253 5756 2308 5810 p.
2342 5738 2583 5809 436,437
2617 5739 2887 5812 legantur.
