3894 6070
149 229 256 285 349

149 464 293 530 citu,
326 465 452 522 illos
475 467 710 526 factores
737 475 997 544 quesivit,
1028 488 1082 534 et
1111 485 1256 553 apud
1286 487 1469 543 villam
1503 490 1773 546 Houthem

151 554 207 607 in
247 555 372 611 loco
403 558 496 628 qui
521 559 679 615 ilolin
713 563 914 620 dicitur
943 583 1039 622 eos
1071 569 1346 630 invenitet
1367 576 1606 633 obsedit.

225 645 432 721 [1312.]
466 653 624 708 Anno
663 655 876 710 Domini
907 659 1062 727 1201,
1119 663 1437 724 Fernandus
1476 671 1543 725 de
1583 672 1776 728 Portu-

144 739 278 813 galli
334 751 546 814 accepit
589 761 814 802 uxorem
859 749 1174 810 Jehannam
1231 761 1568 818 comitissam
1612 765 1775 820 Flan-

145 833 414 888 drenscm
445 844 499 890 et
533 838 895 899 Hainoensem
955 847 1153 920 [1205.]
1199 851 1497 910 Balduinus
1530 857 1770 928 impera-

145 930 235 975 tor
297 923 940 1000 Constantinoliolitanus
1008 954 1038 991 a
1106 940 1357 996 Johanne
1405 923 1773 1016 cognomento

147 1011 317 1066 Blake
351 1013 407 1066 in
448 1015 710 1072 conflictu
767 1020 912 1077 inter
945 1040 1004 1079 se
1057 1029 1353 1086 commisso
1403 1011 1593 1104 captus
1649 1035 1770 1102 fuit,

147 1100 288 1176 nulli
323 1109 516 1171 postea
535 1105 604 1158 de
635 1107 750 1162 suis
779 1125 1126 1182 comparens.
1156 1117 1356 1192 [1205.]
1380 1100 1524 1177 Obiit
1557 1100 1780 1180 BalduiQ

146 1206 253 1245 nus
282 1209 473 1248 comes
506 1196 784 1254 Gisnensis
812 1203 844 1254 7
885 1203 1065 1261 Nonas
1105 1208 1374 1278 Januarii,
1405 1220 1460 1268 et
1491 1216 1635 1284 apud
1666 1219 1778 1272 An-

145 1284 357 1375 drenes
382 1288 668 1358 sepelitur.
719 1291 951 1350 Obsessa
989 1307 1072 1353 est
1125 1301 1251 1354 villa
1282 1303 1623 1375 Bergensisa
1663 1309 1778 1364 Bla-

145 1374 412 1470 votingis,
467 1387 662 1436 contra
705 1400 846 1454 quos
894 1389 1052 1457 pauci
1095 1374 1500 1467 lsengrinorum
1546 1401 1774 1470 egressi,

145 1465 277 1522 ilico
315 1467 369 1522 in
402 1469 586 1542 fugam
636 1476 776 1529 versi
811 1486 961 1544 sunt,
1019 1489 1074 1537 et
1119 1465 1262 1540 unus
1303 1465 1770 1564 Blavotingorum,

140 1561 423 1618 Gerardus
473 1566 564 1620 Fal
617 1571 862 1639 nomine,
914 1575 1111 1632 videns
1155 1581 1336 1637 socios
1393 1600 1523 1640 suos
1551 1561 1678 1642 ante
1711 1606 1771 1644 se

83 1649 90 1662 '
143 1664 478 1725 currentes,
547 1668 748 1730 putans
813 1681 933 1722 esse
981 1668 1104 1724 illos
1160 1671 1412 1729 inimicos
1472 1676 1764 1750 fugientes,

141 1758 358 1820 septem
393 1755 598 1810 occidit
619 1772 684 1812 ex
709 1759 865 1830 ipsis.
910 1763 1106 1820 Postea
1147 1767 1436 1842 [sengrini,
1471 1774 1768 1844 resumptis

139 1843 358 1899 viribus
386 1852 440 1901 et
469 1849 721 1919 audacia,
753 1854 1001 1911 collectis
1030 1868 1242 1928 septem
1297 1862 1426 1916 viris
1484 1865 1534 1918 in
1570 1881 1760 1928 unum,

137 1948 377 2002 quorum
410 1937 517 1991 dux
569 1938 669 1994 fuit
707 1942 929 2012 quidam
975 1947 1136 2002 miles
1174 1950 1398 2005 nomine
1427 1951 1764 2010 Christianus

135 2021 206 2074 de
263 2023 449 2088 Prato,
523 2041 718 2084 omnes
773 2031 1141 2107 Blavotingos,
1211 2053 1443 2108 quorum
1501 2058 1764 2099 numerus

137 2113 239 2170 fuit
272 2117 502 2174 circiter
527 2137 623 2176 sex
648 2124 801 2180 milia
826 2127 1092 2197 virorum,
1137 2131 1462 2205 fugaverunt
1490 2136 1573 2188 “9.

210 2206 417 2284 [1213.]
451 2215 608 2270 Anno
635 2217 846 2272 Domini
881 2222 1020 2275 1203
1051 2223 1309 2281 ediﬁcare
1353 2231 1500 2299 cepit
1525 2229 1762 2287 domnus

133 2297 330 2390 Simon
369 2300 544 2358 abbas
591 2305 959 2364 duodecimus
989 2311 1285 2368 claustrum
1355 2297 1551 2390 [1207.]
1598 2319 1759 2376 Lam-

130 2389 323 2446 bertus
352 2392 680 2452 Morinensis
723 2399 1018 2472 cpiscopus
1073 2407 1324 2474 moritur,
1359 2410 1448 2464 cui
1494 2389 1759 2467 successit

126 2480 414 2538 Johannes
441 2485 861 2544 archidiaconus
895 2507 1070 2563 nepos
1121 2494 1316 2564 ipsius.
1374 2498 1572 2570 [1209]
1627 2501 1758 2556 Pro-

128 2577 250 2663 pter
286 2572 580 2627 ecclesiam
624 2574 1071 2636 Cantuariensem
1131 2590 1243 2640 tota
1293 2588 1487 2663 Anglia
1533 2591 1636 2645 sub
1677 2593 1758 2647 in-

127 2660 362 2716 terdicto
394 2663 574 2734 posita
614 2673 716 2734 est,
761 2670 925 2725 nullis
953 2674 1362 2733 celebrantibus
1381 2660 1597 2736 'divina
1629 2700 1756 2753 pre-

127 2762 210 2808 ter
241 2755 655 2815 Cistercienses.
693 2761 893 2836 [1208.]
929 2768 988 2821 In
1025 2771 1312 2839 provincia
1357 2774 1541 2831 Sancti
1574 2777 1749 2850 Egidii

126 2853 342 2907 heresis
376 2853 752 2932 Albigensium
785 2862 1002 2920 detecta
1046 2874 1150 2934 est,
1200 2870 1356 2939 cujus
1409 2873 1752 2943 professores

119 2943 302 2997 virum
342 2945 721 3002 venerabilem
779 2950 1020 3022 Petrum,
1069 2959 1370 3026 apostolica
1409 2963 1559 3019 sedis
1598 2964 1746 3037 lega-

1151 249 1495 308 CHRONICA.
1539 287 1604 296 —
1649 257 2081 315 CONTINUATIO
2120 261 2502 316 BERGENSIS.

149 365 405 422 dedecus
433 370 537 424 sibi
573 371 784 429 illatum
834 377 989 446 irata,
1023 397 1354 458 congregato
1408 393 1579 448 multo
1619 409 1778 449 exer-
1803 401 1854 468 Α

3393 267 3499 325 350

1882 395 2084 470 [1213]
2127 397 2414 469 Philippus
2453 413 2544 453 rex
2598 399 2924 455 Francorum
2981 399 3212 455 collecto
3253 401 3498 457 exercitu

1877 501 1931 548 et
1958 493 2176 566 navigio
2206 509 2426 567 magno.
2458 511 2582 548 eum
2611 495 2767 549 multi
2809 511 2932 550 cum
2963 495 3019 550 in
3049 496 3296 572 Angliam
3325 506 3500 552 trans-

1877 584 2075 640 fretare
2115 593 2394 657 putarent,
2427 587 2564 656 ipse,
2614 592 2818 641 mutato
2865 595 2925 640 ut
2963 588 3252 643 videbatur
3291 605 3497 660 propo-

1876 678 2005 742 sito,
2039 684 2212 732 totum
2245 679 2546 733 exercitum
2580 695 2736 733 suum
2800 679 2857 732 in
2889 679 3194 734 Flandriam
3235 680 3408 748 duxit,
3443 691 3497 737 et

1876 769 2118 840 acceptis
2145 769 2435 824 obsidibus
2461 787 2490 824 a
2516 770 2838 826 melioribus
2858 771 3300 837 castris,scilicet
3328 773 3492 844 Ypra,

1877 863 2134 918 Gandavo
2175 871 2229 919 et
2259 865 2470 935 Brugis,
2503 865 2555 918 in
2591 865 2874 920 Franciam
2938 866 3118 920 rediit.
3173 866 3297 922 Post
3339 868 3498 939 cujus

1875 967 2151 1006 recessum
2201 968 2388 1007 comes
2423 953 2672 1008 Flandrie
2708 953 3026 1008 Fernandus
3055 961 3231 1009 castra
3265 970 3363 1009 sua
3407 972 3496 1011 re-

1880 1045 2048 1114 cepit.
2082 1045 2274 1100 Postea
2304 1045 2543 1100 domnus
2575 1046 2881 1102 Ludovicus
2912 1048 3319 1122 primogenitus
3351 1049 3497 1120 regis

1881 1137 2104 1190 Franeie
2135 1137 2312 1190 villam
2343 1154 2508 1208 supra
2540 1155 2709 1204 mare,
2767 1156 2876 1211 que
2909 1140 3112 1194 dicitur
3150 1140 3333 1195 Novus
3363 1155 3494 1210 por-

1879 1235 1986 1294 tus,
2019 1236 2074 1283 et
2105 1229 2369 1299 quasdam
2430 1230 2589 1296 alias,
2621 1231 2832 1285 scilicet
2887 1231 3172 1286 Balliolum
3223 1239 3278 1285 et
3334 1232 3492 1287 Sten-

1878 1317 2004 1384 fort,
2053 1333 2150 1388 pro
2181 1333 2375 1391 magna
2409 1325 2562 1387 parte
2613 1318 2919 1373 combussit
2955 1327 3010 1372 et
3039 1318 3359 1382 devastavit.
3396 1320 3491 1374 ubi

1879 1407 2020 1476 capti
2053 1407 2273 1462 fuerunt
2303 1408 2734 1462 innumerabiles
2773 1408 3060 1480 utriusque
3091 1424 3254 1463 sexus
3312 1410 3492 1465 homi-

1877 1514 1995 1554 nes.
2030 1498 2238 1553 Deinde
2266 1499 2456 1569 paucis
2489 1499 2722 1554 evolutis
2754 1499 2969 1566 diebus,
3023 1515 3210 1554 eomes
3235 1499 3491 1556 Flandrie

1873 1591 2148 1645 civitatem
2206 1591 2608 1645 Tornacensem
2655 1591 2819 1661 cepit.
2878 1585 3152 1647 Honorius
3188 1622 3254 1632 —
3308 1593 3492 1648 indul-

1795 1724 1845 1791 Β
1869 1683 2072 1754 gentiis
2098 1683 2304 1754 [1219.]
2340 1685 2400 1738 In
2429 1684 2707 1740 territorio
2749 1685 2930 1739 Sancti
2960 1685 3108 1740 Pauli
3140 1701 3352 1764 mense
3373 1687 3486 1740 Au-

1867 1782 2026 1845 gusto
2083 1779 2230 1838 tanta
2289 1773 2577 1828 inundatio
2632 1774 2815 1844 pluvie
2855 1773 2994 1829 facta
3023 1783 3126 1842 est,
3166 1782 3226 1830 ut
3275 1792 3486 1830 murum

1867 1861 2039 1931 ipsius
2069 1862 2232 1916 castri
2263 1877 2360 1932 pro
2399 1878 2600 1935 magna
2644 1870 2796 1932 parte
2835 1871 3128 1928 everteret,
3183 1864 3306 1919 aliis
3342 1865 3488 1921 villis

1865 1967 1988 2005 cum
2031 1950 2289 2005 domibus
2345 1950 2618 2005 universis
2669 1951 2975 2007 submersis
3013 1953 3101 2006 δτι.
3164 1953 3336 2024 [1214]
3389 1954 3477 2010 Jo-

1865 2043 2078 2097 hannes
2133 2059 2226 2097 rex
2271 2041 2464 2115 Anglic
2494 2057 2617 2096 cum
2667 2057 2866 2114 magno
2906 2042 3146 2097 exercitu
3199 2043 3476 2099 Pictavum

1865 2137 2036 2202 venit,
2095 2142 2149 2188 et
2191 2134 2643 2189 confederalione
2700 2133 2840 2187 farta
2887 2151 3008 2188 cum
3066 2134 3478 2190 Pictavensibus

1866 2226 2164 2298 castrisque
2208 2226 2459 2288 redditis.
2515 2227 2753 2280 domnus
2808 2241 2898 2279 rex
2961 2225 3190 2279 Francie
3243 2226 3471 2280 nimium

1860 2319 2234 2386 exacerbatus,
2313 2319 2577 2374 domnum
2651 2318 2985 2372 Ludovicum
3045 2317 3470 2390 primogenitum

1859 2417 1912 2464 et
1945 2411 2336 2465 marescalcum
2370 2410 2577 2464 ibidem
2602 2425 2724 2464 cum
2757 2409 2944 2463 multis
2975 2407 3244 2462 militibus
3279 2409 3346 2462 ad
3384 2425 3474 2462 re-

1857 2499 2162 2556 sistendum
2187 2501 2236 2556 ei
2277 2502 2596 2556 transmisit.
2626 2500 3026 2570 Stipendiarios
3065 2513 3198 2553 suos
3235 2500 3472 2555 domnus

1860 2609 1953 2647 rex
1984 2593 2209 2648 Francie
2235 2595 2304 2648 de
2336 2595 2525 2650 castris
2583 2592 2835 2648 Flandrie
2865 2591 3160 2646 revocavit.
3197 2591 3323 2646 Post
3371 2593 3474 2647 hec

1860 2683 2049 2753 paucis
2080 2684 2424 2754 interpositis
2453 2683 2672 2738 diebus.
2717 2682 3035 2736 Fernandus
3086 2697 3274 2738 comes
3313 2683 3472 2738 Flan-

1857 2771 1975 2826 drie
2029 2787 2152 2826 eum
2193 2789 2393 2847 magno
2443 2772 2686 2827 exercitu
2737 2778 2935 2826 terram
2980 2770 3202 2826 Arnoldi
3253 2771 3472 2827 comitis

1852 2859 2134 2916 Gisnensis
2165 2861 2446 2934 ingressus
2463 2867 2564 2916 est.

1925 2947 2125 3022 [1222]
2175 2951 2332 3005 Anno
2397 2948 2613 3004 Domini
2687 2949 2828 3003 1210
2869 2950 3012 3018 jacta
3089 2955 3215 3003 sunt
3279 2947 3469 3004 funda-

123 3038 260 3098 ῑαιη,
304 3033 377 3087 0b
407 3033 812 3092 confessionem
869 3040 1000 3096 Jesu
1066 3042 1259 3100 Christi
1311 3051 1568 3122 nequiter
1625 3033 1818 3123 per-“
1852 3049 2035 3095 menta
2064 3042 2298 3097 ecclesie
2353 3042 2516 3096 beate
2555 3041 2719 3096 Marie
2774 3041 2841 3096 14
2882 3039 3152 3095 Kalendas
3211 3039 3354 3108 Maii,
3389 3041 3468 3095 fe-

119 3131 400 3180 emernnt.
433 3124 634 3198 [1208.]
678 3129 965 3202 Philippus
1015 3101 1747 3207 cognomentojS—navuswi‘“

1881 3131 1928 3184 ia
1957 3131 1990 3184 2
2049 3132 2247 3202 [1215]
2287 3131 2608 3185 Fredericus
2637 3147 2728 3185 rex
2775 3130 2970 3202 Apulie
3019 3101 3350 3204 Aquisgrani
3375 3147 3472 3187 co-

113 3213 227 3280 jam
261 3212 440 3268 factus
489 3231 580 3270 rex
619 3218 962 3278 Alemannie.
1016 3226 1082 3279 ad
1117 3227 1410 3299 imperium
1471 3235 1744 3294 Romano-

119 3322 239 3360 rum
283 3307 553 3377 aspirans,
595 3327 628 3364 a
670 3312 909 3382 quodam
951 3331 1051 3372 suo
1090 3320 1277 3393 gladio
1321 3341 1617 3394 percussus
1663 3330 1747 3384 in-

117 3395 265 3449 teriit
323 3393 524 3467 [1209.]
577 3398 861 3472 Philippus
916 3420 1006 3459 rex
1037 3406 1261 3464 Francie
1310 3393 1378 3466 ad
1420 3415 1741 3484 petitionem

118 3484 370 3539 Reinaldi
428 3488 648 3542 comitis
698 3490 928 3548 Bolonie
978 3501 1181 3551 terram
1243 3501 1470 3556 Arnoldi
1530 3506 1744 3561 comitis

115 3572 406 3627 Gisnensis
445 3573 686 3644 intravit,
720 3586 773 3632 et
796 3579 980 3637 diruto
1005 3586 1236 3641 castello
1269 3590 1417 3659 quod
1455 3590 1744 3648 dicebatur

119 3666 385 3733 Bonham,
418 3668 723 3742 positisque
753 3676 1076 3731 custodibus
1133 3679 1186 3733 in
1214 3682 1338 3736 aliis
1384 3685 1628 3740 castellis
1654 3687 1737 3757 ip-

116 3758 228 3812 sius
257 3759 496 3827 comitis,
529 3761 586 3816 in
615 3762 893 3820 Franciam
924 3769 1106 3825 rediit.
1136 3771 1295 3842 [1213
1325 3773 1340 3847 ]
1377 3776 1590 3832 Grande
1621 3779 1738 3833 bel-

115 3850 228 3905 lum
263 3853 544 3910 —Goulet
568 3857 671 3910 sub
704 3859 960 3917 Vernone
991 3865 1279 3936 expiravit.

190 3941 394 4012 [1213.]
451 3945 606 4000 Anno
653 3948 870 4004 Domini
913 3953 1052 4010 1106
1095 3955 1404 4013 Ludovicus
1459 3993 1514 4001 -
1573 3963 1737 4019 Fran-

116 4031 275 4085 ciam.
305 4032 508 4102 [1211.]
543 4035 818 4094 Renaldus
849 4056 1032 4097 comes
1055 4043 1280 4101 Bolonie
1311 4064 1341 4102 a
1384 4049 1611 4107 domino
1635 4069 1736 4108 suo

117 4119 372 4191 Philippo
422 4138 550 4198 rege
619 4125 946 4184 Francorum
993 4133 1061 4186 de
1133 4144 1272 4190 terra
1323 4153 1422 4192 sua
1493 4139 1730 4214 fugatur.

118 4214 318 4289 [1212.]
377 4217 487 4272 Rex
519 4219 730 4277 Maroch
789 4225 859 4279 de
917 4225 1094 4283 Africa
1159 4230 1212 4285 in
1249 4241 1432 4302 partes
1478 4235 1734 4306 llispanie

116 4308 335 4382 navigio
367 4311 618 4378 veniens,
651 4330 775 4370 cum
807 4317 1137 4376 christianos
1176 4340 1494 4397 expugnare
1541 4329 1736 4384 decre-

1849 3233 2075 3282 ronatns
2107 3237 2190 3281 est
2223 3228 2275 3280 in
2311 3243 2514 3300 regem,
2544 3234 2598 3281 et
2655 3226 2862 3281 ibidem
2912 3243 3076 3281 cruce
3115 3226 3382 3302 signatus,
3416 3235 3470 3282 et

1848 3315 2004 3371 multi
2024 3316 2296 3387 episcOpi,
2326 3317 2496 3371 duces
2521 3325 2575 3370 et
2605 3315 2834 3372 comites
2864 3331 2986 3371 cum
3018 3331 3106 3370 eo.

1920 3406 2119 3480 [1215.]
2169 3409 2323 3463 Anno
2364 3409 2579 3462 Domini
2623 3408 2760 3462 1⁸3ιὸ
2812 3406 3090 3461 celebrata
3145 3415 3232 3461 est
3275 3415 3464 3462 sancta

1848 3496 2172 3551 universalis
2228 3496 2456 3550 sinodus
2515 3497 2685 3550 Bome
2735 3495 2792 3548 in
2858 3496 3092 3550 ecclesia
3145 3496 3463 3561 Salvatoris,

1843 3607 1952 3660 que
2004 3589 2450 3645 Constantiniana
2500 3595 2746 3656 vocatur,
2787 3603 2978 3643 mense
3039 3589 3333 3644 Novembri
3379 3590 3461 3642 in-

1841 3684 2084 3738 dictione
2115 3682 2168 3746 3,
2213 3690 2470 3753 prcsente
2511 3683 2715 3737 domno
2762 3683 3086 3738 Innocentio
3117 3698 3278 3753 papa,
3312 3698 3459 3737 anno

1841 3773 2194 3846 pontificatus
2271 3774 2392 3844 ejus
2473 3775 2553 3829 18.
2633 3772 3006 3830 lnterfuerunt
3102 3774 3264 3829 etiam
3344 3773 3465 3844 epi-

1839 3869 1993 3939 scopi
2021 3867 2147 3936 413,
2203 3867 2348 3922 inter
2399 3881 2538 3938 quos
2568 3866 2870 3922 extiterunt
2916 3867 2984 3922 de
3041 3866 3318 3938 precipuis
3371 3883 3465 3938 pa-

1840 3964 2094 4019 triarehis
2165 3964 2297 4031 duo,
2380 3963 2642 4020 videlicet
2721 3961 3367 4034 Constantinopolitanus
3407 3969 3464 4017 et

1841 4053 2370 4109 Hierosolimitanus.
2425 4052 2843 4108 Anthiochenus
2924 4067 3054 4108 vero
3121 4052 3272 4127 gravi
3342 4052 3464 4107 lan-

1837 4156 2008 4212 guore
2061 4141 2317 4195 detentus
2363 4140 2555 4195 venire
2597 4156 2706 4196 non
2759 4141 2952 4212 potuit,
3013 4141 3113 4196 sed
3167 4140 3314 4196 misit
3363 4156 3462 4212 pro

1836 4247 1896 4285 se
1948 4231 2212 4286 vicarium
2253 4231 2686 4286 Anteradensem
2745 4232 3090 4302 episcOpum.
3134 4231 3459 4285 Alexandri-

1837 4335 1940 4373 nus
2006 4335 2136 4374 vero
2201 4319 2304 4374 sub
2364 4321 2793 4376 Sarracenorum
2851 4320 3076 4375 domino
3133 4319 3461 4374 constitutus

117 4401 302 4467 visset,
337 4418 464 4458 mox
495 4407 652 4475 quasi
682 4423 912 4464 securus
943 4411 1011 4466 de
1043 4413 1292 4481 victoria,
1327 4434 1495 4473 naves
1541 4405 1957 4477 omnesteCit
1998 4411 2148 4484 quod
2191 4413 2365 4484 potvit
2396 4455 2409 4479 ν
2469 4403 2696 4469 ηϊίῐῐοηε
2757 4413 3052 4468 diaconum
3126 4426 3452 4485 germanum

115 4505 250 4561 quas
288 4490 594 4549 adduxerat
627 4495 758 4552 fecit
789 4498 1080 4574 confringi.
1119 4502 1319 4577 [1212]
1352 4505 1580 4562 Maxima
1611 4525 1735 4579 pars

116 4581 337 4636 Francia
380 4599 545 4639 cruce
576 4585 770 4643 Christi
826 4590 1040 4665 signata
1073 4593 1124 4647 in
1182 4604 1426 4666 pectere,
1460 4609 1515 4654 et
1568 4600 1734 4655 innu-

113 4689 264 4728 mera
293 4675 590 4731 multitudo
622 4678 878 4737 Flandrie
911 4690 966 4738 et
996 4685 1336 4756 Alemannie,
1370 4691 1439 4744 ad
1471 4691 1735 4760 Albigcn-

114 4780 197 4817 ses
234 4763 554 4820 incredulos
595 4771 1045 4828 exterminandos
1074 4775 1142 4828 ad
1173 4777 1518 4845 provinciam
1552 4780 1732 4836 Sancti

116 4855 288 4928 Egidii
333 4868 783 4927 pr0peraverunt.
834 4863 1033 4936 [1212.]
1065 4865 1334 4939 Sequenti
1395 4871 1576 4928 hieme
1607 4873 1736 4928 Fer-

113 4943 320 4998 rundus
359 4943 504 5000 filius
535 4948 680 5022 regis
729 4949 1139 5025 Portugalensis
1180 4973 1409 5013 uxorem
1449 4961 1603 5016 duxit
1640 4963 1735 5018 Jo-

117 5035 372 5098 hannam,
409 5033 574 5088 tiliam
606 5037 796 5092 domni
821 5040 1073 5096 Balduini
1101 5042 1448 5116 imperatoris
1469 5049 1736 5106 Constan-

117 5124 397 5194 tinopolis,
441 5125 693 5183 Flandrie
724 5137 778 5184 et
809 5131 1060 5189 Hanonie
1085 5137 1323 5194 comitis.

189 5216 388 5286 [1218]
439 5219 595 5274 Anno
640 5221 852 5276 Domini
917 5225 1048 5281 1207
1090 5231 1344 5285 monachi
1394 5262 1460 5272 —
1491 5233 1730 5290 Domini.

1838 4519 1998 4558 suum
2026 4505 2114 4558 ‘7’.
2444 4528 2456 4537 ·
2534 4549 2546 4564 .

1911 4592 2109 4662 [1223]
2163 4593 2318 4648 Anno
2373 4592 2590 4674 Domini
2661 4590 2796 4647 1212
2881 4590 3168 4660 Philippus
3237 4589 3458 4645 inclitus

1838 4683 2004 4750 obiit;
2056 4684 2144 4739 cui
2191 4685 2458 4739 successit
2505 4682 2910 4755 primogenitus
2959 4683 3080 4752 ejus
3129 4682 3454 4738 Ludovicus.

1842 4776 2040 4849 [1216.]
2098 4777 2341 4832 Domnus
2387 4775 2696 4831 Ludovicus
2763 4775 2951 4829 domni
3019 4775 3166 4850 regis
3233 4775 3458 4831 Francie

1836 4865 2263 4938 primogenitus,
2339 4865 2642 4920 secundum
2699 4863 2848 4936 quod
2902 4863 3205 4919 baronibus
3260 4865 3456 4940 Anglic

1837 4963 2183 5034 promiserat,
2225 4978 2348 5017 eum
2404 4978 2604 5034 magno
2673 4961 2918 5017 exercitu
2959 4978 3110 5017 mare
3157 4962 3452 5024 transiens,

1836 5055 1980 5127 apud
2015 5055 2283 5109 Stenhorc
2310 5053 2362 5106 in
2403 5053 2596 5128 Anglia
2619 5054 2904 5124 applicuit.
2939 5053 3140 5127 [1216.]
3175 5053 3454 5108 Innocen-

1837 5144 1943 5198 tius
1972 5141 2326 5213 pontiﬁcatus
2349 5143 2432 5197 sui
2473 5158 2619 5198 anno
2677 5143 2761 5209 18,
2789 5144 2950 5198 tertio
3000 5142 3092 5196 die
3123 5140 3331 5196 mensis
3358 5139 3448 5204 ⁸⁷³,

1834 5233 2045 5290 scilicet
2108 5234 2166 5290 l7
2226 5233 2430 5289 Kalend
2513 5234 2739 5307 Augusti
2783 5241 3031 5290 mortuus
3088 5237 3172 5286 est
3241 5239 3294 5285 ct
3350 5231 3453 5284 Pe.

1460 5417 1679 5474 VARIIE
1727 5419 2108 5477 LECTIONES.

190 5569 523 5649 ‘_"_O_b_sessa
561 5573 999 5649 e-_fuga}:ertint
1043 5594 1149 5633 non
1205 5579 1360 5634 habet
1393 5581 1584 5636 Chron.
1621 5585 1902 5638 Andrensc
1982 5585 2050 5619 *το
2082 5584 2277 5639 Suavis
2307 5585 2469 5640 85”.

2557 5584 2620 5618 ιη
2667 5586 2724 5638 ιη
2760 5593 2886 5637 terr.
2917 5610 2986 5620 —
3013 5579 3318 5633 submersis
3343 5595 3456 5634 non

130 5642 273 5696 habet
299 5644 499 5699 Chron.
537 5645 710 5700 Andr.
734 5642 845 5681 Ἴτ’
870 5647 903 5700 (1
956 5666 1008 5720 g.
1043 5665 1082 5703 s.
1117 5650 1308 5705 desunt
1349 5651 1517 5719 135";
1546 5654 1863 5711 addidimus
1901 5671 1928 5709 e
1957 5657 2216 5712 Chronico
2248 5657 2425 5713 Andr.
2503 5653 2573 5689 ⁸⁷³
2599 5657 2680 5709 ita
2737 5653 2892 5717 cod.;
2965 5653 3110 5707 locus
3138 5655 3451 5722 corruptus.
