3930 6068
406 286 503 344 351

1610 290 1953 346 SIGEBERTI
1994 290 2503 348 GEMBLACENSIS.

3620 291 3726 349 352

405 421 535 474 111811
565 420 841 493 sepultus:
875 421 960 476 cui
989 424 1255 479 successit
1303 424 1575 481 llonorius
1615 426 1829 494 tertius,
1864 426 2017 498 prius
2036 430 2086 497 Α
2115 426 2261 496 apud
2321 426 2582 481 Sanctum
2617 425 2836 480 Petrum
2877 441 2908 479 a
2952 423 3156 480 domno
3201 439 3343 496 papa
3376 421 3614 481 Honorio
3674 428 3732 482 in

404 512 584 566 dictus
637 511 893 567 Sinchius
938 515 1026 569 δτι.
1117 514 1292 588 [1216]
1379 517 1642 572 Henricus
1716 518 2017 589 imperator

401 599 1035 673 ConstantinOpolitanus
1103 605 1406 660 avunculus
1487 606 1743 662 Ludovici
1814 608 2014 678 primo‘

401 692 572 762 geniti
610 694 755 769 regis
796 695 1042 760 Francie,
1093 698 1162 750 ab
1194 713 1362 752 uxore
1407 700 1627 769 prepria
1663 699 2010 767 intoxicatus,

402 780 594 835 mortis
640 783 885 838 debitum
929 786 1110 840 solvit.
1171 786 1370 858 [1216.]
1431 787 1712 844 Johannes
1760 806 1851 844 rex
1907 791 2015 844 An-

401 869 534 940 glie,
566 871 742 928 dictus
782 874 902 929 sine
958 882 1120 942 terra,
1162 877 1410 932 ultimum
1467 879 1723 950 spiritum
1756 879 2012 946 exalavit;

403 958 491 1012 cui
521 963 785 1017 successit
816 963 1082 1019 Henricus
1110 965 1255 1020 ﬁlius
1293 967 1434 1036 ejus.

477 1050 677 1124 [1224.]
715 1056 869 1111 Anno
914 1056 1128 1112 Domini
1178 1059 1335 1128 1213,
1372 1061 1426 1115 in
1485 1063 1904 1137 quadragesima
1950 1092 2014 1102 -

400 1146 821 1201 consummavit.
1065 1166 1078 1179 ο
1324 1172 1337 1184 κ

403 1326 415 1379 1
477 1238 676 1312 [1225.]
723 1242 876 1298 Anno
932 1244 1143 1302 Domini
1203 1247 1342 1301 1213
1375 1249 1679 1304 Ludovicus
1732 1281 1783 1291 η
1829 1257 2012 1306 tumu-

423 1333 592 1379 atum.

423 1333 592 1384 atum.

474 1419 674 1494 [1227.]
733 1425 886 1481 Anno
955 1429 1166 1483 Domini
1242 1431 1375 1485 1215
1436 1432 1688 1488 dedicata
1760 1465 1826 1475 -—-
1893 1435 2014 1506 epi-

402 1528 592 1584 sc0po.
653 1517 852 1591 [1216]
914 1521 1101 1577 Petrus
1193 1539 1382 1579 comes
1455 1527 1927 1584 Autisiodorensis
1985 1546 2016 1584 a

402 1601 608 1659 domno
663 1607 903 1665 Honorio
962 1628 1103 1682 papa
1161 1615 1303 1683 apud
1359 1615 1616 1672 Sanctum
1669 1618 2018 1673 Laurentium

401 1707 552 1755 extra
579 1718 768 1759 muros
816 1706 868 1760 in
917 1707 1302 1780 imperatorem
1344 1711 2002 1785 ConstantinOpolitanum
2041 1749 2089 1816 Β

401 1805 752 1850 consecratus
781 1804 902 1863 est;
960 1801 1051 1870 qui
1085 1800 1614 1873 ConstantinOpolim
1648 1816 1925 1877 pr0perat,
1959 1814 2014 1862 et

401 1901 432 1938 a
487 1888 722 1957 quodam
766 1891 992 1947 homine
1067 1911 1188 1959 suo,
1247 1897 1340 1966 qui
1404 1913 1530 1952 eum
1585 1898 1652 1952 ad
1709 1900 2012 1955 videndum

401 1981 694 2050 quamdam
729 1983 918 2038 turrim
970 1987 1218 2047 duxerat.
1281 1989 1333 2044 in
1390 2006 1453 2045 ea
1494 2007 1590 2062 per
1643 1993 2012 2064 proditionem

400 2079 591 2141 captus
611 2080 709 2130 est.
745 2077 1061 2147 lmperatrix
1103 2088 1282 2137 autem
1313 2099 1447 2138 uxor
1476 2101 1576 2140 sua
1605 2085 1797 2148 evasit,
1831 2086 2018 2140 multis

400 2159 700 2217 interfectis
746 2165 814 2220 de
843 2168 975 2222 suis.
1026 2169 1224 2242 [1218]
1261 2172 1418 2228 011110
1449 2173 1601 2228 brevi
1635 2183 1880 2244 tempore
1911 2175 2017 2229 im-

400 2257 620 2318 perator
678 2255 824 2323 apud
904 2257 1216 2314 Brunswich
1278 2262 1511 2317 moritur
1593 2271 1647 2318 et
1727 2264 2012 2335 sepelitur.

402 2339 601 2416 [1217.]
644 2344 826 2402 Pridie
876 2349 1057 2405 Nonas
1107 2352 1278 2407 Martii
1318 2353 1457 2408 obiit
1506 2355 1782 2410 Mathildis
1830 2357 2017 2430 regina

398 2432 729 2508 Portugalie,
771 2456 934 2509 quam
968 2442 1255 2514 Philippus
1284 2461 1470 2500 comes
1499 2446 1753 2501 Flandrie
1786 2447 2018 2503 duxerat

399 2523 452 2576 in
484 2540 730 2581 uxorem.
773 2528 918 2583 Obiit
945 2531 1170 2587 Pontius
1207 2535 1502 2606 episcopus
1536 2537 1912 2592 Atrebatensis
1947 2538 2016 2571 ⁸⁷⁵

402 2611 560 2682 [1218
589 2612 603 2684 ]
636 2615 790 2684 Apud
825 2618 1150 2692 Albigenses
1183 2639 1370 2679 comes
1401 2625 1596 2679 Montis
1634 2625 1791 2680 fortis
1824 2626 2014 2682 Simon

400 2703 619 2772 pr0pria
686 2714 860 2760 morte
928 2709 1176 2775 interiit;
1247 2713 1334 2766 cui
1406 2714 1670 2768 successit
1727 2715 2008 2770 Albericus
2107 2707 2449 2778 consumpsit
2493 2706 2729 2761 ﬂammis
2805 2705 3118 2771 ultricibus,

397 2791 544 2847 ﬁlius
572 2795 710 2862 ejus,
753 2798 835 2852 vir
864 2799 1099 2872 inclytus
1135 2811 1190 2857 et
1223 2803 1276 2856 in
1311 2803 1416 2856 ﬁde
1452 2803 1644 2859 Christi
1679 2807 2002 2862 catholicus.

470 2885 668 2958 [123$]
703 2890 856 2944 Anno
889 2891 1102 2946 Domini
1143 2894 1297 2961 1231,
1331 2896 1518 2950 idibus
1563 2897 1760 2967 Aprilis
1800 2929 1868 2939 —
1897 2916 2010 2954 mo-

397 2977 653 3034 nachum.
701 2980 897 3052 [1218.]
957 2983 1240 3042 Multitudo
1274 2987 1565 3046 innumeri
1607 3007 1768 3046 cruce
1825 2994 2005 3066 signa-

399 3076 578 3124 torum
612 3077 718 3126 tam
747 3090 846 3142 per
872 3091 1021 3129 mare
1052 3094 1214 3148 quam
1249 3097 1346 3150 per
1377 3087 1578 3137 terram
1618 3084 1687 3119 ‘7“
1744 3085 2006 3141 Hieroso-

2118 515 2505 588 imperatorem
2561 523 2644 571 est
2699 521 3054 570 consecratus
3095 515 3484 572 Romanorum.
3530 515 3735 590 [1220.]

2115 609 2261 666 Obiit
2293 609 2616 680 Radulphus
2668 607 2814 664 bone
2860 607 3128 661 memorie
3181 604 3556 661 Atrebatensis
3610 607 3736 678 epi-

2113 719 2336 774 sc0pus,
2395 702 2480 758 cui
2540 702 2804 758 successit
2850 700 3077 756 Pontius
3116 699 3543 754 archidiaconus
3570 702 3734 756 Atre-

2116 793 2382 848 batensis.
2447 793 2648 864 [1220.]
2693 791 2964 848 Arnoldus
3033 806 3218 847 comes
3267 791 3548 848 Gisnensis
3585 795 3734 866 quod

2118 882 2277 938 morti
2317 881 2510 936 debuit
2535 881 2788 936 exsolvit.

2189 974 2344 1029 Anno
2385 972 2601 1028 Domini
2652 973 2805 1039 1222,
2849 973 2905 1027 111
2956 973 3194 1029 crastino
3235 975 3408 1030 sancti
3454 974 3736 1029 Laurentii

2118 1064 2254 1118 hora
2285 1062 2599 1133 vespertina
2640 1070 2874 1118 cenante
2903 1071 3198 1129 conventu,
3242 1064 3489 1119 turbatus
3519 1070 3602 1118 est
3641 1079 3740 1118 aer

2110 1152 2255 1222 apud
2290 1167 2411 1218 nos,
2452 1161 2507 1206 et
2547 1151 2899 1206 tenebrarum
2933 1152 3179 1206 densitas
3205 1152 3319 1206 visa
3350 1160 3404 1208 et
3438 1161 3732 1208 ventorum

2112 1246 2352 1310 impetus
2392 1249 2476 1295 est
2514 1239 2700 1312 fragor
2730 1240 3028 1295 tonitruum
3063 1241 3355 1296 maximum
3398 1241 3558 1298 nobis
3588 1241 3739 1296 intu—

2114 1328 2296 1384 lerunt
2344 1338 2630 1385 terrorem.
2666 1331 2728 1384 Et
2762 1337 2909 1384 tanta
2941 1329 3044 1385 fuit
3073 1331 3217 1385 aeris
3241 1331 3542 1401 corruptio,
3576 1338 3636 1385 ut
3663 1346 3731 1385 ex

2113 1423 2233 1493 ipsa
2259 1421 2610 1492 corruptione
2640 1429 2896 1492 corrupte
2925 1423 3036 1477 sint
3066 1440 3207 1494 aque
3253 1435 3439 1478 nostre
3471 1430 3523 1478 et
3551 1423 3733 1493 pisces

2117 1517 2338 1583 mortui,
2380 1518 2605 1573 arbores
2643 1526 2697 1572 et
2735 1533 2960 1573 nemora
3012 1518 3169 1589 quasi
3225 1518 3354 1589 igne
3407 1523 3735 1587 consumpta

2123 1616 2177 1664 et
2202 1608 2453 1664 volucres
2493 1608 2800 1675 interfecto,
2846 1610 3005 1664 vinea
3052 1620 3237 1664 nostra
3282 1609 3544 1664 violentia
3570 1626 3737 1684 gran-

2128 1697 2278 1752 dinis
2319 1705 2372 1751 et
2418 1713 2736 1771 grossorum
2787 1698 3029 1769 lapidum
3066 1715 3234 1768 prope
3284 1705 3483 1752 terram
3537 1714 3738 1768 ampu-

2115 1794 2242 1853 tata,
2283 1786 2524 1843 fenestre
2559 1787 2731 1841 vitree
2783 1787 3101 1842 monasterii
3161 1786 3496 1842 irruentibus
3551 1787 3735 1843 ventis

2115 1885 2416 1943 contracta,
2448 1878 2684 1950 quedam
2719 1879 2885 1934 etiam
2932 1879 3096 1952 longe
3128 1895 3159 1933 a
3185 1879 3522 1934 monasterio
3545 1894 3739 1949 aspor-

2117 1975 2244 2022 tate.
2277 1967 2480 2021 Tantus
2511 1967 2675 2022 etiam
2730 1967 2873 2022 letor
2929 1974 3065 2032 erat,
3113 1967 3261 2038 quod
3315 1967 3606 2038 oportebat
3635 1983 3739 2023 nos

2118 2074 2280 2112 nares
2311 2065 2528 2114 nostras
2587 2066 2813 2128 propter
2858 2057 3046 2113 fetoris
3100 2057 3527 2113 intollerantiam
3568 2058 3733 2114 obse-

2119 2170 2241 2208 rare
2279 2153 2366 2207 ‘30.
2402 2153 2602 2223 [1221.]
2656 2153 2939 2208 Civitatem
2993 2153 3236 2208 Damiatc
3269 2153 3548 2225 aliquanto
3586 2163 3728 2208 tem-

2120 2267 2252 2321 pore
2291 2267 2318 2305 a
2370 2251 2683 2306 christianis
2737 2267 3042 2322 possessam
3081 2251 3340 2306 Saraceni
3381 2267 3732 2321 recuperave-

2119 2347 2261 2394 runt.
2320 2341 2391 2393 De
2435 2340 2693 2395 mandato
2729 2340 2927 2393 summi
2972 2338 3253 2410 pontiﬁcis
3295 2339 3539 2413 Gregorii
3599 2341 3730 2395 noni

2118 2432 2271 2486 venit
2302 2431 2560 2506 magister
2591 2431 2864 2487 Robertus
2902 2431 2969 2485 de
3009 2431 3202 2486 ordine
3232 2433 3643 2502 predicatorum
3678 2432 3732 2485 in

2120 2541 2290 2595 regno
2339 2526 2568 2580 Francie
2611 2533 2669 2580 et
2719 2526 2775 2579 in
2827 2525 3086 2580 comitatu
3118 2525 3393 2590 Flandrie,
3443 2532 3497 2579 et
3525 2525 3732 2578 multos

2118 2614 2406 2685 utriusque
2438 2629 2600 2668 sexus
2625 2613 2960 2668 examinavit
2990 2613 3060 2667 de
3092 2611 3220 2677 ﬁde,
3254 2613 3456 2667 multos
3481 2611 3734 2666 inﬁdeles

3209 2705 3410 2760 multos
3467 2712 3732 2776 perpetuo

2109 2800 2312 2853 carceri
2350 2799 2686 2870 mancipavit
2716 2801 2803 2854 ‘3‘.
2839 2800 2996 2854 Facta
3039 2806 3122 2853 est
3165 2798 3405 2873 gloriosa
3446 2799 3730 2853 translatio

2108 2890 2344 2945 Dswaldi
2406 2892 2550 2964 regis
2579 2892 2829 2962 martyris
2869 2899 2922 2945 et
2973 2891 3264 2964 Yduberge
3305 2890 3374 2924 ⁸⁸³
3415 2890 3650 2964 virginis
3675 2898 3730 2944 et

2111 2983 2316 3049 matris,
2350 2983 2569 3054 Pippini
2592 2984 2739 3055 regis
2771 2984 3048 3055 quondam
3083 2982 3221 3050 ﬁlie,
3263 3000 3292 3036 a
3323 2982 3528 3038 domno
3562 2982 3733 3036 Adam

2111 3072 2406 3128 Morinensi
2434 3072 2719 3144 episcopo,
2761 3088 2928 3143 supra
2961 3079 3200 3126 montem
3229 3072 3323 3143 qui
3365 3072 3565 3127 dicitur
3597 3072 3735 3126 Gro-

399 3162 582 3218 limam
623 3176 915 3238 properat;
980 3187 1102 3226 cum
1159 3175 1360 3244 quibus
1407 3177 1682 3233 Αυειι-εςίθ
1741 3180 1868 3240 dux.
1930 3134 2083 3236 κνίτο
2116 3163 2377 3218 neberch.
2427 3163 2664 3228 Quorum
2707 3163 2946 3237 gloriose
2977 3163 3211 3234 reliquie
3256 3163 3313 3218 in
3367 3163 3564 3218 feretro
3596 3179 3734 3219 auro

398 3269 496 3322 per
519 3255 703 3310 omnia
733 3258 1056 3326 catholicus,
1106 3271 1341 3319 castrum
1393 3265 1635 3322 Damiatc
1685 3246 1859 3337 supe?
1899 3269 2010 3324 ﬁu-

395 3344 542 3398 vium
595 3347 697 3400 Nili
740 3349 904 3404 situm
968 3353 1210 3420 obsedit,
1269 3359 1416 3428 quod
1484 3359 1768 3415 dicebatur
1844 3361 2014 3417 clavis

396 3433 583 3505 Egypti
617 3447 671 3490 et
705 3444 848 3493 terre
882 3439 1378 3501 liicrosolimitane.
1433 3447 1673 3503 Domnus
1721 3448 2013 3506 Albericus

397 3523 682 3580 Remensis
719 3528 1186 3603 archiepiscopus,
1235 3534 1304 3590 de
1336 3542 1476 3591 terra
1519 3537 2006 3593 llierosolimorum

397 3611 636 3680 rediens,
670 3616 816 3685 apud
857 3617 1076 3687 Papiam
1133 3620 1298 3686 obiit;
1353 3625 1440 3677 cui
1486 3626 1750 3679 successit
1806 3625 2007 3700 Lingo-

398 3703 584 3757 nensis
601 3704 915 3776 episc0pus.
945 3705 1144 3779 [1218.]
1182 3710 1328 3766 Bone
1357 3713 1620 3773 memorie
1644 3714 1881 3768 domnus
1905 3716 2011 3770 Go-

395 3791 586 3844 svinus
618 3792 978 3848 Tornacensis
1003 3797 1294 3868 episcOpus
1325 3798 1467 3853 obiit
1491 3801 1574 3854 "7.
1609 3802 1806 3872 [1219.]
1831 3803 2012 3859 Ludo-

397 3882 549 3935 vicus
574 3882 761 3936 domni
794 3885 940 3957 regis
970 3887 1191 3942 Francic
1215 3889 1619 3962 primogenitus
1661 3908 1782 3947 cum
1811 3911 2011 3970 magno

397 3982 638 4031 exercutu
679 3979 746 4032 ad
777 3979 1105 4051 Albigenses
1138 3983 1241 4037 iter
1278 3985 1509 4055 arripuit
1546 4003 1670 4041 cum
1723 3988 2012 4046 innumera

398 4068 774 4127 multitudine.
819 4071 1018 4144 [1220]
1046 4073 1213 4145 Capta
1250 4083 1332 4130 est
1355 4077 1594 4133 Damiata
1623 4079 1814 4136 civitas
1844 4097 2009 4154 supra

399 4157 601 4224 Nilum,
633 4158 726 4213 diu
750 4177 780 4213 a
810 4161 1123 4216 christianis
1151 4165 1401 4219 obsessa.

469 4252 624 4306 Anno
680 4253 892 4308 Domini
966 4256 1106 4310 1218
1166 4257 1473 4313 Ludovicus
1537 4276 1628 4315 rex
1678 4262 2006 4318 Francorum

396 4339 611 4410 accepit
639 4356 867 4396 uxorem
903 4342 1070 4398 ﬁliam
1111 4346 1326 4400 comitis
1358 4347 1641 4404 Provincie
1673 4351 1760 4402 πε.
1799 4351 1999 4422 [1220]

395 4428 595 4483 Eodem
636 4435 881 4500 tempore
920 4431 1201 4502 inceptum
1246 4445 1329 4490 est
1362 4437 1626 4506 templum
1681 4440 1853 4494 sancti
1885 4441 2001 4512 Egi-

2115 3261 2170 3308 et
2215 3258 2444 3326 argento
2493 3252 2756 3307 decenter
2803 3251 3066 3307 fabricato
3118 3252 3323 3322 pariter
3361 3260 3489 3307 sunt
3536 3269 3735 3309 recon-

2114 3347 2260 3413 dite;
2294 3347 2361 3400 ad
2393 3361 2622 3417 quorum
2657 3347 2950 3418 gloriosam
2994 3346 3409 3401 translationem
3466 3346 3734 3402 interfue-

2114 3440 2240 3488 runt
2293 3433 2463 3488 multe
2493 3434 2844 3488 venerabiles
2893 3442 2947 3488 et
2996 3434 3233 3507 gloriose
3267 3450 3541 3504 persona:
3603 3452 3734 3506 pre-

2108 3525 2289 3579 dictus
2319 3523 2652 3579 venerabilis
2689 3524 2983 3594 episcOpus
3010 3524 3202 3589 Adam,
3234 3523 3407 3579 abbas
3444 3525 3731 3580 Iohannes

2109 3615 2178 3669 de
2244 3614 2443 3668 Sancto
2477 3613 2717 3677 Bertino,
2767 3611 3095 3666 Wilhelmus
3143 3613 3313 3666 abbas
3351 3613 3422 3667 de
3482 3612 3730 3684 Capella,

2107 3703 2431 3757 Wilhelmus
2480 3700 2550 3754 de
2600 3701 2825 3766 Andria,
2880 3705 3125 3775 ltogcrus
3163 3701 3333 3756 abbas
3379 3702 3560 3755 Sancti
3631 3702 3728 3755 Jo-

2114 3797 2330 3862 hannis,
2377 3796 2658 3850 Iohannes
2728 3793 2901 3848 abbas
2963 3795 3032 3849 de
3104 3794 3340 3849 Alciaco.
3398 3793 3727 3847 Wilhelmus

2115 3888 2425 3960 propositus
2477 3886 2830 3953 Watinensis,
2885 3886 3167 3941 Johannes
3227 3885 3537 3956 propositus
3594 3885 3723 3939 For-

2111 3979 2446 4045 miselensis,
2505 3977 2728 4051 Egidius
2764 3977 3079 4048 prepositus
3144 3978 3212 4030 de
3286 3977 3377 4043 Lo,
3445 3976 3726 4031 Johannes

2112 4071 2424 4142 prepositus
2442 4071 2509 4124 de
2539 4069 2833 4124 Eversham
2869 4077 2923 4123 et
2954 4069 3044 4122 alii
3085 4085 3247 4139 quam
3275 4069 3460 4138 plures
3498 4067 3733 4123 abbates

2112 4159 2400 4230 prepositi,
2458 4157 2815 4213 ecclesiastici
2883 4156 3096 4212 ordinis
3133 4156 3370 4227 plurima
3415 4157 3726 4212 multitudo.

2109 4263 2163 4310 et
2194 4255 2396 4310 nobilis
2424 4253 2622 4308 mulier
2663 4252 2913 4306 Johanna
2946 4251 3195 4306 Flandrie
3227 4258 3280 4305 et
3313 4251 3602 4305 Hannonie
3629 4265 3731 4305 co-

2111 4343 2318 4397 mitissa
2371 4357 2492 4395 cum
2523 4340 2783 4395 comitatu
2838 4339 3072 4409 plurimo
3102 4338 3486 4409 spectabilium
3534 4354 3730 4409 perso-

2103 4449 2317 4497 narum,
2346 4438 2400 4484 et
2429 4428 2740 4483 communis
2781 4427 2972 4499 populi
3008 4443 3274 4482 numerus
3300 4426 3566 4482 inﬁnitus.
3603 4427 3728 4481 Haec

394 4517 471 4572 dii
527 4519 674 4589 apud
706 4520 911 4576 villam.
972 4524 1202 4580 Gloriosi
1252 4505 1490 4581 martiris
1545 4528 1742 4583 Christi
1790 4505 1996 4585 Thome
2017 4505 2075 4574 D
2100 4523 2379 4580 translatio
2401 4521 2541 4577 facta
2572 4527 2654 4576 est
2688 4526 2941 4592 tempore
2972 4519 3161 4576 domni
3194 4519 3481 4592 lngelmari
3512 4519 3733 4574 abbatis

395 4609 801 4666 Cantuariensis
817 4614 1217 4686 archiepiscOpi
1242 4617 1466 4689 gloriosi
1486 4620 1736 4690 corporis
1763 4619 1905 4675 facta
1924 4631 2007 4676 est

395 4701 628 4757 elevatio
655 4719 685 4756 a
713 4703 918 4760 domno
965 4707 1246 4777 Stephano
1287 4709 1660 4765 Cantuariensi
1695 4720 1746 4766 et
1802 4712 2005 4770 domno

396 4791 689 4848 Wilhelmo
737 4794 989 4850 Remensi
1021 4799 1476 4872 archiepiscOpis,
1509 4810 1721 4858 astante
1770 4804 2004 4861 Henrico

392 4894 523 4950 rege
550 4879 865 4952 Anglorum,
889 4885 1067 4942 adhuc
1088 4903 1259 4957 puero
1289 4890 1378 4955 "9,
1416 4898 1471 4945 et
1503 4891 1854 4961 presentibus
1882 4894 2002 4964 epi-

393 4967 577 5038 scopis
605 4975 658 5022 et
683 4969 975 5028 abbatibus
998 4992 1160 5046 quam
1203 4979 1476 5048 plurimis,
1505 4983 1828 5036 clericorum
1859 4999 2002 5053 quo-

392 5076 502 5131 que
539 5070 593 5117 et
630 5062 860 5120 militum
908 5073 962 5123 et
1006 5067 1236 5125 aliorum
1294 5071 1587 5128 innumera
1630 5075 2001 5132 multitudine.

396 5156 594 5231 [1220.]
630 5159 968 5229 Fredcricus,
1000 5168 1420 5239 cognominatus
1439 5185 1576 5240 puer
1595 5171 1808 5241 Apulie,
1835 5171 2004 5227 Rome

2111 4615 2419 4672 Beraensis.

2177 4634 2210 4670 θΓ
2251 4634 2419 4670 enSlS.

2177 4634 2333 4763 Aino
2367 4706 2577 4762 Domini
2613 4705 2766 4771 1211,
2811 4704 3091 4759 Johannes
3146 4702 3292 4757 ﬁlius
3324 4703 3465 4758 Petri
3511 4703 3730 4758 comitis

2107 4803 2410 4866 Britannic,
2456 4802 2620 4854 frater
2675 4799 2889 4855 comitis
2949 4798 3195 4862 Roberti,
3235 4798 3448 4869 accepit
3489 4813 3718 4853 uxorem

2107 4893 2272 4948 ﬁliam
2304 4892 2523 4948 comitis
2574 4891 2890 4961 Campanie.
2942 4890 3094 4944 Unde
3137 4905 3227 4944 rex
3264 4889 3490 4944 Francie
3531 4889 3723 4944 adver-

2104 5004 2198 5042 sus
2253 4987 2511 5042 comitem
2566 4985 2862 5056 Campanie
2901 4985 3112 5039 saisivit
3157 4984 3266 5039 duo
3320 4992 3494 5040 castra
3546 4984 3727 5055 ipsius

2105 5079 2341 5145 comitis,
2373 5078 2759 5134 Monsterolum
2813 5078 2865 5131 in
2901 5077 3169 5132 Fordione
3201 5077 3410 5132 scilicet
3433 5084 3489 5132 et
3519 5077 3716 5131 Braum

2105 5186 2276 5242 super
2305 5171 2569 5226 Secanam
2611 5171 2695 5224 ⁸⁸³.
2734 5167 2932 5242 [1232.]
2967 5170 3168 5225 Eodem
3201 5184 3331 5224 vere
3392 5184 3539 5223 anno
3570 5183 3724 5223 ema-

1745 5305 1964 5360 VARUE
1990 5304 2368 5361 LECTIONES.

463 5403 532 5437 ‘7‘
564 5404 984 5482 Cinci‘usAChron
1017 5411 1239 5482 AAndrq
1281 5417 1423 5482 quod
1457 5416 1548 5471 hec
1591 5418 1804 5474 exhibet

393 5473 463 5506 ⁴⁷⁸
490 5491 638 5529 mare
665 5475 826 5531 85".

394 5543 630 5622 deest
676 5545 841 5613 35",
893 5553 1260 5622 supplevimus
1304 5572 1370 5610 ea:
1402 5558 1700 5614 Andrensi.

1786 5562 1855 5596 ⁴⁸⁰
1878 5564 2031 5618 Α11110
2081 5594 2149 5603 —-
2195 5564 2455 5619 obserare
2511 5580 2616 5618 non
2673 5565 2830 5618 habet
2881 5563 3077 5618 Chron.
3114 5562 3276 5618 Andr

1855 5422 2020 5490 paulo
2049 5421 2292 5476 breviora
2375 5421 2444 5456 ⁸⁷⁸
2475 5421 2535 5476 0.
2593 5422 2648 5476 Ρ.
2705 5438 2756 5476 0.
2805 5424 2863 5474 Α.
2908 5435 3021 5476 non
3066 5422 3225 5476 habet
3289 5420 3490 5476 Chron.
3537 5421 3717 5476 Andr.

913 5478 979 5512 ⁸⁷⁷
1013 5480 1158 5556 Bone
1213 5478 1467 5540 —_obiit
1514 5503 1621 5542 non
1651 5490 1808 5545 habet
1855 5478 2053 5547 Chron.
2089 5493 2294 5556 Andr.,
2368 5491 2435 5526 ‘7'
2482 5492 2593 5546 Lud
2634 5491 2918 5547 Provincic
2967 5507 3074 5546 non
3103 5493 3261 5546 habet
3294 5493 3497 5548 Chron.
3531 5491 3717 5547 Andr.

3385 5563 3449 5597 ⁵⁸¹
3484 5565 3609 5620 ΙΙωο
3663 5565 3721 5616 in

397 5614 1013 5708 [ίξίξςτ-ξοξίλριξτξρὴἑ
1055 5624 1266 5708 demum
1311 5629 1578 5695 leguntur,
1613 5633 1802 5687 scriba
1829 5614 2023 5688 mea:
2101 5614 2466 5708 ⁸³ιῇἆεῖιᾶἑεῖέο
2503 5614 2622 5688 1111⁷⁵
2673 5614 2852 5688 I93be
2889 5614 3396 5689 ‘mia’aia'sammi
3446 5614 3718 5689 Jama;

398 5701 520 5740 nam
545 5703 653 5744 non
683 5691 839 5744 habet
872 5694 1063 5748 Chron.
1107 5697 1272 5750 Andr.
