3930 6068
107 268 222 324 353
1113 256 1462 316 CHRONICA.
1507 289 1568 297 κε-
1612 251 1986 312 AUCTARIUM
2027 247 2498 309 HASNONIENSE.
3347 254 3454 310 354

109 405 396 454 naverunt
421 411 562 452 nova
591 396 844 451 instituta
871 413 902 450 a
928 395 1134 450 domno
1180 410 1322 466 papa
1377 391 1640 465 Gregorio
1670 391 1738 446 de
1763 393 1818 462 Α
1840 385 2152 452 Provincic,
2183 399 2428 440 sororem
2455 383 2648 456 regine
2699 383 3049 440 Francorum.
3095 385 3244 440 Obiit
3269 385 3458 442 69119-

107 490 466 546 99119911999
523 487 664 563 nigri
721 485 952 543 ordinis.
1005 483 1208 558 [1222.]
1276 484 1519 540 Domnus
1549 483 1743 538 Petrus
1843 476 2445 543 ffiduscamel'acenSiS
2474 475 2792 547 episcopus.
2849 483 2904 532 θι
2951 477 3218 533 81100053“
3247 478 3298 533 θί
3341 495 3458 533 τηει-

109 579 184 634 119
214 577 478 644 Corbuel,
522 575 866 632 Senonensis
907 575 1380 646 archiepiscopus,
1438 573 1742 630 litterarum
1843 570 2013 644 gister
2056 569 2316 624 Girardus
2348 567 2418 623 de
2474 567 2762 634 Lauduno,
2815 567 3140 624 Parisiensis
3184 569 3462 625 cancella-

109 667 357 722 scientia
388 681 501 722 non
531 665 887 721 mediocriter
927 664 1194 730 imbutus,
1253 663 1384 719 huic
1434 662 1623 718 seculo
1647 679 1743 718 va-
1843 660 1981 716 rius.
2016 659 2218 732 [1237.]
2265 660 2471 715 Eodem
2495 674 2642 715 anno
2667 658 2965 716 Balduinus
3021 659 3319 731 imperator
3359 661 3460 730 ju-

108 756 318 812 19111χί1
349 773 364 823 ;
393 754 483 812 991
505 753 774 810 successit
798 753 1058 827 magister
1093 753 1366 808 Walterus
1411 750 1746 827 cognomine
1845 751 2003 808 venis
2025 751 2670 823 Constantinopolitanus
2725 751 2877 807 venit
2929 751 2984 806 in
3043 750 3350 818 Franciam,
3407 759 3462 806 et

115 845 419 903 Cornutus.
453 844 716 900 Siwertus
745 843 1078 899 castellanus
1129 840 1446 915 Bergensis,
1477 840 1624 897 bone
1655 840 1747 896 in-

115 941 271 998 dolis
294 939 517 1010 juvenis
543 949 598 994 et
649 938 900 994 moribus
938 944 1207 1001 maturus,
1263 953 1388 994 cum
1435 935 1658 991 loricam
1692 941 1748 989 et

115 1041 346 1088 scutum
377 1037 433 1085 et
456 1028 642 1084 omnia
661 1044 812 1083 arma
839 1043 939 1082 sua
989 1033 1297 1098 paraverat,
1344 1033 1399 1082 et
1436 1024 1666 1080 deberet
1688 1023 1745 1078 in

117 1116 361 1171 militem
393 1115 730 1188 promoveri,
759 1131 829 1170 ne
877 1115 1093 1171 malicia
1123 1123 1364 1170 mutaret
1408 1113 1749 1170 intellectum

117 1212 324 1283 ipsius,
351 1210 551 1266 obiitG
580 1210 762 1266 Nonas
818 1210 964 1269 Maii.
1010 1211 1282 1266 Robertus
1341 1209 1513 1266 frater
1563 1207 1750 1264 Ludo-

118 1305 229 1361 vici
263 1303 411 1378 regis
429 1303 604 1361 factus
629 1313 714 1360 est
741 1319 931 1361 comes
976 1302 1358 1360 Atrebatensis
1410 1309 1466 1358 et
1494 1301 1755 1358 dominus
1855 1317 1966 1357 non
2006 1301 2127 1356 sine
2183 1316 2386 1375 magno
2437 1300 2647 1374 gemitu
2705 1301 2896 1357 matris
2945 1301 3177 1358 ecclesie
3215 1302 3468 1360 ultimum

122 1401 196 1456 de
220 1401 367 1457 Lens
392 1409 448 1456 et
478 1401 547 1456 de
579 1400 811 1458 Hisdino
833 1407 888 1456 et
925 1399 993 1456 de
1033 1400 1234 1456 Sancto
1267 1399 1618 1464 Audomam;
1660 1412 1756 1453 ac—
1855 1390 2113 1462 spiritum
2171 1389 2424 1458 exalavit,
2483 1396 2537 1445 et
2599 1390 2670 1445 ad
2709 1389 3004 1447 cenobium
3039 1391 3184 1447 beati
3241 1393 3475 1450 Dionisii

122 1491 282 1563 cepit
330 1506 557 1547 uxorem
607 1488 778 1545 tiliam
835 1487 992 1546 ducis
1077 1487 1399 1544 Brabancie.
1442 1487 1554 1542 Hoc
1608 1501 1756 1542 anno
1857 1483 2429 1558 Ariopagitedelatus,
2462 1482 2670 1540 ibidem
2725 1500 2849 1540 cum
2901 1485 3114 1542 honore
3151 1485 3342 1542 debito
3392 1492 3478 1542 est

129 1580 404 1637 Henricus
449 1597 543 1637 rex
606 1579 904 1654 Anglorum
969 1577 1185 1650 accepit
1242 1593 1470 1634 uxorem
1540 1576 1760 1632 comitis
1859 1575 2132 1646 sepultus.

1848 846 1905 900 in
1945 845 2277 912 Flandriam,
2309 852 2366 900 et
2393 845 2608 901 reddita
2663 843 2766 900 iuit
2815 845 2866 901 ei
2921 853 3089 911 terra,
3119 861 3228 919 que
3278 847 3460 919 ipsum

1844 939 1967 1008 jure
1997 939 2334 994 hereditario
2377 937 2735 1010 contingebat
2790 939 2882 992 ⁸⁸⁵.
2946 937 3150 1010 [1237)
3209 939 3462 996 Johanna

1849 1029 2131 1085 comitissa
2184 1029 2678 1102 Flandrieaccepit
2733 1029 2992 1086 maritum
3037 1031 3325 1101 Thomam,
3349 1029 3464 1086 fra-

1805 1143 1814 1151 ι
1852 1127 1992 1176 trem
2019 1118 2240 1176 comitis
2271 1118 2570 1175 Sahaudie.
2605 1119 2808 1192 [1223.]
2866 1121 3154 1194 Philippus
3178 1137 3274 1178 rex
3303 1121 3474 1178 Fran-

1853 1211 1960 1278 cie,
1987 1210 2070 1266 vir
2108 1209 2433 1276 catholicus,
2475 1209 2714 1266 domitor
2751 1210 3098 1268 inimicorum
3148 1212 3470 1281 indomitus,

1495 1705 1712 1762 VARUE
1759 1703 2036 1762 LECTION
2041 1704 2138 1760 ES.

205 1814 281 1850 ηδ
313 1813 580 1871 Siwertus
619 1843 687 1854 —
719 1811 1077 1884 contingebat
1095 1825 1204 1868 non
1226 1810 1385 1866 habet
1413 1809 1608 1866 Chron.
1640 1809 1824 1865 Andr.

862 2114 1670 2217 AUCTARIUM
1777 2110 2784 2219 HASNONIENSE.

215 2309 516 2384 Eunuchus
556 2307 958 2384 liesnoniensis,
988 2313 1323 2384 Sigebertum
1350 2311 1619 2384 exgvgodice
1649 2313 1708 2368 Β.
1739 2313 2040 2368 describam
2079 2313 2243 2384 hujus
2297 2315 2605 2370 additiones
2657 2317 2857 2384 recepit
2903 2331 2955 2370 a.
3013 2315 3140 2379 651,
3172 2315 3318 2383 '690,
3351 2317 3482 2384 773,

153 2379 1117 2455 1076,1079.1086,1090,109'2,
1173 2383 1520 2455 1093,1095
1580 2384 1741 2451 1199,
1774 2379 2378 2454 1105;Afﬂigemenses
2411 2387 2657 2452 ιι.1119,
2693 2379 2850 2454 1129,
2907 2385 3064 2442 1126.
3125 2379 3484 2455 1128,’1181,

140 2450 315 2526 1186,
327 2451 925 2526 Δ1111),[ὗε-1991119911898
950 2471 1004 2509 a.
1029 2456 1190 2520 1142,
1225 2454 1380 2511 1146.
1407 2455 1653 2526 Annales
1677 2450 1843 2526 parra
1868 2450 2286 2512 Blandinienses
2333 2459 2626 2526 exscripsit
2644 2450 2709 2512 Va.
2740 2450 2868 2520 859,
2900 2457 2998 2512 861
3011 2457 3166 2524 -865,
3196 2450 3322 2526 869,
3355 2450 3485 2523 871),

143 2520 415 2596 878-882,
445 2523 570 2596 885,
593 2524 719 2596 887,
750 2525 877 2596 889,
903 2525 1164 2593 891-898,
1203 2527 1331 2592 876,
1362 2525 1490 2592 898,
1535 2520 1840 2591 912,915,
1871 2526 1997 2592 918,
2037 2526 2162 2592 922,
2217 2527 2344 2592 928,
2385 2520 2642 2594 931-933,
2673 2528 2799 2594 938,
2841 2529 2968 2594 911,
3005 2520 3160 2594 911,’
3185 2520 3318 2595 917,
3359 2520 3484 2596 919,

141 2593 440 2666 ἓξιξ,953,
470 2593 596 2660 959,
628 2595 754 2662 969,
786 2595 913 2663 962,
934 2597 1063 2664 961,
1088 2598 1216 2660 973,
1245 2597 1371 2659 975,
1397 2597 1522 2659 979.
1577 2598 1704 2664 981,
1758 2596 1886 2663 989,
1915 2597 2044 2664 991,
2102 2598 2226 2658 998.
2273 2599 2437 2666 1992,
2496 2593 2844 2664 1009,10:3,
2899 2593 3057 2663 1911,
3109 2593 3486 2664 1020,1023;

139 2659 1062 2739 {030,1932,1035.1036,1039;
1099 2659 1454 2736 1011.10.11,
1520 2669 1657 2724 1915
1689 2659 1703 2734 ,
1731 2659 1890 2733 1918,
1954 2659 2112 2730 1987.
2152 2670 2308 2736 1038,
2361 2659 2518 2734 1961,
2559 2659 2712 2736 1063,
2754 2659 3284 2738 1067—1069,t1098,
3324 2671 3486 2739 1100,

147 2735 489 2812 11οξ1τ1111,
517 2737 677 2806 1114,
708 2739 863 2806 1118,
906 2739 1248 2810 1133,1137,
1289 2735 1445 2808 1145,
1474 2739 1634 2808 1159,
1677 2739 1840 2808 1161,
1875 2739 2030 2796 1165.
2065 2735 2330 2796 Praeterea
2360 2741 2522 2796 habet
2558 2735 2771 2797 tantum
2809 2735 3114 2812 sequentia,
3143 2735 3489 2812 quo'damus'

148 2821 222 2862 ea:
255 2806 366 2862 34*
391 2807 514 2862 4".

227 2935 354 2992 6l0.
410 2935 592 2993 Prima
644 2935 894 2995 fundatio
945 2938 1183 2996 ecclesie
1249 2939 1686 2998 Marchianensis
1746 2957 1777 2996 a
1806 2953 1856 3023 Β
1880 2939 2274 2997 llasnoniensis
2301 2939 2614 2996 9991981919
2637 2941 2848 2997 honore
2867 2941 3242 3012 apostolorum
3265 2941 3410 2998 Petri
3441 2951 3496 3000 et

151 3027 323 3084 beato
367 3030 614 3088 Amando
653 3038 708 3087 et
748 3031 924 3104 primo
983 3031 1189 3090 abbate
1265 3033 1335 3068 ⁴⁸⁶
1391 3033 1578 3090 Sancti
1634 3033 1779 3090 Petri
1881 3031 2055 3098 Pauli,
2087 3046 2198 3102 que
2214 3037 2532 3085 consecrata
2559 3035 2646 3084 est
2683 3047 2714 3084 a
2752 3029 2930 3084 tribus
2957 3029 3257 3102 episcOpis,
3289 3031 3492 3090 videli-

157 3117 490 3176 Gandensis.
1883 3133 1971 3178 cet
2006 3123 2284 3178 Lietberto
2335 3121 2715 3178 Cameracensi
2763 3122 3028 3194 episcopo
3089 3132 3142 3178 et
3199 3124 3498 3182 Rabodone

225 3210 353 3266 670.
404 3215 514 3280 (Ea:
580 3213 851 3283 Tomello.)
907 3213 1217 3270 Fundatum
1276 3221 1360 3272 est
1415 3215 1781 3271 Hasnonense

156 3300 462 3358 cenobium
504 3319 537 3358 a
584 3302 836 3360 Iohanne
871 3304 990 3361 viro
1035 3303 1258 3373 illustri,
1304 3305 1538 3378 ejusque
1593 3318 1784 3360 sorore

159 3392 376 3448 Eulalia
416 3409 559 3466 eque
602 3395 802 3450 illustri
857 3411 1004 3452 anno
1079 3396 1367 3452 humanati
1431 3394 1586 3460 verbi
1650 3395 1776 3459 670,

161 3483 485 3554 presidente
535 3485 836 3555 apostolice
889 3485 1012 3542 sedi
1059 3485 1341 3542 Adeodato
1382 3501 1524 3558 papa
1559 3485 1782 3542 :Theo-

161 3574 336 3629 derici
387 3591 517 3632 vero
574 3575 740 3650 regis,
797 3574 896 3630 ﬁlii
933 3575 1192 3633 Clodovei
1243 3576 1388 3650 regis
1427 3583 1482 3631 et
1515 3574 1782 3630 Bathildis

163 3663 382 3738 regine,
447 3679 594 3720 anno
647 3665 702 3719 4.
767 3665 1019 3738 Cumque
1089 3665 1421 3722 architector
1480 3671 1780 3720 extremam

161 3754 320 3826 operi
350 3771 570 3810 manum
593 3755 860 3824 dedisset,
905 3764 1130 3814 evocato
1186 3755 1502 3812 venerando
1528 3754 1783 3810 Camera-

162 3849 350 3904 censis
379 3849 612 3906 ecclesie
656 3851 902 3907 antistite
971 3851 1320 3916 Vindiciano,
1377 3851 1486 3905 Deo
1543 3849 1781 3915 sanctis-

165 3957 278 4012 que
307 3941 574 4012 apostolis
599 3943 758 3999 Petro
778 3949 834 3998 et
889 3943 1056 3998 Paulo
1088 3921 1235 3998 idem
1289 3942 1359 3977 ⁴³⁶
1399 3941 1552 3997 19998
1587 3941 1780 3998 attitu-

165 4033 312 4087 latur
345 4032 380 4090 3
412 4033 523 4088 Kal.
575 4033 720 4090 Maii.
766 4034 920 4090 Tunc
971 4044 1163 4090 sancta
1209 4034 1356 4106 Syon
1412 4048 1620 4106 sponso
1676 4049 1778 4088 suo

159 4125 378 4194 juncta,
417 4125 564 4182 filios
605 4133 793 4184 sancte
830 4126 1148 4184 dilectionis
1201 4127 1436 4198 peperit,
1498 4143 1599 4198 per
1638 4141 1780 4198 quos

169 4215 399 4271 odorem
427 4215 690 4274 virtutum
729 4218 840 4274 late
886 4219 1168 4290 respersit,
1209 4217 1284 4273 ita
1321 4225 1381 4274 ut
1408 4217 1661 4274 exultans
1692 4216 1782 4270 di-

1883 3216 2236 3274 Noviomensi
2295 3225 2350 3272 et
2393 3217 2630 3272 Rainero
2668 3216 3070 3282 Aurelianensi,
3123 3232 3270 3273 anno
3319 3219 3499 3274 domi-

1884 3311 2007 3366 nice
2023 3307 2419 3364 incarnationis
2437 3307 2916 3375 lO‘70,indictione
2967 3312 3022 3375 8,
3055 3315 3248 3378 epacta
3275 3309 3329 3372 6,
3371 3325 3504 3366 con-

1881 3407 2138 3455 currente
2166 3400 2220 3466 4,
2251 3399 2474 3464 919194,
2501 3397 2817 3470 presidente
2861 3398 3165 3469 apostolice
3193 3399 3313 3453 sedi
3354 3415 3496 3470 papa

1881 3486 2210 3552 Alexandro,
2239 3486 2332 3557 qui
2365 3485 2624 3556 primitus
2674 3485 2778 3540 fuit
2832 3486 3130 3557 episcopus
3172 3487 3226 3541 in
3261 3487 3424 3553 Luca,
3444 3494 3501 3543 et

1883 3583 2148 3650 regnante
2164 3577 2412 3648 Philippo
2463 3593 2593 3650 rege
2635 3576 2988 3643 Francorum,
3021 3576 3136 3634 filio
3165 3578 3406 3647 Henrici,
3438 3587 3494 3636 et

1882 3679 2150 3744 regnante
2198 3668 2465 3724 Balduino
2513 3668 2935 3724 Flandrensium
2977 3679 3034 3725 et
3102 3670 3494 3728 Hainoensium

1881 3761 2152 3818 comiteet
2179 3767 2496 3830 reparatore
2516 3760 2637 3829 eius
2671 3760 2800 3816 loci.
2834 3760 3019 3816 Sancti
3047 3761 3139 3833 qui
3169 3759 3446 3819 aﬁ'uerunt
3481 3780 3494 3818 :

1881 3860 2104 3907 sanctus
2131 3849 2416 3906 Marcellus
2445 3865 2588 3920 papa
2617 3849 2688 3904 de
2718 3849 3034 3906 Altomonte
3063 3851 3236 3921 (181),
3265 3859 3494 3908 sanctus

1881 3941 2220 3997 Audomarus
2273 3939 2744 4007 Tarwanensium,
2796 3950 3024 3998 sanctus
3069 3941 3254 3997 Piatus
3309 3945 3502 4000 martir

1880 4030 1948 4084 de
1977 4029 2206 4085 Siclinio
2234 4029 2400 4100 (482),
2447 4037 2669 4086 sanctus
2719 4029 2974 4086 Gislenus
3024 4029 3291 4086 Cellensis
3319 4029 3497 4089 Ceno-

1882 4121 1980 4188 bii,
2012 4130 2236 4178 sanctus
2273 4123 2487 4179 Salvius
2514 4123 2708 4180 martir
2761 4124 2829 4180 de
2875 4123 3238 4192 Valentianis,
3275 4135 3500 4184 sanctus

1881 4212 2202 4268 Vincentius
2257 4212 2664 4270 Somniacensis
2705 4213 2872 4284 (483),
2934 4215 3111 4270 sancti
3168 4216 3501 4273 lnnocentes

169 4319 300 4360 cere
334 4313 554 4376 posset:
613 4308 742 4364 Cum
781 4311 914 4364 esset
1095 4278 1404 4364 in'acubitu
1433 4323 1549 4364 suo.
1574 4306 1789 4362 nardus
1813 4278 1864 4348 Ο
1889 4305 1959 4360 de
1989 4305 2252 4370 Condato,
2298 4313 2522 4361 sanctus
2567 4278 2818 4362 Bertinus
2835 4278 3036 4373 abbas,
3084 4315 3310 4362 sanctus
3341 4309 3502 4362 Ama-

169 4411 293 4451 mea
319 4396 470 4451 dedit
488 4399 700 4454 odorem
727 4414 901 4454 suum.

249 4487 404 4542 1068.
439 4489 622 4562 (Ibid)
669 4489 1010 4547 Restauratio
1064 4490 1460 4548 Hasnoniensis
1507 4489 1728 4546 cenobii
1759 4507 1792 4545 a
1836 4547 1842 4552 ,

175 4579 446 4636 Β91119199
499 4589 652 4638 sexto
708 4582 980 4640 marchiso
1043 4583 1462 4641 Flandrensium
1512 4583 1678 4638 simul
1737 4590 1794 4638 et

176 4669 570 4725 liaionensium
593 4671 829 4738 comite;
862 4671 958 4743 qui
985 4672 1268 4728 canonicis
1287 4671 1631 4728 secularibus
1655 4671 1788 4726 inde

177 4757 468 4830 submotis,
516 4758 840 4814 monasticis
891 4758 1273 4816 sanctionibus
1321 4760 1562 4816 eundem
1608 4761 1788 4816 locum

180 4847 465 4922 insignivit
483 4854 539 4902 et
563 4847 927 4918 amplioribus
958 4849 1231 4905 reditibus
1252 4849 1628 4922 locupletavit,
1661 4866 1792 4922 pre-

175 4936 390 4992 sidente
447 4936 750 5008 apostolice
804 4936 924 4992 sedi
970 4936 1278 4994 Alexandro
1343 4955 1506 5011 papa.
1546 4938 1791 5012 Cumque

174 5031 473 5080 extremam
503 5025 659 5098 operi
685 5041 908 5082 manum
961 5025 1226 5094 dedisset,
1260 5028 1502 5084 evocatis
1522 5044 1794 5084 veneran-

180 5113 268 5168 dis
319 5114 618 5185 episcopis,
679 5115 790 5172 Deo
832 5115 1152 5188 sanctisque
1207 5117 1474 5188 apostolis
1529 5117 1684 5174 Petro
1739 5125 1796 5174 et

183 5203 352 5260 Paulo
383 5203 527 5260 idem
568 5204 724 5262 locus
751 5205 1059 5263 attitulatur
1085 5205 1120 5264 3
1147 5207 1282 5265 Non.
1319 5207 1489 5264 Junii.
1514 5207 1796 5264 Dedicatio

1890 4401 1977 4450 tus
2029 4395 2101 4450 de
2153 4393 2360 4460 Duaco,
2407 4401 2628 4450 sanctus
2663 4393 2965 4449 Winnocus
3026 4395 3222 4462 abbas,
3277 4405 3551 4481 sanctusc

1893 4483 2232 4540 Donatianus
2253 4483 2320 4538 de
2349 4483 2564 4556 Brugis,
2581 4489 2806 4538 sanctus
2829 4482 3272 4554 Wandregisilus
3307 4483 3502 4552 abbas,

1892 4581 2115 4630 sanctus
2135 4574 2404 4632 Vedastus
2434 4575 2504 4630 de
2557 4574 2857 4642 Attrebato,
2899 4581 3120 4630 sanctus
3167 4575 3332 4644 Bavo,
3373 4591 3507 4631 san-

1889 4673 2010 4721 ctus
2035 4665 2356 4732 Everardus,
2407 4670 2628 4719 sanctus
2683 4662 2974 4719 Amandus
3002 4663 3072 4718 de
3107 4663 3339 4732 Elnone,
3372 4681 3504 4720 san-

1891 4762 2012 4812 ctus
2041 4756 2310 4812 Eubertus
2338 4756 2432 4828 de,
2459 4754 2667 4822 Insula,
2707 4761 2930 4810 sanctus
2982 4755 3343 4825 Landelinus,
3386 4773 3510 4813 san-

1893 4852 2012 4902 ctus
2059 4846 2232 4920 llugo,
2289 4852 2512 4901 sanctus
2583 4843 2884 4918 Aycadrus,
2943 4852 3134 4902 sancta
3210 4845 3510 4916 Rictrudis,

1893 4941 2082 4992 sancta
2124 4935 2378 5004 Eusebia,
2427 4941 2617 4990 sancta
2659 4933 3020 5008 Aldegundis,
3070 4943 3264 4991 sancta
3294 4935 3510 5008 Regen-

1893 5029 2082 5092 fredis,
2118 5037 2311 5084 sancta
2347 5028 2578 5103 Regina,
2618 5034 2806 5084 sancta
2855 5027 3246 5083 Waldetrudis.
3279 5027 3512 5083 Nomina

1895 5117 2157 5172 abbatum
2177 5117 2272 5189 qui
2311 5115 2712 5184 interfuerunt;
2762 5116 3069 5173 Rollandus
3100 5115 3312 5188 primus
3343 5115 3515 5170 abbas

1898 5206 2064 5276 hujus
2115 5205 2244 5270 loci,
2323 5205 2667 5274 Lambertus,
2730 5205 3054 5272 Adelardus,
3151 5203 3512 5260 Guedericus.

1522 5340 1744 5396 VARUS
1779 5339 2054 5396 LECTION
2063 5340 2160 5396 ES.

265 5433 331 5472 ⁸⁸⁸
349 5433 496 5491 deest
521 5433 599 5490 Bt
624 5435 724 5492 ubi
747 5435 911 5508 hujus
939 5438 1094 5493 Anni
1125 5440 1310 5494 omnia
1332 5455 1364 5493 α
1394 5438 1736 5496 rubricatore
1763 5440 1959 5496 addita
1983 5444 2112 5496 sunt
2139 5441 2197 5496 in
2228 5442 2494 5512 margine.
2526 5440 2595 5476 ⁵⁸⁸
2633 5439 2692 5496 111
2721 5449 2804 5496 981
2835 5439 2963 5494 84*.

1749 5541 1964 5599 ΝΟΤΛΕ.

287 5638 412 5713 481)
446 5637 766 5713 1199119991,
799 5641 966 5700 diuae.
990 5641 1269 5700 Camerac.

289 5709 410 5784 482)
438 5711 646 5782 Seclin,
678 5709 853 5788 prepe
876 5713 1042 5771 Lille.

1990 5645 2134 5717 (483)
2167 5644 2440 5721 Soignies,
2474 5645 2529 5699 in
2561 5645 2862 5700 1111999919,
