3930 6068
205 238 308 293 337

1139 235 1493 292 CHRONICA.
1537 267 1603 279 -—
1644 236 2077 293 CONTINUATIO
2118 237 2599 292 TORNACENSIS.

3437 239 3541 297 358

206 368 265 418 in
292 367 487 433 primis
516 367 680 418 annis
710 365 781 417 ad
803 365 1025 418 verbum
1048 366 1161 431 fere
1185 368 1530 424 conveniunt.
1564 380 1689 419 cum
1719 372 1902 419 tamen
1926 366 2139 419 nullam
2168 380 2362 418 earum
2385 380 2455 418 ea:
2486 366 2660 418 altera
2702 371 2980 433 exceptam
3002 380 3110 419 esse
3154 372 3431 434 appareat.
3466 372 3544 419 Ea

207 439 396 501 igitur,
426 439 488 488 in
516 436 709 503 quibus
743 436 848 489 illo?
877 438 1226 501 conveniunt,
1261 440 1317 489 in
1345 440 1621 491 communi
1650 438 1865 490 illorum
1895 437 2135 490 codicum
2166 436 2256 495 ()3,
2284 437 2337 500 4,
2362 437 2416 496 :‘i,
2450 438 2599 501 ['onte
2627 434 2662 489 C
2677 439 2799 503 jam.
2827 440 3013 501 fuisse,
3043 438 3163 504 plus
3215 454 3381 505 quam
3405 441 3546 491 veri-

206 510 381 560 simile
416 508 646 560 videtur.
681 511 807 569 Quae
842 510 1040 575 scripta
1068 509 1237 574 fuisse
1261 514 1388 561 ante
1416 525 1468 561 (ι.
1517 508 1538 560 1
1563 508 1655 562 132
1682 509 1805 561 inde
1863 514 2086 575 apparet
2108 509 2244 575 quod
2269 510 2328 560 in
2359 510 2676 560 Tornacensi
2699 511 2879 560 omnia
2928 523 3094 574 usque
3130 509 3199 561 ad
3226 524 3280 564 a.
3310 508 3445 561 11:27
3477 509 3544 561 ab

210 594 327 631 una
357 594 532 631 manu.
563 584 787 632 ea‘erata
812 585 962 644 sunt,
990 584 1107 632 tum
1132 582 1321 632 statim
1346 581 1589 647 sequitur
1626 596 1680 631 a.
1726 577 1861 632 1132
1892 580 1959 631 ab
1989 580 2098 631 alia
2137 594 2325 631 manu.
2362 583 2425 631 In
2451 579 2659 631 (limosi
2702 579 3041 632 Atrebatensi
3093 582 3355 647 scriptum
3378 582 3545 645 fuisse

208 651 463 715 codicem,
508 653 739 703 innuere
790 651 1002 704 videtur
1040 665 1094 703 τι.
1125 650 1265 703 1115
1296 668 1312 711 ;
1358 658 1416 703 at
1444 665 1785 718 nequaquam
1814 656 2023 704 certum
2051 656 2127 703 est
2179 654 2311 703 Fons
2336 652 2445 715 fuit
2474 652 2947 703 continuationum
2997 653 3359 712 Tornacensis,
3396 655 3538 704 Lau-

206 722 493 784 dunensis,
528 721 939 789 Burburgensis.
973 726 1217 775 Ceterum
1242 724 1483 790 plurima
1511 737 1578 775 ex
1604 724 1685 776 lu's
1736 728 1787 775 et
1835 724 1895 775 in
1923 721 2216 776 annalibus
2259 722 2703 789 Aquicinensibus
2756 726 2809 773 et
2862 721 3330 776 Blandiniertsibus
3361 722 3545 776 iisdem

206 794 321 857 fere
350 793 525 846 verbis
549 794 826 860 teguntur.

282 929 436 984 1111.
463 928 759 984 Concilium
795 928 1126 984 Belvaccnse
1166 929 1496 985 celebratur.

277 1017 434 1071 1115.
479 1017 621 1071 Obiit
644 1017 786 1071 boue
840 1018 1107 1072 memorie
1162 1019 1483 1073 Lambertus
1525 1020 1822 1090 episcoiius

212 1106 602 1161 Atrebatensis.

281 1200 439 1254 1117.
470 1200 746 1254 Paschalis
785 1217 926 1271 papa
975 1200 1135 1265 obiit,
1165 1210 1219 1255 et
1259 1200 1507 1256 Gelasius
1536 1202 1818 1257 successit.

212 1293 417 1346 Ventus
446 1292 962 1347 vehementissimus
994 1292 1096 1346 fuit
1135 1292 1325 1366 vigilia
1356 1293 1559 1348 natalis
1591 1292 1823 1348 Domini.

289 1389 445 1442 1119.
468 1388 715 1443 Gelasius
768 1404 910 1459 papa
938 1387 1075 1442 obiit
1116 1387 1249 1453 ;cui
1303 1388 1561 1455 Calixtus,
1635 1388 1730 1458 qui
1780 1394 1835 1441 et

213 1480 414 1547 Guido,
456 1481 608 1551 prius
637 1480 970 1535 Viennensis
1010 1479 1482 1551 archiepiscopus,
1518 1480 1784 1534 successit
1818 1498 1830 1533 :

1856 939 1899 1001 Α
1928 929 2131 1001 quique
2164 929 2455 984 concilium
2502 929 2686 983 Remis
2715 929 2908 983 tenuit.

2002 1021 2156 1075 1123.
2191 1019 2490 1074 Concilium
2527 1020 2625 1074 fuit
2673 1021 2818 1089 apud
2878 1022 3126 1087 Romam,
3175 1020 3228 1073 in
3287 1035 3398 1091 quo
3439 1036 3544 1091 pax

1926 1111 2070 1163 inter
2101 1125 2295 1179 papam
2324 1117 2381 1162 et
2412 1109 2796 1178 imperatorem
2826 1108 3200 1165 confirmatur.

1995 1203 2154 1255 1121.
2181 1200 2326 1254 Obiit
2357 1199 2591 1255 Calixtus
2649 1218 2807 1271 papa,
2851 1209 2905 1255 et
2934 1202 3200 1256 successit
3252 1200 3542 1257 Honorius.

2010 1292 2162 1347 1127.
2229 1291 2454 1346 Karolus
2517 1308 2704 1347 comes
2770 1293 3038 1347 Flandria':
3090 1295 3282 1369 Brugis
3331 1293 3549 1349 interﬁ-

1939 1387 2097 1441 citur.

857 1809 1802 1911 CONTINUATIO
1903 1810 2275 1909 TORN
2303 1808 2913 1917 ACENSIS,

282 2036 461 2108 Codex:
484 2040 830 2092 Tornacensis
863 2035 933 2091 (13
961 2040 1191 2093 codicem
1222 2038 1275 2092 C.
1309 2040 1538 2103 ﬁdeliter
1589 2040 1863 2108 descripsit
1918 2054 2044 2092 cum
2081 2038 2463 2103 additionibus,
2494 2053 2649 2108 quas
2702 2039 2778 2090 ibi
2826 2036 3145 2108 jam_legit,

3231 2035 3300 2086 ad
3338 2051 3389 2087 a.
3423 2033 3552 2098 651,

210 2107 337 2169 785,
370 2107 492 2169 690,
522 2108 833 2171 773,1048,
868 2109 1027 2170 1076.
1084 2109 1242 2173 1079,
1302 2110 1458 2173 1086,
1500 2110 1659 2175 1090,
1724 2104 1879 2176 1092,
1935 2108 2095 2173 1093,
2150 2109 2314 2173 1093,
2376 2104 2537 2173 1096,
2572 2107 2723 2173 1099,
2779 2106 3123 2172 1100,1105,
3156 2104 3312 2168 1109,
3346 2112 3559 2159 etcum

205 2182 615 2234 continuatione
638 2184 753 2248 ejus
783 2181 947 2246 brevi,
978 2184 1070 2235 cui
1096 2184 1207 2250 ipse
1226 2185 1561 2250 paucissima
1594 2188 1811 2236 tantum
1870 2182 2075 2234 addidit
2132 2183 2193 2233 in
2236 2197 2288 2233 (ι.
2348 2178 2670 2233 1115-1227.
2727 2179 2879 2232 Alius
2935 2176 3124 2230 deinde
3176 2191 3346 2229 unitos
3393 2176 3555 2229 1132-

210 2250 353 2304 1179
377 2252 571 2319 adjecit
597 2270 614 2318 ;
655 2254 853 2305 tertius
878 2253 1107 2321 reliqua.

279 2413 440 2467 1114.
468 2414 636 2484 (Cant.
666 2414 867 2483 Atreb.)
896 2414 1199 2469 Concilium
1228 2415 1585 2471 Belvaeense.

283 2503 440 2558 1115.
484 2504 609 2573 (1b.)
656 2502 802 2557 Obiit
830 2503 979 2558 bone
1043 2506 1314 2560 memorie
1345 2505 1665 2560 Lambertus
1703 2506 1831 2576 epi-

206 2606 416 2662 sc0pus
435 2591 828 2652 Atrebatensis.
855 2598 909 2647 et
935 2593 1202 2649 successit
1228 2593 1502 2649 Robertus
1532 2594 1603 2648 de
1638 2595 1830 2649 eadem

215 2680 356 2736 urbe
397 2688 583 2737 natus.

290 2774 446 2828 1117.
516 2776 640 2842 (1b.)
700 2775 976 2831 Paschalis
1016 2792 1156 2847 papa
1222 2777 1503 2833 secundus
1558 2776 1719 2844 obiit,
1780 2785 1837 2832 et

217 2866 467 2921 Gelasius
495 2867 785 2924 successit.

290 2958 446 3014 1119.
480 2958 617 3030 (1b.)
648 2958 896 3015 Gelasius
926 2976 1067 3031 papa
1121 2961 1280 3028 obiit,
1323 2963 1411 3017 cui
1444 2963 1701 3018 Kalixtus.
1741 2962 1833 3033 qui

215 3057 271 3104 et
309 3050 508 3118 Guido,
539 3051 693 3121 prius
728 3051 1067 3106 Viennensis
1113 3052 1583 3123 archiepiscopus,
1614 3069 1835 3109 succes-

216 3139 289 3193 sit
320 3156 334 3205 ;
369 3139 576 3210 quique
615 3140 912 3195 concilium
940 3140 1121 3195 Remis
1153 3142 1348 3197 tenuit.

290 3236 446 3290 1123.
481 3236 607 3307 (1b.)
636 3235 937 3291 Concilium
988 3236 1089 3292 fuit
1148 3239 1292 3308 apud
1352 3238 1599 3306 Romam,
1630 3239 1684 3293 in
1726 3254 1835 3310 quo

219 3341 325 3395 pax
365 3324 512 3380 inter
550 3341 745 3395 papam
769 3332 824 3379 et
853 3325 1245 3397 imperatorem
1274 3327 1654 3383 conﬁrmatur.

293 3414 596 3483 1124.1Ib.)
636 3413 780 3468 Obiit
833 3414 1078 3470 Kalixtus
1135 3431 1298 3487 papa,
1331 3424 1386 3471 et
1425 3416 1693 3472 successit
1733 3416 1839 3473 Ho-

220 3509 432 3565 norius.

295 3600 451 3656 1127.
485 3599 628 3655 Obiit
654 3599 893 3656 domnus
949 3603 1244 3678 Segardus,
1304 3604 1470 3672 hujus
1522 3604 1739 3659 cenobii
1769 3605 1837 3639 ‘39

221 3692 395 3747 abbas
423 3692 718 3757 secundus,
750 3692 834 3747 vir
855 3693 979 3748 vitze
1008 3693 1364 3758 venerabilis,
1398 3694 1645 3765 ipsisque
1676 3710 1838 3749 sccu-
1869 3747 1911 3769 Π

223 3781 434 3835 laribus
458 3781 818 3851 potestatibus
862 3782 1020 3836 valde
1063 3783 1419 3837 reverendus.
1465 3785 1583 3853 (1b.)
1609 3784 1837 3839 Karolus

220 3886 412 3927 comes
484 3871 738 3926 Flandrie
793 3873 1120 3928 interﬁcitur
1186 3873 1402 3947 Brugis,
1459 3874 1515 3927 in
1591 3875 1840 3931 aecclesia

220 3964 397 4019 sancti
448 3966 758 4031 Donatiani,
829 3981 1010 4022 coram
1081 3967 1237 4022 altari
1329 3968 1476 4038 quod
1532 3976 1615 4023 est
1672 3985 1842 4039 super

226 4060 500 4114 absidam‘.

297 4310 455 4365 1132.
483 4312 758 4368 Dedicatio
808 4311 1071 4369 tecelesiae
1098 4315 1273 4369 sancti
1331 4313 1544 4368 Martini
1578 4330 1608 4367 a
1639 4314 1844 4369 domno

230 4406 460 4461 Simone
482 4405 767 4476 episcopo.

303 4496 460 4551 1136.
488 4495 728 4549 Domnus
783 4493 1111 4549 Gualtherus
1174 4495 1346 4550 abbas
1404 4504 1630 4567 quartus
1690 4496 1847 4550 Heri—

228 4599 434 4638 manno
478 4582 747 4637 succedit.
808 4582 1011 4637 Eodem
1075 4590 1322 4653 tempore
1376 4583 1592 4639 siccitas
1651 4601 1847 4655 magna

228 4675 353 4740 fuit,
378 4682 433 4730 et
461 4690 658 4749 magna
697 4672 913 4746 frugum
937 4674 1296 4741 abundantia,
1329 4681 1383 4729 et
1412 4675 1847 4731 abincommodo

229 4773 509 4838 quartanae
539 4766 711 4821 febris
748 4767 905 4820 multi
946 4768 1310 4822 mortuisunt.

301 4856 461 4910 1147.
496 4855 804 4910 Ludovicus
837 4871 930 4910 rex
961 4856 1291 4912 Francorum
1340 4858 1683 4914 Jherusalem
1726 4859 1840 4920 ivit,

227 4944 364 4998 cum’
391 4959 590 5016 magno
627 4943 849 5015 quidem
883 4945 1146 5001 comitatu
1188 4964 1202 5011 ;
1236 4947 1332 5001 sed
1405 4947 1617 5003 inactus
1657 4948 1843 5002 rediit.

229 5032 327 5087 Nix
359 5049 578 5107 magna.
621 5049 782 5104 quam
803 5035 1104 5090 vehemens
1132 5036 1424 5092 inundatio
1454 5053 1715 5109 aquarum
1763 5045 1845 5093 est

231 5128 444 5175 secuta.
510 5122 635 5190 (Αη.
694 5122 850 5195 1146)
921 5123 1123 5179 Eodem
1180 5130 1429 5196 tempore
1479 5127 1845 5183 Tornacensis

228 5209 481 5266 aecclesia
499 5211 779 5281 proprium
812 5212 1157 5282 recuperavit
1187 5215 1534 5285 episc0pum.

306 5308 463 5361 1149.
484 5306 709 5377 Hiemps
755 5306 915 5362 solito
962 5307 1212 5378 asperior
1268 5309 1562 5377 inhorruit,
1621 5312 1674 5365 in
1729 5320 1850 5366 tan-

1859 2418 1907 2485 Β
1933 2420 2069 2481 tum,
2101 2421 2161 2469 ut
2191 2414 2243 2469 in
2274 2414 2408 2469 mari
2439 2414 2564 2485 plus
2613 2429 2775 2484 quam
2831 2412 3008 2467 tribus
3054 2430 3084 2467 a
3112 2413 3298 2468 littore
3328 2410 3554 2483 milibus

1935 2495 2106 2580 super
2134 2509 2358 2584 glatiem
2401 2509 2485 2564 via
2508 2509 2853 2579 prebcrctur,
2877 2515 2931 2562 et
2960 2516 3336 2562 tumescentes
3358 2506 3559 2561 ﬂuctus

1935 2598 2063 2670 gelu
2085 2597 2303 2653 solidati
2326 2598 2383 2650 in
2432 2597 2853 2651 similitudinem
2914 2597 3142 2651 turrium
3175 2601 3550 2650 cernerentur.

1936 2687 2071 2740 Ante
2114 2691 2169 2739 et
2216 2692 2340 2756 post
2386 2685 2531 2739 idem
2582 2684 2709 2757 gelu
2765 2700 2863 2755 per
2897 2684 3099 2739 multos
3153 2700 3331 2739 annos
3361 2700 3560 2758 magna

1936 2780 2152 2852 frugum
2173 2779 2409 2850 penuria
2435 2778 2558 2845 fuit,
2592 2778 2731 2834 adeo
2785 2787 2847 2833 ut
2887 2779 3219 2850 aliquutiens
3241 2778 3387 2849 apud
3430 2779 3561 2832 Tor-

1936 2890 2132 2928 nacum
2159 2873 2430 2927 sextarius
2451 2872 2712 2926 frumenti
2734 2871 2804 2927 60
2834 2871 3027 2927 solidis
3056 2871 3410 2925 venderetur.

2011 2968 2166 3023 1153.
2197 2968 2484 3023 Ascalonia
2516 2968 2750 3038 capitur.

2006 3056 2164 3111 1160.
2222 3056 2463 3111 Domnus
2519 3055 2844 3109 Gualtherus
2900 3055 3071 3109 abbas
3132 3056 3220 3108 1‘18
3285 3053 3445 3119 obiit,
3506 3059 3561 3107 et

1938 3146 2176 3201 domnus
2206 3147 2296 3202 lvo
2319 3146 2491 3201 abbas
2512 3148 2606 3201 Eius
2635 3147 2923 3201 successit.

2010 3236 2168 3289 1168.
2201 3235 2577 3290 Theodericus
2616 3249 2800 3289 comes
2841 3232 3190 3287 Flandrensis
3216 3232 3372 3298 obiit,
3408 3229 3556 3286 {ilio-

1935 3342 2044 3397 que
2075 3342 2173 3381 suo
2206 3326 2464 3397 Philippo
2491 3326 2814 3381 comitatum
2858 3324 3100 3394 reliquit.

2010 3420 2167 3473 1171.
2199 3420 2441 3473 Domnus
2478 3419 2712 3473 Thomas
2741 3416 3042 3470 Cantuarite
3098 3414 3555 3485 archiepiscopus

1936 3514 2318 3584 martyrizatur
2369 3529 2399 3566 a
2454 3512 2784 3566 satellitibus
2840 3510 3060 3565 Henrici
3119 3509 3265 3581 regis
3323 3509 3556 3581 Anglia).

1938 3602 2069 3668 Quis
2098 3609 2317 3673 quantae
2373 3601 2592 3656 virtutis
2629 3600 2887 3666 extiterit,
2952 3599 3212 3653 Dominus
3266 3597 3562 3652 virtutibus

1940 3698 1994 3745 et
2024 3689 2303 3744 miraculis
2367 3690 2648 3744 declarare
2701 3703 2812 3743 non
2866 3688 3089 3743 desinit.
3162 3687 3368 3743 Eodem
3410 3701 3556 3740 anno

1939 3780 2237 3834 Balduinus
2267 3793 2453 3834 comes
2482 3778 2783 3834 Montensis
2828 3778 3079 3844 moritur,
3130 3784 3185 3831 et
3234 3776 3381 3847 apud
3410 3776 3564 3830 Mon-

1941 3882 2024 3930 tes
2067 3874 2354 3946 sepelitur.
2418 3875 2509 3930 Cui
2569 3876 2815 3931 succedit
2854 3874 3155 3930 Calduinns
3223 3873 3369 3928 [ilius
3419 3873 3559 3941 ejus.

1942 3970 2147 4025 Eodem
2198 3970 2361 4025 etiam
2420 3986 2566 4026 anno
2620 3970 2823 4026 nobilis
2884 3971 3137 4026 azcclesia
3201 3969 3563 4023 'l'ornacensis

1942 4059 2118 4115 beata:
2148 4059 2327 4113 Marim
2359 4075 2581 4130 semper
2605 4059 2836 4134 virginis
2866 4059 3121 4114 dedicata
3161 4064 3242 4112 est
3273 4057 3342 4111 ab
3364 4056 3561 4111 illustri

1944 4152 2059 4207 viro
2088 4152 2293 4208 domno
2309 4152 2543 4207 Henrico
2587 4152 2655 4185 ‘99
2692 4150 2949 4205 Remensi
2976 4150 3413 4219 archiepiscopo,
3439 4148 3562 4220 plu-

1945 4241 2097 4295 ribus
2122 4258 2309 4297 secum
2336 4240 2589 4295 adunatis
2617 4240 2915 4311 episcopis.

2020 4331 2177 4384 1172.
2240 4329 2476 4400 Hyemps
2536 4328 2718 4384 mollis
2773 4335 2827 4382 et
2882 4333 3127 4382 ventosa.
3187 4325 3449 4396 procellis
3508 4333 3563 4379 et

1946 4419 2236 4489 ymbribus
2299 4420 2529 4487 tediosa,
2590 4425 2642 4475 et
2712 4419 2768 4471 in
2832 4418 3018 4489 medio
3069 4415 3311 4471 Januarii
3366 4430 3563 4469 mense

1949 4512 2398 4567 choruscatioues
2428 4520 2482 4566 et
2510 4512 2747 4565 tonitrua
2777 4510 2865 4563 ‘9‘.

2016 4763 2174 4820 1332.
2206 4763 2316 4819 Hoc
2345 4771 2589 4833 tempore
2626 4761 2830 4816 redidit
2892 4776 2952 4815 se
2980 4759 3345 4815 Tornacensis
3377 4760 3569 4815 civitas

1948 4858 2061 4930 regi
2091 4858 2334 4925 Francia,
2360 4874 2469 4929 que
2512 4857 2569 4911 in
2601 4856 2753 4911 nullo
2779 4856 2829 4911 ei
2858 4862 2985 4912 ante
3016 4855 3264 4924 subjecta
3298 4864 3436 4923 erat,
3472 4870 3570 4926 per

1949 4966 2145 5004 manus
2184 4949 2470 5021 cujusdam
2522 4949 2592 4984 ⁴⁹²
2621 4949 2815 5005 militis
2865 4950 2997 5005 dicti
3048 4949 3259 5005 domini
3300 4946 3569 5003 Johannis

1949 5043 2317 5105 Doucasteler.
2354 5044 2410 5097 in
2439 5045 2678 5100 claustro
2709 5045 2884 5101 sancti
2907 5043 3117 5099 Martini
3178 5040 3565 5104 Tornacensis,

1949 5131 2095 5185 circa
2121 5130 2471 5187 festivitatem
2503 5134 2676 5188 sancti
2703 5133 2919 5189 Martini
2944 5132 3209 5189 estivalis.

2030 5223 2179 5278 1333.
2218 5224 2365 5279 Obiit
2396 5225 2523 5281 Idus
2550 5224 2673 5280 Maii
2704 5225 2966 5281 dominus
3018 5222 3366 5287 Guillelmus,
3391 5220 3571 5275 dictus

1951 5313 2019 5368 de
2040 5314 2377 5382 Ventadour,
2410 5317 2715 5371 monachus
2772 5314 3148 5372 Cluniacensis
3188 5321 3243 5367 et
3273 5312 3568 5384 cpiSCOpus

1591 5429 1811 5484 VARl/E
1837 5429 2213 5487 LECTIONES.

303 5548 373 5581 ⁴⁸⁹
424 5564 623 5603 manus
670 5564 716 5603 s.
748 5554 833 5602 XV
879 5554 1111 5605 correxit
1167 5550 1388 5606 cenobii
1440 5552 1614 5606 sancti

1676 5553 1888 5609 Martini
1945 5555 2326 5612 Tornacensis.
2385 5557 2455 5591 ‘90
2514 5557 2717 5613 Eodem
2775 5587 2845 5596 —
2903 5556 3133 5610 Henrico
3191 5558 3250 5609 in
3287 5556 3394 5609 loco
3446 5569 3569 5608 raso

229 5620 298 5697 ἦ⁹¹
330 5620 443 5697 alia
496 5636 697 5677 manus
721 5621 869 5675 addit
909 5620 1142 5691 Explicit
1170 5640 1187 5689 ;
1215 5625 1461 5691 quaedam
1485 5625 1649 5679 rubro
1672 5629 1875 5694 scripta
1907 5632 1965 5682 in
1988 5631 2491 5697 sequenticotumna
2519 5647 2675 5685 erasa
2699 5635 2849 5685 sunt.
2886 5628 2954 5661 ‘9’
2987 5626 3206 5682 cuidam
3221 5642 3331 5683 esse
3358 5626 3569 5681 videtur

231 5694 303 5745 in
331 5692 444 5745 cod.
