3916 6064
309 192 413 245 363

1535 183 1872 237 SIGEBERTI
1919 182 2431 240 tiEMBl..-\CENSIS.

3534 198 3649 252 364

314 320 421 375 bus
447 318 565 374 suis
597 315 962 389 pluribusque
1012 310 1335 383 proceribus
1375 311 1527 385 regni
1577 328 1609 366 a
1650 310 1922 366 Ludovico
1946 313 1999 381 Α
2095 312 2218 367 828.
2252 313 2564 382 Balbertus,
2595 327 2963 391 cognomento
3013 320 3356 387 Paschasius.
3387 325 3645 399 discipu-

315 408 645 479 imperatore
676 405 1006 475 dampnatur
1034 401 1221 457 exilio.
1274 403 1333 455 In
1363 402 1519 471 cujus
1549 401 1759 457 locatur
1788 401 1921 456 sedc
2024 399 2108 453 lus
2134 402 2309 456 sancti
2346 403 2623 470 Adalardi,
2673 407 2918 461 omnium
2960 409 3275 466 divinarum
3330 414 3641 485 scriptura-

312 495 398 552 vir
425 492 758 552 venerabilis
809 490 981 546 abbas
1018 487 1145 546 1008
1176 488 1400 545 nomine
1452 487 1772 543 Adalardus.
1829 485 1926 539 Hic
2025 505 2145 542 rum
2172 497 2561 559 perscrutator,
2592 492 2823 549 ﬂoretin
2851 495 3042 553 Gallia.

310 587 547 658 primum
586 582 734 654 cepit
757 580 1018 638 editicare
1048 596 1245 676 novam
1278 579 1582 636 Corbeiam.

383 676 512 732 821.
543 674 847 731 Adalardus
889 670 1240 729 Corbeiensis
1267 671 1440 726 abbas
1495 670 1699 742 aliique
1730 685 1921 743 proce-

2092 584 2217 640 814.
2278 586 2373 641 ilic
2412 586 2640 644 Karolus
2702 597 2827 660 post
2873 591 3092 664 imperii
3145 596 3473 655 divisionem
3541 601 3644 657 fuit

2023 674 2353 730 Francorum
2387 692 2480 731 rex
2532 678 2757 748 primus.
2817 681 2913 737 Hic
2950 682 3239 742 Lotharius
3290 687 3393 744 fuit
3421 689 3499 760 pii
3538 690 3643 746 Lu-

314 786 404 826 res
455 769 611 844 regni
641 775 972 825 revocantur
1000 767 1068 822 ab
1098 764 1285 832 exilio,
1325 763 1429 820 nisi
1465 779 1606 836 quos
1641 779 1790 820 mors
1812 763 1921 819 vita
2020 762 2223 831 dovici,
2270 764 2451 819 Karoli
2485 767 2669 840 magni
2697 766 2816 836 ﬁlii,
2861 770 3028 840 ﬁlius,
3085 773 3388 846 imperator
3413 780 3643 835 tercius.

311 860 642 932 privaverat,
673 857 1030 931 pristinisque
1058 854 1364 911 honoribus
1392 854 1723 911 relocantur.

2094 852 2218 908 885.
2251 853 2346 909 llic
2366 854 2593 910 Karolus
2612 856 2711 911 fuit
2743 857 3000 915 Ludovici
3033 862 3428 922 Germanorum
3462 869 3633 943 regis,

377 952 502 1009 827.
562 950 865 1006 Adalardus
917 946 1260 1003 Corbeiensis
1299 945 1472 1001 abbas
1522 944 1920 1002 celeberrimus
2025 942 2099 1013 pii
2130 942 2391 998 Ludovici
2422 944 2766 1017 imperatoris
2795 947 2915 1017 lilii,
2940 949 3105 1008 filius.

307 1042 451 1097 inter
480 1041 715 1097 Francos
735 1038 929 1094 extitit.

1958 1259 2375 1268 νοσῇ-,ι

2638 1236 3410 1253 -α--ιυ--ἠ-ῇ-ῠ-Δ-
3428 1248 3433 1253 ι

3364 1273 3625 1283 ’.ι-κῃ..

2379 1262 2797 1271 ——————_——____

714 1422 1657 1531 CONTINUATIO
1751 1419 3239 1529 PR/EMONSTRATENSIS

381 1656 582 1709 Damus
598 1665 667 1706 ea:
704 1649 883 1705 codice
912 1647 1008 1701 Β1.
1040 1647 1514 1719 continuationem,
1548 1660 1667 1714 qua:
1693 1644 2045 1719 Laudunensi
2073 1646 2619 1719 superstructaleic
2648 1653 2773 1702 ante
2797 1664 2848 1703 a.
2880 1649 3014 1707 “26
3044 1653 3128 1705 nil
3151 1653 3265 1719 fere
3294 1654 3511 1707 inscerit
3538 1656 3649 1708 nisi

311 1740 535 1791 magno:
570 1726 809 1777 centones
830 1736 898 1775 ea:
926 1721 1055 1775 Vita
1072 1718 1323 1792 Norberti
1345 1721 1612 1792 consutos,
1642 1720 1708 1792 in
1730 1717 2083 1792 sequentibus
2095 1718 2370 1787 permulta
2395 1718 2828 1792 additaliunde
2862 1726 3056 1790 petita,
3086 1717 3205 1792 quae
3234 1739 3487 1792 magnam
3527 1740 3646 1778 cum

322 1788 647 1851 Valcellensi
681 1792 1049 1867 cognationem
1095 1788 1359 1867 produnt.
1380 1790 1520 1867 Post
1570 1804 1622 1841 a.
1653 1789 1792 1842 1145
1817 1792 2023 1867 excepit
2050 1790 2283 1867 fortasse
2311 1789 2541 1867 codicem
2581 1791 2753 1845 Vallis
2789 1788 3059 1867 Lucentis.
3092 1788 3178 1849 _de
3215 1788 3432 1864 quo'cf.
3462 1811 3649 1867 supra

312 1870 413 1921 col.
460 1867 548 1921 31.
578 1868 868 1920 Auctorem
896 1865 1242 1929 ignoramus;
1273 1861 1438 1926 facile
1490 1864 1673 1914 tamen
1702 1864 1931 1928 apparet
1979 1860 2150 1926 fuisse
2200 1863 2783 1928 Prmonstratensem,
2843 1864 3081 1920 (λίασθειέ
3150 1860 3652 1921 Βαὶιάιιηὼιὲἱεύεῐ

311 1941 581 1994 Remensis
608 1937 839 1992 scribere
867 1936 1024 2003 cwpit
1061 1947 1168 1987 non
1198 1936 1323 1985 ante
1344 1948 1399 1986 a.
1429 1931 1587 1995 1146,
1628 1947 1732 2001 quo
1758 1946 1899 1984 anno
1929 1930 2126 1985 desinit
2156 1935 2463 1986 auctarium
2491 1934 2886 1997 Laudunense;
2916 1938 3064 1991 ultra
3094 1939 3314 1992 initium
3334 1942 3468 1992 anni
3500 1938 3643 1993 1155

218 2020 223 2023 '
311 2025 444 2080 opus
473 2025 579 2064 non
604 2008 892 2062 deductum
918 2008 1092 2072 fuisse
1112 2004 1180 2080 ab
1206 2008 1439 2080 auctore,
1481 2004 1727 2080 estmdit
1758 2005 2091 2080 continuatio
2133 2004 2533 2080 Ursicampina,
2567 2020 2687 2080 qua;
2728 2011 2970 2062 nostram
3009 2012 3219 2077 emcepit
3255 2012 3545 2078 integram,
3591 2015 3642 2063 et

309 2074 436 2151 ipsa
462 2083 660 2136 iterwn
711 2080 965 2146 excerpta
1018 2092 1054 2129 ιι
1103 2075 1325 2151 Nicolao
1367 2074 1747 2130 Ambianensi.
1809 2076 2088 2130 Vincentio
2132 2074 2357 2130 Roberto
2409 2076 2885 2135 Altissiodorensi.
2915 2074 3265 2136 Valcellénsis
3294 2074 3459 2137 etiam
3490 2074 3653 2151 atque

310 2147 704 2221 Burburgensis
735 2154 919 2206 nostra
955 2162 1064 2203 usa
1086 2147 1361 2202 videntur.

382 2332 513 2388 Post
537 2330 778 2394 lvonem,
807 2324 904 2397 qui
959 2323 1070 2379 vita
1100 2329 1266 2395 atque
1306 2321 1554 2378 doctrina
1594 2335 1694 2375 sua
1724 2318 1926 2377 Carno-
1950 2328 2002 2397 Β
2026 2321 2298 2392 presbiter
2338 2322 2504 2377 simul
2549 2322 2853 2393 ordinatus,
2910 2327 3254 2397 paupertatis
3307 2326 3516 2383 Christi
3562 2338 3661 2385 tu-

315 2426 524 2474 tensem
577 2413 885 2471 ecclesiam
926 2410 1237 2481 illustravit;
1293 2411 1500 2484 quique
1548 2411 1691 2467 inter
1741 2418 1926 2467 cetera

313 2528 484 2585 opera
530 2525 629 2566 sua
657 2509 791 2565 illud
843 2507 1122 2576 volumen,
1163 2508 1311 2580 quod
1342 2509 1564 2563 decreta
1617 2508 1799 2563 lvonis
1840 2507 1923 2562 di-

313 2611 464 2668 cunt,
517 2618 617 2658 sua
674 2600 944 2656 industria
1001 2600 1212 2655 utiliter
1249 2600 1585 2671 compilavit,
1645 2599 1922 2667 Giﬁ‘ridus,

312 2697 422 2754 vite
468 2694 667 2750 merito
706 2709 771 2749 ac
807 2692 1103 2764 prudentia
1130 2692 1482 2763 venerabilis,
1528 2693 1923 2748 Carnotensem

312 2791 623 2848 aecclesiam
652 2789 809 2845 rexit.
845 2788 905 2842 lu
934 2787 1192 2843 Remensi
1225 2801 1450 2859 quoque
1479 2788 1770 2859 metropoli
1800 2796 1925 2860 post

307 2887 614 2943 Manassem
642 2884 912 2941 illustrem
940 2883 1139 2950 virum,
1171 2882 1459 2939 exturbato
1509 2884 1759 2940 invasere
1786 2882 1921 2939 Ger-

307 2980 486 3048 vasio,
528 2977 797 3034 Radulfus
826 2976 1095 3033 successit
1133 2975 1303 3048 (500),
1334 2976 1428 3047 qui
1470 2975 1671 3031 Viridis
1714 2991 1924 3049 cogno-

310 3086 438 3126 men
482 3068 690 3124 habuit.
750 3066 924 3136 (Cont.
984 3066 1180 3130 Laud.)
1239 3065 1517 3122 Waldrico
1570 3065 1923 3121 Laudunensi

310 3159 576 3231 episcopo
623 3173 656 3212 a
698 3172 800 3212 sue
843 3155 999 3211 urbis
1040 3155 1253 3211 civibus
1300 3156 1558 3227 nequiter
1612 3164 1920 3228 perempto,

312 3254 466 3328 Hugo
495 3249 912 3306 Aurelianensis
950 3247 1214 3304 aecclesim
1255 3248 1497 3304 decanus
1548 3248 1918 3319 substituitur,

311 3347 427 3412 Quo
457 3349 579 3416 post
608 3348 820 3414 septem
862 3355 1082 3396 menses
1126 3346 1361 3408 mortuo,
1404 3339 1488 3395 vir
1525 3339 1749 3395 illustris
1796 3340 1924 3394 Bar-

311 3438 624 3495 tholomeus
661 3435 729 3490 ad
755 3434 1133 3505 cpiscOpatum
1182 3432 1496 3488 Laudunice
1536 3432 1770 3488 civitatis
1799 3446 1922 3503 pro-

310 3528 550 3585 vehitur.
594 3524 759 3594 Cujus
813 3523 1083 3579 industria
1162 3530 1217 3577 et
1257 3521 1591 3594 episcopalis
1642 3522 1919 3590 aecclesia,

309 3636 432 3693 quae
472 3619 699 3674 incensa
730 3616 925 3681 fuerat,
958 3615 1015 3670 in
1045 3615 1198 3672 brevi
1230 3624 1482 3686 reparata
1505 3603 1704 3671 iterum
1726 3630 1923 3670 conse-

309 3719 512 3779 cratur,
564 3716 621 3764 et
657 3707 894 3763 civitatis
916 3723 982 3762 ac
1031 3706 1329 3777 provinciae
1359 3706 1700 3761 desolatione
1734 3706 1922 3761 suble-

307 3814 449 3871 vata,
510 3802 566 3856 in
615 3800 807 3855 multis
857 3799 1012 3862 locis,
1074 3799 1128 3851 in
1183 3797 1388 3869 quibus
1435 3806 1599 3852 antea
1637 3814 1917 3870 nunquam

308 3894 505 3959 fuerat,
545 3887 829 3962 religionis
877 3886 1059 3941 fervor
1096 3892 1151 3940 et
1204 3885 1298 3940 Dei
1328 3884 1509 3940 cultus
1553 3883 1833 3952 fundatur,
1866 3893 1921 3940 et
2020 3883 2027 3941 ἶ

310 3983 441 4037 inde
473 3981 533 4034 in
579 3979 778 4033 multas
816 3992 882 4031 ac
932 3982 1173 4031 remotas
1214 3982 1268 4030 et
1317 3974 1482 4030 etiam
1531 3977 1919 4030 transmarinas

310 4070 539 4145 regione
571 4072 926 4139 propagatur.

382 4163 538 4220 1114.
654 4161 719 4216 R.
757 4160 811 4214 8.
924 4158 980 4215 F.
1022 4158 1076 4214 5.
1188 4157 1377 4212 Α.14.
1496 4156 1654 4212 11.4.

381 4254 555 4325 (Cant.
584 4250 779 4321 Laud.)
812 4250 872 4303 In
906 4248 1125 4304 civitate
1153 4245 1471 4301 Belvacensi
1501 4262 1531 4300 a
1563 4245 1786 4301 Conone
1841 4262 1926 4302 se-

308 4346 395 4402 dis
419 4345 735 4417 apostolicae
764 4344 944 4418 legato
975 4340 1271 4398 concilium
1301 4339 1634 4396 celebratur.

379 4439 536 4496 1115.
756 4438 811 4491 9.
1026 4435 1080 4489 6.
1301 4433 1388 4487 15.
1609 4434 1663 4490 5.

378 4524 499 4596 (ιὸ.)
533 4525 854 4580 Lambertus
898 4523 1043 4579 bone
1086 4520 1356 4577 memorie
1384 4522 1755 4577 Atrebatensis
1809 4522 1923 4594 epi-

307 4638 508 4693 scOpus
564 4619 700 4686 obit,
766 4617 931 4689 eique
988 4618 1042 4671 in
1108 4616 1435 4688 episcopatu
1491 4614 1764 4671 Robertus
1795 4632 1918 4670 suc-

306 4712 472 4769 cedit.
1320 4783 1332 4795 ι

377 4805 539 4863 1116.
756 4804 842 4858 10.
1064 4804 1116 4860 7.
1334 4802 1423 4858 16.
1642 4802 1695 4857 6.

378 4900 471 4969 (V.
506 4895 691 4965 Norb.)
725 4895 838 4950 Hoc
876 4903 1125 4966 tempore
1178 4894 1504 4962 Norbcrtus,
1541 4893 1645 4949 loci
1676 4900 1731 4949 et
1775 4892 1920 4949 ordi-

306 4988 393 5042 nis
412 4982 938 5042 Premonstratensis
986 4982 1268 5051 fundator,
1318 4983 1387 5040 de
1419 4983 1669 5056 partibus
1708 4982 1915 5038 Letha-

2026 2410 2205 2467 nicam
2238 2412 2509 2481 induitur;
2534 2414 2777 2471 ctverbo
2807 2417 3208 2487 predicationis
3238 2416 3646 2476 ferventissime

2025 2504 2258 2575 instans,
2289 2508 2541 2577 bajulans
2588 2509 2695 2565 sibi
2725 2526 2945 2567 crucem
3005 2513 3234 2581 nudam,
3274 2514 3459 2570 nudus
3491 2515 3651 2571 Chri-

2024 2610 2171 2656 stum
2201 2603 2469 2675 sequitur.
2513 2604 2867 2668 Quorundam
2898 2607 3061 2662 etiam
3106 2609 3494 2683 religiosorum
3524 2626 3645 2666 mo-

2026 2691 2177 2746 ribus
2205 2692 2520 2763 exploratis,
2573 2695 2794 2750 artioris
2846 2696 2947 2752 via:
3006 2699 3354 2771 propositum
3407 2706 3463 2755 et
3513 2710 3645 2756 tunc

2026 2784 2368 2855 temporibus
2409 2786 2713 2841 inauditam
2745 2788 3146 2847 districtionem
3178 2791 3406 2863 arripit;
3466 2802 3522 2848 et
3553 2808 3654 2864 per
3686 2831 3693 2837 ι

2024 2873 2371 2943 aliquantum
2405 2874 2670 2945 temporis
2702 2876 2867 2932 nudis
2889 2877 3158 2935 incedens
3187 2880 3424 2952 pedibus
3452 2880 3508 2936 in
3526 2881 3654 2936 bru-

2024 2968 2154 3023 mali
2198 2968 2401 3040 rigore,
2441 2970 2674 3026 verbum
2738 2972 2832 3026 Dei
2863 2989 3154 3050 spargens,
3210 2975 3414 3033 multos
3459 2976 3529 3031 ab
3556 2992 3648 3031 er-

2026 3077 2147 3118 rore
2174 3064 2464 3118 convertit.

2096 3178 2252 3234 1117.
2440 3179 2529 3235 11.
2748 3181 2803 3238 8.
3025 3185 3111 3240 17.
3333 3187 3387 3243 7.

2097 3294 2267 3365 (Cant.
2300 3298 2502 3370 Laud.)
2557 3299 2847 3355 Ansclmus
2898 3300 3226 3357 Laudunicae
3256 3302 3495 3358 civitatis
3520 3320 3646 3359 ma-

2022 3386 2190 3460 gister
2243 3390 2737 3457 nominatissimus,
2796 3393 3096 3448 litterarum
3137 3395 3369 3450 scicntia
3429 3396 3635 3459 clarus.

2021 3479 2104 3533 vir
2130 3495 2341 3536 morum
2394 3483 2679 3539 honestate
2705 3491 2759 3539 et
2789 3485 3006 3541 consilii
3060 3488 3372 3543 maturitate
3405 3504 3636 3543 venera-

2022 3570 2169 3639 bilis,
2197 3574 2341 3639 obit;
2372 3575 2467 3647 qui
2521 3577 2641 3631 utili
2674 3578 2857 3633 studio
2912 3586 2967 3634 et
2994 3579 3207 3635 sollerti
3242 3581 3538 3663 industria,
3570 3581 3648 3636 in-

1951 3667 1999 3734 C
2024 3672 2106 3721 ter
2141 3676 2323 3723 cetera
2352 3685 2521 3740 opera
2550 3686 2669 3738 sua,
2692 3671 2859 3727 etiam
2901 3672 2956 3727 in
2981 3673 3242 3743 psalterio
3275 3674 3457 3749 glosas
3487 3692 3640 3730 mar-

2019 3757 2232 3832 ginales
2278 3768 2442 3829 atque
2490 3759 2852 3816 interliniales
2890 3762 2959 3815 de
3018 3763 3343 3819 auctenticis
3369 3764 3647 3836 exposito-

2020 3845 2174 3901 ribus
2204 3846 2425 3902 climata
2454 3847 2835 3904 abreviatione
2852 3849 3149 3905 ordinavit.

2099 3956 2270 4011 1118..
2458 3958 2544 4011 12.
2767 3957 2821 4015 9.
3041 3959 3129 4013 18.
3349 3962 3402 4015 8.

2098 4068 2223 4138 (Ιὸ.)
2279 4068 2556 4125 Paschalis
2593 4086 2735 4142 papa
2789 4071 2926 4140 obit,
2986 4072 3151 4145 eique
3205 4074 3472 4142 Celasius,
3530 4075 3644 4131 Ro-

2024 4175 2200 4213 manae
2226 4159 2491 4214 accclesia:
2530 4161 2915 4225 cancellarius,
2974 4163 3031 4216 in
3062 4163 3385 4233 pdntiﬁcatu
3445 4180 3644 4220 succe-

2025 4246 2122 4303 dit.
2177 4246 2536 4303 Terrtemotus
2565 4248 2739 4304 factus
2771 4256 2855 4304 est
2885 4251 3033 4321 apud
3094 4267 3195 4307 nos
3248 4253 3282 4306 ὅ
3316 4252 3395 4308 Id.
3433 4253 3556 4307 Jan.
3614 4255 3648 4307 4

2026 4337 2180 4394 feria.
2236 4340 2443 4395 Ventus
2488 4341 3010 4397 vehementissimus
3084 4343 3141 4397 in
3200 4344 3389 4419 vigilia
3446 4345 3651 4401 natalis

2024 4428 2261 4492 Domini,
2315 4446 2416 4499 per
2455 4436 2618 4485 totam
2684 4430 2833 4486 diem
2889 4438 2943 4486 et
2995 4439 3212 4489 noctem
3271 4435 3499 4491 durans.
3552 4437 3650 4506 (V.

2022 4519 2214 4589 Norb.)
2247 4520 2495 4577 Gelasius
2527 4539 2689 4593 papa,
2719 4523 2926 4579 indicto
2958 4524 3145 4580 Remis
3184 4526 3439 4594 consilio,
3467 4535 3648 4582 trans-

2021 4615 2283 4689 grediens
2310 4616 2475 4687 Alpes
2514 4616 2571 4671 in
2615 4616 2817 4673 Callias
2856 4618 3022 4674 venit.
3086 4619 3166 4674 Ad
3219 4634 3385 4691 quem
3435 4619 3520 4673 vir
3552 4619 3648 4674 Dei

2022 4706 2338 4773 Norbertus,
2374 4707 2536 4762 nudis
2565 4715 2625 4763 ut
2675 4718 2794 4764 erat
2849 4708 3117 4765 incedens
3159 4711 3418 4782 pedibus,
3452 4726 3646 4767 acces-

2020 4801 2120 4868 sit;
2153 4801 2320 4874 eique
2341 4801 2511 4856 animi
2539 4803 2622 4857 sui
2654 4803 3003 4874 propositum
3051 4805 3326 4875 pandens,
3367 4804 3646 4860 licentiam

2022 4898 2078 4946 et
2099 4890 2481 4947 auctoritatem
2514 4891 2826 4946 seminandi
2851 4892 3061 4965 ubique
3100 4893 3327 4950 verbum
3362 4893 3455 4949 Dei
3479 4892 3547 4948 ab
3579 4907 3649 4948 eo

2021 4983 2254 5055 accepit.
2288 4983 2423 5038 Inde
2450 5000 2629 5055 usque
2654 4983 3007 5040 Valentianas
3038 4985 3282 5054 rediens,
3316 4985 3457 5041 infra
3483 4985 3649 5057 quin-

304 5080 496 5155 ringias
538 5075 826 5142 oriundus,
876 5091 1106 5149 genere,
1162 5076 1369 5131 divitiis
1435 5084 1599 5149 atque
1657 5075 1917 5131 facundia
1946 5049 2201 5133 Ddecim
2255 5078 2469 5133 dierum
2522 5079 2772 5150 spacium
2806 5087 2917 5136 tres
2946 5080 3154 5151 socios,
3195 5096 3335 5152 quos
3359 5080 3510 5136 solos
3543 5080 3647 5135 ha-

305 5172 440 5242 ipsis
481 5169 647 5225 etiam
685 5164 916 5223 summis
947 5164 1292 5235 principibus
1318 5165 1603 5221 familiaris
1630 5172 1793 5237 atque
1822 5180 1917 5221 no-

305 5260 573 5329 tissimus,
614 5257 803 5313 divino
857 5254 1070 5311 fervore
1128 5269 1450 5323 succensus,
1486 5256 1789 5327 postposita
1827 5271 1917 5310 se-

304 5348 415 5404 culi
445 5363 667 5420 pompa,
720 5352 948 5418 repente
1010 5344 1078 5398 ad
1132 5352 1321 5401 votum
1370 5361 1532 5401 suum
1563 5344 1829 5403 diaconus
1859 5354 1915 5401 et

2016 5167 2201 5234 bebat,
2233 5173 2412 5223 morte
2430 5176 2718 5239 prereptos
2748 5168 2965 5234 amisit;
2999 5177 3055 5224 et
3087 5168 3293 5224 ibidem
3324 5184 3425 5240 pro
3456 5167 3636 5223 tribus

2016 5272 2186 5311 unum
2235 5256 2466 5327 recepit,
2525 5256 2810 5332 Hugonem
2851 5257 3133 5326 videlicet,
3164 5259 3258 5330 qui
3290 5257 3339 5314 ei
3402 5258 3460 5313 in
3491 5257 3646 5331 regi-

2016 5347 2164 5403 mine
2196 5347 2613 5405 Premonstratae
2641 5348 2911 5405 aacclesiaa
2942 5350 3235 5407 successit.

1860 5473 2073 5530 NOT/E.

377 5575 526 5645 (δυο)
556 5577 616 5631 Α.
651 5576 809 5631 1106.
