3916 6064
227 246 340 304 365

298 377 460 444 1119,
576 378 635 433 Β.
683 379 770 436 13.
884 381 941 436 F.
980 383 1070 438 10.
1185 385 1243 439 A.
1286 385 1377 441 19.
1488 385 1550 443 Η.
1591 387 1644 442 9.

1056 251 1401 308 CHRONICA.
1445 285 1514 296 —
1554 254 1990 313 CONTINUATIO
2032 257 2745 319 PRAEMONSTRATENSIS.
2792 317 2804 328 ,

3474 279 3580 338 366

1875 395 1928 463 Α
1954 388 2096 446 faeda
2121 389 2447 464 relinquens
2482 393 2719 468 vestigia
2745 395 2981 474 aufugit,
3023 415 3229 476 vasque
3259 420 3578 477 possessum

295 469 478 542 (Cant.
509 473 711 540 Laud.)
743 472 996 529 Gelasius
1026 489 1169 546 papa
1195 477 1342 548 apud
1385 476 1706 535 Cluniacum
1739 496 1853 538 mo-
1953 478 2200 551 reliquit.

223 561 388 629 ritur,
443 569 499 618 et
555 563 734 620 Guido
787 565 1119 623 Viennensis
1189 569 1663 643 archiepisc0pus,
1723 572 1850 630 Ste-

221 651 396 722 phani
429 651 872 726 Burgundiorum
901 657 1120 713 comitis
1149 675 1466 731 germanus,
1506 661 1561 714 in
1593 670 1850 734 papatum

222 742 449 814 eligitur
472 762 490 798 :
523 749 576 798 et
602 743 672 798 ab
711 760 778 800 eo
811 747 1107 802 concilium
1157 765 1186 804 a
1219 749 1612 820 predecessore
1641 769 1741 809 suo
1773 755 1852 809 in-

224 834 436 891 dictum
494 835 678 892 Remis
735 837 1070 894 celebratur.
1123 841 1425 898 Balduinus
1475 843 1848 902 Flandriarum

223 941 439 992 comes,
499 927 876 1000 Kalixtipapze
935 930 1006 984 de
1055 946 1244 987 sorore
1305 933 1607 989 Clementia
1652 950 1846 1008 nepos,

227 1014 566 1071 Willelmum
623 1015 795 1072 filium
831 1017 1053 1073 Roberti
1117 1019 1559 1076 Normannorum
1609 1019 1844 1084 comitis,

223 1123 255 1161 a
285 1106 455 1162 fratre
483 1124 587 1164 suo
618 1107 853 1166 llenrico
885 1126 1015 1185 rege
1048 1111 1343 1184 Anglorum
1393 1112 1672 1184 captivati,
1706 1112 1846 1167 Nor-

225 1198 467 1252 manniie
499 1206 758 1270 potenter
785 1201 1076 1256 restituere
1125 1201 1339 1270 volens,
1369 1212 1498 1274 post
1523 1207 1844 1273 occupatam

222 1303 484 1363 magnam
504 1289 756 1360 ejusdem
784 1289 1131 1345 Normannize
1164 1297 1397 1362 partem,
1427 1292 1483 1345 in
1518 1291 1700 1362 capite
1726 1289 1846 1346 vul-

223 1389 452 1438 neratus
499 1382 639 1439 obiit
679 1383 766 1454 (cf.
813 1385 866 1439 Α
897 1385 1117 1455 Bland.)
1173 1383 1268 1440 Cui
1311 1385 1682 1442 consobrinus
1726 1385 1848 1455 ejus

221 1477 476 1544 Karolus,
507 1478 704 1534 Kanuti
733 1479 1010 1535 Danorum
1043 1480 1189 1554 regis
1233 1479 1404 1548 ﬁlius,
1438 1481 1496 1536 in
1526 1481 1843 1553 principatu

218 1566 492 1622 succedit.

293 1653 456 1711 1120.
641 1655 726 1710 14.
908 1657 996 1712 11.
1180 1657 1269 1714 20.
1460 1658 1550 1714 10.

2025 573 2188 628 1123.
2375 575 2460 630 17.
2661 579 2747 635 14.
2928 581 3018 638 23.
3202 586 3292 642 13.

2024 663 2206 734 (Cant.
2240 665 2432 739 Laud.)
2462 664 2704 726 Concilio
2771 670 2959 729 Romae
2989 674 3291 746 celebrato,
3350 696 3455 752 pax
3492 683 3582 740 in-

1952 761 2038 810 ter
2066 771 2293 831 regnum
2326 764 2380 814 et
2407 763 2778 820 sacerdotium
2837 765 3189 837 reformatur,
3219 779 3274 826 et
3293 770 3386 840 jus
3416 773 3580 832 inve-

1950 847 2271 904 stiturarum
2295 850 2696 924 episcOpalium
2719 854 2788 910 ab
2823 855 3158 928 imperatore
3184 861 3572 924 exfestucatur.

1950 938 2043 1003 (V.
2085 941 2278 1010 Norb.)
2311 941 2580 1000 Norberto
2634 946 2703 1001 ad
2734 949 3068 1019 quaerendas
3094 959 3410 1012 sanctorum
3445 959 3576 1014 reli-

1948 1028 2106 1099 quias
2133 1028 2410 1087 Coloniam
2463 1036 2746 1103 veniente,
2803 1041 3002 1096 etsuis
3059 1041 3268 1100 indicto
3325 1047 3572 1118 jejunio,

1947 1119 2289 1176 orationibus
2321 1121 2580 1192 instante,
2621 1145 2732 1183 una
2780 1130 2850 1186 de
2880 1148 3116 1190 numero
3165 1137 3424 1194 undecim
3467 1142 3574 1196 mi-

1945 1206 2079 1262 lium
2121 1210 2394 1284 virginum
2428 1230 2631 1271 nomen
2662 1234 2822 1274 suum
2856 1227 2911 1275 et
2963 1223 3168 1293 locum,
3199 1227 3296 1282 ubi
3326 1229 3572 1298 jacebat,

1947 1298 2263 1368 specialiter
2291 1299 2612 1376 designans,
2655 1307 2711 1361 in
2771 1309 3013 1367 crastino
3072 1315 3572 1388 sollempniterle-

1948 1394 2092 1456 vata,
2123 1396 2177 1444 et
2201 1407 2325 1446 cum
2356 1393 2480 1450 aliis
2518 1403 2832 1455 sanctorum
2866 1401 3118 1474 reliquiis
3143 1407 3213 1461 ad
3237 1408 3418 1465 locum
3442 1411 3574 1468 Pre-

1945 1488 2308 1539 monstratum
2339 1493 2420 1541 est
2445 1487 2516 1542 ab
2544 1503 2612 1545 eo
2673 1493 2956 1548 translata.
3013 1495 3280 1568 Sequenti
3311 1517 3442 1558 vero
3475 1503 3567 1560 die

1942 1574 2090 1644 apud
2135 1575 2396 1634 Sanctum
2449 1580 2756 1638 Gereonem
2793 1585 2855 1641 in
2893 1588 3145 1644 oratione
3204 1602 3566 1663 pernoctans,

1938 1681 2102 1721 mane
2131 1667 2272 1726 facto
2303 1670 2357 1725 in
2387 1673 2574 1730 medio
2591 1675 2880 1746 aecclesiae,
2911 1679 3008 1735 ubi
3068 1681 3280 1738 nullum
3331 1701 3567 1758 appare-

291 1747 389 1814 (V.
418 1745 608 1816 Norb.)
639 1745 730 1799 Vir
781 1745 877 1801 Dei
944 1746 1264 1815 Norbertus,
1333 1764 1364 1802 a
1419 1763 1568 1850 papa.
1629 1747 2362 1828 KalixtoBbatsepulturae
2399 1764 2715 1840 vestigium,
2757 1745 3216 1844 eﬂ'odiprecepit,
3259 1783 3317 1831 et
3367 1745 3572 1850 corpus
3649 1841 3654 1846 ,

220 1837 610 1894 Bartholomeo
640 1837 992 1893 Laudunensi
1023 1839 1286 1910 episcopo
1345 1839 1662 1911 specialiter
1689 1854 1844 1895 com-

223 1931 542 1996 mendatus,
574 1946 700 1986 cum
721 1931 775 1986 ei
801 1931 1052 1987 acclesia
1107 1931 1255 1988 beati
1287 1933 1506 1988 Martini
1534 1948 1565 1987 a
1595 1933 1842 2004 predicto

217 2020 489 2092 episcopo
542 2019 849 2088 offerretur,
910 2029 1023 2077 tum
1071 2032 1299 2096 propter
1347 2022 1502 2078 urbis
1556 2022 1837 2078 viciniam.

217 2120 335 2166 tum
357 2111 488 2183 quia
517 2111 769 2180 ejusdem
806 2111 1068 2168 tecclesiae
1096 2113 1282 2169 clerici
1311 2113 1582 2186 propositi
1633 2122 1688 2169 et
1715 2113 1840 2170 vitae

215 2199 342 2268 ejus
369 2200 749 2256 austeritatem
806 2201 1128 2269 horrebant,
1186 2215 1308 2257 eam
1355 2202 1626 2274 reliquit;
1659 2209 1717 2259 et
1770 2203 1840 2258 ab

215 2293 486 2365 episc0po
532 2293 768 2349 diversis
823 2293 1076 2362 ejusdem
1138 2293 1439 2365 provineiae
1506 2295 1642 2351 locis
1703 2293 1838 2350 reli-

215 2385 374 2461 gioni
416 2386 852 2460 congruentibus
879 2386 986 2442 sibi
1025 2387 1285 2455 ostensis,
1322 2389 1543 2444 tandem
1571 2388 1836 2445 divinitus

215 2477 275 2532 in
306 2478 430 2534 loco
463 2478 854 2534 Premonstrati
884 2479 1114 2546 resedit,
1177 2479 1673 2552 ibique,solitarius
1703 2481 1835 2535 reli-

211 2565 424 2640 giosam
449 2567 614 2622 vitam
644 2581 810 2641 agere
847 2567 998 2639 cepit
1021 2583 1038 2636 ;
1068 2577 1124 2624 et
1147 2575 1398 2640 tempore
1415 2568 1836 2644 quadragesima

213 2658 282 2712 ad
315 2657 664 2732 colligendos
717 2658 899 2715 socios
951 2659 1103 2715 solus
1148 2675 1426 2733 egressus,
1475 2670 1601 2716 ante
1631 2660 1834 2731 pascha

215 2762 342 2802 cum
375 2747 642 2802 tredecim
679 2748 846 2804 sociis
877 2748 1066 2816 rediit,
1122 2755 1176 2804 et
1225 2765 1346 2805 cum
1382 2749 1467 2804 his
1497 2749 1552 2804 in
1581 2750 1838 2805 Premon-

213 2849 383 2898 strato
437 2841 562 2898 loco
610 2843 916 2898 secundum
973 2843 1255 2900 canonieae
1309 2844 1671 2900 institutionis
1707 2859 1838 2900 nor-

211 2949 360 2988 mam
387 2933 458 2988 ad
488 2940 738 2991 tenorem
793 2933 999 3008 regulae
1055 2935 1202 2992 beati
1236 2935 1523 3010 Augustini
1550 2937 1661 2993 Deo
1689 2935 1839 2990 mili-

214 3036 330 3082 tare
364 3026 535 3098 cepit.

286 3121 447 3178 1121.
638 3123 724 3178 15.
910 3125 998 3179 12.
1183 3125 1275 3181 21.
1459 3125 1546 3182 11.

285 3211 412 3283 (1b.)
471 3211 534 3265 ln
587 3211 1089 3268 Premonstratensi
1137 3213 1393 3269 aseclesia
1428 3213 1649 3270 cuidam
1683 3211 1834 3268 fratri

210 3301 378 3357 altius
403 3299 472 3354 de
502 3298 765 3356 ineffabili
794 3299 1058 3368 trinitate,
1090 3317 1214 3374 quae
1245 3302 1390 3358 Deus
1413 3310 1520 3370 est,
1546 3301 1835 3378 cogitanti,

211 3395 268 3450 in
292 3393 582 3450 matutinis
611 3393 813 3450 demon
840 3395 1032 3463 astitit,
1073 3403 1131 3451 et
1159 3395 1211 3451 ei
1241 3397 1343 3451 tria
1381 3407 1630 3471 gestans.
1659 3396 1840 3468 capita

210 3488 494 3560 apparuit,
522 3487 846 3543 Trinitatem
876 3504 937 3544 se
975 3504 1099 3544 esse
1129 3497 1467 3558 contestans,
1495 3497 1551 3546 et
1590 3491 1662 3546 ob
1699 3487 1833 3544 ﬁdei

209 3595 328 3635 suae
357 3579 616 3635 meritum
663 3579 948 3636 Trinitatis
990 3579 1205 3636 visione
1251 3597 1380 3636 eum
1431 3580 1659 3652 dignum
1711 3595 1834 3635 esse

211 3670 521 3727 afﬁrmans.
548 3670 658 3726 Sed
706 3669 875 3726 frater
923 3670 1204 3742 paululum
1260 3671 1678 3744 premeditatus,
1708 3687 1832 3726 cum

213 3778 328 3819 non
361 3762 582 3818 sibilum
626 3777 773 3818 aurae
828 3763 990 3832 lenis,
1047 3764 1144 3820 sed
1202 3763 1431 3820 fetidum
1461 3771 1687 3820 ventum
1715 3771 1834 3820 tur-

211 3851 365 3906 binis
391 3851 643 3919 sentiret,
679 3850 886 3906 inimici
918 3851 1105 3907 dolum
1151 3853 1398 3926 agnovit,
1456 3861 1512 3909 et
1556 3852 1608 3908 ei
1638 3851 1835 3908 convi-

211 3939 390 4005 cians,
447 3939 713 3995 recedere
751 3941 1041 4012 compulit.
1099 3940 1198 4006 Qui
1253 3949 1438 3997 tamen
1470 3957 1595 3998 eum
1641 3947 1834 4012 postea

205 4029 331 4083 aliis
359 4029 543 4084 modis
605 4030 830 4085 delusit.
881 4030 1094 4088 Mortuo
1137 4031 1427 4088 Lamberto
1484 4032 1833 4088 Noviomensi

207 4123 497 4196 episc0po,
530 4124 1038 4196 Symon,l.udovici
1074 4127 1220 4202 regis
1252 4127 1583 4184 Francorum
1616 4131 1837 4198 patrue-

210 4212 301 4280 lis,
328 4211 598 4270 successit
618 4213 674 4268 in
700 4213 821 4284 ejus
850 4214 993 4271 loco.

279 4301 449 4357 1122.
635 4301 732 4355 16.
916 4301 1005 4370 13,
1185 4303 1276 4360 22.
1463 4303 1549 4360 12.

1865 3077 1915 3148 C

1944 1845 2120 1900 sancti
2154 1847 2420 1905 Gereonis
2451 1852 2728 1926 integrum
2757 1857 2973 1930 absque
3004 1863 3235 1920 cerebro
3268 1845 3569 1924 honoriﬁce

1943 1941 1997 1989 et
2025 1935 2323 2012 diligenter
2353 1941 2682 2000 collocatum
2750 1947 2965 2006 invenit
2988 1969 3007 2017 ;
3035 1952 3177 2008 sicut
3215 1961 3270 2009 et
3322 1955 3392 2013 de
3420 1958 3568 2030 gipso

1941 2024 2432 2102 legebatur,quod
2464 2051 2593 2105 pars
2642 2038 2862 2109 capitis,
2891 2051 2950 2096 et
2979 2057 3092 2099 non
3149 2053 3322 2104 totum
3379 2024 3562 2122 caput,

1941 2117 2216 2176 abscisum
2252 2121 2375 2180 fuit.
2428 2125 2584 2190 Quod
2634 2144 2759 2184 cum
2821 2131 3033 2188 honore
3077 2144 3134 2192 et
3171 2117 3483 2196 reverentia

1939 2205 2088 2263 clero
2118 2217 2173 2264 et
2203 2211 2412 2282 populo
2449 2215 2726 2272 elevatum
2754 2226 2859 2286 est,
2913 2227 2970 2276 et
2999 2221 3128 2279 inde
3159 2241 3287 2297 pars
3316 2227 3436 2286 viro
3467 2230 3563 2286 Dei

1939 2297 2142 2355 donata
2164 2309 2268 2357 est.
2293 2303 2437 2392 inde
2477 2305 2945 2367 Premonstratum
2977 2314 3219 2384 rediens,
3242 2325 3298 2375 et
3317 2320 3561 2392 quadra-

1935 2387 2092 2462 ginta
2113 2388 2226 2460 jam
2259 2390 2490 2449 clericos
2519 2411 2643 2450 cum
2676 2398 2862 2454 multis
2889 2399 3044 2456 laicis
3076 2418 3265 2460 secum
3321 2387 3556 2473 habens,

1935 2476 2337 2548 professionem
2355 2497 2452 2538 eos
2481 2482 2664 2540 facere
2703 2487 3013 2546 secundum
3071 2495 3433 2564 apostolicam
3466 2499 3557 2553 in—

1931 2569 2280 2638 _stitutionem
2311 2580 2366 2628 et
2391 2576 2712 2634 canonicam
2768 2580 3013 2653 regulam
3076 2584 3222 2641 beati
3271 2589 3560 2662 Augustini

1935 2656 2142 2727 docuit,
2177 2667 2235 2750 et
2261 2661 2331 2716 ad
2361 2663 2726 2722 voluntariam
2749 2677 3132 2740 paupertatem
3159 2681 3216 2730 et
3244 2656 3553 2750 promptam

1935 2746 2332 2806 obmdientiam
2396 2760 2690 2828 ceteraque
2747 2757 2954 2814 militiae
3009 2746 3314 2834 spiritualis
3353 2746 3561 2823 instru-

1936 2850 2123 2898 menta
2147 2845 2376 2901 eosdem
2433 2847 2733 2923 diligenter
2777 2851 3029 2912 instituit.
3087 2855 3183 2913 Gui
3225 2875 3338 2916 non
3386 2861 3559 2919 multo

1936 2946 2060 3008 post
2088 2939 2315 3011 quidam
2341 2957 2530 3000 comes
2557 2945 2628 3002 de
2692 2947 3030 3022 Westphalia
3058 2952 3389 3012 Godefridus
3426 2973 3552 3016 cum

1937 3047 2108 3089 uxore
2135 3050 2236 3090 sua
2259 3039 2638 3097 conversionis
2675 3043 2852 3116 gratia
2923 3061 2984 3102 se
3045 3049 3298 3116 contulit,
3363 3059 3421 3109 et
3455 3053 3562 3110 tria

1937 3119 2058 3177 loca
2087 3121 2145 3176 in
2191 3123 2399 3182 allodio
2456 3143 2579 3194 suo,
2639 3139 2878 3187 castrum
2934 3133 3195 3194 videlicet
3245 3137 3562 3213 Capenber-

1937 3230 2129 3290 gense,
2163 3217 2344 3275 locum
2397 3219 2854 3298 Elostathensem,
2893 3225 3322 3301 Warlarensem,
3349 3234 3561 3305 [divino

1939 3305 2109 3362 cultui
2161 3323 2262 3377 per
2315 3324 2441 3364 eum
2494 3312 2826 3383 mancipavit
2898 3315 3069 3388 Cujus
3117 3323 3373 3394 exemplo
3403 3338 3560 3381 com-

1941 3400 2180 3463 punctus
2203 3411 2390 3452 comes
2418 3397 2730 3456 Teobaldus
2755 3401 2965 3458 homini
3022 3406 3119 3462 Dei
3139 3423 3202 3463 se
3241 3410 3562 3468 familiaris-

1933 3480 2140 3536 simum
2172 3482 2321 3550 fecit,
2373 3492 2430 3540 et
2455 3486 2576 3555 ejus
2613 3488 2842 3544 monitis
2895 3497 3063 3564 atque
3115 3497 3351 3554 consilio
3374 3500 3558 3556 multa

1935 3575 2287 3666 postmodum
2320 3593 2451 3652 erga
2501 3596 2779 3652 pauperes
2825 3583 2911 3639 vel
2950 3587 3230 3658 quoslibet
3261 3590 3559 3666 religiosos

1934 3664 2268 3723 liberalitate
2297 3673 2459 3740 atque
2501 3669 2883 3730 munificentia
2913 3676 2994 3732 uti
3026 3678 3194 3750 cepit.
3361 3691 3366 3696 ‘

2007 3758 2164 3814 1124.
2384 3761 2473 3818 18.
2659 3765 2726 3819 15
2927 3769 3018 3825 24.
3209 3773 3291 3829 14.

2005 3849 2081 3919 (C.
2116 3851 2318 3922 Laud.)
2379 3852 2524 3908 Obiit
2576 3853 2720 3911 bone
2778 3861 3048 3918 memorie
3097 3879 3241 3936 papa
3291 3866 3557 3939 Kalixtus,

1935 3942 2099 4015 eique
2135 3943 2192 3999 in
2235 3954 2436 4016 papatu
2493 3949 2744 4005 succedit
2790 3951 3084 4013 Honorius.
3138 3959 3231 4030 (V.
3261 3963 3450 4036 Norb.)
3479 3965 3558 4020 Ad

1935 4054 2100 4110 quem
2131 4039 2490 4112 proﬁciscens
2519 4051 2678 4115 pater
2701 4045 3024 4118 Norbertus,
3053 4057 3108 4105 et
3139 4051 3208 4106 ab
3226 4068 3294 4111 eo
3333 4055 3561 4114 honori-

1935 4129 2040 4186 ﬁce
2068 4141 2381 4204 susceptus,
2405 4143 2462 4190 et
2489 4151 2613 4207 quae
2659 4137 2944 4213 ﬂagitabat
2995 4141 3164 4217 digne
3192 4156 3555 4218 consecutus,

1935 4223 2355 4298 Parthenopolis
2370 4240 2432 4282 se
2454 4226 2696 4283 futurum
2723 4231 3047 4306 episcopum
3087 4235 3356 4295 divinitus
3385 4257 3560 4316 agno-

1935 4315 2012 4370 vit
2062 4315 2126 4371 Et
2155 4315 2402 4384 rediens,
2422 4332 2545 4374 cum
2580 4318 2635 4374 in
2669 4320 2760 4376 die
2787 4324 3006 4394 paschae
3033 4326 3180 4396 apud
3212 4315 3555 4400 Herbipolim

281 4395 408 4466 (1b.)
435 4394 708 4450 Norberto
746 4393 1044 4450 instantius
1073 4396 1302 4452 verbum
1344 4397 1437 4453 Dei
1481 4395 1827 4494 medicante,
1853 4403 1996 4494 Din
2019 4405 2209 4476 populi
2240 4405 2552 4479 frequentia
2581 4393 2802 4464 missam
2850 4393 3182 4480 celebraret,
3234 4393 3400 4473 caeca-
3422 4435 3553 4475 mu-

206 4484 358 4554 apud
387 4483 713 4558 Nivigellam
746 4483 930 4555 puella
957 4499 1056 4556 per
1083 4485 1606 4542 annumademonio
1634 4493 1829 4541 vexata

208 4587 396 4627 coram
445 4571 566 4643 ipso
597 4571 889 4628 adducitur
917 4590 931 4640 ;
965 4588 1147 4645 eoque
1196 4575 1486 4648 evangelia
1516 4580 1572 4630 et
1599 4575 1833 4631 exorcis

211 4675 333 4714 mos
359 4675 526 4730 super
555 4659 703 4732 illam
736 4660 1160 4732 multiplicante,
1193 4662 1398 4720 demon
1447 4663 1687 4720 irridens
1706 4679 1832 4719 can-

212 4752 318 4808 tica
354 4753 696 4808 canticorum
724 4769 755 4808 a
792 4753 1068 4826 principio
1123 4771 1296 4828 usque
1351 4756 1418 4810 ad
1449 4755 1617 4812 ﬁnem
1649 4773 1750 4828 per
1769 4771 1832 4812 os

209 4846 412 4917 puellae
435 4845 629 4908 edidit,
659 4862 723 4902 ac
749 4847 952 4902 deinde
967 4847 1194 4903 verbum
1211 4865 1240 4904 e
1270 4849 1442 4906 verbo
1460 4849 1832 4921 interpretans

209 4935 266 4989 in
323 4935 570 4992 Romana
620 4934 828 5009 lingua,
889 4941 944 4990 et
997 4937 1348 5007 postmodum
1404 4937 1460 4991 in
1513 4937 1830 5005 Teutonica,

211 5034 383 5082 totum
412 5027 702 5097 eXpressit.
757 5026 862 5082 Sed
926 5028 1019 5083 Dei
1077 5044 1236 5084 servo
1295 5029 1466 5085 artius
1516 5029 1829 5097 insistente,

207 5134 333 5173 cum
385 5118 443 5172 in
478 5118 809 5174 monachum
857 5125 1127 5175 astantem
1188 5120 1501 5178 introeundi
1548 5121 1830 5178 licentiam

207 5213 471 5278 quareret
513 5223 619 5263 nec
661 5207 957 5278 acciperet,
1003 5207 1098 5264 illo
1151 5208 1245 5264 die
1281 5225 1340 5264 se
1395 5225 1506 5266 non
1555 5210 1830 5266 exiturum

205 5313 326 5354 esse
349 5298 662 5370 respondit,
695 5310 750 5355 et
779 5307 891 5356 tota
917 5301 1010 5356 die
1059 5317 1246 5359 coram
1279 5303 1486 5373 populo
1535 5303 1828 5374 plurimum

206 5403 333 5443 cum
371 5402 440 5444 eo
471 5388 778 5444 contendit.
805 5389 1075 5446 Sacerdos
1119 5389 1433 5462 impransus
1475 5407 1826 5462 permanens,

209 5487 260 5534 et
291 5487 511 5537 noctem
546 5481 795 5538 oratione
838 5483 1192 5552 continuans,
1235 5499 1397 5538 mane
1427 5499 1550 5538 cum
1571 5492 1828 5556 presente

209 5573 396 5643 puella
430 5578 485 5628 et
511 5573 752 5629 demone
794 5590 890 5646 per
920 5590 982 5630 os
1021 5576 1141 5645 ejus
1173 5575 1404 5647 plurima
1443 5575 1721 5650 garriente
1745 5578 1829 5633 di-

210 5662 336 5718 vina
363 5661 696 5729 celebraret,
728 5663 870 5720 inter
899 5663 1022 5736 ipsa
1035 5665 1364 5737 sollempnia
1392 5664 1629 5722 faetentis
1657 5676 1829 5732 urinae

1933 4498 2056 4567 lier,
2079 4499 2199 4572 ipso
2229 4507 2356 4572 post
2381 4509 2602 4573 sumpta
2625 4505 2884 4574 mysteria
2915 4505 2973 4560 in
3002 4506 3194 4565 oculos
3261 4510 3382 4580 ejus
3439 4512 3558 4569 suf-

1932 4589 2120 4659 ﬂante,
2151 4591 2327 4648 visum
2367 4593 2596 4664 recepit.
2649 4593 2803 4650 Unde
2850 4596 3075 4668 quidam
3132 4599 3333 4658 divites
3389 4617 3551 4662 com-

1932 4687 2142 4759 puncti,
2181 4703 2242 4742 se
2292 4694 2348 4743 et
2398 4703 2498 4744 sua
2543 4688 2656 4744 Deo
2704 4688 3087 4762 reddiderunt,
3131 4702 3187 4752 et
3249 4697 3556 4758 ecclesiam

1933 4769 2138 4828 ibidem
2169 4775 2512 4845 adiﬁcantes,
2567 4778 2756 4836 divino
2809 4783 2981 4839 cultui
3043 4803 3145 4859 per
3171 4804 3396 4848 manum
3421 4810 3556 4866 pre-

1934 4859 2064 4916 dicti
2094 4863 2264 4933 patris
2300 4881 2422 4920 eam
2473 4866 2952 4939 mancipaverunt.
3005 4875 3142 4933 lude
3169 4859 3559 4938 Premonstra-

1932 4958 2048 5006 tum
2074 4953 2318 5023 rediens,
2346 4955 2400 5010 in
2423 4957 2676 5015 ecclesia
2723 4960 2869 5018 beati
2911 4964 3150 5036 Martini,
3184 4985 3306 5043 qua:
3337 4972 3442 5027 sita
3471 4984 3558 5030 est

1933 5039 1991 5094 in
2015 5041 2278 5099 suburbio
2314 5043 2590 5102 Laudunis
2653 5051 2932 5122 quendam
2997 5055 3068 5112 de
3099 5039 3234 5127 suis,
3285 5059 3551 5116 domuum

1931 5128 2192 5186 videlicet
2252 5132 2588 5204 Gualterum,
2636 5139 2891 5198 abbatem
2949 5145 3190 5217 primum
3237 5150 3552 5204 consecrari

1931 5222 2060 5281 fecit
2092 5243 2106 5282 :
2135 5226 2294 5298 cujus
2320 5227 2612 5299 industria,
2645 5233 2758 5292 Deo
2810 5249 3168 5310 cooperante,
3221 5241 3418 5298 eadem
3447 5259 3558 5300 ωο-

1930 5313 2100 5370 clesia
2137 5322 2247 5371 tam
2277 5316 2331 5373 in
2362 5322 2764 5391 temporalibus
2793 5343 2960 5398 quam
2998 5329 3056 5384 in
3072 5329 3462 5402 spiritualibus
3493 5333 3553 5389 in

1930 5410 2139 5459 tantum
2167 5412 2250 5460 est
2288 5406 2344 5462 in
2391 5407 2548 5465 brevi
2598 5413 2982 5485 multiplicata,
3024 5423 3087 5472 ut
3150 5416 3350 5474 famam
3389 5419 3552 5478 bona?

1931 5497 2212 5567 Opinionis
2236 5505 2290 5554 et
2316 5501 2652 5576 propagines
2667 5515 2870 5562 sanctae
2902 5509 3260 5580 plantationis
3313 5511 3370 5566 in
3401 5521 3560 5569 exte-

1932 5600 2021 5639 ras
2041 5601 2105 5640 ac
2125 5584 2458 5663 longinquas
2479 5591 2594 5660 jam
2617 5593 2941 5652 extenderet
2971 5597 3250 5672 regiones,
3303 5600 3564 5658 videlicet

1931 5677 1988 5732 in
2017 5677 2292 5761 Nerviam,
2343 5682 2400 5738 in
2431 5683 2762 5756 Flandriam,
2830 5688 2890 5744 in
2921 5689 3197 5764 Angliam,
3240 5692 3300 5759 in
3334 5693 3562 5749 Wasco-
