3916 6064
346 225 446 283 3ὃῖ

349 357 520 423 niam,
553 356 606 412 in
639 353 910 421 Gotliiam,
943 353 994 407 in
1045 351 1385 424 Hispaniam,
1428 351 1483 405 in
1542 349 1914 423 Burgundiam
1951 365 1964 414 ;
1994 351 2046 420 Α
2147 348 2304 402 112Ξί.

349 465 486 522 quas
512 463 706 503 omnes
737 445 1052 518 provincias
1077 461 1174 516 per
1203 446 1436 500 eandem
1450 445 1671 499 domum
1691 444 1967 513 bouojam

349 537 600 593 videmus
627 535 797 590 odore
842 549 1143 605 respersas.
1197 533 1258 587 In
1307 532 1609 605 Vivariensi
1660 531 1822 586 etiam
1855 545 1968 584 iec-

350 625 514 683 clesia
543 624 614 681 de
645 622 902 680 fratribus
926 622 1043 678 suis
1079 621 1335 677 abbatem
1390 629 1522 677 tunc
1549 619 1794 676 ordinari
1821 617 1966 674 fecit.

353 721 455 778 Ubi
502 737 627 776 cum
678 719 746 773 ad
801 719 1086 775 introitum
1135 716 1362 773 fratrum
1415 714 1691 792 malignus
1746 712 1971 785 Spiritus

355 812 638 869 hominem
665 810 943 885 quendam
1000 810 1311 875 invasisset,
1343 816 1398 864 et
1427 824 1553 864 eum
1599 822 1698 879 per
1739 805 1969 861 biduum

351 910 625 968 vexasset,
657 917 758 974 per
785 900 960 955 virum
990 899 1085 955 Dei
1116 897 1344 970 expulso
1371 896 1609 954 demone
1632 902 1966 952 curatuscst.

356 995 416 1049 ln
445 1001 628 1050 castro
660 989 1467 1062 nichilominusAntvverpiensi
1498 989 1802 1045 aecclesiam
1826 987 1970 1043 ordi-

352 1087 588 1142 nandam
635 1085 736 1141 hac
781 1085 850 1140 de
898 1101 1062 1141 causa
1117 1084 1379 1155 suscepit.
1414 1082 1687 1155 Oppidani
1716 1080 1877 1137 castri
1907 1079 1970 1134 il-

351 1180 457 1236 lius
484 1197 515 1235 a
554 1178 792 1251 quodam
835 1178 1077 1234 heretico
1125 1175 1460 1232 Tauchelmo
1511 1175 1748 1241 seducti,
1783 1173 1973 1245 paula-

349 1271 447 1328 tim
475 1287 506 1326 a
533 1269 644 1326 ﬁde
659 1276 714 1326 et
742 1270 906 1326 bonis
943 1267 1197 1324 moribus
1249 1265 1619 1340 desciverant,
1668 1265 1799 1337 quia
1825 1264 1970 1319 idem

353 1361 632 1418 hereticus
657 1360 845 1416 nimiae
871 1358 1213 1425 subtilitatis,
1245 1373 1370 1412 cum
1402 1364 1587 1412 tamen
1603 1361 1752 1410 esset
1780 1355 1971 1422 laicus,

353 1452 454 1509 sed
473 1452 848 1509 multisetiam
903 1450 1124 1528 disertis
1174 1450 1391 1506 clericis
1433 1450 1489 1505 in
1552 1463 1811 1503 sermone
1840 1462 1970 1502 acu-

350 1544 480 1612 tior,
511 1544 651 1600 sacri
700 1542 913 1598 ordinis
940 1541 1228 1598 ministros
1281 1547 1337 1596 et
1384 1538 1756 1612 episcopalem
1787 1553 1852 1592 ac
1872 1553 1967 1592 sa-

1571 215 1911 272 SlGEBERTl
1955 213 2464 272 GEMBLACENSIS.
3582 235 3656 289 3b.

2419 350 2480 404 Β.
2525 349 2611 406 19.
2729 352 2784 405 1³.
2830 354 2915 407 16.
3032 357 3085 407 Α.
3131 356 3219 411 ‘95.
3337 359 3394 414 H.
3440 360 3527 416 15.

2146 437 2333 492 Fames
2391 439 2728 510 permaxima
2781 451 3060 512 grassatur
3113 445 3170 498 in
3230 445 3420 514 Gallia,
3478 450 3534 504 in
3588 468 3705 524 qua

2074 525 2273 593 Karoli,
2326 527 2514 598 inclyti
2561 530 2896 586 marchionis
2959 533 3252 599 Flandriaa,
3301 537 3550 595 liberalis
3578 542 3707 596 eni-

2073 614 2178 668 tuit
2225 614 2606 671 munificentia
2639 635 2654 684 ;
2689 617 2783 690 qui
2819 619 3347 679 .innumerabilibus
3372 625 3605 682 diversis
3643 630 3702 684 in

2072 702 2208 759 locis
2257 706 2599 778 pauperibus
2645 709 2923 765 cotidiana
2963 711 3316 768 ministrabat
3361 715 3538 772 victus
3594 719 3705 774 sti-

2072 793 2294 865 pcndia.

2149 888 2300 942 1126.
2482 890 2573 944 20.
2758 893 2849 949 17.
3032 894 3122 950 26.
3311 899 3396 953 16.

2143 977 2271 1046 (An.
2305 978 2486 1048 1125.)
2517 979 2748 1036 Henrico
2808 982 3138 1055 imperatore
3179 995 3418 1056 mortuo,
3463 991 3702 1064 quibus—

2073 1067 2199 1123 dam
2241 1070 2610 1142 principibus,
2643 1073 2880 1130 maxime
2913 1076 2982 1130 de
3033 1077 3232 1134 Suevia
3263 1088 3318 1135 et
3349 1083 3700 1154 Alemauuia,

2074 1171 2336 1234 nepotem
2369 1164 2491 1232 ejus
2517 1164 2864 1221 Cuonradum
2894 1167 2951 1220 in
2999 1185 3228 1241 regnum
3275 1172 3575 1230 sublimare
3601 1193 3706 1232 vo-

2075 1253 2338 1323 lentibus,
2363 1255 2457 1311 alii
2482 1256 2780 1314 Lutberum
2814 1259 3066 1316 Laxoniae
3097 1262 3316 1332 ducem,
3365 1267 3539 1322 virum
3568 1285 3708 1326 con-

2074 1349 2254 1405 siliiet
2284 1349 2632 1418 bellicosum,
2668 1351 2724 1405 in
2757 1367 2943 1426 regem
2976 1357 3308 1425 provehunt.

2145 1445 2307 1502 1127.
2514 1448 2558 1501 1.
2769 1448 2856 1502 18.
3043 1449 3134 1508 27.
3322 1454 3408 1509 17.

2145 1539 2267 1594 Post
2291 1548 2523 1596 mortem
2566 1541 2799 1599 Lisiardi
2857 1545 3105 1618 eqiscOpi
3151 1545 3320 1620 (50!),
3356 1550 3692 1607 Suessorum

352 1638 686 1695 cerdotalem
717 1638 948 1714 gradum
980 1635 1149 1692 nichil
1186 1652 1309 1692 esse
1365 1634 1606 1700 dicebat,
1640 1632 1887 1704 corporis
1917 1637 1973 1687 et
1997 1655 2048 1724 Β
2073 1633 2132 1690 fit
2162 1635 2457 1707 episcopus
2511 1637 2788 1710 Josleuus,
2820 1641 2903 1695 vir
2941 1643 3181 1699 consilii.
3239 1643 3518 1700 Cameraci
3550 1663 3700 1717 quo-

353 1728 640 1804 sanguinis
669 1727 866 1783 Christi
896 1726 1311 1799 perceptionem
1351 1723 1702 1780 sumcntibus
1732 1720 1799 1777 ad
1823 1722 1972 1776 salu-

355 1825 464 1873 tem
495 1817 762 1889 prodesse
789 1818 1025 1890 negabat
1057 1816 1148 1883 ;in
1183 1815 1435 1888 precioso
1458 1821 1724 1885 apparatu
1743 1810 1974 1867 etvesti-

355 1909 458 1964 bus
479 1909 755 1965 deauratis
779 1908 1067 1975 incedens,
1099 1906 1302 1978 triplici
1333 1905 1580 1960 funiculo
1609 1902 1860 1959 crinibus
1887 1901 1973 1956 in-

356 2001 536 2069 tortis,
559 2000 745 2056 verbis
789 1998 1245 2071 persuasibilibus
1299 2003 1352 2053 et
1388 1996 1768 2053 conviviorum
1801 2011 1974 2067 appa-

355 2090 565 2144 ratibus
582 2103 730 2155 suos,
764 2088 858 2161 qui
881 2105 1005 2144 eum
1035 2087 1256 2145 circiter
1309 2087 1412 2142 tria
1466 2085 1620 2141 milia
1658 2086 1851 2141 armati
1880 2099 1974 2139 se-

350 2182 687 2254 quebantur,
708 2180 1009 2246 alliciebat,
1043 2188 1097 2236 et
1124 2197 1222 2253 per
1275 2194 1372 2236 eos
1432 2179 1488 2233 in
1518 2179 1841 2234 resistentes
1865 2179 1971 2235 sibi

350 2277 581 2334 cedibus
600 2275 866 2333 seviebat.
899 2274 1210 2331 Credebant
1248 2274 1299 2328 ei
1321 2280 1375 2328 et
1399 2273 1794 2328 reverebantur
1819 2288 1968 2341 eum,

353 2375 636 2436 intantum
665 2380 902 2443 utaqua,
934 2385 1045 2442 qua
1094 2384 1297 2439 corpus
1344 2368 1585 2433 lavisset,
1629 2366 1886 2422 biberent
1915 2373 1971 2422 et

347 2479 448 2534 pro
478 2463 729 2536 reliquiis
757 2469 1141 2532 asportarent;
1175 2476 1300 2516 cum
1359 2466 1543 2515 tamen
1574 2465 1738 2514 tante
1773 2457 1970 2512 incon-

347 2553 601 2609 tineutiaa
629 2560 686 2607 et
704 2550 1040 2622 impuritatis
1071 2557 1236 2616 esset,
1269 2557 1328 2605 ut
1348 2548 1556 2605 filiasin
1580 2558 1811 2605 matrum
1829 2565 1965 2620 prte-

347 2645 549 2713 sentia,
577 2658 920 2716 sponsasque
949 2642 1158 2698 maritis
1188 2643 1536 2698 intuentibus
1562 2651 1960 2715 corrumperet,

349 2743 405 2792 et
435 2738 542 2794 hoc
562 2752 705 2808 opus
761 2735 1048 2808 spirituale
1102 2751 1226 2791 esse
1281 2743 1568 2792 assereret.
1605 2736 1704 2801 Qui
1747 2737 1968 2792 tandem

346 2835 473 2901 post
509 2829 711 2884 multos
741 2844 958 2884 errores
975 2836 1031 2882 et
1058 2827 1260 2883 multas
1288 2826 1476 2893 cedes,
1511 2827 1639 2882 dum
1661 2827 1967 2901 navigaret,

346 2935 378 2974 a
405 2918 644 2990 quodam
675 2917 1056 2990 presbiteroin
1089 2917 1320 2973 cerebro
1364 2933 1662 2989 percussus
1684 2918 1947 2974 occubuit

2074 1741 2181 1797 que
2210 1731 2333 1797 post
2361 1727 2734 1782 Burchardum
2777 1730 3144 1787 Herimanuus
3194 1733 3582 1806 episcOpatum
3614 1743 3702 1791 te-

2075 1819 2214 1874 nuit.
2244 1819 2360 1885 Quo
2389 1821 2509 1892 post
2569 1821 2868 1878 triennium
2901 1831 3148 1891 extruso,
3182 1825 3466 1882 Lietardus
3499 1829 3550 1883 ei
3571 1846 3702 1884 suc-

2075 1908 2285 1975 cessit;
2321 1909 2414 1981 qui
2468 1916 2522 1965 et
2562 1910 2679 1981 ipse
2732 1919 2855 1983 post
2907 1920 3171 1985 quattuor
3225 1932 3402 1972 annos
3446 1919 3703 1989 repudia-

2074 2010 2162 2056 tus
2191 2001 2357 2072 (502),
2391 2003 2712 2060 Nicholaum
2734 2021 3108 2062 successorem
3143 2009 3352 2064 habuit.
3381 2013 3472 2077 (V.
3505 2013 3698 2081 Norb.)

2074 2090 2611 2162 ParthenOpolitanre
2669 2094 2906 2150 civitatis
2958 2098 3374 2171 arcliiepisc0po
3409 2101 3697 2171 defuncto,

2072 2196 2198 2237 cum
2227 2181 2413 2237 clerici
2443 2190 2495 2238 et
2524 2183 2672 2239 cives
2721 2184 2972 2254 ejusdem
3021 2187 3175 2241 urbis
3223 2205 3407 2245 coram
3453 2191 3697 2262 impera-

2073 2281 2192 2329 tore
2227 2274 2460 2330 Luthero
2513 2275 2582 2329 ad
2631 2275 2950 2349 eligendum
3008 2279 3485 2352 archiepiscOpum
3541 2285 3689 2354 apud

2073 2365 2286 2438 Spiram
2316 2367 2727 2434 convenissent,
2771 2377 2906 2424 nutu
2936 2371 3126 2426 domui
3154 2373 3378 2428 Gerardi
3435 2376 3696 2431 Romanae

2070 2459 2220 2514 sedis
2252 2460 2434 2538 legati,
2478 2461 2572 2531 qui
2614 2469 2746 2516 tunc
2776 2461 2918 2518 forte
2945 2465 3153 2527 aderat,
3195 2473 3251 2521 et
3307 2476 3500 2538 postea
3521 2468 3700 2524 factus

2063 2555 2149 2604 est
2175 2564 2315 2620 papa
2348 2548 2564 2616 Lucius,
2588 2565 2692 2605 nec
2730 2565 2842 2606 non
2887 2559 2942 2607 et
2970 2553 3259 2609 Alberonis
3287 2555 3546 2611 Meteusis
3577 2558 3699 2628 pri—

2065 2637 2300 2706 micerii,
2324 2639 2419 2710 qui
2447 2647 2638 2710 postea
2666 2639 2842 2695 factus
2893 2648 2975 2696 est
3025 2643 3369 2699 Trevirorum
3397 2647 3692 2718 archiepi-

2071 2748 2294 2803 scopus,
2319 2733 2647 2788 Norbertum
2675 2735 3092 2792 Premonstratae
3138 2739 3405 2794 aecclesiae
3453 2748 3697 2812 patrem,

2071 2825 2166 2896 qui
2192 2840 2288 2896 pro
2319 2824 2649 2896 quibusdam
2704 2827 2883 2880 causis
2939 2841 3006 2882 eo
3074 2826 3215 2883 forte
3272 2829 3596 2897 advenerat,
3633 2830 3698 2884 in

2070 2922 2347 2985 pastorem
2380 2915 2610 2987 eligunt,
2643 2922 2697 2969 et
2720 2916 2886 2989 regali
2948 2926 3326 2988 prosequente
3354 2920 3695 2988 coniventia,

345 3011 453 3067 Sed
493 3029 596 3068 nec
625 3019 749 3083 post
777 3011 900 3084 ejus
933 3018 1166 3068 mortem
1226 3027 1379 3068 error
1444 3011 1621 3084 ipsius
1661 3019 1770 3067 tam
1803 3011 1963 3067 facile
1988 3052 2038 3121 Ο
2069 3005 2134 3059 ad
2165 3007 2535 3061 sacerdotium
2598 3006 2841 3077 praefatae
2901 3007 3054 3062 urbis
3083 3009 3414 3079 provehunt.
3465 3011 3698 3067 Karolus

350 3101 599 3121 -___nf__-__L2
635 3101 805 3121 .--ι--.Α
891 3101 1119 3121 ne_,,._,_
1184 3118 1276 3121 AM-
1301 3102 1320 3121 J
1379 3119 1393 3121 4
1443 3103 1509 3121 -I-
1537 3102 1646 3121 ,,’_?_
1682 3102 1784 3121 I-_9
1819 3101 1961 3121 2II3__-
2069 3113 2248 3121 AA“.--
2272 3097 2536 3121 DI-_-I_:_
2604 3115 2697 3121 --Α
2739 3100 3056 3121 _-_,----a2-.._
3092 3100 3312 3121 3__-ASA!,_._
3367 3103 3470 3121 ,,,,‘l
3501 3120 3548 3121 ,,,
3580 3103 3614 3121 I,

344 3101 603 3173 extirpari
631 3101 828 3173 potuit.
890 3101 1122 3173 Propter
1175 3102 1324 3173 quod
1373 3119 1405 3157 a
1434 3102 1650 3158 clericis
1682 3102 1786 3157 loci
1819 3101 1965 3157 illius
1989 3097 2038 3121 υ
2065 3113 2251 3154 comes
2272 3097 2560 3165 Flandrize,
2604 3115 2702 3170 pro
2735 3100 3060 3155 executione
3085 3100 3318 3168 justitize
3356 3103 3692 3174 quibusdam

343 3191 596 3247 ascclesia
625 3206 750 3248 cum
782 3191 1081 3264 aliquantis
1112 3191 1421 3248 redditibus
1445 3207 1545 3264 per
1582 3207 1807 3247 manum
1840 3193 1964 3263 epi-

344 3283 498 3356 800pi
530 3284 795 3342 Norberto
826 3285 1134 3342 ordinanda
1165 3286 1345 3351 datur,
1406 3285 1781 3356 sperantibus,
1814 3286 1962 3357 quod

346 3394 446 3450 per
484 3377 606 3446 ejus
635 3376 927 3432 salutarem
959 3376 1262 3432 doctrinam
1299 3376 1506 3431 heresis
1548 3377 1640 3430 illa
1679 3377 1747 3430 de
1778 3377 1962 3432 medio

343 3471 645 3527 tolleretur.
677 3471 831 3536 Quod
850 3479 904 3526 et
933 3470 1133 3526 factum
1164 3480 1246 3526 est
1299 3469 1591 3542 Siquidem
1627 3470 1747 3541 ipso
1779 3470 1966 3541 predi-

343 3569 504 3617 caute
528 3562 844 3633 compuncti
889 3561 992 3616 viri
1052 3570 1107 3617 et
1137 3563 1421 3629 mulieres,
1482 3576 1683 3630 corpus
1725 3560 1966 3615 domini-

343 3669 490 3725 cum,
523 3655 671 3726 quod
702 3654 924 3710 incistis
950 3662 1004 3709 et
1029 3654 1391 3710 foraminibus
1419 3671 1518 3726 per
1545 3655 1738 3711 decem
1794 3671 1969 3712 annos

343 3751 397 3798 et
424 3745 660 3815 amplius
685 3754 1068 3816 reposuerant,
1115 3747 1436 3814 attulerunt,
1495 3755 1551 3801 et
1581 3763 1677 3817 per
1717 3747 1839 3816 ejus
1871 3749 1966 3803 do-

340 3835 570 3889 ctrinam
597 3835 860 3905 paulatim
895 3835 964 3889 ad
991 3851 1180 3890 sanam
1237 3835 1401 3892 fidem
1450 3838 1827 3908 resipuerunt.
1863 3841 1968 3895 Ra-

342 3923 497 3977 dulfo
537 3924 833 3978 Remorum
891 3924 1314 3996 archiepiscOpo
1367 3926 1612 3982 obeuute
1679 3931 1802 3997 (Jul.
1845 3928 1957 4000 23),

343 4011 641 4085 Rainaldus
677 4012 926 4067 succedit
956 4013 1008 4068 in
1042 4016 1324 4084 presulatu
1352 4017 1639 4073 Remensis
1669 4019 1954 4076 aecclesim.

340 4105 626 4161 Venetiani
659 4105 837 4160 navali
866 4106 1108 4162 exercitu
1138 4109 1461 4165 Ascalonem
1503 4113 1846 4182 obsidentes,
1874 4133 1960 4172 ac-

341 4202 504 4267 cepta
544 4195 614 4250 ab
671 4194 996 4250 Ascalonitis
1047 4199 1298 4268 pecuniae
1337 4201 1633 4271 taxatione,
1667 4205 1954 4270 recedunt,

341 4292 396 4340 et
424 4284 622 4356 Tyrum
650 4283 973 4356 aliquandiu
1002 4285 1286 4342 obsessam
1321 4289 1377 4343 in
1434 4291 1778 4347 deditionem
1810 4296 1957 4350 acci-

2065 3208 2290 3248 suorum
2324 3208 2575 3262 perosus,
2618 3194 2819 3248 diebus
2858 3195 3298 3270 quadragesimae.
3332 3197 3385 3252 in
3418 3199 3694 3267 aecclesia,

2065 3281 2158 3336 ubi
2191 3281 2412 3336 missam
2447 3283 2734 3338 auditurus
2787 3293 3034 3352 venerat,
3092 3301 3256 3341 orans
3285 3303 3408 3342 cum
3444 3287 3689 3359 quibus-

2065 3379 2188 3432 dam
2217 3377 2332 3432 suis
2363 3378 2707 3448 proceribus,
2768 3378 2836 3434 ab
2870 3381 2950 3435 eis
2996 3380 3342 3438 interficitur.
3397 3384 3549 3448 Quod
3575 3401 3695 3440 sce-

2066 3471 2150 3526 lus
2181 3470 2478 3542 proviuciae
2502 3471 2667 3527 totius
2692 3471 2810 3526 zelo
2841 3479 2896 3527 et
2923 3474 3173 3529 unanimi
3209 3490 3483 3532 concursu
3540 3483 3694 3533 tanta

2069 3570 2151 3617 est
2181 3561 2476 3617 severitate
2507 3561 2868 3627 vindicatum,
2929 3570 2986 3618 ut
3035 3579 3144 3620 non
3195 3563 3357 3621 facile
3389 3567 3564 3638 possit
3607 3582 3702 3623 oc-

2070 3671 2296 3711 currere
2352 3664 2459 3710 tam
2506 3654 2767 3711 districta:
2823 3655 3051 3712 ultionis
3107 3659 3424 3729 exemplum
3494 3659 3700 3715 Willel-

2070 3764 2212 3815 mus,
2246 3746 2467 3803 Roberti
2510 3746 2859 3802 Normannize
2914 3749 3194 3820 quondam
3240 3751 3460 3806 comitis
3527 3750 3694 3818 filius,

2068 3841 2341 3897 electione
2395 3839 2708 3910 principum
2762 3847 2817 3895 et
2864 3841 3176 3896 coniventia
3231 3843 3492 3899 Ludovici
3546 3845 3696 3918 regis

2060 3936 2391 3992 Francorum
2432 3929 2787 3984 substituitur
2837 3929 2892 3984 in
2951 3931 3341 4002 principatum.
3400 3935 3568 3997 Quem
3602 3951 3698 4004 pa-

2060 4034 2216 4081 truus
2246 4037 2380 4077 suus
2434 4019 2700 4074 Henricus
2732 4019 3030 4093 Anglorum
3093 4038 3184 4076 rex
3234 4033 3551 4094 suspectum
3586 4024 3687 4078 ba-

2059 4115 2218 4177 beus,
2261 4126 2327 4166 co
2344 4109 2491 4182 quod
2521 4109 2641 4179 ipso
2698 4108 3039 4164 exheredato
3092 4117 3301 4180 patrem
3318 4112 3440 4181 ejus
3473 4111 3690 4167 Robor-

2060 4216 2172 4264 tum
2206 4208 2480 4279 captivum
2517 4211 2748 4272 teneret,
2784 4205 3068 4277 principes
3095 4206 3366 4263 Flandrize
3395 4209 3688 4264 adversum

2067 4315 2194 4355 cum
2230 4298 2285 4353 in
2309 4297 2673 4353 rebellionem
2697 4295 2766 4349 de
2779 4295 3188 4353 Alsatiacontra
3201 4313 3327 4352 eum
3352 4300 3685 4366 aceersiunt,

341 4371 518 4443 piunt.
570 4371 871 4472 Balduinus
928 4389 1020 4428 rex
1077 4373 1533 4434 Jerosolimorum
1592 4397 1624 4435 a
1674 4382 2429 4472 SaracenisDetWillelmo
2463 4393 2586 4457 post
2617 4385 2881 4440 bienuum
2940 4403 3041 4457 per
3091 4387 3292 4442 vulnus
3347 4396 3588 4456 mortuo,
3617 4390 3688 4444 ad

339 4474 641 4538 perventus
701 4467 934 4540 capitur,
995 4476 1049 4524 ct
1112 4479 1240 4542 post
1294 4473 1958 4548 diutinamcaptivitatem

340 4559 467 4616 data
495 4562 749 4633 pecuniae
769 4566 1118 4622 estimatione
1145 4566 1436 4623 relaxatur.
1468 4567 1544 4638 (Ο.
1577 4571 1733 4625 Laud
1757 4572 1771 4637 )
1817 4573 1957 4629 Hen-

341 4651 488 4708 ricus
519 4654 816 4725 imperator
845 4666 1180 4734 congregata
1218 4661 1494 4717 exercitus
1530 4660 1744 4732 iutinjta
1771 4666 1956 4723 multi-

340 4740 555 4808 tudine,
596 4741 736 4799 tines
763 4747 918 4820 regni
948 4747 1278 4806 Francorum
1303 4748 1608 4821 irrumpere
1667 4752 1953 4824 disponit;

338 4833 436 4889 sed
461 4832 735 4892 Ludovico
765 4837 1096 4897 Francorum
1122 4859 1252 4918 rege
1300 4859 1423 4899 cum
1485 4842 1702 4901 infinito
1757 4847 1956 4902 nichil-

338 4924 557 4980 ominus
582 4926 823 4982 exercitu
856 4927 910 4980 in
953 4943 1244 4987 occursum
1276 4933 1397 5001 ejus
1430 4940 1788 5005 properante,
1822 4953 1958 4993 con-

336 5016 462 5073 silio
480 5015 793 5089 principum
823 5023 878 5072 et
926 5019 1312 5093 episcoporum
1345 5025 1414 5078 ab
1454 5024 1638 5080 inutili
1673 5028 1957 5098 proposito

336 5108 662 5166 desistiLEt
703 5109 806 5166 hoc
837 5109 1038 5167 factum
1070 5122 1156 5168 est
1208 5131 1400 5171 mense
1458 5118 1724 5191 Augusto.
1762 5120 1955 5176 Henri-

335 5215 432 5255 cus
463 5199 764 5273 imperator
791 5199 1132 5256 Montionem
1161 5212 1398 5260 castrum
1449 5207 1616 5278 capit,
1659 5216 1714 5264 et
1737 5209 1958 5266 Rainal-

337 5285 467 5342 dum
494 5288 618 5359 ejus
643 5289 901 5346 comitem
932 5297 1150 5363 captum
1173 5307 1360 5350 secum
1393 5295 1636 5354 abducit.

2066 4477 2436 4550 principatum
2495 4477 2826 4547 provehunt.
2880 4475 3046 4534 Fulco
3098 4478 3366 4534 successit
3417 4478 3688 4534 Balduino

2065 4568 2122 4624 iu
2159 4583 2330 4642 regno
2369 4566 2836 4623 Jerosolimitano.

2133 4661 2288 4718 1128.
2471 4659 2526 4714 2.
2714 4661 2799 4716 19.
3025 4659 3117 4717 28.
3311 4661 3401 4716 18.

2131 4759 2210 4826 (0.
2236 4757 2396 4812 Laud
2423 4757 2439 4828 )
2471 4757 2719 4811 Lauduui
2761 4756 2816 4811 in
2859 4755 3111 4812 azcclesia
3157 4757 3334 4814 sancti
3391 4757 3685 4827 Johannis,

2059 4849 2291 4904 consilio
2325 4849 2470 4923 regis
2512 4855 2568 4904 et
2603 4848 2936 4920 principum,
2991 4849 3350 4918 monialibus,
3380 4866 3504 4922 quae
3545 4851 3688 4907 male

2057 4936 2292 4992 infames
2311 4944 2488 5002 erant,
2512 4933 2811 5006 ejectis,‘et
2859 4938 3146 4994 monachis
3187 4938 3242 4994 in
3277 4955 3467 4994 earum
3503 4939 3684 4996 locum

2059 5029 2398 5097 substitutis,
2427 5029 2626 5104 Drogo,
2657 5029 2932 5106 religione
2954 5039 3009 5086 ct
3039 5029 3298 5086 facundia
3328 5031 3686 5098 venerabilis,

2059 5134 2088 5172 a
2117 5119 2499 5174 Bartbolomeo
2539 5119 2805 5190 episcopo
2860 5119 3073 5190 primus
3133 5119 3307 5174 abbas
3351 5120 3686 5186 ordinatur;

2059 5206 2152 5278 qui
2181 5207 2534 5277 postmodum
2566 5224 2597 5261 a
2630 5225 2773 5280 papa
2829 5208 3155 5264 Innocentio
3209 5208 3395 5264 Romae
3420 5207 3686 5266 Ostiensis

2057 5298 2350 5370 episcopus
2369 5299 2668 5356 cardinalis
2692 5307 3049 5357 consecratur
3068 5306 3173 5373 (an.
3207 5301 3382 5373 1136).

1889 5435 2103 5493 NOTAE.

410 5552 556 5635 ζξρξ)
584 5553 862 5635 ρη1βΛροι.
886 5558 1192 5617 secundum
1210 5557 1346 5616 Gali.
1381 5559 1579 5619 Christ.
1613 5562 1763 5619 1123
1800 5579 1914 5621 sec.
1941 5563 2120 5635 Bouq.

408 5624 813 5695 (502)Α.1137.
