3930 6068
143 285 260 341 369

294 408 454 463 1129.
571 407 634 462 R.
668 406 720 463 3.
836 407 1005 462 F.20.
1118 406 1301 462 A.29.
1420 405 1566 461 11.1.

214 502 309 572 (V.
351 499 540 570 Nero.)
592 499 894 555 Norbertus
938 498 1393 570 archiepiscopus
1441 498 1498 553 in
1529 497 1781 554 aacclesia

135 599 354 647 sanctae
387 589 566 644 Mariae
588 588 738 660 apud
789 589 1215 664 Magedeburch,
1267 588 1535 660 expositis
1563 585 1782 644 clericis

136 681 520 748 secularibus,
566 680 650 735 sui
701 680 912 736 ordinis
963 679 1160 736 fratres
1217 679 1532 746 collocavit,
1586 686 1662 746 et,
1724 684 1784 733 ut

153 776 305 831 inibi
324 776 396 831 ad
438 785 685 831 tenorem
739 773 964 847 regulae,
1015 790 1178 846 quam
1212 771 1784 829 Premonstratiinsti-

144 877 362 934 tuerat,
413 868 524 923 Deo
569 866 893 932 militarent,
938 866 1234 922 ordinavit.
1277 866 1338 920 ln
1391 864 1781 922 Premonstra-

145 958 300 1015 tensi
347 973 571 1030 quoque
620 956 870 1011 aecclesia
911 971 1294 1011 successorem
1349 955 1456 1009 sibi
1517 955 1781 1010 domuum

150 1053 470 1125 llugonem,
503 1049 598 1122 qui
630 1048 700 1104 ab
741 1047 911 1104 inicio
933 1048 1276 1119 paupertatis
1301 1063 1414 1102 suae
1449 1047 1632 1102 socius
1662 1047 1783 1102 fue-

150 1147 260 1204 rat,
293 1139 552 1194 abbatem
583 1137 826 1193 ordinari
857 1137 1007 1193 fecit.
1043 1136 1221 1192 Sedet
1249 1136 1319 1191 ad
1373 1135 1779 1207 Andwerpien-

148 1251 272 1290 sem
304 1243 472 1307 atque
498 1232 908 1289 Florefﬁensem
932 1231 1237 1287 aeeclesiam
1269 1231 1336 1286 ad
1387 1231 1639 1304 regimen
1673 1229 1783 1284 fra-

150 1332 300 1378 trum
325 1323 638 1379 nominatos
678 1328 862 1392 patres
907 1320 1224 1375 destinavit.
1274 1322 1330 1390 (C
1359 1321 1560 1385 Laud.)
1589 1319 1784 1374 Ansel-

154 1430 285 1469 mus
310 1413 506 1479 abbas,
563 1408 912 1483 postmodum
963 1409 1263 1480 cpiSCOpus
1307 1409 1557 1475 Tornaci,
1591 1424 1787 1463 succe-

154 1506 241 1560 dit
272 1505 512 1562 Seifrido
552 1505 610 1559 in
659 1503 910 1560 zecclesia
941 1502 1116 1558 sancti
1169 1502 1438 1557 Vincentii
1480 1501 1549 1556 de
1594 1511 1783 1558 monte

157 1596 454 1651 Lauduno.
501 1593 787 1665 Philippus
821 1609 978 1665 puer,
1013 1592 1273 1650 Ludovici
1323 1592 1652 1648 Francorum
1684 1609 1780 1647 rc-

154 1691 246 1764 gis
286 1688 456 1754 filius,
511 1688 699 1742 Remis
742 1687 796 1741 in
840 1702 1027 1760 regem
1072 1687 1316 1762 ungitur,
1335 1687 1424 1741 die
1451 1688 1690 1758 paschaa,
1714 1686 1781 1742 18

157 1779 280 1843 Kal,
311 1778 460 1844 Maii,
493 1787 646 1849 patre
675 1785 955 1849 presente.

238 1867 396 1922 1130.
580 1869 633 1922 4.
819 1867 908 1922 21.
1091 1865 1161 1924 30
1399 1869 1454 1922 Ξ.

236 1961 360 2028 (Ib)
429 1959 670 2015 Honorio
733 1975 877 2031 papa
932 1959 1217 2027 defuncto,
1297 1960 1452 2016 factis
1513 1958 1782 2031 partibus,

162 2052 464 2124 Gregorius
487 2059 542 2106 et
591 2052 780 2108 Petrus
819 2053 889 2108 de
932 2053 1114 2110 Leone
1167 2053 1235 2108 ad
1279 2060 1537 2126 papatum
1569 2054 1787 2128 eligun‘

164 2149 275 2208 tur,
308 2151 363 2198 et
421 2142 716 2215 Gregorius
775 2143 1108 2209 lnnocentii,
1149 2143 1342 2198 Petrus
1389 2142 1634 2198 Anacleti
1695 2157 1790 2196 no-

158 2232 314 2286 mine
355 2232 678 2287 alterantur.
714 2233 799 2300 (V.
838 2232 1026 2301 Norb.)
1054 2231 1163 2286 Sed
1199 2232 1355 2287 Petro
1386 2232 1457 2286 ob
1489 2230 1789 2302 parentelaa

151 2336 270 2374 suae
323 2319 703 2375 fortitudinem
763 2320 908 2390 apud
963 2320 1224 2375 Sanctum
1273 2321 1492 2375 Petrum
1552 2334 1793 2375 commo-

157 2420 339 2478 rante,
371 2413 727 2469 Innocentius
768 2413 938 2469 Roma
1002 2429 1258 2485 egressus
1288 2413 1344 2468 in
1378 2413 1577 2467 Gallias
1630 2411 1793 2483 proti-

154 2509 404 2575 ciscitur,
431 2515 485 2564 et
537 2509 814 2564 Gallicana
853 2507 959 2564 sibi
1008 2509 1314 2564 adherente
1361 2507 1634 2575 a3cclesia,
1664 2523 1792 2563 con-

157 2602 305 2656 ciliis
329 2601 624 2656 celebratis
657 2601 832 2672 primo
862 2601 1072 2670 Remis,
1114 2601 1362 2656 secundo
1392 2600 1551 2666 Pisis,
1585 2600 1640 2655 in
1701 2617 1792 2672 pa-

163 2704 294 2764 patu
344 2694 720 2760 confirmatur,
763 2703 818 2749 et
849 2694 1042 2749 Petrus
1081 2695 1148 2748 ab
1187 2694 1448 2749 omnibus
1503 2693 1689 2748 Galliae
1737 2700 1792 2748 et

162 2787 472 2842 Germaniae
489 2787 767 2858 episcopis
795 2787 1311 2842 anathematizatur.
1345 2787 1632 2843 Iohannes
1684 2787 1787 2856 βίω

164 2879 455 2934 memorize
483 2879 815 2935 Morinorum
864 2879 1163 2950 episcopus
1214 2878 1354 2934 obiit
1409 2894 1424 2946 ;
1465 2879 1628 2951 eique
1660 2878 1787 2934 Milo

162 2969 338 3024 abbas
359 2969 428 3023 de
453 2969 625 3024 sancti
656 2968 850 3024 Judoci
882 2985 946 3023 ex
969 2968 1163 3024 ordine
1196 2968 1786 3023 Premonstratensium

161 3060 432 3116 succedit.
475 3061 714 3116 Roberto
764 3075 985 3132 quoque
1024 3058 1468 3114 Atrebatensium
1523 3058 1787 3130 episcopo

157 3153 445 3216 defuncto,
471 3151 688 3207 Alvisus
711 3151 884 3205 abbas
907 3151 1201 3205 ordinatur
1251 3150 1553 3221 episcopus
1581 3150 1638 3204 in
1668 3149 1788 3219 ejus

156 3244 301 3308 loco,
344 3247 427 3311 ((7.
465 3246 657 3312 Laud.)
698 3244 934 3299 Thomas
990 3242 1058 3297 de
1103 3242 1270 3296 Maria
1318 3243 1372 3296 in
1432 3257 1532 3297 suo
1559 3241 1786 3313 proprio

155 3335 436 3390 conductu
473 3333 847 3408 negotiatores
879 3331 1007 3387 dolo
1063 3331 1311 3402 capiens,
1368 3347 1399 3385 a
1447 3347 1581 3405 rege
1614 3329 1789 3386 Ludo-

159 3424 278 3478 vico
298 3439 426 3477 cum
457 3421 701 3478 exercitu
738 3421 1041 3492 impetitur,
1085 3431 1191 3475 eta
1232 3419 1468 3474 Radulfo
1498 3419 1786 3474 Viroman-

167 3510 586 3568 dorumcomite
630 3511 958 3566 vulneratus
1000 3516 1056 3564 et
1099 3518 1314 3581 captus,
1366 3507 1615 3563 Lauduni
1671 3521 1790 3563 mo-

169 3602 327 3656 ritur.

243 3692 398 3748 1131.
614 3692 669 3746 5.
888 3690 978 3744 22.
1179 3689 1269 3747 31.
1452 3690 1504 3746 3.

238 3786 356 3857 (1b.)
389 3783 744 3839 Innocentius
773 3799 915 3854 papa
947 3782 1193 3838 Lauduni
1225 3783 1280 3837 in
1310 3782 1559 3838 azcclesia
1587 3787 1788 3837 sanctae

166 3875 346 3930 Mariae
386 3872 663 3928 dominica
702 3871 758 3925 in
792 3870 958 3926 ramis
990 3871 1317 3942 palmarum,
1363 3878 1417 3927 et
1452 3870 1622 3925 tercia
1653 3868 1789 3924 feria

166 3969 422 4042 sequenti
454 3969 508 4023 in
537 3967 790 4023 tecclesia
819 3967 970 4022 beati
1026 3966 1239 4022 Martini
1301 3967 1487 4022 divina
1527 3965 1786 4037 mysteria

166 4061 484 4118 celebravit.
519 4060 808 4132 Philippus
856 4076 995 4131 puer
1031 4076 1209 4130 nuper
1260 4059 1313 4114 in
1346 4075 1533 4135 regem
1563 4066 1783 4122 unctus,

170 4155 298 4208 dum
333 4156 388 4208 in
418 4154 639 4209 civitate
674 4153 912 4208 Parisius
943 4167 1088 4225 equo
1127 4152 1365 4216 vehitur,
1399 4166 1599 4223 porcus
1655 4149 1783 4222 equi

175 4247 410 4318 pedibus
455 4262 517 4300 se
565 4246 707 4301 forte
764 4244 1136 4309 summittens,
1169 4260 1370 4316 equum
1410 4259 1578 4315 super
1607 4243 1785 4314 ipsum

178 4339 503 4412 precipitem
552 4331 725 4401 dedit,
757 4344 811 4392 et
844 4338 914 4392 de
946 4337 1067 4405 ejus
1135 4337 1319 4393 subita
1362 4346 1416 4392 et
1481 4337 1794 4392 miseranda

985 279 1330 335 CllRONlCA.
1374 311 1438 319 —
1481 276 1922 335 CONTINUATIO
1965 275 2682 335 PRIEMONSTRATENSIS.

1801 1773 2174 1842 Bnumerum
2263 1777 2571 1844 hominum,
2641 1778 2987 1846 animalium,

1817 3109 1866 3177 C

3409 287 3518 346 370

1804 410 1857 478 Α
1882 404 2037 460 Unde
2075 405 2240 461 etiam
2307 404 2363 460 in
2406 404 2620 477 Syriam
2677 412 2732 461 et
2787 407 3120 464 Palestinam
3153 410 3224 466 de
3256 411 3516 468 Premen-

1882 506 2054 554 strato
2112 497 2327 568 fratresf
2357 497 2534 563 missi,
2591 499 2888 554 nonnullas
2927 501 3175 557 abbatias
3217 501 3517 560 edificave-

1883 594 2028 642 runt.
2057 587 2292 658 Eratque
2313 585 2462 642 circa
2486 587 2605 642 haec
2655 594 2906 659 tempora
2961 591 3190 660 pulchra
3215 607 3279 647 ac
3311 591 3516 652 decora

1885 677 2054 734 facies
2085 677 2372 746 ecclesiae,
2405 679 2752 736 diversorum
2801 681 3061 738 ordinum
3093 699 3157 739 ac
3202 685 3512 756 professio-

1885 787 2014 827 num
2034 771 2372 828 circumdata
2428 772 2696 830 varietate
2749 774 2924 837 ;dum
2957 775 3089 832 hinc
3133 776 3515 834 Premonstra-

1885 871 2090 930 tenses,
2122 863 2254 919 hinc
2316 864 2731 933 Cistercienses,
2785 866 2917 922 inde
2971 865 3358 924 Cluniacenses
3390 885 3511 925 mo-

1887 956 2069 1023 nachi,
2104 962 2215 1011 tum
2251 956 2417 1011 etiam
2448 956 2651 1012 diversi
2681 957 2905 1014 habitus
2941 965 3109 1030 atque
3140 959 3509 1030 professionis

1885 1042 2339 1098 sanctimoniales
2362 1051 2417 1100 et
2438 1045 2698 1100 mulieres
2729 1046 2838 1102 Deo
2865 1047 3105 1111 devotae,
3139 1047 3196 1104 in
3222 1048 3512 1104 continen-

1883 1137 1959 1192 tia
1984 1146 2149 1209 atque
2176 1145 2499 1208 paupertate
2521 1140 2624 1194 sub
2656 1139 2994 1196 obedientize
3026 1142 3158 1216 jugo
3183 1143 3513 1216 regulariter

1883 1225 2155 1290 viventes,
2186 1224 2400 1282 fervore
2443 1228 2728 1301 religionis
2759 1228 2993 1284 invicem
3034 1239 3419 1300 provocarent,
3455 1241 3510 1289 et

1887 1328 2028 1368 nova
2057 1313 2307 1368 certatim
2336 1314 2589 1384 ,diversis
2629 1315 2687 1370 in
2744 1316 2880 1373 locis
2945 1319 3284 1375 monasteria
3314 1320 3512 1377 funda-

1892 1411 2030 1459 rent.
2063 1405 2192 1460 Cum
2227 1406 2312 1462 his
2356 1406 2522 1462 etiam
2574 1407 2833 1464 monachi
2883 1407 3272 1485 Cartugienses
3314 1420 3369 1469 et
3408 1414 3514 1486 ipsi

1887 1497 2152 1567 paulatim
2185 1498 2569 1570 pullulabant;
2623 1500 2719 1572 qui
2779 1516 2874 1572 pre
2914 1503 3110 1557 ceteris
3140 1505 3516 1576 continentes,

1889 1591 2029 1661 pesti
2063 1592 2329 1660 avaritia,
2363 1608 2472 1664 qua
2508 1593 2785 1664 plurimos
2843 1594 2947 1649 sub
3003 1596 3290 1669 religionis
3323 1599 3517 1655 habitu

1887 1679 2137 1736 laborare
2163 1681 2436 1748 videmus,
2470 1683 2736 1738 terminos
2768 1691 3094 1754 posuerunt,
3143 1685 3275 1741 dum
3306 1693 3517 1742 certum

3072 1781 3509 1851 possessionum,

1885 1868 2057 1925 ‘luem
2075 1871 2155 1925 eis
2194 1873 2537 1946 pretergredi
2571 1873 2721 1930 nullo
2753 1875 2917 1930 modo
2948 1875 3133 1944 liceat,
3154 1883 3502 1942 statuerunt;

1883 1966 1939 2016 et
1967 1961 2070 2031 ipsi
2100 1960 2346 2035 singulas
2374 1962 2579 2034 singuli
2610 1962 2780 2018 cellas
2825 1963 3114 2032 habentes,
3156 1981 3220 2022 ac
3258 1981 3381 2022 raro
3422 1967 3511 2022 vel

1885 2052 1958 2107 ob
1979 2050 2072 2106 Dei
2103 2051 2333 2118 cultum,
2362 2053 2449 2107 vel
2479 2053 2550 2108 ob
2579 2059 2848 2120 mutuum;
2875 2054 2931 2109 in
2991 2056 3214 2112 caritate
3241 2057 3507 2113 solacium

1888 2142 2306 2208 convenientes,
2335 2141 2635 2214 perfectius
2668 2143 2807 2198 mori
2848 2145 3058 2200 mundo
3109 2154 3164 2200 et
3194 2145 3398 2202 ceteris
3425 2147 3512 2201 di-

1892 2233 2155 2305 ligentius
2198 2234 2381 2290 vivere
2423 2235 2534 2290 Deo
2588 2236 2894 2310 elegerunt.
2960 2238 3107 2293 lntcr
3155 2252 3296 2309 quos
3351 2238 3504 2314 Gigo,

1894 2327 2046 2398 prior
2076 2325 2356 2396 Cartusiae,
2374 2328 2645 2402 religione
2675 2345 2739 2384 ac
2767 2330 3044 2402 sapientia
3070 2331 3512 2387 eminentissime

1895 2421 2080 2476 ﬂoruit
2110 2438 2124 2486 ;
2158 2427 2214 2476 et
2240 2423 2307 2477 de
2324 2423 2518 2479 eadem
2541 2422 2705 2480 domo
2736 2425 2909 2498 llugo,
2943 2441 3008 2480 ex
3039 2425 3245 2496 ’priore
3293 2424 3512 2480 Gratia-

1896 2512 2252 2584 nopolitanus
2280 2513 2598 2584 episcopus,
2647 2515 2997 2585 postmodum
3030 2513 3361 2571 Viennensis
3391 2533 3513 2572 me-

1895 2605 2280 2676 tr0politanus,
2321 2606 2377 2660 in
2429 2607 2605 2678 ipsius
2648 2607 2934 2680 religionis
2988 2607 3333 2663 districtione
3374 2608 3511 2663 insi-

1891 2694 2017 2768 gnis
2044 2694 2258 2750 claruit.
2299 2694 2379 2750 Ad
2410 2695 2528 2751 haec
2557 2696 2720 2752 etiam
2777 2697 3010 2766 militesﬁ
3029 2697 3220 2768 templi
3246 2696 3514 2754 Jerosoli-

1892 2787 2324 2856 mitani,fratres
2369 2803 2594 2861 quoque
2646 2789 2715 2843 de
2745 2789 3023 2860 hospitali,
3091 2791 3195 2844 sub
3250 2789 3510 2862 religioso

1891 2880 2079 2934 habitu
2106 2880 2454 2935 continenter
2475 2879 2748 2946 viventes,
2779 2879 2986 2952 ubique
2999 2896 3060 2935 se
3078 2879 3502 2952 multiplicando

1890 2967 2296 3034 diffundebant,
2348 2975 2402 3024 et
2459 2968 2582 3040 qua:
2640 2976 2917 3041 poterant,
2981 2969 3066 3025 vel
3124 2968 3195 3024 de
3222 2968 3508 3026 laboribus

1891 3060 2148 3131 propriis,
2193 3059 2280 3115 vel
2329 3058 2578 3116 fidelium
2627 3059 2972 3127 elemosinis,
3055 3059 3126 3116 ad
3205 3074 3346 3129 Opus
3394 3059 3506 3116 Deo

1890 3148 2241 3204 militantium
2265 3157 2319 3205 et
2345 3149 2689 3206 infirmorum
2710 3148 3079 3223 |quorumque
3109 3166 3174 3206 ac
3203 3164 3510 3224 pauperum

1888 3237 2276 3294 Jerosolimam
2309 3238 2626 3295 mittebant.

1964 3331 2120 3388 1132.
2275 3331 2328 3385 6.
2511 3332 2603 3388 23.
2789 3333 2880 3387 32.
3099 3333 3154 3386 4.

1965 3423 2048 3491 (C.
2090 3423 2284 3492 Laud)
2320 3423 2452 3478 Fara
2499 3433 2736 3480 castrum
2767 3440 2796 3479 a
2843 3422 3116 3478 Ludovico
3181 3421 3512 3478 Francorum

1891 3528 2020 3586 rege
2045 3512 2338 3568 obsidione
2389 3513 2650 3586 cingitur,
2683 3529 2714 3568 a
2755 3513 2927 3570 Nonis
2986 3513 3107 3568 Maii
3165 3527 3340 3585 usque
3394 3510 3513 3566 ad7

1892 3601 2021 3657 ldus
2047 3601 2173 3657 Julii
2207 3617 2344 3668 ;nec
2377 3608 2560 3658 tamen
2604 3600 2842 3672 capitur,
2899 3603 3024 3673 (1b.)
3084 3601 3332 3674 Eclypsis
3380 3599 3514 3657 solis

1891 3697 2035 3754 facta
2061 3706 2144 3753 est
2168 3699 2202 3753 4
2235 3697 2370 3753 Non.
2407 3699 2543 3771 Aug.
2578 3697 2687 3753 fer.
2725 3697 2759 3753 6
2788 3697 2926 3753 hora
2952 3698 2987 3753 6
3016 3696 3182 3770 (503).

1965 3787 2120 3842 1133.
2304 3787 2358 3841 7.
2539 3786 2631 3841 24.
2815 3786 2904 3841 33.
3126 3785 3182 3843 5.

1961 3879 2052 3948 (V.
2095 3877 2589 3948 Norb.)sLutherus
2646 3877 2945 3950 imperator
2999 3875 3412 3948 expeditionem
3453 3874 3512 3930 in

1891 3967 2100 4023 Italiam
2128 3973 2286 4039 parat
2319 3985 2333 4034 ;
2366 3975 2423 4024 et
2460 3983 2583 4023 cum
2655 3966 2935 4040 episcopis
2994 3973 3050 4021 et
3077 3965 3516 4038 archiepiscopis

1892 4077 2091 4133 papam
2125 4061 2507 4117 Innocentium
2557 4060 2785 4116 Romam
2827 4059 3132 4126 deducens,
3182 4065 3376 4116 contra
3397 4059 3508 4116 Pe-

1891 4161 2032 4210 trum
2065 4153 2286 4222 Leonis,
2305 4155 2398 4226 qui
2450 4154 2844 4209 monasterium
2875 4152 3048 4210 sancti
3115 4151 3261 4208 Petri
3294 4153 3516 4208 munie-

1893 4255 1994 4311 rat.
2019 4261 2146 4302 eum
2183 4245 2237 4300 in
2265 4246 2552 4318 episcOpio
2610 4245 2964 4301 Lateranensi
3006 4245 3061 4299 in
3098 4245 3230 4300 sede
3281 4243 3514 4316 pontifi-

1895 4337 2002 4393 cali
2036 4347 2292 4409 potenter
2321 4339 2573 4394 collocat.
2599 4337 2782 4409 ipsum
2813 4352 2945 4392 vero
2988 4335 3304 4390 Liutherum
3337 4337 3512 4391 Inno-

181 4437 356 4486 morte
384 4428 602 4484 Francis
655 4429 861 4485 luctum
916 4429 1150 4498 induxit,
1184 4429 1213 4486 3
1266 4430 1342 4484 ld.
1386 4429 1500 4486 Oct.
1553 4427 1796 4485 Ecclesia
1819 4417 1872 4487 D
1895 4425 2112 4482 centius
2134 4443 2274 4498 papa
2297 4426 2501 4482 ibidem
2535 4426 2590 4481 in
2618 4425 3006 4497 imperatorem
3029 4429 3338 4487 consecrat,

178 4519 351 4575 sancti
381 4518 626 4574 Mcdardi
671 4519 982 4575 Suessionis
1010 4519 1080 4574 ab
1134 4520 1457 4576 Innocentio
1487 4535 1628 4591 papa
1658 4535 1792 4576 con-

176 4615 441 4676 secratur,
472 4608 718 4664 Concilio
749 4609 936 4664 Remis
987 4607 1200 4676 habito,
1254 4616 1513 4681 presente
1544 4608 1790 4664 Franco-

177 4721 296 4759 rum
326 4720 454 4778 rege
486 4703 785 4771 Ludovico,
827 4703 970 4760 filius
1020 4704 1141 4776 ejus
1184 4704 1492 4760 Ludovicus
1520 4704 1574 4759 in
1606 4720 1794 4777 regem

175 4805 528 4853 consecratur
557 4814 588 4851 a
610 4813 750 4869 papa
790 4799 1138 4854 Innocentio.
1168 4798 1202 4852 8
1248 4798 1362 4853 Kal.
1395 4798 1532 4854 Nov.
1565 4798 1680 4853 Sub
1710 4797 1798 4855 his

178 4893 521 4963 temporibus
573 4893 708 4949 ordo
750 4894 1055 4948 canonicus
1094 4893 1713 4960 Premonstratensium,
1748 4900 1801 4950 et

178 4982 518 5037 monasticus
545 4982 1019 5050 Cisterciensium,
1043 4983 1202 5056 quasi
1221 4983 1344 5039 duae
1376 4983 1535 5039 olivae
1576 4985 1632 5038 in
1663 5000 1800 5040 con-

179 5081 369 5146 spectu
400 5075 640 5143 Domini,
675 5074 895 5146 pietatis
925 5075 1110 5131 lumen
1142 5084 1197 5132 et
1226 5077 1537 5133 devotionis
1564 5078 1800 5150 pingue-

182 5167 368 5221 dinem
399 5167 608 5222 mundo
662 5167 1071 5236 ministrabant,
1115 5175 1170 5224 et
1219 5169 1375 5240 quasi
1426 5169 1566 5225 vites
1611 5168 1798 5224 fructi-

178 5263 334 5327 ferae,
386 5261 673 5335 religionis
733 5262 988 5333 palmites
1041 5263 1476 5336 circumquaque
1521 5280 1796 5338 propaga-

182 5356 332 5418 bant,
359 5360 414 5408 ct
444 5368 542 5424 per
566 5367 763 5409 omnes
832 5355 945 5410 fere
1001 5356 1287 5411 christiani
1336 5355 1491 5411 orbis
1532 5357 1800 5413 terminos

182 5445 340 5498 bonae
365 5443 647 5514 Opinionis
675 5443 940 5514 paulatim
969 5445 1139 5500 odore
1171 5444 1396 5512 diffuso,
1417 5461 1589 5500 novas
1627 5445 1798 5499 abba-

185 5535 310 5604 tias,
333 5534 426 5590 ubi
465 5543 628 5592 antea
651 5536 744 5592 Dei
773 5536 951 5593 cultus
994 5551 1105 5593 non
1145 5536 1323 5592 fuerat
1376 5536 1793 5593 construebant.

1967 4523 2122 4578 1131.
2270 4522 2322 4576 8.
2540 4521 2630 4575 25.
2797 4520 2885 4576 34.
3101 4519 3156 4575 6.

1964 4611 2088 4682 (Ιὸ.)
2137 4610 2436 4668 Norbertus
2496 4608 2972 4681 archiepiscopus,
3027 4606 3112 4664 vir
3184 4615 3382 4679 potens
3436 4603 3518 4662 in-

1893 4719 2063 4774 opere
2083 4711 2439 4771 etsermone,
2469 4701 2766 4757 multorum
2813 4699 3278 4756 monasteriorum
3318 4697 3514 4756 funda-

1903 4804 2004 4860 tor,
2049 4802 2102 4851 et
2126 4802 2328 4850 sanctae
2367 4793 2651 4869 religionis
2677 4792 2910 4848 eximius
2949 4799 3305 4867 propagator,
3337 4793 3512 4850 lnno-

1901 4889 2069 4946 centii
2091 4905 2248 4961 papa
2276 4887 2534 4944 catholici
2593 4887 2933 4960 equissimus
2968 4885 3168 4954 fautor,
3209 4885 3352 4943 Petri
3385 4899 3516 4942 vero

1899 4981 2196 5038 scismatici
2250 4981 2592 5050 justissimus
2647 4989 2948 5045 execrator,
3006 4996 3132 5037 cum
3184 4979 3517 5050 imperatore

1900 5077 2158 5132 Liuthcro
2179 5077 2247 5130 ab
2276 5075 2634 5147 expeditione
2681 5074 2868 5130 Italica
2912 5090 3198 5151 regressus
3233 5075 3291 5130 in
3322 5073 3519 5130 civita-

1901 5175 2008 5224 tem
2029 5184 2206 5236 suam,
2239 5183 2350 5224 non
2379 5168 2552 5223 multo
2584 5173 2708 5239 post
2765 5165 3086 5223 infirmitate
3102 5164 3441 5236 lconipitur,
3470 5169 3526 5220 et

1902 5262 1958 5316 in
1990 5277 2055 5316 ea
2085 5275 2188 5331 per
2223 5259 2462 5331 spatium
2503 5265 2740 5332 quatuor
2769 5259 3041 5315 mensium
3071 5257 3355 5326 laborans,
3388 5256 3519 5328 epi-

1897 5359 2126 5425 sc0patu
2148 5352 2429 5423 sapienter
2448 5368 2512 5409 ac
2571 5352 2810 5408 fideliter
2863 5351 3171 5408 ministrate
3200 5365 3300 5422 per
3348 5365 3525 5406 annos

1898 5455 2042 5515 octo,
2072 5446 2378 5504 astantibus
2407 5445 2689 5513 fratribus,
2714 5445 2842 5501 data
2865 5442 3256 5500 benedictione
3268 5442 3520 5500 moritur.

1901 5537 2030 5595 Cum
2058 5537 2130 5594 de
2159 5535 2446 5610 sepultura
2473 5535 2616 5593 inter
2651 5535 2886 5593 clericos
2917 5533 3144 5605 majoris
3177 5531 3441 5592 aacclesite
3469 5548 3526 5598 ei

1758 5647 1966 5705 NOTAE.

251 5717 393 5787 (503)
426 5717 483 5773 Λ.
533 5715 688 5786 1133,
717 5716 1111 5789 ponuntLaud.
1138 5723 1192 5772 ct
1224 5714 1500 5789 Burburg.
