3916 6064
333 275 433 336 871

1554 274 1899 332 SIGEBERTI
1939 272 2452 330 GEMBLACENSIS.

3569 270 3682 328 372

336 402 533 465 fratres
560 414 764 464 sancta
788 406 970 463 Mariae
999 407 1283 464 contentio
1306 406 1515 478 llicret,
1550 423 1639 464 res
1676 408 1747 462 ad
1771 407 1950 478 impe-
1972 410 2027 479 Α
2054 422 2228 464 annos
2253 408 2401 479 apud
2427 404 2754 462 Solodorum
2788 405 2846 461 in
2903 405 3217 463 reclusione
3267 405 3462 461 vivens
3489 422 3684 477 egres-

334 508 570 557 ratorem
611 499 793 555 delata
819 506 924 568 est,
953 506 1008 557 et
1041 516 1109 556 ex
1138 500 1259 570 ejus
1290 507 1569 572 praecepto
1597 499 1653 554 in
1699 499 1949 555 aecclesia

334 594 537 645 sanctas
565 587 751 643 Maria
779 603 904 644 cum
933 587 1064 643 filiis
1092 603 1157 644 ac
1204 587 1489 657 fratribus,
1546 602 1686 658 quos
1708 587 1765 641 in
1799 586 1951 643 Chri-

331 691 419 738 sto
457 689 725 756 genuerat
757 691 814 739 et
843 684 1052 740 Christo
1120 684 1475 748 educaverat,
1529 684 1783 756 sepultus
1833 691 1942 740 est.

336 778 500 848 Cujus
523 779 704 835 extitit
734 779 792 834 in
813 779 1027 836 Christo
1066 779 1325 835 dormitio
1350 780 1481 834 8Id.
1510 780 1661 836 Julii.
1782 798 1786 802 '
1882 834 1885 836 _

478 867 634 923 1135.
747 868 896 923 R.9.
1015 868 1193 923 F.26.
1306 868 1492 926 L35.
1611 869 1754 925 “.7.
1853 927 1856 929 Α

402 959 485 1028 (C.
515 961 713 1032 Laud,)
747 960 1014 1017 Henricus
1048 961 1190 1027 obit,
1221 977 1315 1016 rex
1339 962 1568 1036 Angliae,
1593 963 1678 1018 vir
1706 963 1761 1017 in
1794 963 1952 1039 regni

331 1047 418 1103 sui
448 1048 942 1105 amministratione
967 1050 1265 1125 singularis
1293 1050 1606 1107 severitatis
1633 1058 1799 1123 atque
1821 1068 1955 1107 cen-

333 1152 490 1193 surae.
528 1138 623 1193 Cui
675 1138 989 1210 Stephanus
1032 1139 1102 1195 de
1146 1155 1336 1196 sorore
1386 1156 1563 1212 nepos
1610 1141 1666 1196 in
1724 1157 1952 1215 regnum

333 1228 602 1293 succedit,
635 1229 733 1285 sed
800 1245 998 1306 magna
1051 1239 1208 1302 parte
1266 1233 1423 1305 regni
1480 1233 1785 1299 mutilatus,
1843 1250 1953 1290 non

335 1320 508 1376 multo
548 1329 675 1392 post
704 1327 873 1376 totam
926 1322 1318 1379 Normanniam
1359 1324 1577 1381 amittit.
1624 1326 1756 1381 Filia
1803 1326 1951 1381 enim

334 1415 483 1490 regis
520 1416 738 1472 Henrici
768 1398 1062 1482 Mathildis,
1094 1434 1217 1489 quae
1238 1418 1417 1489 primo
1436 1429 1703 1492 nupserat
1721 1421 1953 1478 Henrico

336 1506 1051 1579 imperatori,postmodum
1080 1508 1307 1566 Giﬁ‘rido
1331 1511 1519 1566 comiti
1547 1512 1951 1589 Andegavensi,

335 1611 443 1667 ope
468 1596 615 1669 regis
634 1597 963 1653 Francorum
994 1598 1254 1654 Ludovici
1307 1599 1659 1657 Normannize
1692 1603 1950 1659 ducatum

334 1697 591 1761 occupat,
621 1690 745 1746 etin
775 1690 896 1761 ipsa
914 1691 1109 1766 Anglia
1148 1709 1376 1768 magnas
1396 1694 1447 1749 ei
1479 1696 1760 1752 molestias
1784 1706 1948 1771 atque

337 1785 678 1842 calamitates
730 1786 979 1844 suscitat.
1014 1788 1183 1853 Quem
1219 1789 1384 1845 etiam
1411 1790 1561 1845 bello
1602 1795 1949 1862 postmodum

336 1877 523 1949 cepit;
561 1879 658 1934 sed
674 1894 772 1950 pro
811 1879 1013 1935 comite
1053 1880 1292 1937 Roberto
1345 1880 1514 1937 fratre
1550 1897 1672 1947 suo,
1696 1899 1727 1937 a
1756 1883 1951 1957 regina

332 1967 543 2039 Anglia;
567 1977 749 2039 capto,
809 1984 935 2024 eum
967 1968 1249 2025 relaxavit.
1322 1971 1442 2037 Ub.)
1510 1969 1714 2026 Ventus
1745 1970 1950 2025 nimius

334 2060 370 2114 5
398 2059 514 2116 Kal.
543 2060 677 2118 Nov.
709 2059 833 2128 fuit,
865 2060 961 2133 qui
985 2067 1166 2117 turres
1216 2068 1273 2117 et
1313 2060 1532 2119 ediﬁeia
1564 2062 1736 2118 multa
1756 2062 1947 2117 diruit.

512 2150 672 2205 1136.
840 2152 930 2207 10.
1096 2152 1185 2206 27.
1340 2155 1389 2208 1.
1609 2154 1661 2208 8.

408 2238 533 2311 (1b.)
590 2239 736 2295 Mare
788 2240 1057 2297 terminos
1108 2257 1241 2297 suos
1305 2257 1612 2314 egressum,
1669 2244 1967 2316 inopinate

333 2328 634 2387 submersit
679 2345 804 2387 cum
863 2330 1273 2389 habitatoribus
1350 2334 1469 2390 suis
1524 2342 1733 2406 partem
1792 2336 1952 2392 Flan-

335 2419 600 2476 driarum.

483 2512 640 2568 113⁸7.
807 2512 897 2569 11.
1069 2513 1161 2570 28.
1333 2513 1394 2568 2.
1612 2516 1663 2569 9.

406 2604 522 2672 (Ιὸ.)
550 2602 777 2659 Siccitas
812 2610 964 2659 tanta
984 2603 1089 2660 fuit
1141 2606 1200 2660 in
1241 2605 1492 2673 Francia,
1550 2615 1815 2679 quantam
1849 2624 1952 2664 ne-

335 2705 448 2759 mo,
480 2690 574 2763 qui
602 2698 733 2746 tuuc
759 2690 992 2769 viveret,
1022 2707 1083 2748 se
1114 2692 1320 2748 vidisse
1349 2694 1439 2749 vel
1476 2695 1545 2750 ab
1584 2697 1952 2754 antecessori-

333 2780 440 2837 bus
468 2781 587 2837 suis
637 2780 862 2837 audisse
918 2789 1164 2851 testatur,
1204 2784 1279 2838 ita
1334 2792 1394 2839 ut
1445 2782 1627 2840 fontes
1678 2793 1733 2841 et
1772 2787 1944 2857 putei,

333 2870 558 2943 quidam
585 2871 751 2927 etiam
781 2870 933 2927 ﬂuvii
958 2872 1318 2930 siccarentur.
1374 2874 1678 2945 Imperator
1729 2876 1950 2932 Liuthe—

332 2980 428 3020 rus
450 2964 751 3021 secundam
779 2963 908 3020 facit
932 2965 1345 3036 expeditionem
1378 2967 1435 3021 in
1485 2967 1717 3023 Italiam.
1752 2969 1949 3025 Comes

331 3054 689 3110 Pictaviensis
718 3054 1029 3124 Willelmus
1057 3056 1127 3111 ad
1158 3057 1419 3114 Sanctum
1464 3059 1725 3115 Iacobum
1767 3061 1824 3116 in
1845 3062 1950 3116 Ga—
1979 3116 2024 3137 η

331 3142 462 3198 latia
489 3138 753 3200 orationis
809 3160 974 3200 causa
1015 3144 1401 3217 proficiscitur,
1461 3156 1515 3204 et
1571 3150 1626 3204 in
1684 3149 1819 3206 feria
1858 3167 1950 3222 pa-

332 3248 554 3289 rasceve
600 3234 656 3289 in
695 3233 946 3290 {ecclesia
992 3234 1142 3292 beati
1194 3236 1386 3294 Jacobi
1439 3239 1691 3307 moritur,
1724 3249 1778 3296 et
1831 3250 1959 3298 ante

329 3322 500 3379 altare
521 3323 805 3395 sepelitur.
846 3323 947 3389 Qui
999 3324 1301 3381 moriturus
1352 3342 1613 3397 proceres
1639 3345 1790 3394 suos,
1816 3346 1957 3402 quos

330 3428 520 3468 secum
549 3412 811 3482 habebat,
843 3418 1209 3479 contestatur,
1252 3423 1317 3471 ut
1346 3415 1457 3471 filia
1488 3433 1589 3473 sua
1623 3418 1798 3488 major
1815 3420 1955 3475 Alie-

327 3507 516 3564 nordis
538 3506 822 3564 Ludovico
860 3506 1069 3578 juniori
1102 3507 1436 3564 Francorum
1474 3509 1594 3584 regi
1631 3525 1757 3566 cum
1782 3512 1951 3584 Aqui-

325 3599 489 3656 tanim
517 3600 720 3669 ducatu
745 3614 883 3655 uxor
929 3598 1198 3655 tradatur.
1256 3601 1375 3667 (ιδ.)
1430 3601 1598 3667 Quam
1656 3602 1949 3674 predictus

324 3694 633 3753 Ludovicus
707 3695 855 3766 apud
934 3695 1322 3771 Burdegalam,
1379 3697 1741 3767 optimatibus
1788 3700 1944 3774 regni

323 3784 695 3856 presentibus,
712 3784 1018 3857 jungitsibi
1049 3785 1257 3856 nuptiis
1319 3802 1484 3857 quam
1514 3787 1940 3859 sollempnibus.

325 3872 489 3943 Cujus
514 3880 670 3943 pater
702 3872 1006 3928 Ludovicus
1044 3872 1190 3927 intra
1240 3873 1481 3928 eundem
1540 3873 1652 3929 fere
1686 3890 1942 3931 mensem

322 3965 470 4035 apud
500 3964 757 4035 Parisyus
778 3963 1094 4030 defunctus,
1124 3964 1180 4018 in
1235 3964 1488 4019 tecelesia
1515 3965 1662 4020 beati
1693 3967 1939 4037 Dyonisii

322 4063 449 4111 ante
473 4070 675 4128 corpus
702 4055 879 4127 ipsius
933 4060 1015 4111 est
1060 4055 1330 4127 sepultus,
1378 4055 1493 4111 Kal.
1524 4056 1659 4130 Aug.
1691 4058 1761 4112 28
1792 4075 1938 4115 anno

323 4148 480 4225 regni
511 4146 619 4205 sui.
648 4147 936 4203 Liutherus
991 4147 1290 4218 imperator
1319 4156 1444 4219 post
1469 4148 1751 4205 subactam
1785 4150 1840 4206 in
1874 4151 1939 4206 ti-

323 4240 549 4297 delitate
577 4239 837 4296 Romanae
857 4238 1123 4295 aacelesiae
1154 4238 1404 4310 Apuliam
1461 4238 1683 4296 rediens
1722 4241 1778 4296 in
1831 4258 1935 4312 pa-

324 4332 479 4389 triam
501 4348 655 4387 suam
692 4331 961 4398 moritur;
1002 4337 1057 4387 et
1087 4330 1431 4399 Cuonradus,
1471 4330 1564 4403 qui
1596 4340 1724 4387 ante
1754 4332 1935 4404 ipsum

1977 1737 2026 1806 11

2051 510 2145 549 sus
2164 495 2315 560 inde,
2358 494 2751 566 imperatorem
2798 495 3092 551 Henricum
3114 511 3173 551 se
3212 510 3336 550 esse
3358 494 3682 550 mentiendo

2053 584 2208 640 dixit.
2235 584 2337 649 Qui
2374 599 2500 639 cum
2543 584 2746 639 multos
2782 584 3104 641 seducendo
3156 583 3264 639 sibi
3296 583 3596 645 allexisset,
3623 584 3682 637 in

2054 684 2260 731 tantum
2295 684 2351 732 ut
2374 692 2472 748 pro
2522 692 2588 731 eo
2638 676 2813 733 etiam
2835 692 3031 746 graves
3069 693 3269 751 pugnae
3296 684 3353 731 et
3382 676 3684 732 homicidia

2054 769 2272 835 fierent,
2304 769 2428 824 aliis
2447 786 2573 823 eum
2616 769 3034 839 recipientibus,
3058 769 3183 823 aliis
3210 769 3559 823 seductorem
3584 785 3682 839 pa-

2054 859 2160 913 lam
2192 857 2603 929 prolitentibus,
2660 858 2880 913 tandem
2935 858 3210 913 declarata
3247 858 3368 926 ejus
3420 855 3681 921 falsitate,

2057 949 2299 1006 Cluniaci
2333 950 2386 1004 in
2420 950 2750 1004 monachum
2779 956 3030 1004 attonsus
3059 958 3163 1004 est.

2199 1040 2359 1096 1139.
2544 1040 2578 1092 2
2781 1038 2836 1093 2.
3022 1039 3075 1093 4.
3272 1040 3357 1094 11.

2129 1131 2399 1187 Rainoldo
2428 1132 2725 1186 Remorum
2756 1130 3177 1200 archiepiscopo
3206 1130 3467 1185 defuncto
3498 1131 3677 1195 (501»,

2056 1220 2309 1277 zecclesia
2345 1220 2633 1275 Remensis
2665 1234 2766 1291 per
2818 1219 3085 1274 biennum
3134 1218 3246 1274 fere
3290 1220 3549 1290 pontifice
3582 1238 3685 1274 ca-

2056 1311 2206 1369 ruit:
2240 1319 2295 1364 et
2326 1310 2545 1364 tandem
2580 1310 2687 1365 hoc
2717 1323 2863 1363 anno
2894 1308 3123 1364 Samson
3156 1308 3225 1362 de
3282 1309 3429 1364 clero
3472 1308 3676 1363 Carno-

2054 1403 2222 1458 tensis
2279 1402 2546 1458 zecclesiae
2598 1402 2927 1457 Remensem
3001 1402 3352 1472 praesulatum
3412 1403 3686 1472 suscepit.

2055 1493 2305 1548 Florebat
2326 1493 2431 1547 hoc
2472 1498 2720 1561 tempore
2751 1490 3030 1545 Gallicana
3087 1491 3340 1547 recclesia
3399 1508 3497 1561 per
3531 1491 3684 1546 viros

2055 1582 2323 1656 religione
2347 1597 2410 1636 ac
2438 1580 2713 1651 sapientia
2770 1579 3028 1646 illustres,
3072 1579 3339 1635 Milonem
3395 1579 3679 1634 Morincn-

2052 1693 2169 1732 sem
2202 1676 2549 1747 episcOpum,
2583 1673 2911 1729 humilitatis
2962 1674 3161 1730 virtute
3203 1674 3554 1745 precipuum.
3586 1674 3683 1727 Al-

2052 1768 2684 1830 visumAtrebatensem,
2754 1766 3087 1821 liberalitate
3147 1773 3313 1838 atque
3364 1765 3598 1821 consilio
3623 1774 3683 1820 et

2050 1856 2307 1912 facundia
2359 1857 2585 1923 clarum,
2621 1855 2975 1912 Godefridum
3033 1858 3462 1930 Lingonensem,
3499 1856 3680 1928 Ilugo-

2052 1967 2177 2005 nem
2235 1948 2766 2015 Autisiodorensem,
2830 1949 3116 2004 Joslenum
3180 1949 3669 2015 Suessionensem,

2053 2038 2340 2094 Giﬂ'ridum
2375 2038 2853 2106 Catalaunensem,
2902 2039 3215 2094 Albericum
3272 2039 3675 2126 Bituricensem

2052 2132 2555 2203 archiepiscopum,
2599 2132 2829 2187 scientia
2879 2132 3185 2187 litterarum
3238 2139 3405 2204 atque
3456 2130 3681 2186 consilii

2055 2220 2351 2293 prudentia
2390 2220 2775 2276 clarissimum.
2832 2224 2976 2275 [ιὰ-λ’
3036 2222 3133 2276 hos
3178 2227 3231 2275 et
3285 2221 3422 2276 alios
3464 2220 3676 2276 multos

2054 2320 2187 2367 tunc
2230 2309 2406 2365 claros
2461 2309 2693 2365 scientia
2733 2309 2882 2365 viros
2927 2309 3090 2364 etiam
3133 2309 3444 2364 Bernardus
3484 2309 3677 2364 Clare-

2054 2401 2318 2459 vallensis
2359 2401 2553 2469 abbas,
2600 2401 2684 2456 vir
2727 2399 3128 2471 opinatissimaa
3185 2398 3494 2471 religionis,
3546 2400 3687 2455 emi-

2057 2493 2380 2548 nentissime
2429 2492 2833 2563 clarebat;qui
2865 2491 3019 2546 vorbi
3086 2490 3181 2545 Dei
3238 2490 3687 2546 ferventissimus

2055 2583 2435 2655 predicatoret
2465 2581 2955 2637 innumerabilium
2989 2582 3448 2638 monasteriorum
3481 2581 3685 2638 funda-

2057 2685 2158 2741 tor,
2194 2675 2396 2730 multas
2426 2673 2629 2729 cotidie
2658 2673 2874 2728 animas
2911 2672 2977 2727 ad
3021 2674 3265 2728 studium
3295 2673 3580 2747 religionis
3612 2684 3670 2729 et

2054 2775 2257 2823 sanctae
2286 2772 2624 2839 paupertatis
2668 2766 3013 2837 prapositum
3047 2765 3330 2821 inbuebat.
3362 2768 3425 2833 (Ο
3474 2753 3690 2822 Laud.)

2053 2857 2434 2912 llabitaculum
2488 2871 2765 2912 servorum
2799 2854 2895 2910 Dei
2952 2854 3008 2910 in
3050 2855 3169 2911 loco
3197 2855 3293 2927 qui
3320 2855 3541 2911 dicitur.
3602 2856 3685 2910 Ad

2049 2955 2292 3005 montem
2318 2947 2413 3003 Dei
2430 2947 2792 3004 construitur.

2119 3040 2279 3094 1140.
2492 3040 2544 3096 3.
2756 3037 2808 3095 3.
3017 3038 3071 3093 5.
3295 3039 3387 3095 12.

2124 3134 2278 3208 llugo
2305 3132 2634 3187 Parisiensis
2665 3130 2846 3187 Sansti
2913 3127 3154 3185 Victoris
3192 3128 3515 3196 canonicus,
3549 3129 3682 3183 reli-

2058 3226 2226 3300 gione
2260 3232 2312 3279 et
2344 3223 2648 3276 litterarum
2680 3220 2908 3276 scientia
2928 3220 3107 3274 clarus
3137 3219 3261 3272 etin
3291 3225 3503 3289 septem
3544 3218 3687 3274 libe-

2058 3313 2253 3369 ralium
2284 3313 2481 3367 artium
2517 3310 2711 3381 peritia
2740 3310 2873 3366 nulli
2916 3310 2998 3364 sui
3049 3309 3320 3379 temporis
3369 3309 3679 3373 secundus,

2056 3403 2175 3460 obit
2228 3402 2388 3472 (505).
2432 3400 2532 3465 Qui
2589 3399 2733 3455 inter
2784 3399 2955 3454 multa
3020 3413 3143 3469 quae
3193 3397 3400 3453 utiliter
3428 3397 3677 3469 scripsit,

2053 3493 2218 3548 etiam
2269 3492 2469 3547 librum
2523 3490 2593 3545 de
2654 3489 3015 3544 sacramentis
3065 3488 3227 3543 valde
3285 3489 3680 3554 necessarium,

2050 3582 2269 3639 duobus
2298 3579 2676 3637 voluminibus
2704 3579 3193 3649 comprehensum,
3215 3577 3408 3633 edidit.
3438 3578 3679 3633 Senoms

2049 3679 2307 3745 presente
2340 3686 2467 3743 rege
2500 3668 2774 3723 Ludovico
2817 3666 3209 3739 episcOporum
3239 3667 3568 3722 etabbatum
3594 3683 3677 3722 re-

2046 3762 2367 3839 ligiosorum
2400 3757 2459 3813 tit
2485 3764 2791 3814 conventus
2814 3767 3008 3812 contra
3030 3756 3249 3812 Petrum
3289 3756 3666 3822 Abaelardum,

2043 3856 2394 3929 quiquadam
2426 3851 2655 3923 profana
2681 3850 2975 3906 verborum
3004 3848 3099 3905 vel
3125 3866 3396 3906 sensuum
3425 3851 3674 3906 novitate

2042 3944 2348 4001 :ecclcsiam
2393 3940 2819 3997 scandalizabat.
2872 3938 2971 4004 Qui
3024 3940 3092 3994 ab
3144 3941 3226 3995 eis
3257 3941 3665 4013 interpellatus,

2040 4052 2163 4091 cum
2186 4039 2332 4089 esset
2380 4045 2762 4101 responsurus,
2796 4030 2865 4083 de
2923 4029 3139 4098 justitia
3170 4030 3401 4096 veritus,
3439 4029 3672 4084 audien-

2042 4128 2170 4185 tiam
2210 4123 2686 4199 apostolicaesedis
2714 4122 3012 4195 appellavit
3040 4141 3055 4188 ς
3079 4132 3133 4179 et
3162 4124 3242 4179 sic
3260 4124 3531 4187 evadens,
3558 4138 3669 4178 non

2041 4219 2214 4276 multo
2236 4227 2363 4290 post
2420 4214 2660 4271 Cabiloni
2705 4214 2771 4270 ad
2805 4216 3067 4271 Sanctum
3127 4214 3444 4269 Marcellum
3498 4214 3640 4269 obiit

2042 4315 2174 4385 (An.
2216 4313 2376 4379 1142,
2420 4311 2602 4381 April.
2648 4310 2764 4380 21.)
2807 4309 2955 4365 Inter
2994 4325 3181 4384 regem
3228 4309 3566 4365 Ludovicum
3612 4315 3671 4363 et

324 4420 618 4495 imperium
648 4417 1255 4489 affectaveratﬂienrici
1276 4420 1626 4492 imperatoris
1645 4421 1713 4478 de
1744 4437 1933 4479 sorore
1953 4486 2001 4495 _
2036 4413 2298 4471 comitem
2327 4406 2706 4465 Theobaldum
2741 4407 2886 4479 (506)
2936 4406 3231 4463 simultatis
3262 4422 3489 4477 germen
3530 4407 3662 4477 pul-

322 4527 520 4583 nepos,
552 4510 622 4567 ad
653 4526 882 4587 regnum
914 4508 1255 4580 provehitur.

389 4604 553 4664 M38.
761 4606 811 4660 1.
1026 4603 1081 4659 1.
1292 4602 1344 4656 3.
1561 4602 1653 4657 10.

393 4691 540 4748 Obiit
581 4691 759 4768 Drogo
804 4693 964 4749 bonae
1017 4691 1299 4749 memoriae
1323 4690 1591 4747 Ostiensis
1613 4690 1931 4762 episcopus,

321 4783 406 4840 vir
431 4783 696 4857 religione
720 4800 785 4840 ac
810 4784 1086 4856 sapientia
1107 4785 1306 4841 clarus.
1338 4784 1531 4839 Petrus
1589 4782 1809 4851 Leonis,
1838 4783 1933 4856 qui

1951 4486 2011 4555 D
2043 4513 2199 4579 1ulat,
2227 4525 2327 4581 pro
2357 4523 2423 4563 eo
2452 4505 2600 4578 quod
2632 4521 2819 4561 comes
2849 4521 2974 4560 cum
3006 4518 3133 4580 rege
3174 4504 3231 4559 in
3283 4504 3667 4578 Aquitanicam

2040 4599 2449 4672 expeditionem
2476 4595 2753 4668 proficisci
2775 4595 3063 4651 detrectat.

2183 4695 2338 4750 1141.
2522 4693 2577 4747 Α.
2760 4691 2811 4745 4.
3005 4690 3058 4746 6.
3256 4690 3341 4745 13.

2108 4786 2356 4860 Rogerus
2409 4783 2479 4838 de
2524 4780 2710 4837 Sicilia
2750 4786 2874 4852 post
2929 4789 3261 4851 occupatum
3307 4778 3565 4835 Calabriae
3613 4788 3672 4835 et

323 4896 424 4953 per
451 4878 654 4935 scisma
682 4879 1018 4950 presulatum
1043 4881 1290 4937 Romane
1320 4880 1472 4936 sedis
1527 4887 1722 4935 contra
1768 4880 1937 4936 Inno-
2035 4876 2242 4948 Apuliae
2284 4874 2675 4945 principatum,
2726 4886 2923 4943 papam
2982 4869 3375 4925 Innocentium
3405 4867 3550 4922 bello
3584 4883 3675 4923 ce-

320 4969 571 5028 centium
608 4968 903 5036 invaserat,
934 4976 991 5025 et
1008 4970 1274 5026 aecclesiae
1302 4970 1396 5026 Dei
1441 4986 1643 5045 magno
1676 4971 1936 5027 seandalo

317 5060 431 5131 jam
460 5075 561 5132 per
614 5064 737 5115 octo
785 5072 962 5114 annos
1015 5057 1210 5125 fuerat,
1252 5059 1348 5114 Dei
1386 5059 1600 5128 judicio
1641 5075 1937 5130 percussus

323 5152 444 5210 obit
491 5152 634 5224 (Jan.
680 5149 768 5221 25)
797 5167 817 5220 ;
868 5157 925 5205 et
960 5150 1030 5204 ab
1067 5165 1134 5206 eo
1174 5150 1459 5208 ordinatos
1489 5152 1805 5227 degradari,
1838 5168 1940 5208 nec

319 5242 462 5298 ultra
487 5240 557 5296 ad
581 5255 769 5297 sacros
794 5238 1020 5295 ordines
1050 5240 1381 5309 promoveri,
1411 5242 1771 5297 Innocentius
1797 5259 1940 5314 papa

324 5334 591 5391 decernit.
614 5334 706 5390 llis
757 5331 1099 5404 temporibus
1141 5330 1367 5404 quidam
1424 5334 1940 5405 pseudoimperator

324 5423 381 5479 in
427 5423 677 5495 partibus
722 5421 1067 5479 Alemannioa
1110 5422 1366 5491 surrexit,
1415 5423 1511 5495 qui
1574 5440 1674 5495 per
1726 5424 1939 5496 aliquot

2043 4969 2122 5040 pit
2153 4987 2170 5035 ;
2209 4975 2267 5023 et
2294 4967 2439 5021 facta
2467 4981 2591 5020 cum
2620 4980 2688 5020 eo
2711 4963 3105 5036 qualicumque
3141 4976 3296 5032 pace,
3325 4969 3385 5016 ut
3421 4959 3490 5015 ab
3513 4976 3581 5014 eo
3614 4960 3669 5013 in

2055 5073 2242 5135 regem
2283 5064 2668 5121 coronaretur,
2699 5054 2937 5109 obtinuit
2960 5072 2973 5120 ;
2993 5054 3183 5125 sicque
3210 5051 3423 5122 primus
3454 5051 3521 5104 de
3544 5050 3675 5105 Nor-

2048 5165 2382 5205 mannorum
2423 5163 2629 5221 genere
2708 5146 2854 5219 regis
2921 5145 3030 5200 sibi
3107 5160 3310 5199 nomen
3366 5143 3670 5213 usurpavit.

2041 5247 2095 5296 et
2127 5238 2482 5311 postmodum
2506 5237 2673 5292 etiam
2716 5237 2774 5290 in
2831 5234 3025 5290 Affrica
3069 5234 3366 5290 nonnullas
3417 5234 3671 5289 civitates

2039 5330 2157 5385 sive
2182 5328 2497 5399 provincias
2524 5325 2832 5396 occupavit.
2869 5325 3117 5380 Castrum
3161 5322 3498 5388 Bullonium,
3523 5321 3671 5392 quod

2043 5416 2344 5476 Rainaldus
2372 5431 2562 5472 comes
2593 5414 2793 5485 injuste
2845 5418 3117 5479 tenuerat,
3156 5411 3372 5483 capitur
3423 5410 3492 5464 ab
3553 5409 3676 5481 epie

1885 5526 2095 5584 NOT/E.

394 5625 542 5694 (504)
572 5626 631 5681 A.
656 5623 794 5682 1138
818 5625 875 5679 Id
897 5626 1125 5681 Januar.
1754 5642 1755 5645 η

393 5699 534 5773 (505)
567 5696 630 5753 D.
688 5698 771 5753 11.
803 5698 963 5756 Febr.
995 5714 1046 5755 a.
1083 5697 1217 5755 1142
1249 5715 1266 5765 ;
1296 5696 1368 5755 cf.
1409 5696 1637 5773 Pagium
1665 5706 1719 5756 et
1741 5697 1914 5757 Mansi

2057 5625 2125 5680 ad
2151 5624 2346 5678 Daren.
2363 5638 2411 5674 a.
2454 5618 2589 5673 1110

2102 5697 2242 5771 (506)
2272 5695 2617 5751 Blcsensem.
