3930 6068
194 272 313 327 373

1040 273 1387 328 CllllONlCA.
1434 304 1499 314 —-
1541 272 1976 328 CON'l‘lNUATlO
2018 273 2736 337 PHIEMONSTRATENSIS.

3454 297 3560 351 374

193 429 384 486 scopo
421 412 608 468 Leodii
655 415 734 483 (ϐ.
774 414 966 480 Laud.)
1002 413 1126 470 Orta
1152 413 1503 470 dissensione
1559 414 1704 469 inter
1737 430 1834 484 pa-
1858 415 1914 484 Α
1941 412 2112 468 latriae
2141 416 2398 473 sordibus
2438 435 2718 492 nunquam
2753 424 2929 481 fuerat
2949 427 3180 498 polluta,
3223 447 3288 486 ex
3309 449 3418 504 quo
3450 437 3562 507 pri-

197 520 333 574 pam
386 503 690 558 Romanum
749 509 804 556 et
861 503 1190 558 Francorum
1246 519 1431 578 regem
1476 503 1834 569 Ludovicum,

197 592 465 647 aecclesia
504 592 783 647 Gallicana
840 593 1119 659 turbatur;
1171 593 1440 660 simultas,
1496 611 1617 664 quae
1656 593 1839 663 sopita

200 682 508 752 putabatur
537 681 682 736 inter
737 697 922 753 regem
961 690 1015 737 et
1045 683 1246 754 ipsum,
1280 683 1428 754 cepit
1479 683 1835 754 repullulare.

199 775 520 844 Imperator
619 773 1280 846 Constantinopolitanus,
1355 776 1646 831 Antiochia
1730 775 1835 830 ali-

197 860 462 932 quandiu
495 861 745 927 obsessa,
772 879 965 932 pacem
995 863 1227 918 tandem
1264 881 1387 919 cum
1406 864 1655 935 principe
1686 863 1834 931 fecit,

202 961 266 1008 et
299 953 582 1008 civitatem
634 954 894 1020 intravit;
927 956 1028 1010 sed
1068 957 1346 1012 venationi
1389 957 1673 1024 insistens,
1705 957 1834 1012 dum

199 1060 398 1100 arcum
457 1046 838 1101 vehementius
892 1048 1150 1115 intendit,
1199 1049 1432 1104 toxicata
1457 1051 1654 1122 sagitta
1691 1068 1722 1106 a
1748 1067 1833 1106 se-

201 1137 452 1208 metipso
493 1138 814 1194 vulneratus
875 1139 929 1193 in
959 1140 1180 1196 sinistra
1213 1158 1400 1206 manu,
1461 1143 1620 1209 obiit,
1663 1143 1837 1214 captis

207 1239 346 1284 ante
380 1231 667 1285 nonnullis
704 1230 1001 1287 Turcorum
1037 1233 1308 1303 presidiis.
1355 1235 1415 1289 Et
1454 1241 1578 1306 post
1605 1250 1730 1290 eum
1771 1235 1837 1290 fi-

200 1318 316 1372 lius
342 1319 464 1389 ejus
491 1320 710 1374 Manuel
744 1320 1036 1391 imperium
1079 1323 1334 1393 sumpsit.

365 1412 522 1466 1142.
641 1412 794 1466 R.5.
903 1413 1062 1469 R5.
1177 1416 1242 1470 Α.
1285 1417 1336 1468 7.
1452 1415 1641 1471 11.14.

292 1502 567 1558 Radulfus
595 1503 1050 1558 Viromandorum
1091 1521 1279 1561 comes
1303 1522 1529 1562 uxorem
1567 1525 1720 1562 suam
1755 1509 1840 1563 di-

205 1593 396 1660 mittit,
444 1600 499 1648 ct
551 1609 799 1648 sororem
848 1594 1055 1668 reginae
1084 1595 1435 1653 Petronillam
1481 1600 1650 1656 ducit.
1704 1601 1835 1656 Pro-

206 1693 338 1755 pter
383 1686 534 1756 quod
568 1685 828 1741 instantia
874 1687 1090 1742 comitis
1129 1689 1427 1745 Tlieobaldi
1485 1692 1717 1747 mittitur
1747 1695 1837 1748 Ivo

203 1777 477 1832 Romanae
535 1778 685 1832 sedis
718 1778 952 1852 legatus,
995 1779 1088 1850 qui
1123 1787 1178 1836 et
1236 1781 1522 1836 Radulfum
1577 1784 1835 1839 comitem

204 1867 729 1932 excommunicavit,
773 1875 828 1922 et
875 1867 1173 1940 episc0pos
1233 1871 1653 1927 Laudunensem
1707 1875 1836 1928 Bar-

205 1957 589 2022 tholomaeum,
631 1959 1058 2016 Noviomensem
1116 1962 1435 2033 Symonem,
1505 1973 1559 2019 et
1614 1965 1832 2021 Petrum

209 2052 710 2122 Silvanectensem,
744 2055 840 2126 qui
893 2055 1188 2112 divortium
1244 2058 1378 2113 illud
1437 2058 1700 2126 fecerant,
1736 2079 1834 2118 su-

208 2142 457 2211 spendit.

353 2238 516 2294 1143.
736 2240 785 2294 6.
1008 2241 1060 2295 6.
1257 2244 1335 2297 η8.
1558 2247 1646 2303 15.

280 2329 408 2395 (ιδ.)
458 2328 664 2382 Ventus
708 2329 1005 2384 vehemens
1063 2331 1131 2385 15
1184 2332 1297 2386 Kal.
1362 2333 1516 2390 Febr.
1580 2336 1831 2392 horribili

208 2418 421 2488 impetu
454 2419 786 2473 monasteria
825 2419 1128 2493 domosque
1190 2423 1426 2490 subruit,
1480 2425 1709 2482 arbores
1737 2444 1835 2482 an-

208 2525 378 2565 nosas
403 2518 563 2564 terrae
597 2526 899 2580 coequans.
947 2512 1256 2568 Ludovicus
1285 2531 1378 2570 rex
1408 2517 1700 2572 Vitriacum
1749 2535 1836 2573 ca-

203 2610 382 2656 strum
415 2603 637 2658 comitis
688 2603 992 2659 Theobaldi
1042 2606 1224 2676 capit;
1257 2607 1352 2662 ubi
1407 2610 1535 2684 igne
1585 2610 1828 2678 admoto,

198 2695 452 2750 aacclesia
490 2695 741 2764 incensa,
773 2705 826 2752 et
854 2698 909 2752 in
937 2714 1002 2754 ea
1033 2699 1184 2754 mille
1216 2707 1477 2756 trecentae
1509 2704 1709 2759 animae
1751 2706 1829 2758 di-

204 2785 348 2839 versi
394 2801 557 2839 sexus
603 2792 656 2839 et
702 2788 866 2841 etatis
918 2795 1047 2842 sunt
1099 2788 1227 2860 igne
1268 2798 1615 2863 consumpte.
1652 2794 1828 2864 Super

203 2894 315 2949 quo
339 2893 432 2931 rex
475 2877 784 2933 Ludovicus
824 2879 1204 2938 misericordia
1246 2890 1426 2938 motus
1464 2885 1708 2955 plorasse
1747 2887 1826 2940 di-

203 2970 376 3036 citur;
418 2980 472 3028 et
507 2975 608 3029 hac
637 2976 706 3030 de
741 2993 905 3032 causa
937 2981 1438 3051 peregrinationem
1480 2983 1824 3040 Jerosolimi-

1938 507 2100 562 mitus
2140 509 2206 562 ad
2266 511 2731 570 ehristianismum
2789 525 2872 572 est
2929 535 3216 593 conversa,
3276 541 3306 579 a
3367 525 3555 584 Turcis

1937 601 2165 657 obsessa
2196 605 2429 676 capitur.
2466 608 2566 662 Ubi
2595 610 2856 683 episcOpo
2889 615 3124 671 civitatis
3174 621 3464 689 decollato,
3497 635 3552 680 et

1936 694 2142 750 sanctis
2195 696 2331 752 locis
2360 701 2738 770 prOphanatis,
2773 711 2826 759 et
2866 705 2918 760 in
2949 707 3030 762 eis
3060 711 3245 766 multis
3302 731 3405 770 nec
3454 717 3546 772 di-

1937 783 2130 838 cendis
2179 785 2723 846 abhominationibus
2776 799 3124 865 perpetratis,
3183 801 3351 856 multa
3394 804 3548 859 milia

1937 875 2138 931 diversi
2169 895 2334 934 sexus
2362 887 2418 935 et
2468 883 2628 938 etatis
2671 887 3034 956 trucidantur,
3084 892 3316 949 diversis
3366 899 3546 953 modis

1937 965 2274 1037 cruciantur,
2332 970 2533 1039 captivi
2585 972 2938 1031 abducuntur
2985 986 3040 1034 et
3094 983 3341 1039 servituti
3391 988 3547 1042 addi-

1937 1063 2151 1110 cuntur.
2188 1058 2340 1112 Unde
2371 1060 2684 1118 christianis
2715 1043 2892 1122 metus
2949 1074 3003 1122 et
3059 1069 3307 1141 tristicia,
3351 1075 3547 1132 Christi

1939 1145 2183 1199 nominis
2234 1146 2473 1203 inimicis
2501 1152 2670 1207 fastus
2709 1156 2881 1213 crevit
2929 1165 2984 1212 et
3030 1161 3271 1218 audatia.
3321 1164 3383 1220 Et
3432 1167 3551 1222 haec

1938 1235 2164 1307 quidem
2197 1239 2468 1295 malorum
2500 1241 2685 1300 inicia.
2729 1247 2929 1304 Lucius
2960 1267 3101 1323 papa
3132 1262 3414 1312 senatores
3443 1259 3553 1314 Ro-

1937 1349 2225 1390 manorum
2255 1343 2447 1392 contra
2489 1341 2795 1397 aecclesiam
2825 1353 3038 1403 erectos
3066 1349 3119 1402 in
3153 1349 3422 1423 Capitolio
3445 1355 3550 1410 ob-

1935 1425 2104 1491 sidet;
2149 1429 2247 1482 sed
2281 1428 2408 1484 inde
2448 1446 2547 1500 per
2570 1433 2864 1490 Jordanem
2919 1437 3060 1494 Petri
3096 1441 3292 1498 Leonis
3335 1454 3554 1516 pertur-

1936 1513 2116 1581 batns,
2161 1515 2475 1573 inﬁrmitate
2504 1529 2812 1593 correptus,
2869 1525 3009 1582 infra
3040 1544 3243 1586 annum
3279 1513 3551 1604 pontificii

1935 1609 2020 1664 sui
2051 1610 2300 1666 moritur.
2331 1613 2504 1680 (Febr.
2558 1616 2673 1687 25.)
2707 1617 2802 1673 Cui
2857 1622 3106 1678 succedit
3156 1625 3330 1682 abbas
3369 1629 3552 1686 Sancti

1940 1702 2204 1755 Anastasii
2251 1704 2580 1772 Bernardus,
2633 1718 2688 1764 et
2765 1727 2908 1783 papa
2966 1723 3195 1770 vocatur
3251 1718 3549 1794 Eugenius.

1941 1792 2137 1848 Contra
2167 1811 2329 1866 quem
2376 1797 2604 1855 Romani
2653 1801 2946 1859 Jordanem
2999 1809 3288 1878 patricium
3321 1792 3556 1872 etsena-

1937 1889 2082 1939 tores
2120 1887 2420 1960 erigentes,
2452 1904 2578 1945 eum
2610 1892 2679 1946 ab
2710 1895 2846 1951 urbe
2869 1897 3186 1959 deturbant.
3239 1903 3339 1968 Qui
3369 1910 3550 1962 trans-

1932 1976 2230 2048 alpinando
2263 1980 2317 2034 in
2348 1981 2548 2037 Gallias
2579 1985 2752 2043 venit.

2076 2072 2234 2126 1146.
2381 2073 2432 2131 9.
2583 2077 2638 2132 9.
2785 2081 2874 2137 11.
3057 2086 3110 2142 3.
3296 2092 3353 2145 5.

2005 2159 2115 2212 Rex
2147 2160 2478 2218 Francorum
2520 2163 2846 2236 Ludovicus,
2878 2179 3052 2242 captae
3083 2189 3114 2227 a
3144 2173 3333 2232 Turcis
3364 2178 3547 2236 Meso-

1932 2251 2187 2320 potamiae
2217 2253 2335 2309 zelo
2365 2271 2651 2325 accensus,
2700 2259 2817 2316 sive
2844 2269 2904 2317 ut
2961 2263 3054 2318 alii
3088 2273 3305 2338 putant,
3343 2271 3401 2325 Vi
3417 2272 3547 2327 tria-

1936 2348 2119 2402 censis
2147 2348 2391 2405 incendii
2420 2354 2762 2411 conscientia
2792 2368 3179 2430 compunctus,
3220 2365 3367 2436 apud
3396 2367 3549 2424 Vice-

1937 2437 2136 2494 liacum
2183 2440 2345 2498 afﬁxo
2403 2443 2508 2498 sibi
2567 2448 2747 2502 crucis
2783 2448 2964 2524 signo,
3017 2469 3142 2508 cum
3199 2456 3548 2529 principibus

1938 2529 2091 2599 regni
2125 2536 2179 2583 et
2217 2532 2976 2595 multitudineinnumerabili
3004 2546 3425 2602 transmarinam
3445 2566 3543 2620 pc-

1936 2620 2362 2693 regrinationem
2395 2626 2620 2699 aggredi
2662 2633 2935 2700 proponit.
2970 2633 3208 2691 Ecclesia
3237 2636 3549 2697 Tornacen-

1929 2712 2026 2779 sis,
2061 2730 2185 2785 quae
2218 2731 2318 2786 per
2342 2732 2518 2773 annos
2548 2719 2766 2777 circiter
2793 2723 2898 2780 600
2927 2742 2958 2780 a
2989 2733 3236 2800 tempore
3266 2730 3414 2788 beati
3433 2733 3547 2788 Me-

1927 2802 2082 2856 dardi
2115 2805 2218 2859 sub
2247 2807 2509 2880 episcOpo
2540 2811 2892 2869 Noviomensi
2947 2817 3067 2872 sine
3114 2821 3339 2892 praprio
3367 2821 3547 2880 fuerat

1927 2896 2233 2964 sacerdote,
2275 2899 2383 2954 hoc
2421 2915 2566 2957 anno
2598 2905 2878 2974 praprium
2911 2908 3236 2981 episcOpum
3268 2915 3416 2985 cepit
3439 2917 3541 2972 ha-

1925 2983 2075 3051 bere,
2105 2987 2363 3043 Anselmo
2401 2989 2600 3045 abbate
2632 2991 2813 3048 Sancti
2864 2995 3132 3053 Vincentii
3163 2983 3544 3063 Laudunensis

201 3071 386 3118 tanam
427 3083 718 3141 aggressus
763 3086 794 3124 a
843 3071 1173 3142 quibusdam
1219 3075 1524 3132 estimatur.
1574 3077 1821 3134 Castrum
1849 3125 1895 3160 ρ
1925 3088 1960 3129 a
1989 3091 2129 3146 papa
2175 3077 2420 3150 Eugenio
2447 3079 2633 3137 Βοωω
2663 3091 2984 3140 consecrato
3023 3093 3077 3142 θι
3115 3089 3297 3145 Eidem
3336 3092 3546 3160 οίνὶῑᾶίὶ

460 3125 529 3141 ua
860 3125 876 3142 ι
1107 3125 1172 3127 η--
1225 3125 1524 3132 --_----..-..--
1579 3125 1821 3134 ---..-......
1928 3125 1960 3129 π
1989 3125 2129 3146 r—r—
2175 3125 2416 3150 -ν-υν---ν
2447 3125 2632 3137 -υν--ηυ
2665 3125 2983 3140 ννι-υννιιηυ
3023 3125 3077 3142 νυ
3115 3125 3297 3145 υιυῠιιι
3336 3125 3546 3160 υινιιαιι

201 3172 336 3212 vero
393 3158 567 3215 Odoni
621 3161 1002 3234 Campaniensi
1055 3168 1308 3235 contulit,
1353 3171 1541 3240 nepoti
1601 3125 1897 3228 comitisC
1929 3167 1984 3222 in
2037 3168 2357 3240 episcopum
2397 3171 2688 3229 destinato.
2731 3174 2923 3232 Fames
2953 3182 3294 3249 permaxima
3329 3203 3547 3260 grassa-

199 3251 524 3320 Theohaldi,
556 3256 649 3327 qui
693 3259 1086 3328 patrimonium
1127 3262 1196 3316 ab
1261 3263 1381 3334 ipso
1424 3265 1528 3320 sibi
1574 3276 1824 3338 ereptum
1928 3264 2108 3330 turfin
2138 3263 2330 3331 Gallia,
2354 3264 2409 3318 in
2446 3281 2554 3335 qua
2583 3268 2956 3324 aecclesiarum
2998 3272 3203 3329 Christi
3239 3251 3439 3334 enituit
3479 3280 3548 3335 li-

204 3357 303 3411 per
360 3359 546 3418 regem
601 3346 936 3403 Ludovicum
977 3350 1093 3404 hac
1138 3353 1432 3408 occasione
1493 3371 1824 3426 recuperare
1927 3352 2130 3407 beralis
2159 3351 2565 3420 muniﬁcentia;
2621 3372 2744 3427 qua:
2800 3359 2854 3412 in
2907 3362 3368 3420 sustentationem
3411 3385 3548 3439 pau-

197 3436 395 3491 voluit.
447 3437 660 3495 Mortuo
692 3441 997 3496 venerabili
1047 3442 1273 3513 Gifrido,
1308 3446 1588 3501 Catalauni
1623 3448 1824 3518 fitepi-
1927 3458 2118 3512 perum
2177 3442 2348 3498 multa
2397 3445 2781 3514 expenderunt
2830 3448 3142 3506 modiorum
3199 3453 3370 3509 milia.
3412 3436 3544 3524 ΨΩυο

199 3545 405 3600 scopus
444 3532 773 3604 Guido.(Ib.)
815 3535 938 3591 Obit
979 3553 1120 3607 papa
1167 3539 1544 3608 Innocentius,
1587 3542 1675 3596 cui
1707 3560 1830 3597 suc-

202 3625 352 3679 cedit
381 3625 542 3683 Wido
574 3630 930 3698 castellanus,
990 3632 1264 3688 Cazlcstini
1297 3635 1519 3690 nomine
1545 3637 1828 3694 alteratus.

207 3714 518 3769 Obitetiam
555 3717 719 3774 Fulco
757 3735 848 3774 rex
877 3722 1354 3779 Jerosolimorum.
1405 3725 1525 3792 Qui,
1578 3727 1706 3782 dum
1739 3745 1833 3784 vc-

205 3805 415 3860 nationi
459 3806 716 3863 insistens
748 3810 995 3882 leporem
1049 3814 1361 3885 insequitur
1414 3833 1478 3871 cx
1530 3818 1829 3888 improviso

206 3897 312 3951 sibi
339 3907 720 3968 apparentem,
753 3919 949 3974 equus,
985 3905 1073 3959 cui
1126 3906 1378 3971 sedebat,
1409 3924 1580 3979 super
1608 3926 1668 3964 se
1701 3927 1824 3966 eum

209 3988 532 4058 precipitem
591 3991 766 4058 dedit,
827 3994 1119 4067 ipsumque
1187 3997 1292 4052 vita
1335 3999 1540 4069 pariter
1565 4008 1617 4055 et
1657 4019 1830 4078 regno

210 4080 457 4149 privavit.
512 4082 636 4139 Post
691 4103 855 4158 quem
924 4087 1069 4143 ﬁlius
1132 4090 1436 4146 Balduinus
1475 4098 1610 4163 fcum
1659 4105 1830 4152 matre

210 4180 420 4245 regnat.
456 4177 579 4246 (1b.)
619 4177 724 4232 Pax
756 4179 1082 4237 reformatur
1133 4182 1275 4238 inter
1305 4201 1502 4256 papam
1537 4193 1593 4242 et
1641 4203 1827 4262 regem

209 4260 541 4317 Ludovicum

350 4353 506 4408 111-1.
657 4357 706 4410 7.
855 4360 906 4413 7.
1056 4361 1108 4416 9.
1259 4365 1309 4418 1.
1461 4366 1516 4419 S.
1558 4366 1609 4419 3.

279 4441 583 4500 Celestinus
611 4464 753 4520 papa
783 4451 1031 4523 quinque
1060 4455 1345 4509 mensibus
1374 4463 1428 4512 et
1459 4457 1693 4514 dimidio
1726 4476 1819 4530 pa-

214 4538 367 4601 patus
392 4531 614 4589 functus
646 4537 854 4606 officio,
911 4543 1123 4598 recedit
1155 4547 1338 4612 (Ma-rt.
1398 4547 1483 4617 9.)
1537 4547 1700 4618 eique
1733 4550 1830 4604 Lu-

214 4619 346 4683 cius,
377 4637 442 4674 ex
474 4623 715 4680 Gerardo
747 4629 1078 4686 cancellario
1131 4649 1274 4703 papa
1315 4633 1511 4701 factus,
1558 4638 1824 4692 succedit.

215 4715 482 4773 Mediante
532 4719 728 4774 abbate
799 4721 1136 4791 Clarcvallis,
1201 4727 1474 4793 simultas,
1526 4744 1648 4799 quae
1688 4730 1827 4785 inter

216 4823 393 4880 regem
428 4809 759 4865 Ludovicum
818 4821 872 4868 et
928 4817 1186 4871 comitem
1224 4818 1600 4874 Theobaldum
1636 4820 1828 4876 incan-

215 4900 423 4967 duerat,
464 4903 699 4973 sopitur.
735 4905 879 4960 inter
923 4908 1265 4979 Stephanum
1300 4927 1484 4984 regem
1535 4912 1744 4987 Anglize
1773 4922 1827 4969 et

214 4987 449 5044 fautores
497 4990 793 5061 Mathildis,
837 4995 1052 5052 l‘lenrici
1097 5001 1240 5074 regis
1300 5000 1446 5068 ﬁlia),
1478 5002 1628 5056 varia
1683 5012 1825 5060 sorte

216 5083 542 5155 confligitur,
573 5093 628 5140 et
668 5104 898 5160 regnum
937 5091 1095 5158 illud,
1128 5093 1276 5164 quod
1335 5113 1432 5165 pre
1487 5099 1687 5152 ceteris
1726 5097 1828 5152 ali-

216 5176 454 5246 quandiu
505 5178 752 5249 quietum
813 5192 1088 5240 manserat
1153 5196 1208 5241 et
1272 5189 1618 5259 opulentum,
1664 5190 1830 5259 ferro,

216 5264 450 5331 ﬂamma,
495 5266 637 5323 fame
676 5271 879 5327 misere
910 5273 1254 5346 decerpitur.

353 5359 513 5413 1165.
695 5363 745 5416 8.
932 5365 986 5419 8.
1135 5369 1221 5423 10.
1376 5369 1427 5424 2.
1618 5373 1650 5425 4

288 5449 482 5504 Edessa
520 5449 924 5521 Mesopotamiae
965 5456 1178 5524 civitas,
1240 5459 1293 5512 in
1327 5475 1433 5529 qua
1491 5468 1649 5514 erant
1706 5477 1830 5516 cor-

223 5554 347 5609 pora
383 5542 755 5611 apostolorum
805 5545 1012 5602 Thome
1043 5556 1097 5603 et
1125 5549 1393 5616 Thaddei,
1435 5557 1490 5606 et
1548 5568 1671 5623 qua:
1709 5553 1830 5608 ido-

1933 3541 2179 3603 tempore
2238 3534 2293 3587 in
2343 3534 2675 3608 Lingonensi
2731 3540 3038 3607 parrochia,
3073 3544 3219 3612 apud
3271 3545 3546 3603 Morman-

1933 3623 2084 3689 dum,
2133 3624 2225 3678 ubi
2279 3639 2550 3695 pauperes
2579 3627 2856 3682 innumeri
2911 3630 3191 3689 cotidiana
3247 3637 3390 3709 stipe
3437 3640 3546 3696 ale-

1935 3712 2152 3781 bantur,
2186 3713 2408 3785 quidam
2456 3714 2708 3771 homines
2739 3719 3010 3777 occidisse
3047 3733 3102 3778 et
3128 3741 3319 3782 eorum
3350 3745 3544 3786 carnes

1932 3814 2114 3864 coctas
2142 3808 2460 3864 vendidisse
2525 3810 2927 3881 deprehensus,
2967 3834 2997 3872 a
3038 3822 3375 3892 pauperibus
3410 3826 3545 3898 pati-

1931 3902 2062 3957 bulo
2119 3909 2202 3957 est
2258 3918 2554 3974 appensus.
2629 3905 2804 3963 Guido
2889 3909 3200 3972 Catalaunis
3246 3916 3544 3992 episcopus

1933 3993 2068 4048 obit.

2001 4081 2161 4135 1H7.
2347 4082 2433 4139 10.
2581 4085 2666 4142 10.
2817 4088 2904 4142 12.
3052 4093 3106 4146 4.
3254 4095 3307 4150 6.

2003 4173 2252 4229 Conrado
2284 4191 2414 4248 rege
2445 4175 2502 4230 in
2534 4176 2920 4247 puriﬁcatione
2950 4191 3156 4240 sanctae
3185 4185 3366 4245 Mariae
3387 4190 3548 4247 Fran-

1929 4268 2186 4323 kenefort
2243 4270 2541 4325 constituto
2573 4272 2752 4339 (Fabr.
2784 4271 2863 4340 2),
2916 4273 3091 4330 abbas
3129 4277 3548 4341 Clarevallensis

1932 4368 2041 4416 tam
2090 4377 2219 4436 rege
2286 4379 2449 4434 quam
2518 4365 2732 4419 cunctis
2798 4368 2953 4439 regni
3023 4368 3371 4441 principibus
3419 4392 3548 4432 cru-

1930 4454 2009 4508 cis
2050 4453 2226 4526 afﬁgit
2261 4453 2504 4527 signum,
2537 4461 2592 4508 et
2620 4455 2746 4509 sotii
2781 4457 3246 4529 peregrinationis
3275 4465 3546 4538 multipli-

1930 4550 2127 4597 cantur
2153 4558 2318 4612 super
2367 4558 2679 4597 numerum.
2726 4544 2942 4599 Navalis
2989 4547 3083 4602 Dei
3114 4550 3411 4621 exercitus,
3475 4573 3541 4612 ex

1931 4635 2141 4707 Anglia,
2176 4635 2427 4689 Flandria
2464 4643 2628 4707 atque
2659 4636 3009 4711 Lotharingia
3051 4640 3337 4712 collectus,
3391 4647 3426 4701 2
3456 4650 3538 4706 ld.

1929 4725 2128 4795 Aprilis
2187 4726 2254 4780 de
2304 4725 2687 4781 Tredemunde
2747 4727 2886 4796 (507)
2934 4738 3092 4800 portu
3147 4733 3357 4807 Anglia;
3411 4754 3533 4795 cum

1924 4818 2031 4874 200
2077 4819 2194 4874 fere
2235 4820 2467 4875 navibus
2516 4819 2811 4890 profectus,
2845 4822 2878 4875 4
2934 4822 3045 4878 Kal.
3079 4825 3209 4881 Julii
3255 4828 3311 4883 in
3352 4830 3539 4907 vigilia

1927 4914 2299 4983 apostolorum
2357 4913 2731 4969 Ulixisbonam
2785 4915 2931 4983 (508)
2987 4919 3276 4989 applicuit,
3333 4932 3387 4979 et
3416 4941 3537 4980 eam

1929 5011 2050 5074 post
2079 5010 2337 5075 quattuor
2367 5005 2638 5059 mensium
2679 5005 3029 5063 obsidionem
3077 5027 3178 5080 per
3205 5013 3405 5067 multas
3448 5031 3543 5069 ce-

1928 5095 2027 5148 des
2055 5101 2110 5148 ct
2139 5095 2362 5149 multam
2394 5095 2822 5152 macerationem
2865 5099 2960 5152 Dei
2992 5098 3193 5156 virtute
3244 5108 3300 5156 et
3328 5117 3428 5156 sua
3458 5103 3544 5158 in-

1935 5185 2146 5240 dustria
2210 5189 2463 5257 capiunt;
2521 5198 2575 5246 et
2627 5206 2750 5245 cum
2820 5191 2887 5246 de
2962 5191 3100 5262 ipsis
3181 5198 3390 5247 tantum
3455 5211 3545 5250 es-

1932 5284 2057 5330 sent
2103 5275 2294 5344 13000,
2342 5277 2579 5332 hostium
2634 5279 2846 5336 200500
2900 5288 3249 5350 superantes,
3310 5282 3544 5356 ingressi

1931 5381 2053 5420 cum
2088 5366 2324 5436 hymnis.
2363 5367 2671 5423 iecclesiam
2723 5371 3066 5438 dedicantes,
3110 5371 3431 5444 episc0pum
3466 5372 3545 5427 ibi

1931 5465 1984 5512 et
2011 5455 2243 5512 clericos
2272 5458 2688 5515 ordinaverunt.
2739 5461 2814 5515 Ad
2843 5476 3073 5532 corpora
3130 5463 3206 5518 ibi
3237 5464 3546 5522 occisorum

1932 5558 2043 5606 tres
2080 5551 2213 5606 muti
2268 5560 2670 5623 recupaverunt
2725 5554 2987 5624 loquendi
3028 5572 3210 5612 usum.
3262 5556 3550 5614 Conradus

1775 5647 1987 5702 ΝΟΤίΕ.

291 5733 424 5804 (δοῖ)
451 5735 766 5793 Uartmouth
794 5739 845 5794 in
889 5741 1245 5798 Devonshirc.

1971 5745 2117 5812 (508)
2150 5744 2438 5800 Lissanon.
