3916 6064
271 269 381 328 375

1484 266 1826 321 SlGEBERTI
1872 265 2386 320 GEMBLALENSIS.

3508 265 3612 322 376

277 415 371 466 rex
424 412 614 454 mense
658 396 799 452 Maio
851 411 977 452 cum
1024 395 1381 452 multitudine
1411 395 1799 452 innumerabili
1843 403 1899 450 et
1926 401 1974 468 Α
2003 403 2168 466 pnata
2215 401 2270 450 et
2319 394 2533 449 abrasa.
2577 393 2822 449 Lauduni
2866 395 2898 449 4
2932 393 3071 450 Νοη.
3102 392 3210 448 Jul.
3265 393 3420 448 factis
3475 394 3622 448 toni-

275 489 474 544 virtute
529 485 948 558 incomparabili
1024 487 1527 561 peregrinationem
1581 500 1892 560 aggressus,

277 577 510 633 transito
554 591 818 648 prospere
861 575 1109 643 Bosforo,
1170 576 1301 632 dum
1358 577 1425 631 ad
1465 576 1893 651 expugnandum

276 668 524 725 lconium
557 667 869 724 inconsulte
899 668 1142 735 divertit,
1173 669 1515 740 consumptis
1567 678 1720 724 terrae
1762 684 1893 740 ger-

275 759 520 814 minibus
551 765 606 814 et
634 758 1023 816 deﬁcientibus
1043 760 1394 823 victualibus,
1421 760 1535 816 suis
1565 759 1706 816 fame
1755 759 1898 816 affli—

274 851 376 906 ctis
397 851 557 916 redit,
583 859 640 908 et
678 853 1146 930 prosequentibus
1171 869 1270 909 eos
1299 853 1509 919 Turcis,
1547 852 1716 908 multa
1747 852 1899 907 milia

280 963 506 1003 suorum
538 947 761 1004 amittit.
804 949 914 1004 Rex
959 948 1288 1016 Francorum
1338 948 1651 1004 Ludovicus
1698 946 1733 1004 3
1781 946 1894 1003 Kal.

273 1037 422 1092 Junii
471 1037 527 1091 in
589 1043 950 1109 pentecosten
1000 1029 1502 1111 perbgrinationem
1581 1054 1896 1114 aggressus,

277 1145 401 1184 cum
434 1127 665 1184 infinitis
690 1135 744 1184 et
769 1130 1042 1201 expeditis
1085 1146 1309 1186 suorum
1351 1131 1576 1186 milibus
1606 1147 1705 1202 per
1746 1131 1899 1185 Hun-

277 1218 480 1290 gariam
515 1218 814 1290 profectus,
847 1221 1074 1276 transito
1117 1219 1344 1275 Bosforo
1394 1236 1628 1275 occursu
1660 1220 1897 1276 Conradi

286 1307 430 1382 regis
459 1307 765 1379 excipitur;
798 1308 892 1380 qui
931 1309 1120 1364 multis
1150 1326 1375 1364 suorum
1407 1309 1478 1365 ob
1539 1309 1783 1381 inopiam
1816 1325 1902 1364 re-

282 1397 662 1467 patriantibus,
717 1398 907 1469 paucis
963 1397 1373 1464 comitantibus,
1428 1414 1458 1452 a
1526 1399 1750 1453 Francis
1803 1398 1902 1452 be-

281 1489 449 1563 nigne
473 1497 763 1560 susceptus
794 1496 986 1545 etcum
1018 1490 1099 1544 eis
1129 1489 1454 1561 aliquandiu
1488 1499 1570 1545 est
1603 1489 1879 1560 profectus

281 1577 388 1632 Sed
425 1577 493 1630 ab
532 1577 863 1647 imperatore
896 1579 1192 1633 Grecorum
1252 1596 1284 1633 a
1338 1578 1540 1633 Tiatira
1588 1587 1896 1646 revocatus,

283 1668 515 1723 navibus
541 1669 660 1737 ejus
688 1670 1067 1726 ierosolimam
1105 1678 1186 1725 est
1215 1678 1455 1726 evectus.
1494 1671 1739 1743 Eelypsis
1766 1671 1900 1726 solis

282 1760 384 1816 fuit
424 1761 457 1816 8
487 1760 600 1815 Kal.
655 1761 1004 1832 Novembris,
1036 1763 1124 1819 die
1155 1763 1452 1831 dominica,
1485 1764 1553 1818 ab
1590 1764 1720 1819 hora
1751 1764 1785 1817 2
1814 1779 1900 1818 us-

283 1851 460 1922 quein
491 1853 680 1909 horam
721 1855 774 1909 ὅ.

357 1945 516 2003 1148.
628 1946 822 2004 11.“.
935 1947 1124 2002 Λ.13.
1241 1947 1394 2000 “.5.
1505 1946 1654 2002 8.7.

358 2037 546 2092 Franci
580 2054 678 2107 per
695 2037 912 2092 deserta
941 2037 1078 2094 Asiae
1119 2037 1247 2093 dolo
1278 2047 1332 2092 et
1372 2048 1490 2092 astu
1529 2038 1821 2094 Grecorum
1846 2045 1900 2092 et

287 2130 484 2190 crebro
529 2130 736 2185 assultu
786 2131 1082 2186 Turcorum
1143 2131 1472 2186 detrimenta
1522 2132 1756 2186 maxima
1813 2147 1902 2202 pa-

288 2221 528 2286 tiuntur;
569 2229 624 2278 et
675 2221 816 2278 fame
857 2222 1026 2277 nimia
1081 2223 1331 2289 cruciati,
1377 2223 1600 2296 quidam
1632 2239 1900 2295 equorum

287 2321 342 2367 et
372 2312 651 2368 asinorum
691 2313 957 2370 carnibus
987 2322 1302 2370 vescuntur.
1345 2315 1434 2370 Sic
1475 2332 1601 2370 cum
1641 2315 1904 2372 mullola-

286 2408 422 2462 bore
453 2415 507 2463 et
533 2407 798 2480 dampno,
831 2410 1017 2465 multis
1047 2409 1196 2465 fame
1227 2410 1617 2482 pereuntibus,
1651 2411 1740 2465 vix
1787 2418 1907 2465 tan-

288 2500 414 2554 dem
447 2501 744 2556 Seleutiam
767 2509 1058 2569 venerunt,
1090 2509 1145 2558 et
1189 2502 1320 2558 inde
1351 2502 1692 2559 Antiochiam
1727 2510 1782 2558 et
1809 2503 1908 2557 Pa-

291 2591 544 2645 lestinam
596 2591 897 2663 petierunt.
939 2593 1153 2648 Manuel
1214 2610 1306 2648 rex
1357 2594 1650 2650 Grecorum
1687 2595 1910 2651 nuntios

293 2682 436 2757 regis
465 2682 688 2750 Siciliaa,
728 2699 871 2756 quos
897 2684 964 2738 ad
996 2699 1120 2739 eum
1153 2701 1252 2756 pro
1279 2685 1606 2757 equuendo
1639 2688 1789 2758 pacis
1815 2687 1911 2742 foc-

291 2774 425 2828 dere
467 2774 710 2840 miserat,
771 2773 1010 2830 detinuit
1057 2775 1404 2847 mancipatus
1455 2793 1695 2833 carcere.
1755 2778 1908 2834 Unde

294 2867 462 2921 iratus
517 2865 781 2941 Rogerus,
835 2867 1000 2922 misso
1040 2867 1217 2923 navali
1259 2869 1526 2935 exercitu,
1581 2869 1908 2926 Corinthum

291 2954 546 3028 spoliavit
565 2971 690 3011 cum
731 2955 1065 3027 quibusdam
1084 2955 1208 3012 aliis
1237 2957 1556 3013 civitatibus
1585 2965 1640 3013 et
1667 2959 1910 3015 castellis

294 3046 349 3101 in
379 3043 602 3110 Grecia;
633 3051 687 3100 et
725 3043 996 3100 infinitam
1053 3061 1279 3102 sumens
1305 3045 1505 3102 diversi
1541 3047 1777 3121 'generis
1806 3065 1907 3119 pa-

294 3230 412 3286 auri
443 3236 498 3286 et
523 3230 737 3303 argenti
787 3231 965 3301 cogiia,
1008 3231 1304 3303 captivavit
1335 3240 1389 3288 et
1420 3232 1488 3288 de
1536 3233 1723 3289 Grecis
1765 3250 1908 3290 non-

295 3322 446 3378 nulla
502 3323 672 3378 milia.
707 3321 864 3394 Cepit
893 3323 1057 3378 etiam
1119 3323 1350 3379 insulam
1417 3324 1712 3398 Curfolium
1745 3328 1906 3398 (509),

293 3426 348 3475 et
372 3419 428 3474 in
455 3419 576 3488 ejus
605 3427 770 3491 portu
800 3417 1080 3475 editicavit
1132 3418 1273 3475 forte
1303 3419 1625 3490 presidium.
1681 3421 1906 3478 Citerio-

295 3526 382 3565 res
437 3509 662 3582 Hispani
708 3510 933 3580 capiunt
975 3510 1292 3580 Almariam,
1343 3520 1397 3566 et
1450 3513 1704 3584 sequenti
1764 3530 1908 3570 anno

291 3597 597 3666 Tortosam,
630 3598 877 3670 insignes
918 3598 1167 3654 civitates
1212 3600 1662 3656 Sarracenorum.
1702 3602 1916 3658 Alvisus

292 3687 667 3744 Atrebatensis
694 3689 1009 3760 episcopus,
1042 3689 1124 3744 vir
1154 3690 1443 3745 honestate
1493 3690 1615 3746 vita:
1646 3698 1698 3746 et
1726 3692 1912 3746 scien-

295 3782 366 3836 tia
411 3783 612 3849 clarus,
663 3783 806 3854 apud
861 3783 1288 3855 PhilippOpolim
1351 3785 1467 3840 obit
1498 3786 1659 3856 (510).
1703 3786 1909 3856 Symon

293 3893 538 3949 quoque.
594 3876 976 3932 Noviomensis
1047 3878 1342 3948 epis00pus
1395 3879 1541 3949 apud
1611 3881 1906 3936 Seleutiam

295 3965 442 4020 diem
473 3964 696 4020 claudit.
724 3964 998 4019 Amedeus
1026 3980 1212 4020 comes
1238 3965 1638 4020 Maurianensis
1668 3969 1723 4023 in
1747 3969 1907 4040 Cipro

296 4057 476 4112 insula
507 4055 642 4112 obit.
676 4056 714 4111 A
762 4072 902 4128 papa
935 4057 1179 4130 Eugenio
1226 4058 1409 4113 Remis
1435 4059 1728 4115 concilium
1761 4063 1909 4116 cele-

296 4148 500 4210 bratur,
538 4147 591 4203 in
625 4159 734 4220 quo
757 4148 1036 4205 hereticus
1065 4149 1287 4221 quidam
1320 4150 1389 4205 de
1413 4149 1716 4207 Brittannis
1737 4153 1909 4209 addu-

295 4251 417 4298 ctus
447 4243 811 4315 dampnatur;
863 4244 956 4317 qui
1011 4259 1122 4302 non
1151 4246 1472 4317 prophetam
1514 4246 1598 4302 vel
1649 4264 1907 4321 magnum

295 4337 621 4408 quemlibet,
653 4337 750 4392 sed
783 4337 992 4393 nomini
1039 4353 1141 4393 suo
1197 4337 1471 4394 alludens.
1508 4369 1572 4380 —-
1616 4340 1724 4396 Eon
1757 4341 1902 4396 enim

292 4425 582 4502 dicebatur
610 4456 675 4466 --
706 4429 808 4483 Per
831 4444 948 4482 cum
978 4430 1076 4497 qui
1097 4432 1352 4483 venturus
1390 4432 1467 4484 est
1486 4428 1738 4498 judicare
1761 4433 1907 4484 vivos

294 4525 343 4574 et
363 4525 596 4576 mortuos
624 4525 674 4575 et
719 4522 954 4576 secutum
973 4537 1074 4592 per
1110 4524 1288 4590 ignem
1316 4535 1375 4576 se
1407 4536 1529 4576 esse
1582 4520 1820 4586 dicebat,
1854 4532 1908 4578 et

295 4608 364 4663 de
384 4608 500 4663 suis
538 4608 804 4680 quosdam
853 4609 1076 4682 quidam
1107 4611 1359 4684 angelos,
1386 4609 1526 4666 alios
1557 4616 1740 4665 autem
1767 4627 1907 4680 apo-

295 4701 465 4756 stolos
507 4700 762 4767 faciebat,
796 4709 850 4757 et
881 4703 1118 4774 pr0priis
1147 4704 1469 4778 angelorum
1507 4719 1605 4758 seu
1634 4703 1910 4774 apostolo-

297 4805 414 4844 rum
458 4790 775 4846 nominibus
821 4791 1154 4862 appellabat.
1213 4792 1314 4858 Qui
1371 4793 1426 4848 in
1481 4792 1716 4848 concilio
1755 4793 1909 4847 dam-

296 4888 518 4954 pnatus,
559 4879 660 4935 sub
692 4882 944 4937 custodia
998 4883 1284 4938 Remensis
1340 4882 1746 4954 archiepiscopi
1797 4899 1906 4938 non

293 4971 467 5027 multo
499 4978 622 5042 post
641 4968 952 5037 defunctus,
1011 4971 1121 5026 vita
1151 4971 1356 5043 pariter
1407 4972 1579 5028 caruit
1608 4979 1662 5026 et
1693 4987 1907 5027 memo-

295 5064 391 5120 ria.
424 5063 622 5120 Contra
671 5061 972 5117 Gilbertum
1025 5079 1249 5135 quoque
1292 5064 1632 5120 Pictavorum
1692 5063 1912 5135 episco-

295 5170 448 5224 pum,
506 5152 600 5226 qui
653 5150 890 5224 quadam
945 5166 1082 5206 nova
1143 5152 1434 5208 verborum
1485 5152 1791 5208 subtilitate
1856 5152 1908 5206 in

293 5245 511 5317 scriptis
554 5244 671 5300 suis
723 5241 1134 5299 scandalizabat
1175 5242 1504 5310 ecclesiam,
1557 5244 1731 5300 multa
1786 5251 1913 5298 sunt

292 5337 439 5394 dicta
467 5347 522 5394 et
547 5337 844 5410 disputata.
881 5335 1034 5392 Unde
1061 5342 1117 5392 et
1147 5337 1422 5407 quaedam,
1456 5353 1579 5410 quae
1611 5336 1911 5392 defendere

294 5443 404 5484 non
436 5427 770 5500 presumpsit
798 5427 881 5482 vel
923 5441 1033 5482 non
1067 5424 1264 5496 potuit,
1310 5425 1379 5480 ab
1434 5425 1554 5497 ipso
1601 5431 1731 5482 sunt
1756 5425 1913 5480 dam-

1931 3093 1982 3158 (ζ

295 3135 738 3191 ludamentorum
787 3144 841 3189 et
866 3135 1031 3190 vestis
1079 3136 1342 3207 preciosaz
1381 3137 1742 3194 substantiam
1782 3156 1908 3194 cum
1932 3135 1985 3159 “

1996 491 2154 557 truis,
2197 489 2251 543 in
2271 487 2607 544 monasterio
2633 487 2804 544 sancti
2832 486 3105 542 Vincentii
3130 487 3415 542 monachis
3433 486 3620 541 diurni

1997 583 2166 642 officii
2198 597 2417 637 cursum
2463 579 2898 651 complentibus,
2944 579 3054 635 duo
3083 597 3148 634 ex
3188 579 3272 634 eis
3299 579 3485 635 subito
3510 578 3622 634 ful-

1997 675 2162 732 minis
2201 675 2311 730 ictu
2369 680 2691 729 corruentes
2753 671 3171 742 expiraverunt;
3233 670 3326 726 alii
3391 670 3615 743 quidam

2002 769 2128 824 tacti
2168 767 2254 822 vel
2307 765 2482 822 territi
2531 765 2620 820 vix
2669 764 3094 820 convaluerunt.
3157 763 3407 818 Fulmine
3451 763 3613 818 etiam

1999 861 2186 917 altaris
2234 859 2464 914 linteum
2501 857 2794 920 adurente,
2826 862 2882 909 et
2921 854 3222 910 sacrarium
3268 860 3616 924 penetrante,

1999 957 2053 1005 et
2084 951 2153 1005 de
2183 965 2382 1023 magna
2407 962 2568 1002 cruce
2597 952 2832 1016 partem,
2869 953 3078 1015 partem
3107 959 3328 1016 quoque
3359 945 3620 1001 claustra-

2001 1044 2066 1098 lis
2096 1043 2258 1099 hostii
2304 1049 2644 1112 asportante,
2691 1048 2800 1097 tota
2840 1041 3040 1097 domus
3096 1039 3339 1110 repletur
3366 1039 3618 1094 horrore.

2000 1134 2059 1188 ln
2091 1133 2214 1187 aliis
2238 1132 2400 1187 etiam
2430 1131 2564 1187 locis
2596 1130 2913 1185 hominibus
2937 1145 3036 1184 seu
3061 1128 3344 1184 hominum
3367 1127 3623 1183 aediﬁciis

1999 1219 2086 1274 vel
2116 1220 2446 1274 animalibus
2495 1218 2724 1274 fulmine
2771 1217 3158 1290 pereuntibus,
3200 1217 3342 1272 mala
3371 1235 3493 1289 qua:
3523 1234 3620 1273 so-

2001 1310 2098 1364 lito
2121 1309 2375 1384 graviora
2407 1309 2722 1364 eliristianis
2747 1309 3054 1383 contigere,
3101 1315 3232 1364 sunt
3267 1309 3501 1382 signata.
3537 1309 3622 1362 Di-

2002 1400 2322 1455 cuntctiam
2371 1399 2711 1454 Jerosolimis
2751 1399 2804 1452 in
2869 1399 3076 1469 templo
3129 1399 3345 1453 Domini
3388 1399 3502 1453 sive
3563 1399 3616 1453 in

2005 1497 2191 1544 monte
2247 1489 2442 1544 Oliveti
2495 1488 2846 1553 fulminasse,
2884 1496 2938 1543 et
2996 1488 3118 1557 ejus
3173 1488 3464 1544 infortunii
3516 1489 3621 1544 hoc

2001 1585 2313 1658 presagium
2365 1583 2538 1639 fuisse
2622 1585 2681 1638 tn
2730 1584 3008 1639 territorio
3053 1584 3405 1638 Gebennensi
3455 1584 3622 1654 lupus

2001 1676 2250 1746 quidam,
2279 1676 2530 1746 corporis
2587 1674 2970 1750 magnitudine
3014 1683 3069 1728 et
3122 1674 3293 1728 animi
3338 1674 3622 1729 ferocitate

2001 1764 2125 1818 aliis
2179 1764 2489 1827 dissimilis,
2544 1763 2800 1819 homines
2837 1761 3142 1829 devoravit,
3191 1770 3246 1817 et
3294 1763 3418 1833 plus
3455 1778 3620 1834 quam

1999 1857 2223 1929 triginta
2251 1857 2462 1912 animas
2493 1857 2696 1912 diversi
2751 1871 2914 1910 sexus
2945 1863 3000 1909 et
3027 1855 3188 1910 etatis
3231 1855 3341 1909 vita
3370 1854 3620 1925 privavit.

2003 1946 2061 2000 In
2089 1946 2214 2000 aliis
2253 1947 2416 2000 etiam
2450 1945 2588 2002 locis
2634 1946 2737 2000 hoc
2774 1959 2921 2000 anno
2952 1943 3068 2014 lupi
3099 1943 3353 1998 similiter
3383 1957 3625 1997 noscun-

2002 2046 2090 2090 tur
2145 2037 2376 2108 operati.
2441 2036 2794 2091 llildefonsus
2839 2049 3025 2090 comes
3077 2034 3145 2087 de
3203 2032 3390 2088 Sancti
3443 2029 3623 2105 Egidii

2001 2141 2125 2180 cum
2168 2127 2345 2182 navali
2389 2126 2633 2182 exercitu
2689 2124 3019 2179 l’alestinam
3072 2123 3360 2194 applicuit,
3418 2133 3472 2179 et
3503 2139 3626 2179 cum

2004 2231 2264 2289 magnum
2293 2215 2428 2287 quid
2463 2215 2707 2270 facturus
2761 2220 3099 2283 speraretur,
3132 2212 3336 2288 regina:
3376 2221 3436 2267 ut
3479 2213 3634 2266 aiunt

2007 2306 2134 2362 dolo
2170 2307 2314 2362 male
2371 2307 2710 2378 potionatus,
2767 2307 2914 2377 apud
2989 2304 3276 2360 Cesaream
3335 2305 3630 2360 Palestinae

2009 2399 2262 2456 moritur.
2321 2399 2486 2453 Filius
2543 2399 2664 2466 ejus
2723 2398 3052 2454 adolescens
3082 2397 3362 2468 quoddam
3394 2404 3632 2452 castrum

2009 2495 2225 2552 comitis
2251 2495 2577 2566 Tripolitani
2608 2495 2874 2566 patruelis
2899 2494 2981 2548 sui
3015 2494 3342 2568 ingreditur,
3377 2493 3474 2547 sed
3500 2493 3630 2547 dolo

2012 2586 2261 2655 ejusdem
2288 2601 2413 2640 cum
2467 2598 2658 2640 sorore
2716 2601 2746 2638 a
2786 2583 2978 2639 Turcis
3021 2584 3347 2654 captivatur.
3397 2581 3636 2637 Obsessa

2011 2697 2110 2752 per
2139 2681 2380 2736 triduum
2404 2678 2670 2733 Damasco
2723 2694 2754 2732 a
2786 2676 3027 2743 Francis,
3068 2675 3354 2732 Germanis
3381 2690 3446 2730 ac
3472 2674 3634 2730 Jero-

2009 2772 2360 2837 solimitanis,
2393 2769 2569 2842 captis
2593 2771 2705 2840 jam
2737 2771 2913 2825 muris
2939 2770 3329 2837 exterioribus,
3363 2769 3457 2841 qui
3489 2775 3642 2824 ortos

2009 2869 2349 2934 ambiebant,
2375 2883 2499 2922 cum
2532 2866 2584 2921 in
2610 2865 2763 2921 brevi
2801 2864 2997 2920 civitas
3033 2865 3307 2936 capienda
3354 2870 3641 2935 putaretur

2010 2959 2158 3026 dolo,
2190 2967 2251 3015 ut
2289 2959 2463 3026 aiunt,
2493 2957 2800 3029 principum
2847 2956 3248 3012 Palestinorum
3305 2955 3521 3012 obsidio
3553 2968 3644 3008 re.-

2010 3061 2280 3108 movetur.
2333 3051 2607 3122 Factaque
2656 3048 3025 3118 discessione,
3056 3065 3148 3104 rex
3195 3049 3524 3104 Francorum
3587 3043 3651 3101 el

2010 3141 2333 3213 imperator,
2357 3141 2555 3196 iterum
2587 3138 2842 3195 condicto
2869 3136 2960 3193 die
2987 3137 3054 3192 ad
3076 3136 3440 3194 obsidendam
3473 3140 3630 3192 Asca-

2009 3234 2221 3299 lonem,
2261 3250 2384 3288 cum
2440 3232 2557 3286 suis
2583 3230 2763 3302 Joppe
2809 3229 3162 3285 conveniunt.
3216 3229 3323 3284 Sed
3362 3228 3629 3285 Jerosoli-

2009 3321 2159 3375 mitis
2199 3320 2427 3374 minime
2455 3319 2609 3389 juxta
2637 3318 2954 3374 condictum
2993 3318 3405 3382 occurentibus,
3445 3319 3624 3388 impe-

2011 3418 2160 3466 rator
2190 3407 2726 3478 ConstantinOpolim
2756 3407 2986 3462 navibus
3025 3407 3310 3472 evehitur;
3361 3424 3478 3473 rex,
3519 3408 3640 3462 suis

2011 3498 2463 3571 repatriantibus,
2503 3513 2626 3552 cum
2679 3497 2871 3568 paucis
2919 3497 3262 3553 Jerosolimis
3305 3513 3402 3568 per
3429 3513 3634 3552 annum

2016 3597 2278 3645 moratur.
2340 3589 2586 3662 Rogerus
2635 3603 2724 3642 rex
2783 3587 2983 3642 Siciliae
3027 3588 3326 3643 exercitum
3383 3589 3633 3644 navalem

2013 3682 2211 3737 direxit
2235 3681 2304 3736 ad
2345 3680 2483 3735 fines
2541 3678 2769 3744 Affrice;
2827 3687 3098 3752 captaque
3157 3681 3360 3753 insigni
3419 3681 3636 3736 civitate

2012 3789 2135 3843 qum
2167 3771 2369 3825 dicitur
2397 3767 2612 3835 Atfrica,
2642 3768 2833 3832 Suilla,
2869 3767 3048 3836 Asfax,
3091 3768 3340 3840 Clippea,
3372 3769 3630 3839 alliisque

2008 3865 2199 3919 castris
2241 3862 2513 3935 pluribus,
2568 3861 3044 3933 archiepiscopum
3102 3860 3332 3929 Aﬂ'ricae,
3374 3863 3466 3934 qui
3527 3862 3630 3916 sub

2010 3954 2272 4012 servitute
2317 3953 2540 4007 Romam
2595 3958 2820 4006 venerat
2859 3953 3393 4018 consei‘trandus,—ad
3433 3953 3624 4008 sedem

2008 4062 2163 4102 suam
2207 4043 2433 4100 remittit
2457 4043 2711 4098 liberum.

2083 4137 2237 4192 1149.
2425 4136 2508 4190 12.
2661 4135 2744 4189 12.
2898 4135 2981 4190 14.
3132 4135 3181 4188 ti.
3331 4141 3383 4191 8.

2080 4231 2224 4302 Papa
2265 4229 2539 4304 Eugenius
2571 4228 2626 4283 in
2687 4227 2893 4281 Italiam
2925 4244 3233 4299 regressus,
3267 4246 3389 4284 cum
3427 4229 3633 4285 Itonia-

2009 4323 2096 4379 nis
2149 4323 2298 4378 vario
2359 4328 2557 4376 eventu
2625 4319 2889 4394 confligit.
2963 4319 3246 4375 Conradus
3306 4329 3359 4375 et
3414 4321 3631 4377 Mannel

1936 4380 2374 4492 Dimperatores
2411 4416 2810 4473 convenientes
2864 4417 2917 4470 in
2959 4415 3169 4482 Grecia,
3227 4416 3636 4487 expeditionem

2009 4521 2202 4584 parant
2227 4517 2417 4568 contra
2451 4510 2742 4585 Rogerium
2783 4511 2852 4565 de
2903 4509 3110 4564 Sicilia.
3155 4509 3266 4564 Sed
3294 4510 3633 4565 exercitibus

2010 4601 2314 4676 profligatis
2351 4600 2422 4655 ob
2464 4599 2665 4654 famem
2721 4607 2775 4654 et
2809 4614 3065 4653 aurarum
3127 4599 3639 4670 intemperantiam.

2009 4695 2292 4750 Conradus
2331 4700 2590 4764 tanquam
2623 4691 2900 4746 rediturus
2931 4690 3249 4760 repatriavit
3289 4690 3346 4744 in
3375 4691 3631 4746 Aleman-

2012 4787 2176 4842 niam.
2229 4784 2511 4850 Henricus,
2545 4783 2802 4839 Ludovici
2858 4781 3188 4837 Francorum
3225 4783 3369 4856 regis
3409 4799 3628 4856 germa-

2011 4893 2134 4943 nus,
2169 4880 2488 4944 contempto
2531 4871 2719 4926 mundi
2752 4879 3006 4936 stemate,
3041 4885 3138 4940 pro
3171 4870 3386 4925 Christo
3422 4871 3476 4924 in
3513 4873 3635 4926 illa-

2009 4967 2210 5022 ravalle
2255 4966 2478 5019 indutus
2517 4963 2815 5018 monachili
2861 4964 3166 5028 schemate,
3210 4961 3530 5032 provehitur
3558 4964 3630 5018 ad

2014 5058 2393 5130 episcOpatum
2465 5055 2701 5110 civitatis
2765 5053 3088 5126 Beluagicae.
3161 5052 3440 5123 Ecclypsis
3490 5055 3635 5110 lunae

2013 5147 2115 5203 fuit
2144 5148 2204 5204 11
2241 5147 2354 5200 Kal.
2385 5145 2587 5217 Aprilis
2641 5143 2785 5199 circa
2830 5144 3016 5200 horam
3087 5143 3120 5198 9
3172 5142 3375 5209 noctis,
3406 5143 3635 5202 sabbato

2013 5242 2137 5291 ante
2169 5251 2350 5291 ramos
2381 5234 2716 5306 palmarum;
2752 5241 2807 5288 et
2840 5240 3130 5288 ventorum
3163 5230 3525 5302 intemperies
3541 5248 3633 5288 se-

2013 5334 2137 5383 cuta
2160 5334 2243 5382 est
2275 5342 2374 5397 per
2391 5332 2651 5398 quattuor
2681 5323 2974 5380 continuos
2990 5323 3126 5376 dies.
3152 5322 3209 5375 ln
3237 5322 3270 5376 4
3291 5329 3474 5376 autem
3497 5321 3631 5377 feria

2011 5430 2208 5476 ventus
2237 5419 2512 5476 maximus
2557 5423 2610 5473 et
2663 5417 2831 5472 nimia
2871 5415 2973 5472 fuit
3006 5413 3312 5486 pluviarum
3352 5413 3630 5470 inundans

1848 5543 2056 5600 NOTAE}.

365 5647 508 5713 (509)
539 5645 759 5701 Corfou.

364 5706 503 5787 (310i
530 5716 663 5772 81d.
690 5717 843 5787 Sept.
863 5720 1166 5775 secundum
1183 5717 1568 5790 Nccrologium
1599 5715 1970 5790 Aqnicinensc
1988 5757 2003 5787 ,
2034 5731 2180 5772 anno
2209 5713 2344 5770 1147
2370 5711 2702 5781 secundum,
2732 5708 2971 5766 Annales
2998 5706 3416 5780 Aquicincnses.
