3930 6068
105 284 230 340 377
977 284 1320 341 CHRONICA.
1364 317 1431 326 —-—
1470 283 1907 342 CONTINUATIO
1947 280 2656 340 PREMONSTRATENSIS.
3365 283 3495 339 378'

107 419 218 476 tia.
245 420 367 486 Qua
405 419 494 475 die
526 420 581 474 in
613 418 888 476 territorio
945 419 1264 476 Nerviorum
1335 421 1491 490 juxta
1521 421 1744 476 Ganda-
1778 427 1826 493 Α
1844 420 2137 496 religiosus
2153 420 2412 492 princeps
2451 423 2506 474 et
2534 433 2839 489 pauperum
2883 422 3038 489 pater
3067 431 3256 472 comes
3291 417 3470 473 Theo-

105 525 249 563 vum
271 508 562 574 sacerdos,
591 507 758 564 missa
786 507 1084 575 celebrata,
1138 508 1371 565 fulmine
1411 511 1552 566 ictus
1577 525 1746 565 occu-
1849 509 2064 564 baldus.
2096 507 2248 564 Multi
2279 522 2500 580 quoque
2533 505 2748 562 nobiles
2777 506 2884 567 hoc
2947 521 3093 562 anno
3121 503 3464 578 (moriuntur.

110 600 269 667 bnit,
302 609 360 657 et
390 602 447 656 in
473 600 748 658 territorio
781 603 1036 660 Remensi
1076 605 1300 678 quidam
1323 603 1559 660 clericus
1599 609 1744 658 tem-

1921 599 2077 654 1l52.
2267 599 2350 654 15.
2538 597 2624 651 15.
2809 596 2895 652 17.
3081 595 3134 652 9.
3305 596 3393 651 11,

117 702 349 768 pestate
383 695 563 766 periit.
596 694 881 762 Tonitrua,
915 696 1154 773 fulgura,
1198 696 1498 773 grandines
1523 704 1576 750 et
1609 704 1749 750 tem-

120 799 398 862 pestates,
445 791 664 848 diversa
725 793 830 849 hoc
883 809 1028 850 anno
1082 793 1400 850 hominibus
1448 792 1755 848 intulerunt

120 885 490 941 incommoda
543 885 852 942 Ludovicus
901 902 994 942 rex
1035 886 1366 944 Francorum
1422 902 1452 940 a
1480 885 1755 940 Palestina

123 976 428 1052 navigans,
458 984 520 1032 ut
567 977 626 1032 in
680 977 914 1050 patriam
965 978 1191 1046 rediret,
1237 979 1534 1034 Grecorum
1587 993 1755 1033 naves

114 1066 386 1122 incurrit.
417 1065 660 1139 Cumque
682 1067 752 1121 ab
781 1066 865 1122 eis
909 1067 1232 1138 imperatori
1263 1066 1561 1124 Curfolium
1593 1067 1754 1124 obsi-

119 1155 285 1211 denti
336 1155 743 1227 presentandus
798 1155 1112 1224 deducitur,
1167 1157 1437 1232 Georgius
1491 1157 1601 1213 dux
1659 1173 1758 1213 na—

123 1250 284 1306 vium
319 1250 468 1326 regis
497 1249 699 1306 Siciliae
730 1266 827 1308 eos
887 1251 1226 1326 aggreditur.
1259 1251 1544 1325 Siquidem
1577 1259 1758 1308 vasta-

122 1345 201 1400 tis
231 1353 290 1401 et
319 1345 573 1416 Spoliatis
606 1345 900 1402 Grecorum
934 1347 1255 1419 provinciis,
1286 1363 1463 1420 usque
1481 1347 1548 1403 ad
1582 1347 1757 1418 ip'sam

121 1438 326 1495 urbem
360 1439 568 1512 regiam
617 1439 1146 1510 Constantinopolim
1205 1441 1496 1504 accedens,
1525 1441 1752 1515 sagittas

121 1547 331 1587 aureas
360 1532 416 1587 in
447 1532 712 1603 palatium
743 1531 1094 1604 imperatoris
1141 1533 1371 1602 jecerat,
1423 1539 1479 1588 et
1509 1533 1752 1590 incensis

119 1623 487 1689 suburbanis,
514 1623 583 1679 de
601 1623 780 1682 fructu
809 1631 1054 1682 ortorum
1094 1625 1240 1701 regis
1294 1626 1570 1683 violenter
1609 1627 1752 1684 tule-

123 1721 227 1768 rat.
273 1712 432 1768 Unde
461 1712 706 1780 rediens,
749 1729 918 1769 naves
951 1714 1252 1771 Grecorum
1286 1715 1540 1782 incurrit,
1573 1715 1752 1788 captis

127 1802 471 1858 Ludovicum
501 1818 686 1875 regem
714 1802 936 1874 eripuit,
968 1803 1068 1858 sed
1129 1811 1320 1875 captos
1349 1803 1493 1876 regis
1521 1803 1750 1860 obtentu

121 1889 379 1950 dimittit.
411 1894 630 1950 Interim
660 1894 877 1950 Manuel
905 1901 1126 1966 recepto
1157 1895 1214 1950 in
1240 1895 1580 1952 deditionem
1615 1895 1747 1952 Cur-

121 1987 284 2055 folio,
313 1987 619 2043 Siculorum
663 2003 830 2044 naves
855 2003 955 2060 per
1009 2003 1141 2045 suos
1193 1988 1524 2061 insequitur,
1575 1995 1630 2046 et
1654 2005 1745 2046 ca-

121 2074 237 2146 ptis
267 2075 552 2131 nonnullis
575 2075 833 2140 navibus,
859 2092 955 2130 rex
994 2075 1123 2152 fuga
1152 2077 1437 2144 liberatur,
1471 2085 1528 2134 et
1559 2094 1592 2134 a
1618 2093 1748 2145 rege

123 2167 390 2239 Rogerio,
423 2183 526 2223 nec
552 2182 662 2224 non
697 2173 752 2222 et
781 2183 922 2238 papa
939 2167 1208 2240 Eugenio,
1240 2167 1546 2226 honorifice
1575 2169 1749 2225 susci-

119 2258 276 2329 pitur
302 2265 470 2330 atque
496 2257 806 2314 deducitur.
838 2258 1176 2314 Raimundus
1223 2259 1484 2330 princeps
1547 2259 1744 2315 Antio-

117 2347 288 2415 chiae,
319 2348 405 2403 vir
442 2348 657 2404 cunctis
693 2347 976 2404 christiani
1034 2348 1277 2404 nominis
1321 2348 1562 2404 inimicis
1587 2349 1749 2404 terri-

121 2439 277 2505 bilis,
309 2439 424 2496 Kal.
457 2441 685 2515 Augusti
726 2448 921 2496 contra
975 2441 1184 2498 Turcos
1248 2455 1526 2514 egressus,
1558 2441 1748 2496 multis

119 2544 352 2585 suorum
385 2530 564 2599 captis
591 2535 646 2584 ct
693 2529 896 2586 occisis
925 2529 982 2585 in
1042 2530 1262 2586 insidiis
1299 2545 1513 2597 eorum,
1547 2539 1601 2586 et
1628 2531 1746 2602 ipse

121 2620 520 2676 miserabiliter
548 2628 631 2676 est
670 2620 1014 2678 interfectus.
1068 2622 1231 2678 Turei
1271 2628 1438 2692 caput
1483 2622 1605 2690 ejus
1635 2622 1747 2678 cir-

118 2710 515 2778 cumferentes,
565 2711 752 2767 omnia
799 2711 912 2768 fere
951 2719 1128 2768 castra
1165 2713 1250 2769 vel
1301 2713 1568 2780 civitates,
1619 2729 1745 2786 qua:

120 2805 210 2862 sui
232 2805 376 2874 juris
399 2812 577 2873 erant,
607 2805 665 2861 in
700 2805 1042 2863 deditionem
1074 2807 1370 2879 recipiunt,
1415 2815 1599 2879 preter
1635 2809 1748 2864 An-

122 2901 446 2958 thiochiam.
479 2901 603 2968 Qui,
635 2917 761 2958 cum
790 2911 846 2958 et
874 2901 1052 2974 ipsam
1088 2903 1254 2958 nimis
1292 2903 1739 2968 infestarent,rex

119 2996 578 3054 Jerosolimorum
628 2997 930 3053 Balduinus
985 3005 1176 3054 contra
1227 3013 1324 3054 eos
1369 2999 1654 3076 egreditur
1685 3001 1740 3055 in

122 3087 338 3158 Syriam
371 3087 608 3160 ;eisque
654 3087 993 3160 proturbatis
1022 3087 1080 3142 in
1110 3087 1397 3145 redeundo
1436 3089 1738 3146 Saraceno-

1922 689 2095 756 (Febr.
2129 687 2236 758 15.)
2263 686 2544 742 Conradus
2593 683 3017 740 Teutonicorum
3059 700 3152 738 rex
3191 683 3308 740 obit
3334 701 3349 750 ;
3374 683 3470 756 qui

1853 794 1978 834 cum
2009 776 2328 850 quindecim
2357 775 2519 830 annis
2542 772 2876 849 regnaverit,
2908 771 3357 829 benedictionem
3388 782 3471 829 ta-

1857 882 1984 922 men
2028 865 2374 938 imperialem
2434 879 2545 920 non
2597 861 2810 918 habuit.
2870 861 2964 916 Cui
3021 859 3317 917 Fritericus
3360 861 3471 916 dux

1857 977 2032 1034 nepos
2061 961 2184 1031 ejus
2211 959 2476 1016 succedit.
2506 957 2780 1017 Adalbero
2819 956 3166 1012 Trevirorum
3195 955 3470 1028 archiepi-

1855 1067 2078 1124 scopus,
2108 1051 2194 1108 vir
2213 1049 2598 1125 magnanimus
2625 1055 2682 1104 et
2697 1047 2996 1122 singularis
3023 1062 3295 1112 censurae,
3324 1045 3466 1103 obit.

1857 1145 2218 1201 Terraamotus
2240 1143 2344 1199 fuit
2373 1142 2427 1197 in
2460 1141 2706 1214 partibus
2753 1139 2943 1196 Italiae.
2993 1141 3103 1196 Rex
3134 1139 3468 1197 Francorum

1861 1241 2189 1308 Ludovicus,
2247 1237 2520 1310 zelotipiae
2576 1237 2774 1309 spiritu
2831 1237 3230 1305 inﬂammatus,
3285 1235 3473 1307 jurata

1859 1333 2338 1408 consanguinitate
2355 1347 2580 1388 uxorem
2629 1347 2784 1386 suam
2827 1329 3100 1402 repudiat.
3136 1329 3308 1395 Quam
3339 1329 3470 1402 quia

1861 1432 2050 1481 contra
2075 1423 2194 1495 ejus
2238 1422 2581 1479 voluntatem
2633 1419 2898 1476 Henricus
2963 1419 3070 1474 dux
3121 1418 3470 1496 Normanpiae

1853 1516 2022 1586 ducit,
2055 1531 2254 1590 magna
2285 1515 2429 1570 inter
2453 1529 2552 1569 eos
2573 1512 2824 1569 simultas
2851 1511 3220 1568 excandescit.
3256 1510 3469 1584 Regina

1849 1609 2300 1667 Jerosolimorum
2321 1607 2470 1677 justo
2511 1605 2838 1661 familiarius
2877 1604 2948 1659 ad
2996 1603 3251 1660 inimicos
3275 1603 3370 1658 Dei
3403 1619 3464 1657 se

1854 1701 2113 1766 habente,
2143 1697 2292 1753 ﬁlius
2321 1698 2443 1770 ejus
2481 1695 2785 1752 Balduinus
2817 1710 2912 1750 rex
2966 1701 3159 1750 contra
3201 1707 3323 1748 eam
3383 1691 3470 1746 in-

1776 1759 1827 1829 B
1853 1792 2046 1864 surgit,
2071 1759 2126 1847 et
2154 1759 2396 1847 obsessis
2434 1789 2725 1861 captisque
2776 1787 2898 1856 ejus
2936 1783 3366 1850 munitionibus,
3408 1783 3466 1838 in

1849 1881 2041 1936 urbem
2059 1888 2302 1936 sanctam
2328 1878 2535 1934 intrare
2572 1879 2641 1934 ab
2675 1877 2794 1950 ipsa
2837 1876 3084 1934 secundo
3125 1874 3464 1948 prohibitus,

1845 1973 2070 2029 tandem
2097 1971 2370 2029 violenter
2396 1970 2704 2046 ingreditur
2731 1987 2746 2038 ;
2775 1985 3012 2042 eamque
3066 1968 3126 2024 in
3163 1983 3290 2023 arce
3320 1965 3470 2022 obsi-

1849 2059 2008 2130 dens,
2049 2061 2190 2117 facta
2227 2075 2395 2132 pace.
2453 2059 2736 2130 Neapolim
2803 2059 2854 2112 ei
2893 2057 3144 2122 dimittit,
3193 2054 3460 2127 reliquam

1850 2155 2004 2228 regni
2037 2161 2245 2226 partem
2274 2152 2381 2208 sibi
2421 2151 2639 2207 retinet.
2670 2150 3001 2216 Massamuti,
3037 2164 3178 2220 quos
3230 2147 3456 2220 quidam

1849 2245 2112 2301 Moabitas
2165 2243 2376 2306 dicunt,
2449 2249 2576 2313 post
2617 2249 2939 2312 usurpatum
2989 2237 3324 2313 Mauritania:
3367 2253 3462 2291 rc-

1847 2351 2018 2410 gnum
2042 2349 2343 2409 regemque
2371 2312 2614 2404 patibulo
2635 2329 2880 2396 affixum,
2913 2312 3077 2383 etiam
3111 2339 3295 2397 regem
3341 2319 3464 2375 Bul-

1846 2423 1951 2496 gize
1982 2423 2324 2490 occidentes,
2373 2437 2603 2496 regnum
2657 2421 2780 2492 ejus
2833 2417 3120 2482 invadunt,
3176 2413 3462 2484 ipsamque

1848 2515 2115 2582 Siciliam,
2148 2513 2419 2586 Apuliam,
2449 2514 2674 2568 Romam
2707 2525 2930 2584 quoque
2961 2524 3022 2564 se
3068 2505 3330 2562 invadere
3359 2502 3466 2556 mi‘

1848 2615 2068 2664 nantur.
2099 2607 2442 2664 Illustrisvir
2470 2603 2737 2661 Radulfus
2765 2618 2954 2660 comes
3001 2600 3125 2656 Viro
3137 2597 3462 2652 mandorum

1847 2699 1983 2756 obit.
2009 2700 2285 2775 Eugenius
2325 2714 2487 2771 papa,
2520 2715 2643 2754 cum
2678 2694 2937 2753 Romanis
2991 2709 3126 2765 pace
3159 2692 3320 2756 facta,
3357 2689 3462 2745 llr-

1847 2789 1975 2845 bem
2004 2789 2335 2862 ingreditur,
2378 2788 2567 2862 ibique
2612 2785 2858 2858 cumfjeis
2897 2785 3004 2841 hoc
3025 2798 3172 2840 anno
3205 2781 3458 2856 primitus

1841 2896 1962 2938 com
1971 2889 2184 2938 moratu
2193 2897 2236 2937 Γ.

1909 2975 2069 3033 1153.
2257 2978 2305 3032 1.

1917 3067 2023 3122 Rex
2070 3067 2363 3123 Fritericus
2441 3063 2855 3137 expeditionem
2908 3069 3061 3135 parat
3113 3061 3167 3116 in
3225 3057 3461 3114 Italiam.

2451 2975 2540 3030 16.
2727 2973 2810 3029 18.
2953 2972 3038 3027 10.
3194 2969 3280 3023 12,

125 3134 338 3158 -,,.-..--.
372 3134 387 3153 ,
413 3134 607 3160 -.-Ἰ-ν
655 3134 992 3160 τ.--..-..--.-
1111 3134 1396 3145 .-_..........
1436 3134 1708 3146 “mw..-

123 3194 246 3234 rum
267 3177 637 3234 munitionem
665 3178 812 3235 circa
863 3179 1187 3236 Damascum
1238 3180 1406 3252 capit,
1462 3187 1517 3237 et
1545 3182 1744 3236 Dama-

1859 3134 2532 3239 f1ul.7.)0bitEugenius
2583 3177 2748 3233 papa,
2791 3159 2878 3214 cui
2937 3157 3185 3252 succedit
3235 3157 3468 3251 Anasta-

121 3283 324 3326 scenos
349 3268 404 3323 in
421 3267 698 3323 triennum
729 3268 1052 3326 tributarios
1118 3268 1264 3326 facit.
1297 3269 1498 3325 Milites
1550 3270 1744 3342 templi

123 3364 346 3430 Gazam,
386 3361 671 3434 antiquam
723 3363 1016 3420 Palestime
1065 3363 1342 3420 civitatem
1397 3363 1742 3431 reedificant,

122 3461 178 3512 et
207 3454 587 3512 turribuseam
619 3455 954 3521 munientes,
1013 3457 1352 3514 Ascalonitas
1398 3458 1638 3532 graviter
1665 3457 1747 3512 in-

127 3545 348 3600 festant.

203 3651 358 3707 1150.
439 3650 632 3706 8.13.
712 3650 912 3708 F.13.
989 3653 1180 3708 Α.1ἒ³).
1261 3652 1322 3707 H.
1361 3653 1414 3706 7.
1491 3604 1683 3710 8.9.b

203 3745 622 3802 Bartholomeus
665 3745 1044 3804 Laudunensis
1098 3749 1415 3820 episcopus,
1456 3749 1750 3806 trecesimo

129 3843 324 3891 octavo
379 3851 525 3890 anno
580 3835 666 3893 sui
724 3836 1102 3908 episcopatus,
1183 3845 1501 3910 contempto
1559 3839 1750 3895 mundi
1805 3861 1814 3868 ·

130 3931 393 3990 scemate,
425 3924 678 3982 Fusniaci
725 3925 878 3996 (511)
937 3925 1184 3982 induitur
1235 3927 1532 3984 monachili
1591 3930 1752 3984 sche—

136 4021 304 4070 matc.
331 4014 538 4070 flabilis
565 4031 662 4087 per
694 4015 973 4084 Franciam
1029 4019 1416 4086 conventibus,
1461 4019 1754 4076 conivente

135 4105 301 4160 etiam
330 4121 470 4177 papa
502 4106 771 4178 Eugenio,
805 4115 864 4162 ut
914 4108 1086 4164 abbas
1135 4109 1450 4166 Clarcvallis
1493 4111 1758 4166 Jerosoli-
1787 4122 1791 4126 '

137 4211 281 4250 mam
310 4195 376 4250 ad
405 4194 546 4252 alios
564 4182 945 4267 provocandOs
987 4197 1318 4267 mitteretur,
1379 4199 1604 4275 grandis
1655 4200 1756 4256 itc-

137 4303 257 4342 rum
287 4302 469 4342 sermo
507 4287 575 4341 de
603 4286 947 4359 profectione
989 4289 1353 4344 transmarina
1393 4290 1705 4346 celebratur
1735 4304 1752 4360 ;

135 4375 232 4430 sed
261 4390 358 4446 per
379 4374 774 4431 Cistcrcieuses
797 4377 1102 4434 monachos
1128 4384 1300 4435 totum
1335 4391 1604 4436 cassatur.

214 4509 369 4564 1151.
517 4510 607 4566 14.
757 4510 847 4566 14.
996 4512 1088 4569 16.
1250 4513 1306 4570 8.
1485 4510 1571 4569 10.

213 4617 455 4674 Illustres
473 4618 747 4693 religione
772 4626 834 4677 et
883 4621 1175 4692 prudentia
1218 4621 1322 4678 viri
1377 4621 1608 4690 obeunt,
1651 4621 1752 4678 Su-

139 4724 304 4781 gerus
330 4707 502 4764 abbas
529 4707 716 4765 Sancti
773 4709 1019 4786 Dyonisii
1081 4711 1246 4784 (512),
1310 4711 1610 4768 Itainaldus
1641 4711 1752 4767 Cis-

141 4797 316 4854 tercii.
343 4795 458 4853 Odo
485 4797 672 4854 Sancti
704 4797 964 4874 Remigii.
1031 4799 1283 4856 Lauduni
1342 4799 1406 4856 fit
1457 4801 1756 4872 episcopus

144 4891 414 4947 Walterus
443 4889 618 4945 abbas
644 4890 831 4946 Sancti
862 4891 1076 4946 Martini
1102 4911 1119 4958 ;
1147 4899 1202 4948 et
1262 4891 1636 4948 Godescalcus
1689 4890 1758 4946 de

145 4990 328 5039 monte
353 4981 528 5037 sancti
571 4980 790 5038 Martini
845 4983 1203 5056 episcopatur
1230 4985 1495 5042 Atrebati.
1536 4985 1760 5058 Episco-

147 5075 202 5147 pi
221 5073 432 5130 obeunt
461 5074 710 5131 moribus
739 5079 794 5131 et
811 5075 1041 5132 scientia
1065 5077 1220 5146 clari,
1259 5079 1414 5151 Hugo
1447 5079 1763 5136 Antisiodo-

145 5165 343 5232 rensis,
394 5171 452 5220 et
503 5165 758 5222 Joslenus
823 5167 1244 5224 Suessionensis
1292 5171 1461 5241 (513).
1519 5169 1762 5225 Gifridus

149 5273 334 5314 comes
360 5255 780 5328 Andegavorum
837 5265 964 5331 post
1012 5259 1322 5316 simultates
1364 5261 1582 5316 habitas
1635 5275 1760 5316 cum

153 5361 278 5421 rege
307 5345 606 5412 Ludovico,
636 5346 782 5402 facta
808 5363 966 5420 pace,
1009 5347 1152 5404 infra
1202 5349 1370 5404 unius
1397 5348 1607 5404 mensis
1633 5364 1763 5420 spa-

151 5439 283 5495 tium
304 5438 442 5496 obit.
471 5439 606 5509 (An.
637 5438 792 5507 1152,
819 5441 946 5498 Jan.
968 5441 1044 5505 8.)
1072 5441 1220 5498 Obiit
1255 5441 1420 5498 etiam
1451 5441 1658 5498 nobilis
1710 5447 1765 5496 et

1846 3251 2109 3308 sius.Rex
2139 3251 2470 3308 Francorum
2502 3249 2812 3307 Ludovicus
2833 3263 2960 3302 eum
3013 3245 3187 3302 nimio
3217 3242 3466 3300 exercitu

1843 3342 2192 3399 Normanniae
2217 3341 2356 3398 ﬁnes
2385 3356 2700 3416 aggressus,
2750 3344 2989 3394 castrum
3023 3337 3241 3392 Vernon
3274 3335 3329 3388 in
3365 3333 3464 3386 de-

1849 3435 2114 3491 ditionem
2146 3434 2376 3506 recepit.
2416 3433 2638 3489 lnterim
2669 3431 2778 3487 dux
2807 3431 3245 3486 Normannorum
3275 3426 3330 3480 in
3357 3425 3473 3479 An-

1849 3527 1961 3600 glia
1989 3533 2179 3583 contra
2197 3542 2383 3600 regem
2414 3525 2752 3596 Stephanum
2775 3521 2991 3578 fortiter
3019 3533 3214 3594 agens,
3243 3515 3464 3571 tandem

1851 3633 1975 3673 cum
2007 3631 2074 3674 eo
2104 3631 2292 3688 pacem
2331 3613 2478 3682 facit,
2520 3613 2595 3668 ita
2633 3619 2692 3666 ut
2734 3610 2951 3666 vivente
2987 3623 3116 3682 rege
3166 3612 3294 3677 post
3341 3619 3466 3658 cum

1851 3711 2131 3768 secundus
2153 3709 2208 3764 in
2237 3706 2450 3782 Anglia,
2482 3713 2697 3760 mortuo
2729 3700 3008 3758 succedat.
3057 3699 3172 3754 Rex
3237 3697 3468 3752 Jeroso-

1851 3797 2108 3854 limorum
2141 3795 2296 3871 regni
2345 3793 2658 3868 integritate
2714 3791 2942 3864 potitus,
2974 3787 3299 3844 Ascalonem
3361 3783 3469 3838 I’a-

1853 3891 2064 3946 lastinae
2119 3896 2286 3961 caput
2338 3893 2462 3960 post
2527 3886 2745 3958 longam
2796 3881 3145 3939 obsidionem
3201 3895 3311 3935 non
3347 3877 3471 3931 sinc

1853 3987 2003 4062 gravi
2033 3985 2340 4056 dampnoet
2369 3983 2536 4038 multa
2562 3996 2785 4036 suorum
2807 3977 3190 4051 profligationc
3245 3973 3469 4031 tandem

1854 4075 2020 4148 cepit.
2049 4074 2388 4130 Veneranda:
2428 4073 2706 4129 memoriae
2762 4069 3072 4125 Bernardus
3125 4065 3300 4120 abbas
3349 4063 3474 4116 Cla-

1857 4165 2184 4222 revallensis
2215 4171 2339 4236 post
2365 4164 2544 4219 claros
2573 4170 2728 4218 actus
2745 4159 3104 4216 etmultarum
3163 4155 3472 4210 animarum

1855 4256 2005 4312 lucra
2033 4263 2090 4311 et
2119 4255 2411 4310 innumera
2473 4252 2698 4308 fundata
2747 4248 3080 4306 monasteria
3137 4247 3303 4302 beato
3365 4243 3474 4296 line

1853 4346 2110 4420 quiescit.
2145 4344 2348 4401 Urbem
2377 4343 2726 4398 Cameracum
2783 4344 2906 4410 post
2937 4337 3232 4392 multorum
3266 4333 3470 4391 civium

1771 4462 1829 4532 Β
1852 4435 2164 4507 captionem
2192 4430 2563 4488 Theodericus
2591 4427 2861 4484 Flandriae
2890 4441 3078 4482 comes
3107 4424 3333 4495 recepit.
3387 4421 3476 4476 Vir

1853 4529 2148 4604 religiosus
2167 4525 2442 4580 Walterus
2482 4519 2862 4578 Laudunensis
2909 4517 3231 4588 episcOpus,
3272 4515 3476 4570 multa-

1853 4639 1970 4678 rum
2004 4621 2265 4678 fundator
2293 4616 2662 4679 abbatiarum,
2723 4612 2921 4685 migrat
2949 4609 3018 4664 ad
3069 4607 3386 4673 Dominum,
3422 4612 3479 4661 et

1855 4708 2246 4768 Prcmonstrati
2277 4707 2564 4779 sepelitur,
2617 4701 2708 4758 ubi
2767 4700 3045 4774 quondam
3106 4712 3207 4770 pro
3267 4696 3476 4753 Christo

1860 4801 2199 4878 paupertatis
2228 4797 2468 4870 sumpsit
2497 4794 2766 4851 habitum.
2823 4792 2919 4848 Cui
2951 4790 3199 4848 succedit
3227 4791 3476 4847 Galterus

1860 4892 2245 4952 Laudunensis
2283 4892 2546 4946 decanus.

1931 4989 2090 5044 1154.
2235 4985 2272 5040 2
2443 4981 2525 5038 17.
2713 4980 2800 5035 19.
2950 4977 3038 5032 11.
3212 4976 3294 5031 13.

1933 5080 2194 5149 Princeps
2223 5074 2378 5132 utilis
2405 5079 2460 5130 et
2486 5080 2746 5130 strenuus
2795 5077 2852 5126 et
2887 5068 3104 5126 actibus
3157 5067 3336 5122 clarus
3364 5063 3475 5119 Ro-

1859 5173 2047 5250 gerius
2086 5187 2178 5226 rex
2209 5167 2430 5234 Siciliae,
2464 5172 2588 5238 post
2617 5163 2870 5238 insignes
2897 5161 2967 5217 de
2985 5157 3274 5250 Saracenis
3305 5155 3480 5250 victo-

1863 5243 1972 5318 rias
1999 5269 2055 5317 et
2090 5266 2265 5316 terras
2299 5271 2493 5313 eorum
2525 5261 2825 5324 occupatas
2849 5249 2990 5316 obit,
3023 5262 3126 5302 nec
3159 5243 3479 5300 inferiorem

1863 5365 1922 5406 se
1944 5348 2120 5405 tilium
2147 5343 2522 5404 Guillelmum.
2565 5339 2722 5417 regni
2743 5345 2798 5394 et
2834 5335 3189 5395 victoriarum
3243 5347 3478 5388 succes-

1865 5451 2044 5494 sorem
2077 5432 2438 5506 derelinquit.
2471 5431 2679 5506 Regem
2714 5425 3127 5482 Babiloniorum
3149 5421 3378 5494 quidam
3407 5418 3481 5476 de

1630 5549 1636 5558 ’
1719 5542 1938 5600 NOTAE.

224 5650 376 5720 (5H)
409 5649 639 5720 Foigny,
669 5649 836 5708 dimc.
872 5651 1116 5706 Laudun.

229 5721 366 5794 (512)
399 5720 560 5788 1152,
587 5721 710 5777 Jan.
747 5721 812 5778 13
923 5733 929 5740 ’

1941 5647 2084 5718 (513)
2114 5663 2186 5700 vn
2229 5642 2518 5718 Ital._Nov.
2545 5632 3126 5718 se§u_ndum,“Nccrol.
3163 5631 3475 5690 Fidemien-

1868 5706 1976 5776 se‘:
1996 5706 2080 5775 25⁷
2105 5718 2219 5775 Oct.
2260 5715 2414 5786 1152,
2446 5729 2562 5772 sec.
2595 5709 2826 5768 Galliam
2857 5706 3054 5765 Christ.
