3916 6064
336 201 441 256 379

1547 187 1891 244 SIGEBERTI
1940 184 2451 241 GEMBLACENSIS.

3567 186 3681 243 380

336 328 455 384 suis
476 327 817 399 principibus
847 322 1128 389 interficit,
1162 328 1217 377 et
1238 321 1369 376 inde
1393 337 1515 376 cum
1562 318 1775 374 infinita
1829 319 1951 374 the-
1970 321 2022 390 Α
2049 315 2149 382 Qui
2184 315 2240 369 in
2268 313 2445 380 brevi,
2483 319 2697 369 mortuo
2758 329 2885 387 rege
2932 314 3239 385 Stephano,
3283 314 3534 391 Angliam
3588 317 3688 371 ἰη-

338 433 620 474 saurorum
661 415 819 487 copia
849 413 1092 486 fugiens,
1130 430 1162 468 a
1222 411 1489 467 militibus
1515 410 1703 482 templi
1732 410 1947 466 occidi-

341 514 426 562 tur
453 513 509 561 et
540 515 702 576 capto
735 504 848 575 lilio
875 504 1015 575 ejus,
1055 502 1238 558 omnis
1266 501 1355 556 illa
1377 501 1642 572 cpulenta
1669 502 1953 556 etincom—

339 597 601 669 parabilis
629 596 914 667 suppellex
944 611 1136 650 eorum
1183 594 1332 649 cedit
1370 593 1578 648 usibus.
1628 592 1952 647 Guillelmus

338 707 432 746 rex
460 690 659 745 Siciliae
696 689 865 746 misso
895 688 1073 743 navali
1102 688 1364 754 exercitu,
1424 687 1615 742 urbem
1655 687 1869 742 Taneos
1897 686 1951 740 in

339 783 548 858 Egypto
574 790 748 838 vastat
776 791 831 837 et
867 780 1065 852 spoliat
1101 797 1116 839 :
1154 779 1302 834 unde
1330 795 1542 851 magna:
1575 793 1712 849 opes
1751 777 1870 833 auri
1898 785 1954 833 et

339 872 550 947 argenti
590 888 654 927 ac
692 870 958 943 preciosae
1016 869 1185 924 vestis
1216 868 1375 939 cepia
1420 868 1593 923 multa
1638 867 1948 947 deducitur.

340 964 448 1019 Sed
472 964 605 1019 inde
635 969 992 1023 revertentes,
1027 961 1228 1016 stolum
1274 959 1624 1030 imperatoris
1656 960 1952 1014 Grecorum

338 1052 663 1119 offendunt;
699 1058 751 1105 et
776 1066 898 1105 cum
932 1058 1119 1104 essent
1150 1050 1219 1104 de
1267 1048 1451 1103 Grecis
1482 1048 1699 1102 circiter
1719 1048 1823 1101 140
1854 1063 1951 1101 na-

337 1158 454 1197 ves.
470 1140 634 1196 Siculi
666 1154 896 1194 numero
952 1138 1240 1209 pauciores
1297 1152 1393 1192 eos
1432 1136 1679 1199 vincunt,
1711 1135 1951 1206 spoliant

338 1241 392 1287 et
430 1231 674 1302 capiunt,
734 1229 962 1284 infinitae
1012 1245 1178 1299 opum
1246 1228 1591 1283 diversorum
1655 1228 1826 1296 ecpiae
1861 1226 1951 1280 Si-

337 1324 476 1380 culis
505 1324 635 1378 inde
658 1322 1008 1394 proveniunt.
1065 1321 1374 1375 Massamuti
1427 1321 1481 1374 in
1531 1320 1683 1374 Italia
1712 1318 1954 1374 Puteolis

337 1424 575 1470 castrum
605 1414 847 1485 spoliant
878 1432 892 1480 ;
936 1429 1075 1485 quos
1108 1430 1197 1467 rex
1256 1412 1456 1467 Siciliae
1518 1428 1616 1482 per
1637 1427 1767 1467 suos
1799 1411 1953 1465 navi-

340 1508 442 1560 bus
471 1522 839 1577 pcrsequens,
868 1505 1013 1576 capit
1042 1513 1097 1559 ct
1133 1504 1481 1560 exterminat.
1521 1505 1631 1558 Rex
1656 1504 1953 1558 Fritericus

340 1600 788 1670 transalpinanda
829 1599 882 1652 in
912 1599 1065 1653 Italia
1097 1599 1309 1653 fortiter
1338 1598 1450 1668 agit
1505 1601 1679 1667 (Νου.)
1709 1616 1722 1663 ;
1747 1598 1951 1653 adver-

1982 1648 2031 1715 Β

2054 411 2178 470 trat,
2202 411 2260 460 et
2308 403 2464 478 regni
2519 403 2837 478 integritate
2877 405 3107 474 potitus,
3168 419 3360 474 pacem
3393 405 3684 477 antiquam

2052 497 2334 553 reformat.
2365 495 2636 552 Robertus
2675 496 2746 552 de
2787 497 2951 564 Bova,
3004 495 3087 552 vir
3146 497 3299 551 omni
3345 496 3546 568 plenus
3576 513 3685 553 ne-

2052 589 2245 661 quitia,
2279 588 2476 659 spiritu
2506 587 2776 659 zelotipize
2803 603 3121 655 succensus,
3154 588 3436 661 quendam
3470 589 3541 645 de
3559 589 3686 645 suis

2052 697 2173 736 cum
2214 680 2558 747 muliercula,
2579 697 2742 752 quam
2770 680 2822 736 ei
2861 679 3214 737 consensisse
3261 680 3681 753 suspicabatur,

2052 768 2195 824 intra
2217 770 2442 825 domum
2464 768 2873 825 comburendos
2901 768 3156 837 includit,
3191 776 3251 825 et
3279 770 3484 840 injecto
3517 771 3671 846 igne,

2053 873 2377 935 consumpta
2399 864 2551 919 omni
2596 863 2846 931 materia,
2880 863 3053 919 nichil
3103 863 3185 918 eis
3243 864 3433 923 nocuit
3483 865 3687 923 incen-

2054 959 2229 1025 dium,
2257 961 2355 1014 sed
2384 974 2550 1015 sanos
2569 968 2625 1014 et
2694 960 2940 1031 integros
2976 960 3199 1031 propria
3230 961 3688 1018 conservavitin-

2050 1051 2307 1107 nocentia
2336 1052 2505 1122 (δη).
2536 1053 2705 1120 (Dec.)
2738 1051 2884 1106 Obiit
2936 1067 3079 1122 papa
3109 1053 3447 1120 Anastasius,
3475 1064 3531 1109 et
3558 1056 3689 1126 epi-

2052 1162 2255 1219 scopus
2292 1146 2623 1201 Albanensis
2649 1146 2946 1201 Nieholaus
2966 1162 3108 1217 papa
3140 1145 3201 1201 fit
3247 1147 3535 1203 Adrianus.
3562 1148 3686 1203 Lu-

2052 1256 2122 1295 na
2146 1256 2304 1311 passa
2325 1246 2409 1294 est
2436 1239 2703 1310 eclypsim
2761 1240 2824 1294 11
2888 1238 3002 1293 Kal.
3036 1238 3156 1294 Jan.
3244 1239 3301 1294 in
3347 1240 3689 1311 posteriori-

2051 1331 2155 1386 bus
2186 1331 2432 1403 partibus
2458 1330 2827 1405 geminorum.

2128 1484 2285 1539 1155.
2363 1484 2427 1537 R.
2467 1483 2520 1537 3.
2573 1482 2653 1536 'F.
2702 1482 2793 1536 18.
2881 1482 2941 1535 Λ.
2992 1484 3036 1535 1.

3118 1482 3183 1536 li.
3225 1483 3313 1537 12.
3393 1482 3445 1540 S.
3491 1485 3546 1539 1.

2127 1602 2185 1655 In
2215 1600 2460 1673 partibus
2490 1599 2820 1673 Burgundiaa
2871 1599 2938 1656 15
2967 1600 3079 1655 Kal.
3139 1600 3419 1656 Februarii
3444 1601 3478 1659 3
3516 1602 3683 1666 feria.

339 1692 578 1746 santium
609 1691 717 1746 sibi
746 1698 924 1746 castra
954 1692 1162 1760 dejieit.
1200 1692 1308 1745 llex
1343 1692 1672 1751 Francorum
1716 1691 1954 1747 Ludovi-
1982 1690 2031 1715 υ
2056 1700 2136 1748 ter
2160 1693 2213 1747 in
2243 1708 2355 1747 una
2382 1697 2544 1747 nocte
2592 1690 2699 1745 fuit
2728 1694 3096 1756 terraemotus,
3120 1706 3230 1762 quo
3261 1692 3427 1747 etiam
3457 1692 3686 1749 diversa

341 1800 439 1838 cus
460 1783 753 1839 Henricum
788 1783 981 1839 ducem
1040 1783 1389 1840 Normannia:
1420 1782 1486 1838 ad
1515 1799 1705 1855 pacem
1734 1783 1946 1855 recipit.

2056 1783 2291 1840 aedificia
2326 1783 2587 1839 dicuntur
2608 1781 2777 1839 fuisse
2801 1783 3065 1838 subversa
3098 1782 3187 1837 ⁵0⁵.

1690 1881 1906 1935 VARle
1938 1880 2318 1937 LECTIONES.

412 1980 481 2014 ⁵0⁵
507 1985 589 2034 Ita
618 1982 781 2036 eodem
807 1982 1003 2034 desinit
1029 1982 1085 2034 in
1112 1980 1290 2033 media
1310 1982 1535 2048 pagina.
1565 1982 1845 2033 Auctorem
1899 1980 1986 2032 hic
2012 1994 2072 2033 re
2118 1993 2246 2032 vera
2273 1978 2550 2032 calamum
2604 1977 2901 2046 deposuisse
2954 1977 3099 2032 docet
3130 1976 3483 2044 interpolatio
3513 1977 3690 2045 hujus

341 2055 767 2107 continuationis
800 2054 1168 2121 Ursicampina
1200 2051 1390 2121 (Dl'.),
1422 2067 1541 2120 quae
1565 2052 1624 2104 in
1659 2050 1844 2104 iisdem
1872 2051 2041 2105 verbis
2060 2050 2272 2105 desinit.

1909 2147 2116 2205 NOTAE.

417 2222 560 2291 (δυ.)
594 2220 671 2277 Cf.
706 2220 848 2276 infna
874 2223 1032 2277 Auct.
1064 2221 1238 2276 Ursic.

947 2535 1892 2634 CONTINUATIO
2002 2531 3084 2633 BURBURGENSIS.

409 2727 577 2781 Codex
595 2727 762 2781 beate
789 2731 971 2781 Maria
990 2732 1156 2796 juxta
1185 2730 1483 2794 Burburch,
1517 2730 1587 2783 G‘i
1617 2770 1630 2792 ,
1687 2734 1891 2798 excepit
1924 2731 2003 2783 vel
2053 2733 2228 2798 pnius
2283 2732 2545 2798 excerpsit
2605 2729 2836 2783 codicem
2859 2726 2895 2781 C
2932 2744 2949 2791 ;
2984 2742 3051 2781 ex
3106 2730 3223 2786 eius
3276 2727 3679 2782 additamentis

344 2798 500 2851 habet
530 2804 747 2853 tantum
780 2800 935 2863 1102,
960 2800 979 2852 1
1000 2801 1115 2864 1115,
1153 2800 1310 2866 1109,
1348 2801 1501 2867 1111,
1526 2817 1586 2855 ea
1603 2819 1722 2869 quae
1741 2806 1864 2869 jam
1896 2802 1929 2854 Β
1958 2818 1976 2867 ;
2004 2803 2210 2870 proprii
2246 2800 2326 2854 nil
2363 2801 2520 2855 habet
2548 2802 2658 2854 nisi
2700 2801 3166 2855 continuationem
3207 2805 3539 2870 sequentem,
3582 2814 3683 2870 ea-

344 2870 482 2941 dem,
513 2887 620 2939 qua
651 2876 790 2925 totus
817 2872 979 2926 codex
1003 2887 1175 2925 manu
1204 2879 1509 2925 exaratam.
1552 2876 1782 2927 Initium
1835 2876 1949 2941 ejus
1978 2869 2378 2928 continuationi
2431 2873 2791 2926 Attrebatensi
2819 2873 3103 2925 innititur.
3135 2872 3284 2924 Anni
3316 2869 3476 2937 1122,
3514 2869 3675 2931 1126.

347 2940 506 3001 1133,
543 2941 695 3005 113-1,
739 2942 895 3007 1135,
930 2944 1086 3003 1137,
1116 2944 1275 3007 1138,
1308 2944 1466 3003 1141),
1514 2944 1648 2998 1145
1676 2940 1932 3011 leguntur
1978 2946 2145 2997 etiam
2182 2946 2242 2997 in
2287 2945 2534 2998 chronica
2558 2946 2609 2997 S.
2651 2945 2899 3008 Bavonis,
2938 2942 3075 3010 quod
3101 2948 3540 3011 superstructum
3563 2956 3684 2996 esse

348 3011 513 3064 codici
545 3013 851 3067 l’alcellensi
876 3030 1041 3082 supra
1066 3016 1162 3068 col.
1195 3015 1264 3068 29
1293 3016 1544 3079 vidimus,
1604 3017 1747 3070 unde
1780 3017 1894 3070 veri
1930 3015 2219 3071 admodum
2269 3016 2443 3070 simile
2490 3015 2721 3082 videtur,
2784 3015 3111 3069 monachum
3165 3014 3540 3069 Vatceiiensem
3570 3027 3687 3068 eos-

348 3082 468 3134 dem
493 3084 740 3139 habuisse
763 3091 813 3138 et
832 3088 1058 3151 fortasse
1079 3092 1131 3140 et
1156 3092 1334 3141 nostro
1358 3089 1617 3141 hausisse.

421 3251 580 3306 1114.
640 3251 815 3322 ((ἶοηι.
893 3254 1104 3314 Atreb.)
1166 3253 1469 3310 Concilium
1553 3254 1765 3311 Belvaci
1812 3254 1960 3310 cele-
1986 3262 2035 3330 (ἶ

351 3339 557 3397 bratur.

424 3433 580 3489 1118.
631 3434 750 3506 (Ιὸ.)
805 3433 1043 3490 Pascalis
1109 3452 1251 3507 papa
1303 3434 1464 3502 obiit,
1547 3437 1635 3492 cui
1697 3438 1963 3493 successit

350 3523 616 3579 Gelasius.
652 3524 879 3599 Magnus
897 3534 1093 3581 ventus
1146 3526 1319 3582 factus
1348 3536 1432 3584 est
1460 3528 1529 3583 ’12
1561 3528 1673 3583 Kal.
1715 3529 1837 3585 Jan.
1870 3546 1965 3585 su-

351 3615 559 3671 bruens
586 3626 763 3672 castra
786 3623 839 3673 et
858 3619 1227 3689 campanaria.

425 3710 581 3765 1119.
618 3710 914 3765 Balduinus
952 3726 1138 3766 comes
1194 3712 1463 3768 Flandrize
1522 3716 1754 3770 moritur
1813 3722 1868 3770 et
1910 3716 1965 3771 in

353 3798 589 3854 ecclesia
616 3799 788 3852 sancti
850 3800 1050 3855 Bertini
1104 3800 1369 3871 sepelitur
1426 3802 1501 3871 (cf
1525 3805 1741 3875 Proem.)
1800 3805 1964 3861 Karo-

355 3894 625 3963 lusncpos
666 3893 807 3962 ejus,
860 3893 1004 3949 ﬁlius
1044 3894 1308 3951 Cnutonis
1358 3898 1505 3972 regis
1560 3899 1856 3967 Danorum,
1911 3901 1963 3956 ei

353 3984 603 4039 succedit
669 3984 839 4052 (Cont.
902 3987 1111 4050 Atreb.)
1160 3986 1408 4042 Gelasius
1463 4004 1605 4060 papa
1661 3991 1814 4053 obiit.
1877 3993 1964 4048 cui

352 4076 596 4130 succedit
623 4075 877 4143 Calixtus,
912 4077 1005 4148 qui
1024 4078 1208 4133 Remis
1223 4080 1518 4135 concilium
1551 4083 1748 4138 tenuit.

428 4166 452 4219 1
496 4164 565 4218 22
618 4165 677 4219 lu
708 4165 957 4221 Flandria
987 4167 1134 4238 apud
1162 4168 1344 4223 villam
1371 4186 1494 4241 quae
1511 4170 1715 4226 dicitur
1741 4172 1962 4238 llovela,

356 4260 515 4309 natus
542 4262 624 4310 est
647 4271 786 4328 puer
812 4255 865 4309 in
886 4256 1113 4311 modum
1142 4256 1330 4328 piscis,
1363 4274 1465 4314 nec
1496 4259 1726 4317 brachia
1756 4262 1965 4317 habens

355 4362 459 4403 nec
486 4363 669 4403 coxas.

428 4438 583 4494 1124.
615 4439 731 4511 (Ib.l
762 4440 1000 4512 llyemps
1025 4440 1166 4497 facta
1204 4448 1287 4498 est
1314 4444 1638 4513 asperrima.

425 4532 581 4585 1125.
617 4532 806 4588 Fames
834 4534 1319 4590 vehementissima
1360 4535 1701 4605 supervenit,
1751 4552 1783 4589 a
1840 4536 1957 4591 Kal.

354 4625 488 4680 Nov.
522 4625 810 4696 incipiens,
859 4645 1034 4701 usque
1088 4630 1156 4685 ad
1194 4647 1362 4687 novas
1393 4631 1577 4706 fruges
1632 4634 1959 4703 perdurans.

1987 4586 2119 4697 D6,

2133 3256 2292 3311 1128.
2348 3254 2656 3310 Willelmus
2703 3269 2889 3310 comes
2943 3254 3172 3309 moritur
3226 3261 3281 3310 et
3338 3253 3394 3307 in
3445 3250 3684 3307 ecclesia

2060 3346 2233 3406 sancti
2267 3345 2471 3401 Bertini
2510 3343 2797 3414 sepelitur.
2856 3341 2949 3397 Cui
2983 3341 3252 3398 successit
3299 3339 3696 3397 Theodericus

2065 3438 2209 3494 filius
2232 3433 2558 3491 Theoderici
2582 3432 2740 3488 ducis
2768 3433 2837 3487 de
2863 3432 3120 3488 Ellesath.

2134 3530 2292 3586 1129.
2315 3528 2559 3599 Eclypsis
2589 3526 2732 3583 lunae
2773 3526 3029 3598 apparuit
3053 3526 3086 3581 4
3116 3525 3230 3580 Kal.
3264 3524 3464 3580 Novbr.

2136 3618 2293 3676 1130.
2330 3616 2600 3674 Honorius
2644 3631 2786 3687 papa
2832 3614 2990 3670 obiit.
3048 3613 3348 3670 Contencio
3404 3613 3546 3669 inter
3577 3614 3676 3668 Pe-

2066 3720 2206 3767 trum
2235 3710 2405 3764 filium
2438 3706 2637 3763 Leonis
2666 3715 2722 3762 et
2762 3707 3084 3780 Gregorium
3135 3704 3205 3761 de
3234 3705 3434 3761 Sancto
3463 3705 3674 3780 Angelo

2066 3805 2135 3860 dc
2166 3810 2391 3875 papatu.

2136 3893 2296 3949 1131.
2331 3894 2386 3948 In
2419 3893 2550 3948 villa
2580 3890 2998 3948 Viromandensi
3052 3895 3213 3946 natus
3267 3896 3352 3946 est
3377 3907 3536 3962 puer,
3580 3891 3688 3948 tria

2066 3988 2246 4059 capita
2298 3988 2511 4044 habens
2571 3988 2908 4060 totidemque
2974 4003 3188 4042 manus.
3246 3986 3541 4043 Gombusta
3603 3994 3691 4044 est

2067 4079 2197 4136 villa
2225 4079 2399 4134 sancti
2430 4078 2667 4133 Rieharii
2690 4078 2746 4132 in
2776 4092 2918 4153 pago
2962 4076 3190 4133 Pontivo
3255 4077 3382 4144 sita,
3434 4094 3556 4133 cum
3580 4095 3683 4135 ec-

2067 4171 2235 4226 clesia
2259 4171 2507 4240 ejusdem
2552 4170 2748 4237 sancti,
2786 4170 2842 4224 in
2882 4186 2992 4241 qua
3022 4169 3148 4240 plus
3180 4185 3345 4241 quam
3391 4169 3503 4225 duo
3530 4170 3688 4226 milia

2067 4263 2351 4319 hominum
2375 4279 2499 4319 cum
2530 4263 2863 4319 mulieribus
2893 4269 2949 4318 et
2982 4261 3287 4317 infantibus
3313 4262 3529 4318 incensi
3564 4279 3693 4335 per-

2066 4356 2348 4421 hibentur,
2378 4372 2411 4409 a
2438 4353 2662 4427 llugone
2693 4354 2895 4426 Campo
2934 4370 3143 4420 avenae,
3187 4355 3282 4426 qui
3317 4354 3554 4410 eandem
3586 4355 3691 4411 vil-

2065 4449 2172 4504 lam
2202 4464 2328 4504 cum
2357 4448 2477 4504 suis
2506 4448 2775 4504 militibus
2802 4447 3097 4503 obseditet
3128 4448 3398 4503 incendit.

2138 4539 2294 4595 1133.
2342 4538 2433 4595 801
2486 4539 2809 4595 obscuratus
2865 4545 2947 4594 est
2997 4540 3031 4593 4
3080 4539 3221 4594 Non.
3292 4539 3519 4610 Augusti
3553 4539 3689 4595 hora

2162 4631 2235 4687 ita
2260 4638 2320 4687 ut
2345 4631 2503 4687 stelle
2535 4632 2593 4686 in
2623 4631 2744 4687 celo
2796 4638 3151 4703 apparerent.
3192 4632 3350 4702 Apud
3382 4631 3583 4706 Bergas
3629 4632 3685 4686 in

357 4714 585 4770 Pontius
613 4716 683 4751 ⁵0⁸
730 4717 902 4774 abbas
926 4720 1305 4778 Cluniacensis
1350 4723 1453 4778 sub
1485 4725 1734 4780 custodia
1766 4726 1968 4781 Roma-
2065 4723 2193 4779 villa
2227 4723 2422 4777 Beirna
2466 4722 2615 4777 dicta
2669 4729 2833 4776 natus
2888 4728 2972 4777 est
2999 4737 3177 4796 agnos
3201 4722 3313 4778 duo
3344 4722 3554 4777 habens
3585 4738 3686 4777 ca-

356 4805 413 4861 ni
454 4804 731 4877 pontificis
784 4809 837 4863 in
888 4825 1108 4868 carcere
1150 4821 1206 4869 et
1265 4815 1503 4871 vinculis
1542 4816 1697 4872 obiit.
1732 4816 1961 4882 Quidam

356 4914 499 4970 puer
527 4897 785 4973 Anglicus
809 4916 839 4953 a
874 4900 1077 4958 lumbis
1106 4905 1361 4960 deorsum
1413 4914 1746 4975 contractus,
1794 4907 1850 4962 in
1879 4907 1966 4962 Si-

355 4988 475 5044 thiu
496 4988 709 5043 meritis
724 4990 896 5045 sancti
921 4990 1164 5047 Folcuini
1199 4994 1443 5068 erigitur.

427 5082 586 5137 1126.
619 5081 782 5138 Venit
810 5082 996 5138 clades
1044 5088 1401 5156 permaxima,
1453 5107 1575 5163 quae
1602 5096 1711 5146 tam
1734 5091 1967 5147 divitum

355 5188 519 5244 quam
548 5188 854 5244 pauperum
878 5173 1221 5230 innumeram
1273 5178 1504 5245 extinxit
1534 5180 1962 5239 multitudinem.

426 5262 563 5317 1127
609 5264 734 5334 (Ιὸ.)
773 5263 1003 5321 Karolus
1033 5281 1220 5321 comes
1277 5266 1544 5325 Flandriae
1580 5270 1774 5344 Brugis
1819 5272 1966 5328 occi-

357 5349 546 5419 ditur;
579 5353 668 5408 cui
718 5355 985 5410 successit
1035 5354 1364 5425 Willelmus,
1407 5358 1548 5415 lilius
1604 5361 1821 5417 ltoberti
1863 5376 1963 5418 co-

356 5440 504 5497 mitis
531 5441 990 5502 Normannorum.

2067 4816 2197 4886 pita.
2236 4815 2423 4889 Bergis
2444 4814 2685 4870 nascitur
2715 4813 2917 4879 infans,
2951 4813 3211 4870 bissenos
3234 4815 3439 4889 digitos
3470 4814 3687 4870 habens

2065 4909 2120 4984 in
2140 4908 2397 4962 manihus
2412 4914 2466 4962 et
2485 4907 2717 4963 totidem
2744 4907 2801 4961 in
2826 4906 3082 4978 pedibus,
3107 4913 3162 4961 et
3190 4906 3407 4980 reliqua
3430 4906 3679 4962 membra

2066 4998 2276 5053 habens
2296 4997 2479 5052 omnia
2519 5005 2704 5068 preter
2759 4994 2978 5051 faciem.
3039 4995 3170 5050 Nam
3216 5011 3321 5052 nec
3377 5001 3545 5067 caput
3583 5011 3687 5051 nec

2068 5086 2261 5143 oculos
2276 5102 2380 5141 nec
2409 5102 2602 5141 nasum
2631 5101 2733 5142 nec
2770 5101 2832 5141 os
2864 5085 3058 5142 habuit
3090 5085 3275 5153 ;unde
3323 5091 3378 5141 et
3409 5100 3521 5141 uno
3553 5094 3683 5140 tan-

2068 5186 2183 5235 tum
2204 5179 2293 5234 die
2314 5178 2472 5234 vixit.

2140 5272 2297 5326 1134.
2350 5270 2418 5326 lt
2458 5269 2573 5326 Kal.
2632 5272 2738 5327 Jul.
2792 5272 2978 5327 audita
3007 5277 3135 5326 sunt
3176 5270 3440 5337 tonitrua,
3481 5270 3685 5326 choru-

2065 5363 2451 5435 scationesque
2498 5362 2790 5419 fulminum
2842 5362 3077 5420 insolita:
3145 5369 3547 5435 apparuerunt,
3608 5361 3684 5417 ita

2064 5463 2123 5511 ut
2169 5456 2393 5528 quidam
2440 5457 2631 5512 mundi
2671 5457 3207 5514 consummationem
3254 5454 3478 5511 affuisse
3525 5462 3683 5526 puta-

1744 5580 1960 5636 VARl/E
1995 5581 2365 5640 LECTIONES.

429 5637 500 5673 ⁵⁰⁶
529 5638 736 5698 Pontus
762 5646 871 5700 cod.
