3930 6068
159 273 272 330 381

1105 273 1455 330 CHBONICA.
1499 305 1566 316 --
1609 275 2046 334 CONTINUATIO
2086 278 2610 336 BUBBURGENSIS.

3424 279 3530 338 382

164 409 324 458 rent.
360 403 560 458 Civitas
613 403 848 474 Tripolis
879 419 910 458 a
941 403 1262 475 Babyloniis
1299 411 1384 461 est
1413 405 1663 474 obsessa,
1703 407 1802 462 sed
1836 413 1884 481 Α
1908 409 2130 476 struxit;
2167 411 2219 465 in
2267 425 2500 482 quorum
2531 410 2690 466 ruina
2747 409 3022 477 homines,
3065 397 3318 474 feminas,
3382 427 3528 481 pue-

163 494 478 550 miseraute
519 495 630 552 Deo
679 511 805 552 mox
837 513 934 568 per
985 511 1169 570 regem
1229 497 1720 554 Jherosolimorum
1751 507 1806 556 et

168 585 551 656 patriarcham
603 595 658 641 et
705 602 898 642 eorum
931 587 1258 651 exercitum,
1309 588 1452 643 cesis
1511 587 1811 644 Saraceno-

163 691 301 730 rum
339 675 534 750 viginti
559 675 782 732 milibus
809 684 866 733 et
893 676 1153 732 omnibus
1183 692 1374 733 eorum
1397 679 1574 749 captis
1611 679 1808 748 copiis,

166 769 476 845 magniﬁce
509 777 594 825 est
617 771 866 828 liberata.
899 771 1178 828 Discordia
1211 788 1362 838 seva,
1411 789 1520 845 que
1549 774 1694 828 inter
1722 789 1810 828 re-

174 879 313 937 gem
347 864 806 920 Jerosolimorum
829 876 884 921 et
908 866 1165 922 comitem
1191 865 1584 939 Trypolensem
1611 868 1808 933 fuerat,

165 969 400 1008 summe
432 951 742 1024 paciﬁcata,
785 963 840 1009 et
887 954 1104 1010 obsidio
1147 955 1468 1012 Ascalonica
1508 956 1810 1011 communi-

167 1052 260 1099 ter
309 1044 516 1114 jurata.
563 1043 871 1100 Concilium
932 1046 1118 1102 Remis
1165 1046 1422 1110 habetur,
1485 1047 1808 1104 Innocentio

169 1151 328 1206 papa
357 1137 607 1192 secundo
634 1136 1016 1194 Pontiticante.

248 1227 416 1282 1135.
452 1227 680 1302 Magnus
718 1237 920 1284 ventus
967 1227 1144 1285 factus
1183 1237 1269 1284 est
1315 1229 1349 1286 5
1379 1229 1490 1284 Kal.
1546 1231 1675 1287 Nov.
1702 1239 1810 1287 tam

165 1317 504 1385 vehemens,
535 1326 596 1374 ut
628 1326 805 1376 turres
837 1320 1213 1376 ecclesiarum
1247 1321 1555 1393 domosque
1583 1323 1803 1379 urbium

161 1409 522 1466 subverteret
551 1428 651 1482 per
706 1412 922 1468 diversa
977 1413 1118 1470 loca.
1163 1413 1430 1469 Henricus
1461 1431 1557 1469 rex
1600 1417 1800 1488 Anglo-

163 1517 293 1555 rum
345 1501 504 1558 obiit.
544 1503 806 1559 Succedit
843 1505 1154 1576 Stephanus
1185 1520 1374 1562 comes
1402 1507 1670 1574 Bononie,
1703 1525 1800 1565 ne-

163 1609 270 1664 pos
331 1593 469 1662 ejus.
533 1595 730 1651 Audita
777 1603 907 1652 sunt
949 1597 1190 1653 tonitrua
1219 1613 1284 1652 ac
1312 1599 1808 1658 choruschatioues

163 1684 466 1741 fulminum
495 1687 608 1743 vise
639 1687 719 1744 ld.
754 1689 1076 1746 Decenbris.
1112 1691 1173 1746 ln
1205 1689 1432 1747 Francia
1453 1694 1800 1750 cometavisa

159 1785 275 1834 est.

247 1875 408 1932 1136,
445 1874 677 1940 Quidam
720 1878 1009 1949 presbyter
1040 1877 1362 1935 Heribertus
1415 1881 1661 1949 nomine,
1692 1882 1798 1938 Re—

163 1968 277 2023 mis
307 1968 378 2024 de
407 1969 588 2024 heresi
621 1971 907 2028 convictus
937 1972 1293 2046 degradatur.

239 2056 403 2114 1137.
465 2059 580 2114 Duo
615 2060 773 2130 pueri
802 2068 1125 2127 nascuntur,
1159 2077 1306 2116 unus
1337 2061 1394 2123 in
1433 2077 1575 2136 pago
1593 2063 1796 2120 Novio-

158 2145 370 2213 mensi,
423 2146 563 2203 alter
611 2147 667 2202 iu
719 2164 859 2221 pago
900 2147 1190 2216 Leuseusi,
1222 2149 1425 2206 mitrati
1467 2151 1626 2207 mitra
1681 2167 1795 2206 car-

160 2254 300 2304 nea,
331 2255 398 2295 ae
421 2239 468 2294 si
499 2247 649 2295 esset
692 2239 860 2304 linea,
890 2241 1082 2296 caudis
1110 2241 1325 2296 carneis
1355 2257 1386 2296 a
1413 2242 1555 2298 collo
1585 2243 1792 2314 depen-

159 2329 452 2398 dentibus,
498 2347 562 2386 ac
599 2331 646 2386 si
695 2338 884 2388 essent
935 2333 1118 2404 capilli
1155 2333 1309 2404 plexi
1361 2350 1516 2390 more
1555 2335 1788 2390 militum

161 2437 357 2478 comas
398 2423 760 2479 uutrientium
809 2430 868 2479 et
895 2425 1275 2496 plectentium.
1307 2425 1637 2482 Mouasteria
1666 2427 1790 2498 plu—

163 2511 306 2567 rima
348 2511 541 2568 divino
571 2513 788 2582 judicio
816 2515 920 2570 hoc
946 2531 1094 2571 anno
1119 2523 1562 2573 coneremantur.
1599 2518 1787 2574 Ludo-

163 2601 324 2656 vicus
375 2617 468 2656 rex
511 2601 742 2658 Frantiaa
768 2603 918 2669 obit;
965 2604 1213 2660 succedit
1260 2603 1406 2659 ﬁlius
1449 2606 1572 2674 ejus
1610 2606 1786 2662 Ludo-

162 2690 342 2756 vicus,
377 2689 468 2762 qui
501 2689 652 2745 ducit
680 2689 849 2745 ﬁliam
901 2691 1122 2748 comitis
1179 2692 1517 2750 Pictavensis
1545 2711 1794 2752 uxorem.

171 2781 382 2838 Luthro
409 2798 501 2838 rex
540 2782 839 2839 Alemanize
869 2783 1030 2839 obiit.

239 2870 400 2925 1138.
437 2871 629 2927 Petrus
660 2869 804 2926 ﬁlius
859 2872 1005 2928 Petri
1055 2873 1274 2940 Leonis,
1311 2875 1579 2943 presbiter
1615 2875 1797 2930 cardi-

167 2961 312 3016 nalis
343 2962 488 3018 tituli
538 2963 754 3018 Sancta:
800 2963 982 3019 Maria:
1015 2972 1164 3020 trans
1209 2964 1486 3037 Tyberim,
1541 2967 1793 3024 moritur.

1913 517 2018 567 ros,
2061 517 2368 574 pecoraque
2403 518 2500 572 per
2529 501 2648 557 loca
2667 502 2929 557 nonnulla
2961 501 3084 556 neci
3114 500 3363 558 involvit.
3388 501 3530 559 Mare

1921 595 2087 650 etiam
2122 597 2176 650 in
2235 595 2354 664 ipsa
2408 594 2720 664 epdomada
2780 593 3039 650 terminos
3092 609 3224 650 suos
3253 599 3528 667 trausgre-

1912 687 2094 754 dieus,
2127 687 2425 758 plurimum
2461 695 2726 741 terrarum
2759 685 3096 741 summersit.

1984 779 2139 834 1144.
2193 777 2498 833 Celestinus
2557 793 2701 849 papa
2753 777 3003 842 moritur,
3060 783 3114 831 et
3149 776 3348 832 Lucius
3387 793 3531 850 papa

1910 871 2190 927 secundus
2217 871 2473 926 Romana:
2502 870 2752 926 ecclesia).
2773 867 3053 941 preﬁcitur

1981 965 2140 1019 M45.
2190 963 2388 1019 Lucius
2436 978 2576 1034 papa
2633 961 2884 1030 moritur,
2951 961 3228 1037 Eugenius
3284 963 3352 1016 Ill
3407 977 3530 1019 suc-

1909 1052 2076 1108 cedit.
2111 1053 2336 1108 Cometa
2361 1051 2478 1106 visa
2507 1060 2608 1106 est.

1985 1145 2142 1199 1148.
2176 1143 2479 1200 Concilium
2535 1143 2720 1198 Remis
2769 1145 2837 1212 ab
2878 1143 3127 1217 Eugenio
3186 1159 3328 1216 papa
3371 1144 3526 1200 cele-

1913 1239 2106 1293 bratur
2132 1237 2200 1271 ⁵⁰⁸

1984 1326 2140 1382 1163.
2179 1325 2467 1380 Hcinriens
2497 1341 2590 1380 rex
2644 1325 2869 1398 Angliae,
2929 1341 3096 1395 supra
3135 1325 3285 1396 quod
3325 1323 3530 1380 dicitur

1905 1419 2050 1474 Deus
2079 1424 2172 1472 aut
2200 1417 2348 1488 quod
2380 1415 2579 1470 colitur
2603 1414 2860 1470 efferatus
2885 1421 2940 1469 et
2970 1415 3026 1468 in
3061 1413 3380 1483 superbiam
3414 1413 3530 1468 ela-

1905 1518 2011 1576 tus,
2060 1525 2284 1564 assensu
2336 1508 2534 1582 [ingeri
2596 1506 2955 1562 Eboracensis
3005 1503 3410 1576 archiepisc0pi
3471 1509 3530 1560 et

1909 1599 2190 1655 Gilleberti
2245 1598 2647 1652 Londoniensis
2691 1595 2959 1668 episcOpi,
3008 1611 3111 1649 nec
3159 1610 3271 1648 non
3324 1593 3527 1664 llylarii

1901 1688 2263 1746 Cicestrensis
2303 1687 2578 1758 episc0pi,
2616 1694 2670 1742 et
2709 1685 3076 1758 quorumdam
3133 1683 3391 1748 aliorum,
3448 1681 3529 1736 si-

1821 1741 2008 1834 Bmul
2061 1778 2224 1833 etiam
2283 1741 2531 1833 omnium
2607 1775 2874 1830 baronum
2940 1788 3189 1835 suorum,
3251 1769 3524 1827 llichardo

1897 1868 2062 1925 etiam
2090 1865 2404 1923 consiliario
2451 1879 2552 1919 suo
2585 1863 2910 1919 Pictaviensi
2973 1861 3384 1932 archydiacouo
3413 1859 3522 1914 im-

1895 1962 2156 2034 pellente,
2197 1967 2388 2016 contra
2411 1958 2504 2027 jus
2528 1963 2585 2013 et
2617 1957 2694 2012 l'as
2723 1972 2946 2012 omnem
2977 1955 3310 2028 dignitatem
3345 1961 3404 2008 et
3427 1969 3522 2008 ec-

1895 2047 2545 2118 clesiasticaedisciplime
2592 2061 2880 2100 censuram
2913 2044 3183 2099 violenter
3208 2043 3318 2098 sibi
3358 2059 3517 2098 usur-

1895 2158 2006 2219 pat.
2049 2147 2218 2212 Quam
2245 2145 2316 2202 ob
2349 2159 2566 2199 causam
2609 2143 2872 2198 domuum
2905 2139 3188 2207 Thomam,
3231 2139 3515 2209 archiepi-

1893 2259 2121 2314 scopum
2169 2239 2640 2298 Cantuariensem.
2685 2235 2861 2290 virum
2922 2232 3264 2308 religiosum,
3335 2231 3514 2301 gloria

1893 2341 1948 2390 et
1977 2335 2190 2388 honore
2221 2331 2473 2406 dignum,
2527 2329 2658 2384 huic
2711 2325 2998 2398 apostasiae
3039 2324 3254 2380 fortiter
3292 2329 3515 2378 contra-

1892 2424 2266 2490 dicentem,et
2305 2435 2426 2475 sese
2453 2435 2548 2488 pro
2590 2416 2813 2486 justicia
2862 2423 2917 2470 et
2967 2413 3191 2469 veritate
3249 2419 3514 2468 constan-

1893 2522 1977 2568 ter
2006 2511 2164 2567 morti
2195 2515 2588 2582 apponcntem,
2617 2505 2689 2561 ab
2721 2504 2914 2578 Anglia
2955 2501 3276 2558 eliminavit.
3319 2501 3420 2566 Qui
3453 2507 3516 2556 ut

1889 2602 2056 2657 valuit
2081 2600 2314 2656 latenter
2372 2596 2614 2652 evadens
2645 2603 2696 2652 et
2750 2610 2896 2649 mare
2938 2593 3319 2657 trausfretans,
3366 2590 3512 2661 apud

1900 2693 2188 2750 ecclesiam
2227 2691 2370 2745 beati
2402 2688 2608 2744 Bertiui
2645 2686 2878 2758 appulit,
2907 2685 2999 2739 ubi
3053 2683 3376 2749 honoriﬁce,
3405 2683 3516 2738 sic-

1899 2787 1959 2836 ut
1984 2787 2192 2836 tantum
2220 2779 2396 2833 virum
2437 2777 2690 2843 decebat,
2724 2781 3017 2844 susceptus
3047 2779 3149 2826 est.
3185 2771 3355 2847 Digne
3386 2771 3515 2842 qui-

1898 2873 2045 2938 dem,
2075 2889 2202 2926 nam
2245 2877 2299 2925 et
2327 2876 2550 2925 sanctus
2583 2869 2897 2922 Dunstanus
2929 2873 2984 2920 et
3030 2873 3254 2919 sanctus
3320 2863 3515 2917 Ansel-

1898 2981 2020 3019 mus
2073 2963 2142 3018 de
2197 2960 2390 3036 Anglia
2439 2958 2730 3022 eliminati,
2773 2959 2919 3011 hunc
2965 2957 3146 3010 locum
3189 2953 3512 3027 peregrina-

172 3052 480 3108 Reiualdus
527 3053 818 3110 Remensis
848 3056 1302 3128 archiepiscopus
1340 3058 1474 3115 obit.
1539 3059 1792 3115 Auditum
1825 3042 2061 3112 Ctionis
2100 3072 2213 3111 sua:
2253 3061 2440 3125 aptum
2481 3053 2785 3128 elegerunt.
2839 3051 2895 3104 ln
2931 3064 3070 3122 pago
3117 3047 3267 3120 quod
3313 3045 3517 3101 dicitur

170 3155 254 3202 est
289 3147 594 3203 tonitruum
633 3148 668 3205 8
722 3149 836 3205 Kal.
877 3151 985 3206 .lul.
1055 3151 1215 3221 cujus
1269 3151 1412 3207 ictus
1467 3169 1598 3209 vere
1629 3155 1805 3210 extitit

172 3237 480 3304 horribilis,
508 3240 640 3312 quia
692 3240 884 3298 auditu
931 3241 1322 3310 intolerabilis,
1362 3253 1417 3300 et
1477 3244 1604 3301 ideo
1635 3247 1802 3302 mira.

174 3325 308 3382 bilis

246 3419 411 3478 1139.
449 3419 621 3474 Roma
684 3421 1011 3478 Innocentio
1053 3439 1209 3494 papae
1240 3423 1576 3494 paciﬁcatur.
1611 3425 1802 3482 Conci-

177 3510 314 3566 lium
346 3511 612 3586 generale
668 3511 991 3566 Lateranuis
1021 3521 1326 3569 revocatur.
1374 3514 1618 3586 Eclypsis
1671 3516 1805 3572 solis

179 3598 322 3654 facta
349 3607 433 3654 est
460 3598 528 3656 13
553 3599 776 3670 Aprilis,
807 3601 944 3656 hora
968 3601 1303 3672 vespertina.

251 3687 414 3742 1140.
448 3686 678 3743 Samson
733 3689 980 3744 decanus
1033 3689 1385 3746 Carnotensis
1425 3689 1484 3746 ﬁt
1521 3691 1805 3763 archiepi-

175 3795 382 3850 sc0pus
428 3773 738 3836 Remensis.
773 3782 1087 3854 Stephanus
1143 3798 1234 3838 rex
1267 3784 1475 3856 Anglia;
1501 3794 1556 3840 et
1587 3785 1805 3841 Baldui-

175 3888 280 3927 nus
311 3871 702 3928 Hainonicnsis
759 3890 947 3930 comes
1009 3891 1133 3931 cum
1190 3875 1418 3950 llugone
1480 3875 1804 3934 Candavcna

173 3967 373 4022 Contra
401 3967 803 4026 Theodericum
835 3972 1092 4026 comitem
1145 3971 1414 4028 Flandriaz
1458 3975 1800 4046 conspirant.

177 4056 390 4122 Quibus
428 4057 520 4112 ille
553 4071 662 4114 non
727 4059 848 4114 sine
905 4075 1096 4113 eorum
1155 4059 1305 4133 gravi
1343 4060 1580 4128 jactura,
1639 4065 1804 4118 terris

179 4161 370 4202 eorum
394 4145 633 4211 ﬂamma,
667 4146 832 4214 ferro,
866 4147 1444 4219 hominumcaptione,
1479 4150 1802 4208 animalium

181 4237 580 4308 depredatione
610 4255 673 4294 ac
703 4245 1006 4296 castrorum
1053 4240 1416 4297 subversioue
1481 4243 1714 4300 vastatis
1735 4245 1804 4280 ⁵0⁷

181 4329 414 4385 viriliter
453 4330 670 4386 restitit.

255 4417 410 4473 1142.
447 4417 685 4490 Hyemps
725 4420 1027 4492 asperrima
1059 4428 1115 4476 et
1173 4421 1416 4488 diutina;
1445 4438 1608 4494 quam
1654 4423 1806 4479 inse-

183 4514 310 4564 cuta
337 4515 420 4564 est
455 4517 566 4565 tam
594 4509 813 4566 insolita
842 4526 1112 4582 aquarum
1143 4510 1457 4578 inundatio,
1491 4518 1548 4566 ut
1578 4510 1807 4568 ﬂumina

187 4617 220 4656 a
269 4600 383 4656 suis
409 4601 580 4657 alveis
632 4602 756 4674 plus
808 4603 974 4658 solito
1014 4603 1272 4658 exeuntia
1331 4609 1550 4674 pontes,
1611 4605 1806 4662 domos

188 4709 312 4748 cum
346 4690 590 4760 familiis,
635 4699 812 4749 castra
842 4693 1091 4766 proxima
1149 4699 1484 4759 everterunt,
1528 4701 1582 4750 et
1613 4709 1800 4750 secum

188 4793 356 4841 tracta
389 4784 750 4841 involverent.

261 4878 419 4932 1143.
477 4877 835 4933 innocentius
891 4894 1033 4948 papa
1062 4878 1342 4934 secundus
1380 4879 1530 4945 obit;
1567 4879 1655 4934 cui
1687 4895 1808 4935 suc-

190 4963 355 5022 cessit
404 4960 728 5020 Celestinus.
779 4965 846 5020 11
912 4966 1024 5021 Kal.
1088 4966 1243 5022 Febr.
1275 4974 1472 5024 ventus
1510 4969 1810 5024 vehemens

191 5073 254 5112 ex
301 5057 490 5112 dextro
531 5057 703 5113 latere
759 5057 1231 5129 scptemtrionalis
1289 5059 1462 5136 plagae
1521 5060 1809 5132 processit,

191 5147 283 5218 qui
315 5160 488 5216 usque
525 5145 594 5200 ad
626 5145 987 5202 fundamenta
1039 5147 1307 5203 ecclesias
1337 5149 1554 5214 evertit,
1587 5165 1808 5220 campa-

196 5236 344 5289 naria
399 5243 688 5306 turresque
739 5236 1133 5292 inestimahilis
1193 5237 1461 5308 ponderis
1515 5237 1810 5310 multaeque

191 5323 530 5382 fortitudinis
561 5326 888 5383 comminuit
936 5333 1102 5398 atque
1150 5329 1374 5397 dejecit,
1407 5328 1638 5385 arbores
1670 5329 1812 5385 radi-

191 5413 328 5468 citus
411 5413 629 5472 evulsas
695 5415 966 5472 subvertit
1034 5415 1258 5472 castella
1341 5418 1648 5490 domosque
1719 5418 1812 5474 de-

1904 3147 2079 3203 sancti
2109 3143 2424 3210 Audomari,
2479 3143 2531 3197 in
2591 3139 2882 3213 parrochia
2939 3145 3142 3193 sanctae
3184 3136 3518 3208 Margarctaz,

1905 3243 1959 3297 in
1981 3241 2222 3295 adventu
2253 3235 2470 3292 Domini
2501 3234 2811 3290 ebdomada
2847 3233 2904 3298 2,
2933 3237 3092 3286 natus
3112 3238 3195 3284 est
3225 3228 3403 3284 infans
3425 3227 3518 3282 bi-

1905 3345 2036 3400 ceps
2065 3345 2190 3384 cum
2222 3332 2480 3398 quattuor
2511 3324 2750 3380 brachiis
2779 3329 2833 3377 et
2887 3320 3114 3376 totidem
3148 3317 3425 3384 manibus,
3461 3316 3518 3372 in

1907 3420 2278 3477 anterioribus
2299 3418 2521 3489 quidem
2561 3415 2838 3491 geminam
2872 3420 3120 3468 naturam
3163 3411 3330 3464 maris
3361 3415 3415 3463 et
3445 3408 3520 3463 fe-

1905 3513 2092 3577 minae,
2135 3510 2188 3566 in
2213 3507 2613 3581 posterioribus
2661 3520 2824 3560 unam
2859 3509 3069 3558 tantum
3097 3495 3398 3574 egestionis
3430 3496 3521 3550 ha-

1903 3602 2061 3656 hens.

1977 3693 2132 3749 1164.
2179 3692 2237 3746 ln
2295 3687 2608 3743 Senoueusi
2665 3683 2900 3741 ecclesia
2967 3681 3076 3736 tale
3121 3678 3254 3752 quid
3297 3675 3518 3732 accidit.

1908 3785 2060 3841 Feria
2115 3783 2148 3839 6
2201 3784 2254 3837 in
2315 3795 2610 3852 parasceve
2667 3775 3104 3846 arehydiaconus
3163 3785 3307 3824 unus
3371 3767 3518 3835 ejus-

1905 3875 2026 3930 dem
2059 3872 2296 3929 civitatis
2317 3870 2620 3924 defuuctus
2640 3865 2860 3936 jacebat
2898 3865 2953 3918 in
2977 3859 3234 3926 ecclesia,
3261 3864 3522 3930 quattuor

1903 3965 2163 4022 crucibus
2218 3961 2611 4027 circumdatus,
2671 3973 2901 4030 quarum
2943 3971 3073 4019 una,
3107 3967 3214 4025 que
3248 3951 3316 4006 ad
3357 3957 3524 4022 caput

1904 4063 2037 4118 erat,
2074 4051 2379 4125 proetosior
2407 4056 2525 4106 erat
2577 4047 2792 4104 ceteris.
2839 4047 3000 4102 Facto
3049 4051 3228 4098 autem
3275 4055 3522 4113 congruo

1905 4156 2174 4216 tempore,
2219 4157 2330 4214 quo
2380 4137 2566 4196 ofﬁcia
2606 4136 2716 4192 diei
2748 4135 3180 4198 celebrarentur;
3217 4131 3525 4186 Alexander

1913 4249 2070 4305 papa.
2113 4233 2207 4304 qui
2261 4238 2392 4286 tunc
2420 4229 2628 4284 ibidem
2683 4224 3018 4289 morabatur,
3069 4238 3192 4278 cum
3243 4221 3391 4276 clero
3421 4235 3524 4276 suo

1819 4350 1878 4418 D
1908 4345 1968 4389 se
1999 4327 2066 4382 ad
2097 4323 2279 4381 ofﬁcia
2304 4322 2520 4397 agenda
2558 4318 2883 4392 preparavit.
2921 4315 3130 4380 Quibus
3160 4312 3394 4384 inceptis
3430 4328 3526 4368 aer

1907 4421 2055 4493 cepit
2086 4416 2450 4475 commoveri.
2484 4413 2664 4470 Lectis
2705 4419 2886 4467 autem
2947 4407 3281 4464 lectionibus
3325 4415 3380 4460 et
3421 4408 3524 4460 de-

1907 4509 2139 4568 cantatis
2181 4505 2447 4563 tractibus
2503 4503 2569 4558 ad
2623 4502 2768 4556 diem
2820 4497 3252 4570 pertinentibus,
3292 4496 3526 4566 lincepta

1905 4603 2068 4658 etiam
2114 4597 2394 4670 passione,
2445 4594 2540 4650 ubi
2591 4599 2811 4648 ventum
2859 4598 2942 4644 est
3003 4589 3070 4643 ad
3129 4587 3306 4642 locum
3367 4585 3522 4641 illum

1905 4691 2193 4758 Cruci/tae,
2224 4687 2494 4754 cruciﬁgc,
2528 4688 2712 4736 tantus
2743 4679 2924 4752 fragor
2955 4693 3078 4732 cum
3111 4675 3362 4732 fulminis
3396 4691 3526 4748 per-

1901 4778 2162 4835 cussione
2194 4781 2424 4844 repente
2469 4769 2626 4824 irruit
2671 4783 2839 4838 super
2883 4781 3001 4832 eos,
3031 4771 3091 4820 ut
3119 4781 3186 4820 ue
3219 4781 3361 4821 unus
3391 4761 3523 4836 qui-

1904 4869 2029 4924 dem
2083 4869 2140 4922 in
2216 4873 2330 4920 tota
2385 4861 2622 4917 ecclesia
2696 4865 2979 4930 superstes
3024 4865 3372 4920 remaneret;
3427 4853 3525 4910 sed

1905 4977 2102 5019 omnes
2141 4957 2461 5014 ceciderunt
2510 4954 2564 5008 iu
2631 4962 2852 5019 terram,
2909 4950 3033 5006 facti
3097 4949 3248 5005 velut
3301 4945 3525 5002 mortui.

1909 5053 2050 5108 Crux
2095 5050 2264 5106 etiam
2309 5046 2555 5118 predicta
2609 5044 2871 5116 pretiosa,
2913 5041 3070 5114 quasi
3101 5055 3252 5096 serra
3283 5052 3380 5108 per
3408 5050 3528 5089 me-

1909 5146 2059 5200 dium
2091 5150 2294 5208 secata,
2332 5140 2390 5195 in
2420 5139 2560 5194 duas
2587 5145 2768 5209 partes
2785 5135 3010 5203 cecidit,
3035 5147 3264 5207 quarum
3296 5143 3405 5182 una
3443 5133 3556 5182 est‘

1910 5239 2155 5302 inventa,
2188 5235 2362 5290 altera
2390 5247 2517 5304 pars
2563 5229 2794 5286 omnino
2849 5225 3136 5299 disparuit.
3191 5223 3318 5278 Post
3359 5234 3524 5274 unam

1910 5341 2040 5382 vero
2069 5326 2255 5380 horam
2297 5336 2442 5394 papa
2480 5329 2535 5375 et
2591 5319 2776 5375 clerus
2812 5333 2945 5374 suus
2975 5313 3390 5385 resipisceutes,
3437 5325 3524 5366 sa-

1913 5418 1982 5473 tis
2001 5433 2126 5472 cum
2158 5413 2349 5471 dolore
2381 5419 2436 5468 et
2464 5411 2662 5468 timore
2695 5410 2936 5466 ofﬁcium
2970 5409 3324 5481 peregerunt.

1532 5523 1752 5579 VARUE
1792 5521 2068 5580 LECTION
2073 5523 2171 5580 ES.

267 5621 345 5696 5°7_
363 5623 502 5678 hanc
555 5638 734 5696 uocem
773 5627 1042 5696 suppleat,
1074 5625 1228 5696 deest
1263 5625 1456 5680 codici.

196 5693 448 5752 accidisse
477 5695 712 5768 videtur,
753 5693 898 5768 quod
928 5713 980 5754 a.
1024 5694 1326 5754 1149-1162
1347 5696 1670 5755 continebat.

1532 5623 1600 5659 ⁵⁰⁸
1625 5627 1734 5682 Hic
1771 5627 1972 5696 folium
1999 5625 2226 5694 desinit;
2256 5616 2479 5695 segnem
2507 5622 2703 5693 incipit
2731 5633 2850 5677 cum
2869 5633 2924 5676 α.
2952 5613 3112 5686 1163,
3152 5611 3294 5671 unde
3330 5610 3528 5680 folium
