3930 6068
281 234 387 290 383
1491 225 1835 282 SIGEBERTI
1875 225 2392 283 GEMBLACENSIS.
3500 225 3610 283 384

871 572 1811 721 CONTINUATIO
1915 571 3005 680 VALCELLENSIS.

359 784 551 858 Codice
584 784 657 839 82
685 786 987 856 deperdita,
1018 788 1439 843 continuationis
1468 790 1682 841 tantum
1712 788 1843 841 dare
1871 801 2158 858 possumus
2183 802 2246 841 ea
2282 801 2402 857 quae
2431 786 2650 841 Mirm
2681 788 2783 840 ina:
2812 786 3100 854 emcerpsit.
3137 784 3214 858 At
3249 785 3415 839 multo
3447 786 3618 855 plura

286 859 479 924 fuisse,
511 857 661 912 docet
688 859 968 928 quodhuic
993 862 1422 927 superstructum
1448 874 1617 928 supra
1641 856 1892 913 discimus
1910 858 2008 914 col.
2042 856 2110 913 29
2130 856 2431 913 Chronicon
2460 858 2519 914 S.
2547 858 2912 922 Bavonis;ubi
2936 871 3043 911 non
3068 856 3222 911 modo
3246 871 3314 911 ea:
3339 858 3615 912 Miraanis

289 929 540 1000 leguntur
554 929 820 998 plurima,
843 929 937 983 sed
952 931 1124 983 multa
1145 945 1357 999 quoque
1372 930 1507 993 alia,
1522 945 1646 999 qua
1659 931 1852 1000 procul
1868 930 2036 984 dubio
2061 944 2130 983 ex
2151 930 2475 985 Vatceliensi
2501 929 2787 999 desumpta
2807 933 2959 1000 sunt;
2993 928 3088 1000 sed
3096 943 3344 1000 quanam
3364 930 3473 982 sint
3494 929 3612 992 illa,

286 1002 347 1052 id
386 999 605 1069 quidem
643 1005 783 1055 certo
812 1002 923 1055 dici
957 1004 1166 1071 nequit,
1194 1017 1364 1071 quum
1395 1002 1521 1055 aliis
1541 999 1704 1055 etiam
1734 1006 1930 1071 praeter
1962 1001 2052 1056 ΒΞ.
2084 1001 2327 1068 fontibus
2342 1016 2472 1056 usus
2498 1001 2670 1067 fuerit

2707 999 3024 1069 compilator
3053 992 3370 1054 Gundensis.
3402 1002 3466 1054 E.
3499 1010 3618 1054 con-

284 1072 588 1125 tinuatione
608 1072 979 1134 Burburqensi
1006 1070 1254 1141 quaedam
1285 1073 1363 1126 ibi
1382 1073 1634 1140 leguntur
1652 1073 1751 1127 sub
1772 1089 1825 1126 a.
1860 1071 2020 1136 1122,
2048 1071 2209 1140 1126,
2232 1071 2562 1135 1136-1135,
2596 1070 2921 1135 1137-1140,
2954 1070 3112 1132 1144.
3140 1070 3304 1135 1145,
3337 1086 3405 1124 ea:
3433 1072 3617 1141 Aqui-

282 1143 523 1197 cinctina
559 1158 611 1195 a.
654 1142 979 1197 1119-1152.
1014 1145 1134 1198 Haec
1173 1146 1346 1210 igitur
1373 1146 1554 1198 omnia
1605 1144 1925 1213 compilator
1956 1142 2259 1200 Gandensis
2298 1146 2394 1197 aut
2421 1158 2489 1198 ex
2528 1143 2602 1197 B5
2633 1142 2708 1198 C5
2743 1143 2975 1209 collegit,
3007 1147 3103 1195 aut
3123 1142 3247 1211 jam
3277 1144 3337 1195 in
3369 1141 3441 1197 82
3467 1145 3616 1197 inve-

282 1216 386 1277 nit,
418 1213 480 1267 id
499 1213 645 1284 quod
669 1214 923 1269 libentius
961 1214 1286 1268 crediderim
1311 1229 1369 1269 co
1397 1215 1543 1284 quod
1581 1215 1880 1270 Chronicon
1906 1215 1981 1269 ad
2006 1230 2057 1268 a.
2094 1214 2232 1270 1150
2262 1215 2421 1269 habet
2450 1214 2696 1284 quaedam
2717 1229 2837 1284 quae
2872 1229 2977 1267 non
3000 1215 3059 1267 in
3101 1213 3194 1274 B5,
3226 1213 3320 1267 sed
3351 1215 3408 1267 in
3440 1213 3503 1267 B1
3542 1214 3619 1268 le-

280 1287 516 1350 guntur;
560 1283 626 1337 Bt
671 1289 849 1339 autem
888 1286 1203 1340 Valcettensi
1219 1286 1294 1339 ad
1320 1283 1516 1341 manus
1544 1287 1718 1353 fuisse
1741 1289 1879 1341 satis
1901 1289 2145 1355 apparet.
2170 1286 2296 1352 Sed,
2325 1290 2386 1339 ut
2410 1283 2520 1340 haec
2548 1283 2755 1339 incerta
2776 1284 3266 1354 linquamus,ittud
3288 1289 3488 1339 certum
3514 1290 3614 1351 est,

295 1357 692 1422 Vutcellensem,
732 1356 963 1411 codicem
989 1358 1273 1426 propriam
1312 1360 1767 1412 continuationem
1796 1373 1908 1413 non
1931 1358 2205 1422 habuisse,
2234 1357 2329 1412 sed
2352 1357 2527 1412 codici
2557 1356 2592 1410 Β
2622 1357 2702 1410 vel
2730 1358 2964 1424 fortasse
2992 1356 3065 1409 B5
3088 1372 3258 1426 usque
3276 1357 3350 1410 ad
3378 1372 3431 1409 a.
3475 1356 3615 1412 1163

282 1427 572 1506 descripto,
600 1428 971 1506 additamenta
995 1433 1204 1506 tantum
1234 1429 1587 1506 wtspersisse,
1610 1444 1637 1484 e
1680 1430 1808 1484 Vita
1835 1429 2109 1497 Norberti,
2143 1429 2549 1485 continuatione
2590 1428 3091 1484 Praemonstratensi
3114 1432 3164 1483 et
3194 1429 3428 1506 fortasse
3449 1431 3617 1484 etiam

284 1498 671 1568 Burburgensi,
702 1515 795 1553 nec
822 1514 929 1553 non
957 1500 1179 1554 aliunde
1198 1503 1390 1571 petita.

357 1667 510 1723 1114.
547 1668 717 1739 (Cant.
750 1668 965 1739 Praem.)
995 1668 1295 1724 Concilium
1323 1668 1543 1725 Conone
1577 1669 1900 1727 Prenestino
1928 1676 1976 1744 Α
2003 1669 2196 1726 relicto
2233 1669 2422 1726 seculo
2472 1668 2743 1725 Christum
2776 1685 2900 1725 cum
2957 1668 3225 1727 Norberto
3289 1676 3534 1737 secutus,
3566 1674 3620 1725 et

286 1756 553 1829 cpiscOpo
582 1768 637 1813 et
675 1759 921 1815 Romane
951 1760 1189 1816 ecclesie
1211 1761 1390 1835 legato
1430 1761 1748 1832 presidente
1781 1762 1901 1817 Bel-

287 1849 461 1904 lovaci
494 1851 828 1906 celebratum
850 1860 951 1909 est.

362 1943 500 1999 1115
563 1943 654 2013 (V.
694 1946 888 2011 Norb.)
918 1944 1287 2001 Tanchelinus
1314 1945 1611 2011 hereticus,
1653 1946 1746 2019 qui
1792 1948 1902 2001 An-

293 2037 635 2109 doverpiam,
668 2036 971 2092 Walacram
1002 2047 1057 2093 et
1095 2038 1553 2108 circutnjacentes
1603 2039 1811 2095 insulas
1850 2046 1905 2094 et

288 2128 561 2183 maritima
585 2127 707 2183 loca
737 2128 791 2182 in
819 2129 1075 2200 portibus
1098 2128 1207 2185 illis
1225 2130 1417 2185 multis
1438 2131 1731 2187 heresibus
1761 2130 1906 2187 infe-

286 2228 454 2285 cerat,
496 2220 788 2276 occiditur.
821 2220 1063 2276 Castrum
1117 2222 1341 2290 Encres,
1396 2223 1625 2298 Hugone
1683 2223 1906 2279 Camda-

283 2329 422 2368 vena
450 2312 632 2382 pulso,
663 2313 755 2385 qui
791 2313 925 2368 illud
953 2322 1335 2386 usurpaverat.
1382 2315 1685 2371 Balduinus
1715 2332 1906 2371 comes

290 2401 555 2456 Flanilrim
598 2402 766 2472 cepit,
809 2407 864 2456 et
918 2403 1114 2458 Karolo
1172 2403 1506 2459 consobrino
1564 2415 1664 2458 Suo
1730 2403 1904 2458 dedit.

288 2493 366 2559 (Ο.
404 2491 617 2559 Prcem.)
661 2492 981 2548 Lambertus
1027 2495 1323 2565 episcOpus
1374 2494 1750 2550 Atrebatensis
1789 2510 1905 2550 mo-

290 2587 445 2642 ritur.
482 2587 676 2642 Petrus
701 2587 933 2643 eremita
963 2605 1028 2643 ex
1049 2590 1202 2659 Syria
1226 2607 1494 2647 reversus.
1524 2591 1668 2662 apud
1696 2591 1903 2662 Huyum

291 2675 539 2741 moritur,
572 2682 627 2730 et
655 2676 922 2747 sepelitur
946 2677 1001 2731 in
1032 2679 1370 2735 monasterio
1402 2695 1432 2734 a
1455 2696 1514 2734 se
1554 2679 1803 2745 fundato,
1835 2680 1903 2734 ad

290 2765 490 2833 Mosam
539 2765 785 2821 ﬂuvium.
837 2766 1146 2823 Claravallis
1185 2767 1446 2824 fundatur
1495 2768 1657 2838 cujus
1696 2769 1907 2841 primus

290 2855 464 2911 abbas
494 2855 836 2911 fuitsanclus
865 2856 1198 2912 Bernardus.

2004 1761 2495 1836 Capenbergensis,
2537 1760 2881 1817 Vorlareusis
2918 1767 3085 1833 atque
3116 1761 3473 1817 Elestatensis
3503 1776 3617 1817 mo-

2003 1856 2365 1913 nasteriorum
2398 1856 2546 1928 apud
2568 1856 2917 1927 Westpbalos
2946 1855 3225 1923 fundator,
3256 1856 3513 1912 moritur.

2078 1949 2234 2005 1128.
2263 1949 2373 2005 Hoc
2406 1964 2552 2005 anno
2583 1948 2876 2005 cenobium
2909 1948 2979 2003 de
3009 1948 3180 2003 Dunis
3211 1948 3362 2020 (515)
3384 1948 3439 2003 in
3466 1948 3627 2003 Flau-

2004 2041 2124 2096 dria
2146 2039 2388 2095 construi
2435 2039 2585 2111 cepit
2622 2055 2653 2094 a
2692 2038 2899 2095 domno
2950 2038 3210 2106 Fulcone,
3246 2038 3422 2111 primo
3454 2038 3627 2111 ipsius

2006 2130 2110 2185 loci
2142 2129 2362 2185 abbate.

2077 2221 2235 2279 1131.
2289 2221 2369 2293 (C.
2422 2221 2644 2293 Praem.)
2703 2221 2828 2277 Milo
2874 2222 3048 2277 abbas
3085 2221 3271 2278 Sancti
3319 2222 3516 2278 Judoci
3568 2223 3623 2277 in

2009 2318 2262 2383 Nemore,
2313 2316 2523 2374 ordinis
2574 2317 3102 2373 Aremonstrateusis
3150 2317 3221 2373 45
3277 2317 3391 2373 Kal.
3450 2317 3624 2373 Martii

2008 2417 2361 2467 consecratur
2390 2410 2690 2482 episcopus
2742 2410 3125 2465 Tervanensis.
3192 2410 3302 2466 lloc
3351 2425 3497 2465 anno
3546 2409 3628 2464 in-

2007 2511 2225 2571 ceptum
2278 2509 2362 2556 est
2418 2501 2817 2557 monasterium
2877 2508 3068 2557 sancte
3113 2500 3281 2556 Marie
3328 2501 3630 2557 Valcellen-

2007 2592 2082 2645 sis
2137 2591 2277 2663 (516)
2326 2591 2559 2647 ecclesie
2614 2591 2671 2646 in
2698 2606 2830 2663 agro
2871 2591 3273 2646 Cameracensi.
3332 2592 3391 2645 In
3452 2592 3629 2645 Aurea

2006 2682 2158 2737 Valte
2220 2682 2360 2754 (517)
2413 2682 2560 2753 apud
2603 2681 2870 2737 Treveros
2922 2679 3118 2736 beatus
3176 2680 3490 2736 Bernardus
3543 2680 3628 2736 sui

2009 2779 2219 2835 ordinis
2257 2778 2560 2834 monachos
2590 2777 2842 2834 collocat.
3310 2794 3317 2795 ί

2081 2875 2239 2932 1132.
2288 2875 2518 2931 Sanctus
2550 2874 2701 2947 Hugo
2739 2872 3283 2944 Gratianopolitanus
3330 2872 3630 2943 episcopus

360 2950 518 3005 1117.
574 2950 874 3005 Balduinus
912 2967 1101 3007 comes
1155 2951 1527 3019 Flandrensis,
1591 2952 1721 3024 quia
1754 2952 1909 3025 llugo

2027 2967 2432 3035 .ransiit;cujus
2458 2966 2624 3022 vitam
2655 2965 2952 3023 virtutibus
2972 2966 3190 3037 plenam
3219 2963 3420 3036 Guigo,
3453 2980 3627 3019 vene-

294 3039 618 3094 Candavena
672 3046 869 3094 terram
896 3040 1039 3107 ejus,
1074 3040 1167 3095 ubi
1199 3047 1434 3113 poterat,
1466 3040 1677 3113 rapinis
1724 3049 1779 3096 et
1826 3041 1909 3095 in-

2027 3057 2204 3113 'abilis
2243 3014 2533 3113 ,Car'thusie
2574 3057 2746 3129 prior,
2797 3014 3061 3129 precepto
3100 3014 3420 3112 Innocenntii’
3468 3072 3631 3127 pape,

293 3128 508 3184 cendiis
562 3128 829 3196 vastabat,
856 3137 1095 3185 castrum
1149 3130 1323 3186 sancti
1354 3130 1502 3186 Pauli
1533 3129 1780 3198 obsedit;
1810 3130 1908 3186 sed

296 3218 576 3273 Eustatliio
604 3219 809 3274 comite
838 3219 1078 3276 Boloniae
1109 3220 1408 3289 mediante,
1452 3220 1665 3296 Hugoni
1705 3236 1906 3277 recon-

289 3310 504 3367 ciliatus
532 3312 716 3368 rediit.

365 3403 522 3459 1119.
570 3404 684 3475 (1b.)
746 3403 1046 3461 Balduinus
1105 3421 1293 3463 comes
1364 3406 1645 3475 Flandrie,
1707 3403 1909 3461 Callisti

298 3511 440 3567 pane
480 3511 545 3551 ex
584 3511 771 3553 sorore
802 3513 997 3569 nepos,
1031 3498 1190 3555 obiit.
1228 3501 1321 3568 (V.
1353 3501 1542 3570 Norb.)
1575 3498 1745 3566 Cone,
1778 3498 1911 3552 Pre-

299 3586 548 3643 nestinus
588 3588 886 3660 episcopus
915 3596 969 3645 et
1001 3590 1212 3665 legatus
1248 3591 1605 3662 apostolicus,
1637 3590 1909 3663 synodum

299 3677 522 3743 Colonie
543 3678 808 3746 celebrat,
838 3688 893 3734 et
924 3679 1161 3735 Heinrici
1203 3680 1549 3751 imperatoris
1593 3694 1916 3735 excommu-

300 3765 631 3822 nicationem
682 3768 1009 3842 promulgat.
1057 3768 1193 3824 Huic
1244 3769 1456 3840 synodo
1494 3767 1743 3823 interfuit
1783 3767 1915 3822 Nor-

299 3859 507 3929 bertus,
554 3869 747 3930 postea
788 3862 1327 3917 Praemonstratensis
1358 3862 1573 3917 ordinis
1614 3861 1912 3924 institutor,

300 3956 430 4001 tunc
451 3954 701 4003 reccnter
721 3963 1046 4018 conversus,
1080 3949 1135 4003 in
1166 3950 1461 4025 peregrino
1502 3949 1712 4005 habitu.

368 4040 523 4094 1121.
561 4040 679 4108 (ιὸ.)
731 4041 1147 4096 Bartholomeus
1185 4042 1563 4096 Laudunensis
1616 4040 1913 4111 episcOpus

294 4138 350 4184 et
381 4130 677 4185 Norbertus
727 4130 899 4186 abbas
931 4131 1391 4187 Premonstratam
1438 4132 1732 4188 ecclesiam
1777 4132 1910 4187 fun-

297 4220 445 4277 dant.
488 4220 777 4288 Norberto,
831 4221 1054 4277 Colonia
1101 4238 1225 4278 cum
1288 4230 1605 4280 sanctorum
1659 4224 1913 4296 reliquiis

298 4314 572 4381 redeunti,
603 4314 1012 4382 Ermensendis,
1039 4316 1320 4371 comitissa
1341 4316 1720 4385 Namucensis,
1752 4315 1913 4373 otfert

2010 3146 2250 3220 eleganti
2296 3146 2423 3201 stilo
2450 3146 2762 3217 descripsit.
2824 3145 3140 3201 Conventus
3202 3145 3626 3211 monachorum,

2012 3254 2136 3293 cum
2168 3237 2368 3293 abbate
2398 3253 2499 3292 suo
2529 3236 2782 3301 Radulto,
2833 3252 2901 3291 ex
2958 3235 3150 3309 Anglia
3179 3232 3440 3300 oriundo,
3481 3234 3635 3290 venit

2011 3327 2081 3382 ad
2129 3327 2311 3383 locum
2366 3326 2458 3399 qui
2493 3332 2722 3382 vocatur
2784 3322 3042 3390 Valcelle,
3075 3322 3341 3378 Kalendis
3377 3321 3627 3397 Augusti.

2014 3417 2404 3545 {iosadduxit
2469 3417 2663 3472 beatus
2731 3414 3071 3482 Bernardus,
3140 3414 3312 3469 abbas
3360 3412 3633 3469 Clareval-

2035 3506 2204 3545 ensxs.

2035 3506 2204 3546 611818.

2084 3577 2239 3634 1133.
2282 3578 2482 3633 Sancte
2521 3576 2686 3632 Marie
2738 3574 2975 3632 ecclesia
3013 3573 3350 3630 Tervanensi
3381 3573 3635 3629 dedicata

2018 3673 2101 3723 est
2158 3684 2190 3722 a
2235 3668 2270 3721 4
2314 3666 2593 3737 episc0pis
2634 3665 2851 3722 scilicet
2901 3663 3128 3730 Milone,
3184 3664 3361 3736 ipsius
3400 3663 3637 3718 civitatis

2015 3763 2300 3834 episcopo,
2329 3762 2567 3817 Guarino
2599 3760 2973 3825 Ambianensi,
3009 3759 3237 3817 Simone
3269 3758 3631 3815 Noviomensi

2015 3868 2080 3907 ac
2103 3851 2456 3917 Tornacensi,
2488 3860 2543 3906 et
2565 3850 2751 3906 Alviso
2783 3849 3153 3906 Atrebatensi.

2086 3944 2242 4002 1137.
2298 3946 2419 4016 (Ιὸ.)
2466 3945 2789 4011 Guilelmus,
2840 3944 2949 3999 dux
2996 3943 3291 4016 Aquitania
3345 3952 3401 3999 et
3444 3957 3635 3998 comes

2014 4038 2379 4103 Pictavensis,
2427 4035 2618 4103 tiliam,
2668 4053 2832 4109 quam
2891 4035 3153 4092 heredem
3205 4034 3468 4103 habebat,
3531 4033 3637 4089 Lu-

2015 4131 2247 4193 dowico,
2309 4130 2423 4187 tilio
2474 4131 2621 4206 regis
2671 4130 3021 4196 Francorum,
3078 4128 3322 4184 moriens
3375 4143 3635 4199 sponsam

2013 4223 2329 4295 dereliquit.
2356 4223 2434 4278 Ad
2465 4239 2628 4295 quam
2652 4222 2961 4279 ducendam
2984 4223 3130 4279 ﬁlius
3159 4223 3304 4298 regis
3336 4222 3639 4294 profectus,

2013 4312 2235 4368 interim
2266 4318 2420 4383 patre
2450 4328 2579 4387 rege
2628 4310 2912 4381 defuncto,
2946 4313 3001 4368 in
3035 4329 3207 4389 regno
3246 4313 3556 4378 stabilitur;
3583 4318 3638 4369 et

298 4407 586 4463 ecclesiam
626 4406 683 4463 in
704 4407 832 4464 villa
861 4424 961 4463 sua
981 4405 1254 4476 Florettia,
1297 4408 1365 4463 ad
1406 4407 1597 4464 fratres
1626 4409 1680 4464 in
1702 4425 1767 4464 ea
1794 4410 1911 4465 col-
1935 4388 1985 4457 C
2012 4421 2243 4480 regnum
2276 4404 2502 4460 Francie
2563 4412 2617 4459 et
2655 4404 2889 4461 ducatus
2942 4388 3242 4478 Aquitanie
3273 4405 3624 4475 copulantur.

302 4497 587 4554 locandos.

348 4587 530 4641 1121.
562 4586 969 4657 (Ιὸ.)(ἰιιηοηίθὶ
1017 4589 1497 4667 Andoverpenses,
1546 4604 1577 4644 a
1616 4589 1913 4646 Godefrido

302 4677 575 4743 Bullonio,
608 4679 747 4734 duce
780 4680 1130 4756 Lothariugie
1179 4689 1233 4735 et
1289 4681 1602 4737 Marchione
1632 4681 1916 4737 Andover—

303 4768 459 4839 pensi
492 4769 722 4831 fundali.
746 4771 1014 4828 Norberto
1044 4778 1098 4827 et
1123 4772 1290 4829 sociis
1316 4773 1439 4842 ejus
1461 4774 1722 4845 templum
1742 4774 1913 4830 sancti

302 4861 584 4916 Michaelis
614 4863 840 4930 cedunt,
871 4871 929 4920 et
960 4864 1089 4919 inde
1121 4866 1189 4919 ad
1220 4865 1381 4921 edem
1414 4865 1575 4921 beate
1605 4865 1770 4922 Marie
1805 4865 1915 4921 vir-

301 4953 447 5027 ginis
473 4952 728 5025 migrant.

374 5041 513 5097 1125
570 5040 894 5098 Viconieuse
947 5043 1343 5099 monasterium
1385 5044 1534 5116 apud
1586 5038 1918 5100 Valentini'ao

304 5150 404 5188 nas
447 5133 761 5201 incohatur,
827 5132 975 5206 quod
1046 5134 1191 5190 inter
1249 5135 1779 5193 Premonstratensia
1833 5142 1918 5192 est

304 5224 758 5295 pulcherrimum.

377 5317 536 5372 1126.
597 5316 724 5389 (Ib.)
782 5315 1113 5373 Godet‘ridus
1173 5331 1362 5374 comes
1419 5317 1916 5394 Capenbergensis,

2013 4494 2196 4550 Abbas
2226 4493 2388 4550 Fulco
2428 4492 2653 4549 domum
2684 4510 2839 4550 suam
2877 4495 2947 4550 de
2983 4495 3174 4562 Dunis,
3217 4501 3271 4550 et
3307 4492 3533 4550 domum
3565 4495 3637 4550 de

2016 4586 2421 4643 Claromaresch
2478 4586 2643 4658 (518),
2694 4602 2861 4659 quam
2907 4586 3072 4642 simul
3132 4587 3508 4651 incohaverat,
3570 4586 3626 4641 in

2014 4681 2255 4752 capitulo
2313 4679 2704 4736 Clarevallensi
2742 4680 2846 4735 sub
2906 4696 3072 4736 manu
3113 4680 3304 4737 domui
3373 4679 3635 4736 Bernardi

2014 4774 2198 4829 ordini
2248 4772 2618 4838 Cisterciensi,
2660 4773 2751 4828 die
2788 4780 2976 4830 sancte
3034 4774 3334 4831 Petronille
3372 4773 3632 4849 virginis,

2017 4865 2260 4922 tradidit.
2540 4914 2555 4921 -
3409 4934 3421 4940 ν

2089 4955 2242 5012 1138.
2286 4954 2411 5026 (Ιὸ.)
2466 4954 2765 5011 Rainaldus
2824 4955 3112 5011 Remensis
3180 4953 3634 5026 archiepiscOpus

2016 5044 2171 5101 obiit.
2210 5045 2374 5100 Fulco
2427 5043 2601 5099 abbas
2627 5045 2901 5101 Dunensis
2931 5046 3175 5102 ofticium
3217 5043 3431 5099 abbatis
3462 5043 3633 5098 dimi-

2016 5137 2105 5205 sit,
2137 5143 2192 5192 ct
2245 5135 2483 5192 domnus
2544 5136 2818 5193 Robertus
2894 5137 3192 5213 Brugensis
3245 5136 3419 5191 abbas
3467 5135 3638 5192 Dunis

2018 5225 2388 5283 constituitur.
2692 5292 2697 5303 ⁸
3462 5248 3465 5253 ν

2093 5316 2246 5373 1140.
2284 5316 2412 5387 (Ιὸ.)
2444 5315 2696 5384 Samson,
2727 5315 3081 5372 Carnotensis
3113 5314 3345 5372 ecclesie
3390 5314 3638 5386 preposi-

1858 5422 2069 5481 NOT/E.

312 5512 527 5642 είέὲῐξξ)
569 5513 673 5570 Ter
702 5515 880 5589 Dub'n,
930 5518 1074 5576 intra
1105 5535 1293 5578 muros
1321 5518 1565 5584 civitatis
1610 5521 1906 5599 Brugensis

379 5663 394 5728 ί
401 5655 524 5729 516)
551 5655 860 5715 Vaucelles.

2085 5521 2228 5590 (517)
2260 5521 2440 5578 Orval.

2106 5592 2231 5657 (518
2251 5593 2616 5662 Clairmarais,
2647 5607 2753 5649 non
2786 5592 2974 5666 procul
3005 5609 3035 5649 a
3064 5592 3409 5650 Saint-Omer
