3916 6064
246 232 372 300 ass

246 333 266 380 ι

244 464 448 504 uacum
483 449 811 506 adolescens
831 453 1086 522 clericus,
1139 455 1404 512 Henricus
1433 461 1677 528 nomine,
1701 465 1873 518 multa

244 539 306 596 in
363 541 564 613 spiritu
603 542 763 599 vidit.
814 545 991 600 Vitam
1057 563 1278 620 quoque
1331 553 1506 606 sancti
1573 554 1872 610 Eleutherii

240 636 617 694 Tornacensis
651 639 900 713 episcopi
958 643 1167 699 notitiae
1222 647 1507 703 hominum
1553 651 1796 719 tradidit,
1817 661 1873 707 et

239 729 352 784 alia
377 729 550 786 multa
579 738 690 787 tam
735 732 807 788 de
833 733 1009 805 ipsius
1056 736 1210 793 urbis
1249 739 1570 814 episcopatu
1603 760 1767 815 quam
1800 744 1871 800 de

238 825 448 881 ceteris
476 825 646 882 rebus
672 829 1048 901 prophetavit.

315 941 476 998 1111.
509 942 630 1014 (1b.)
700 943 876 1018 Hugo,
912 945 1064 1017 prior
1113 948 1350 1006 ccclesie
1404 953 1580 1008 sancti
1637 954 1872 1012 Victoris

237 1031 590 1097 Parisiensis,
623 1034 795 1089 multa
821 1035 1056 1091 ccclesie
1101 1047 1292 1095 sancte
1337 1041 1494 1098 utilia
1546 1043 1870 1116 scriptare-

238 1119 528 1192 linquens,
553 1111 701 1178 diem
724 1123 882 1179 obiit.

313 1229 471 1286 1145.
501 1231 732 1296 Quidam
756 1233 984 1302 Turcus,
1016 1235 1242 1293 nomine
1305 1238 1662 1315 Sanguinius,
1704 1241 1872 1298 Edes-

233 1336 355 1376 sam
385 1323 557 1395 eepit,
589 1323 923 1382 christianos
943 1329 1152 1385 occidit
1177 1329 1233 1385 in
1275 1330 1370 1388 illa
1402 1333 1626 1390 civitate
1647 1335 1869 1411 degen-

236 1415 342 1470 tes.
367 1417 423 1466 et
439 1411 704 1470 ecclesias
726 1415 1057 1488 profanavit,

310 1518 472 1575 1H6.
503 1519 632 1593 (Ιὸ.)
671 1522 1034 1581 Tornaeensis
1081 1527 1336 1597 ecclesia,
1385 1545 1496 1602 que
1541 1547 1639 1604 per
1703 1534 1869 1606 quin-

237 1615 444 1682 gentos
464 1611 566 1680 ,κει
621 1613 861 1684 amplius
915 1629 1092 1671 annos
1147 1617 1426 1690 episcopis
1476 1621 1870 1678 Noviomensis

237 1697 908 1770 ecclesiejcommendata
959 1702 1170 1773 fuerat;
1202 1707 1487 1779 proprium
1543 1711 1864 1784 episcopum

236 1788 560 1846 Anselmum
619 1792 866 1861 nomine,
926 1795 995 1850 ab
1049 1797 1294 1872 Eugenio
1338 1801 1409 1856 lll
1450 1817 1597 1873 papa
1636 1805 1864 1876 recepit,

238 1879 526 1936 Bernardo
586 1880 784 1938 abbate
831 1881 1219 1970 Clarevallcnsi
1281 1887 1427 1944 inter
1483 1891 1620 1946 alios
1659 1907 1865 1965 procu-

241 1979 425 2027 rante.

312 2085 474 2139 1H7.
508 2083 638 2141 Pars
665 2086 952 2145 christiani
990 2091 1288 2157 exercitus,
1336 2093 1675 2152 Hierusalem
1708 2097 1866 2153 navi-

238 2173 335 2246 gio
364 2181 585 2246 petens,
619 2175 955 2250 Olisiponem
987 2181 1182 2237 urbem
1215 2182 1498 2254 Hispanie,
1534 2186 1736 2242 virtute
1766 2188 1858 2243 Dei

237 2263 532 2320 Saracenis
549 2267 748 2340 pulsis,
775 2270 922 2340 cepit
945 2277 1000 2325 et
1037 2271 1357 2330 christianis
1410 2276 1672 2334 reddidit.
1713 2278 1860 2335 Con-

237 2357 406 2413 radns
436 2360 735 2430 imperator
762 2378 885 2418 cum
928 2365 1328 2440 quinquaginta
1371 2377 1428 2424 et
1447 2371 1682 2442 amplius
1711 2373 1861 2428 mili-

235 2445 344 2502 bus
367 2447 628 2518 militum,
644 2457 699 2505 et
724 2450 1120 2508 innumerabili
1151 2471 1317 2510 manu
1340 2457 1862 2528 peditum,transito

236 2539 401 2609 mari,
443 2540 594 2612 quod
650 2541 936 2599 brachium
986 2545 1164 2600 sancti
1213 2546 1431 2622 Georgii
1485 2547 1696 2617 dicunt,
1748 2557 1862 2608 tum

229 2633 364 2690 dolo
421 2632 739 2700 Grecorum,
815 2641 928 2689 tum
984 2633 1304 2693 incursione
1355 2637 1678 2703 Turcorum,
1746 2647 1860 2696 tum

234 2730 473 2802 penuria
493 2728 672 2796 famis,
707 2745 851 2800 pene
880 2736 1057 2786 totum
1087 2732 1387 2788 exercitum
1421 2735 1626 2791 amisit.
1669 2736 1855 2794 Mona-

235 2820 327 2876 cbi
385 2820 678 2877 duodecim
738 2838 862 2878 cum
910 2822 1203 2880 Laurentio
1247 2825 1452 2882 abbate
1509 2837 1566 2883 et
1603 2828 1855 2902 quinque

230 2910 517 2966 conversis
557 2927 588 2966 a
640 2911 802 2968 beato
839 2913 1134 2982 _Bernardo
1192 2931 1260 2972 ex
1300 2915 1600 2974 Claravalle
1625 2919 1680 2974 in
1726 2919 1856 2976 Bra-

232 3003 498 3059 chantum
527 3003 701 3071 missi,
730 3003 1052 3062 Villariensc
1083 3010 1480 3066 monasterium
1525 3011 1856 3068 editicarunt

237 3090 311 3161 (cf
361 3094 582 3162 Prwm.)

312 3209 477 3264 1148.
535 3209 846 3268 Ludovicus
907 3229 1000 3268 rex
1064 3214 1395 3272 Francorum
1450 3217 1566 3274 fere
1613 3234 1738 3274 cum
1788 3220 1858 3275 30

235 3298 465 3354 milibus
510 3301 760 3373 equitum
803 3310 860 3358 et
907 3319 1109 3379 magna
1168 3305 1525 3362 multitudine
1585 3307 1860 3378 peditum,

238 3398 533 3464 postquam
557 3394 925 3466 prescriptum
949 3411 1097 3452 mare
1137 3398 1371 3465 transiit,
1413 3397 1606 3454 fraude
1636 3399 1862 3456 Manne-

234 3482 306 3536 lis
339 3481 689 3556 imperatoris
717 3483 1314 3559 Constantinopolitani
1343 3498 1400 3545 et
1437 3491 1673 3562 penuria
1703 3491 1862 3548 famis

235 3581 290 3630 et
321 3575 711 3646 persecutione
734 3577 951 3633 hostilis
995 3581 1267 3636 exercitus
1301 3581 1510 3653 majore
1531 3591 1683 3653 parte
1704 3597 1862 3637 exer-

231 3670 378 3726 citus
403 3671 625 3740 amissa,
657 3671 992 3728 Salaminam
1020 3675 1196 3743 venit,
1250 3682 1305 3732 et
1349 3675 1480 3732 inde
1507 3675 1727 3751 navigio
1759 3679 1860 3732 An-

230 3760 494 3816 tiochiam
563 3762 740 3838 petiit.
810 3761 1253 3820 Camberonense
1345 3751 1487 3838 (519)
1574 3774 1858 3822 monaste-

233 3851 400 3919 rium,
423 3835 1086 3922 ordinis'Cisterciensis,
1144 3855 1198 3910 in
1251 3835 1515 3928 llaginoia
1571 3854 1850 3914 fundatur.

230 3939 383 3996 Aluae
416 3939 561 4010 (5m)
599 3943 668 3996 ad
712 3941 897 3998 Sabim
947 3941 1174 4000 ﬂuvium
1221 3944 1474 4000 monachi
1498 3945 1626 4002 item
1653 3945 1854 4002 Cister-

232 4031 452 4088 cienses
485 4049 586 4104 per
623 4033 845 4089 beatum
881 4035 1219 4090 Bernardum
1241 4035 1604 4104 collocantur,
1629 4043 1854 4110 petente

234 4119 492 4177 Hcinrico
521 4121 788 4194 episcopo
819 4121 1172 4180 Leodicensi.

301 4229 463 4286 1149.
520 4231 631 4288 Hoc
673 4249 820 4290 anno
878 4241 1200 4291 consecrata
1251 4241 1336 4290 est
1385 4235 1620 4292 ecclesia
1661 4245 1848 4294 sancte

229 4317 396 4375 Iarie
447 4319 802 4378 Valcellensis
844 4323 1066 4380 ceuobii
1129 4341 1162 4379 a
1223 4325 1491 4382 Samsone
1552 4325 1844 4382 Remorum

229 4409 678 4482 archiepiscopo,
709 4412 740 4469 Ἰ
781 4411 898 4467 Kal.
930 4411 1102 4469 Junii.

298 4519 458 4576 1151.
487 4519 773 4590 Radulfus,
806 4521 1018 4593 primus
1047 4518 1221 4579 abbas
1265 4522 1430 4592 hujus
1461 4523 1684 4581 ceuobii
1725 4524 1850 4580 Val-

229 4615 512 4683 cellensis,
543 4615 712 4672 3Kal.
751 4617 872 4673 Jan.
915 4618 1176 4694 migravit
1209 4635 1240 4674 e
1279 4619 1487 4676 mundo
1543 4620 1670 4687 ;cui
1722 4635 1850 4677 suc-

227 4701 396 4758 cessit
445 4701 780 4776 Riquardus,
825 4715 881 4764 et
922 4707 1042 4780 ipse
1107 4708 1178 4764 de
1222 4707 1520 4767 Claravallc
1575 4715 1846 4782 sumptus,

231 4797 480 4854 moribus
493 4807 740 4857 maturus
768 4808 824 4859 et
849 4809 1188 4875 temperatus
1214 4805 1268 4859 in
1283 4805 1563 4862 omnibus.

301 4905 460 4962 1153.
489 4906 768 4966 Bernardo
796 4909 850 4965 in
878 4908 1177 4966 Claravalle
1223 4926 1506 4968 successor
1558 4910 1718 4968 datus
1763 4921 1848 4968 est

225 4995 500 5052 Robertus
523 4997 840 5074 Brugensis,
870 5000 1044 5056 abbas
1068 5001 1342 5057 Dunensis
1379 5003 1436 5058 in
1471 5001 1748 5068 Flandria,
1775 5002 1844 5058 ab

225 5089 347 5161 ipso
402 5091 732 5162 preelectus.
780 5092 933 5150 Tunc
994 5093 1194 5150 domus
1260 5096 1529 5152 Dunensis
1586 5101 1847 5169 quattuor

225 5181 516 5238 mensibus
543 5183 752 5256 absque
776 5193 998 5257 pastore
1039 5185 1284 5254 vacabat,
1317 5187 1496 5245 donec
1519 5188 1743 5257 Albero,
1777 5187 1846 5242 ab

227 5274 348 5346 ipso
376 5273 616 5332 Boberto
656 5278 1036 5350 transmissus,
1084 5279 1190 5352 ipsi
1247 5279 1302 5334 in
1343 5281 1614 5356 regimine
1635 5296 1851 5337 succes-

225 5365 314 5432 sit,
331 5365 486 5441 quod
505 5365 727 5426 duobus
769 5369 930 5427 annis
977 5371 1174 5429 tenuit.
1209 5371 1481 5428 Paxinter
1507 5372 1852 5445 Stephanum

1209 239 1559 297 (IllRONlCA.
1603 273 1654 282 —-
1707 244 2138 304 CONTINUATIO
2183 249 2678 308 VALCELLENSlS.

271 373 359 423 us,
386 357 680 468 Rcmqrum
711 360 995 468 ordinatur
1055 365 1522 468 archiepiscopus.
1548 371 1700 442 Apud
1733 372 1867 430 Tor-
1893 378 1945 446 Α
1971 395 2156 456 regem
2209 382 2502 456 Anglorum
2536 388 2592 437 et
2651 383 2962 441 lleinricum
3022 391 3280 448 comitem
3335 394 3600 468 Andega—

3497 269 3600 324 388

1972 487 2198 526 vensem
2234 472 2483 526 restituta
2499 479 2600 540 est,
2629 473 2947 530 conditione
2991 477 3346 549 interposita,
3382 491 3440 537 ut
3478 485 3598 539 Stc-

1972 565 2156 634 phano
2178 570 2418 629 mo‘rtuo,
2461 563 2886 635 ipselleinricus
2935 568 2988 623 in
3044 586 3215 646 regno
3255 574 3450 647 Anglic
3470 592 3596 631 suc-

1971 657 2214 713 cederet.
2262 657 2383 729 lpse
2417 657 2690 730 siquidem
2735 661 2976 718 Heinrici
3009 665 3154 738 regis
3195 665 3494 740 Anglorum
3526 686 3594 724 ex

1971 745 2082 802 ﬁlia
2120 763 2316 819 nepos,
2347 756 2403 804 et
2423 765 2654 823 regnum
2680 751 2876 822 Anglic
2909 752 3250 812 hereditario
3281 756 3409 826 jure
3440 775 3596 830 repe-

1971 843 2113 900 tens,
2146 847 2255 892 tam
2283 854 2384 908 per
2410 853 2492 905 se,
2523 855 2684 910 quam
2716 856 2820 912 per
2851 842 3222 912 coadjutores,
3257 847 3420 915 fsnos,
3452 855 3596 904 terre

1973 927 2143 982 multa
2173 927 2315 982 mala
2346 927 2626 996 intulerat,
2659 945 2783 985 cum
2816 930 2925 986 dux
2975 939 3125 989 esset
3181 933 3512 993 Normannie
3543 946 3597 994 et

1971 1022 2281 1095 Aquitanie.
2321 1023 2509 1078 Filiam
2545 1026 2692 1080 enim
2725 1026 2981 1082 Guilelmi
3012 1028 3170 1084 ducis
3227 1032 3539 1104 Aquitanie,
3566 1051 3597 1093 .a

1974 1114 2248 1170 Ludovico
2302 1130 2432 1188 rege
2484 1115 2814 1172 Francorum
2873 1119 3034 1174 titulo
3099 1123 3598 1197 consanguinitatis

1971 1202 2228 1274 Opposita
2267 1203 2532 1271 relictam,
2565 1205 2831 1273 duxerat;
2873 1223 2939 1262 ex
2971 1209 3128 1278 cujus
3151 1220 3304 1280 parte
3333 1211 3593 1269 ducatum

1971 1293 2124 1348 illum
2155 1293 2414 1349 habebat.
2480 1295 2538 1349 In
2595 1295 2976 1352 Ascaloniensi
3034 1300 3330 1356 obsidione
3379 1311 3596 1359 mortuo

1974 1383 2252 1439 liernardo
2319 1383 2638 1440 Sidoniensi
2694 1385 2977 1458 episcopo,
3052 1389 3358 1446 Almaricus
3413 1391 3588 1448 abbas

1970 1471 2361 1526 canonicorum
2394 1473 2752 1548 regularium,
2780 1475 2838 1529 in
2885 1475 3029 1541 loco,
3059 1478 3153 1548 qui
3212 1479 3415 1534 dicitur
3444 1481 3586 1536 San-

1967 1567 2054 1614 tus
2081 1559 2300 1615 Abacuc
2337 1561 2457 1616 sive
2488 1561 2722 1618 Sanctus
2769 1564 2975 1636 Joseph
3017 1565 3084 1619 ab
3137 1565 3460 1636 Arimathia,
3503 1569 3582 1624 illi

1899 1687 1948 1755 Β
1969 1655 2320 1732 subrogatur.

2041 1782 2198 1838 1154.
2241 1783 2552 1856 Stephanus
2591 1801 2683 1842 rex
2713 1787 3013 1861 Anglorum
3065 1789 3251 1860 obiit;
3295 1791 3588 1849 llemricus

1966 1893 2133 1950 supra
2186 1880 2504 1936 nominatus
2566 1883 2778 1955 absque
2865 1883 3186 1941 difﬁcultate
3253 1892 3307 1942 et
3372 1895 3588 1944 contra-

1967 1965 2209 2024 dictione
2236 1970 2516 2026 successit.
2551 1971 2829 2028 Vicelinus
2869 1973 3261 2032 Wandalorum
3295 1979 3583 2049 apostolus

1966 2063 2216 2120 moritur.

2034 2177 2190 2234 H58.
2269 2177 2514 2234 Domnus
2572 2179 2848 2236 Robertus
2912 2181 3234 2252 Brugensis,
3304 2187 3587 2241 secundus

1961 2271 2209 2327 Duniset
2235 2271 2290 2326 in
2347 2271 2643 2331 Claravalle
2701 2273 2894 2342 abbas,
2948 2291 2978 2329 e
3035 2278 3242 2334 mundo
3303 2279 3581 2353 migravit.

1963 2361 2167 2436 Viginti
2207 2362 2368 2417 annis
2420 2362 2646 2434 prefuit,
2709 2363 2776 2418 15
2803 2379 2980 2420 annos
3004 2373 3059 2420 et
3114 2382 3258 2436 pene
3297 2367 3332 2420 5
3361 2383 3586 2424 menses

1964 2451 2337 2518 Dunensibus,
2368 2452 2403 2506 4
2432 2467 2608 2508 annos
2645 2460 2700 2508 ct
2727 2454 2762 2506 8
2818 2469 3036 2508 menses
3067 2453 3578 2511 Clarevallensibus.

1966 2543 2060 2599 Cui
2093 2545 2331 2601 domnus
2349 2545 2662 2614 Fastradus,
2695 2546 3154 2604 Camberonensis
3207 2547 3261 2602 in
3295 2549 3580 2604 Hannonia

1952 2632 2157 2702 abbas,
2184 2634 2241 2688 in
2265 2634 2535 2709 regimine
2568 2635 2859 2690 successit.

2028 2765 2181 2820 1159.
2237 2765 2364 2822 Milo
2421 2765 2757 2822 Morinorum
2840 2767 3158 2838 cpiscopus,
3213 2767 3345 2823 olim
3401 2767 3574 2824 abbas

1954 2855 2135 2912 Sancti
2163 2855 2358 2911 Judoci
2417 2857 2474 2911 in
2526 2855 2760 2912 Nemore
2791 2855 3006 2912 ordinis
3037 2857 3578 2925 l’remonstratcnsis,

1957 2957 2245 3020 postquam
2277 2949 2466 3004 sedem
2526 2949 2892 3005 Morinenscm
2923 2949 3085 3004 annis
3135 2948 3202 3004 27
3245 2958 3480 3016 rexerat,
3513 2950 3581 3004 ad

1957 3037 2248 3093 Dominum
2273 3031 2496 3112 migrat.
2523 3039 2619 3094 Cui
2671 3038 2939 3095 successit
2973 3038 3096 3094 Milo
3117 3039 3416 3106 secundus,
3451 3039 3571 3108 ejus

1956 3129 2398 3197 archidiaconus,
2442 3128 2668 3184 natione
2719 3127 2942 3208 Anglus,
2987 3129 3202 3183 Sancta:
3263 3127 3446 3182 Mariae
3516 3127 3586 3182 de

1961 3221 2132 3276 Bosco
2159 3219 2278 3275 sive
2335 3219 2404 3274 de
2461 3219 2694 3274 Nemore
2743 3217 3012 3290 regularis
3061 3217 3383 3273 canonicus.
3430 3216 3586 3272 Cala-

1964 3317 2126 3368 travm
2157 3309 2391 3366 militum
2419 3310 2557 3366 ordo
2598 3309 2653 3363 in
2697 3307 2954 3379 Hispania
2985 3307 3298 3364 incohatur.

2033 3454 2192 3509 1161.
2227 3453 2350 3508 Post
2373 3451 2633 3525 generale
2695 3450 2998 3521 capitulum
3048 3448 3376 3505 Lambertus
3403 3449 3580 3506 abbas

1963 3544 2231 3612 Cistercii,
2262 3541 2448 3600 ofﬁcio
2487 3543 2714 3607 cedens,
2747 3541 2955 3596 dimisit
2978 3540 3256 3595 abbatiam
3289 3540 3586 3607 ;etCister-

1959 3635 2177 3690 cienses
2195 3633 2462 3689 domuum
2482 3631 2800 3688 Fastradum
2843 3630 3302 3686 Clarevallensem
3327 3628 3585 3687 fecerunt

1957 3728 2063 3784 sibi
2095 3734 2328 3800 patrem,
2357 3734 2413 3782 et
2452 3725 2885 3782 Clarevallenses
2930 3731 3263 3796 acceperunt
3309 3722 3574 3779 domnum

1957 3817 2278 3873 Gaufridum
2307 3816 2685 3892 lgniacensem
2700 3815 2978 3870 abbatem.

2033 3960 2186 4016 1162.
2217 3960 2404 4016 Mense
2433 3957 2747 4030 Septembri
2774 3956 3098 4014 Fredericus
3127 3957 3428 4030 imperator
3447 3971 3572 4012 cum

1953 4053 2246 4110 Octaviano
2285 4054 2437 4124 juxta
2494 4052 2728 4107 Saonam
2781 4051 3009 4106 ﬂuvium
3062 4049 3338 4117 consedit,
3395 4055 3449 4104 ct
3479 4065 3570 4104 rex

1952 4146 2272 4203 Ludowicus
2300 4145 2553 4213 Divione,
2595 4143 2946 4220 congregatis
3002 4159 3069 4200 ex
3126 4151 3360 4215 utraque
3416 4153 3572 4214 parte

1951 4239 2138 4294 multis
2186 4237 2486 4310 episcopis,
2546 4235 2862 4304 abbatibus,
2921 4235 3158 4303 clericis,
3226 4235 3400 4301 laicis,
3467 4243 3575 4290 tam

1949 4331 2297 4405 principibus
2325 4346 2492 4402 quam
2543 4328 2928 4400 popularibus,
2972 4335 3032 4383 ut
3053 4326 3298 4383 scismati
3331 4325 3571 4381 ccclesie

1871 4412 2115 4482 Dfinem
2149 4425 2420 4495 facerent,
2459 4423 2506 4480 si
2568 4432 2838 4496 possent;
2869 4433 2924 4478 et
2954 4437 3065 4478 non
3109 4427 3431 4492 potuerunt,
3473 4419 3574 4474 sed

1949 4533 2072 4574 cum
2127 4531 2329 4590 magna
2365 4513 2720 4570 dissensione
2771 4519 2827 4566 et
2877 4508 3152 4564 simultate
3207 4507 3276 4562 ab
3329 4506 3566 4561 invicem

1949 4610 2344 4666 discesserunt.
2373 4605 2615 4678 Ideoque
2661 4601 2964 4674 capitulum
3005 4613 3071 4656 eo
3095 4613 3262 4670 anno
3286 4613 3397 4655 non
3429 4606 3570 4655 tunc

1949 4703 2098 4778 apud
2128 4699 2474 4767 Cistercium,
2533 4698 2631 4754 sed
2679 4705 2868 4770 postea
2931 4694 3080 4751 circa
3136 4693 3336 4750 festum
3391 4693 3568 4750 sancti

1947 4791 2163 4848 Martini
2193 4788 2339 4862 apud
2363 4786 2652 4863 grangiam
2683 4785 2960 4858 quandam
3015 4785 3084 4840 de
3112 4783 3384 4842 Fusniaco
3425 4783 3572 4857 (521)

1947 4887 2289 4943 celebratum
2330 4891 2438 4942 est.

2017 5029 2176 5085 1163.
2239 5027 2308 5082 14
2361 5025 2480 5082 Kal.
2539 5023 2687 5080 Junii
2753 5022 3048 5080 Fastradus
3086 5021 3260 5078 abbas
3318 5017 3562 5074 Cistercii

1950 5120 2190 5176 Parisius
2235 5119 2394 5183 obiit,
2461 5116 2780 5174 Cistercium
2839 5115 3135 5172 translatus
3181 5120 3306 5168 ante
3364 5125 3562 5165 ascen-

1948 5213 2181 5269 sionem.
2225 5211 2320 5266 Cui
2389 5211 2721 5285 subrogatus
2773 5215 2859 5264 est
2923 5208 3163 5264 domnus
3205 5201 3568 5269 Gislebertus,

1952 5301 2125 5358 abbas
2156 5299 2482 5372 Ursicampi,
2517 5306 2640 5370 post
2665 5296 2961 5354 concilium
2993 5295 3338 5352 Turonense.

1797 5496 2010 5554 ΝΟΤᾹΞ.

301 5588 429 5662 (519
467 5587 705 5662 Cambro

305 5661 458 5736 (520)
498 5661 687 5718 Alnes.

2019 5594 2168 5669 (521)
2189 5594 2418 5670 Foigny.
2441 5593 2606 5650 dioec.
2648 5587 3053 5649 Laudunensis.
