3916 6064
412 212 511 268 391

1618 206 1961 263 SIGEBERTI
2004 208 2513 265 GEMBMCENSIS.

3640 219 3756 274 392

407 341 869 421 ιηηίηιξιξλέυίω·
904 353 1111 421 coaevus
1123 340 1527 421 continuationi
1536 340 1738 421 multa
1751 342 2121 421 interscripsit
2148 358 2216 421 ccc
2256 344 2509 421 Anselmo
2539 345 3074 421 et‘Genzbtacensibus
3096 348 3270 417 petita
3297 348 3554 419 pleraque
3578 364 3758 421 usque

413 411 488 492 ad
509 431 561 492 ᾳ.
595 411 783 492 1105ξ-
810 426 931 492 quae
950 425 1062 492 _nos
1092 411 1285 492 litteris
1314 412 1608 492 inclinatis
1639 411 2041 492 iudicauimus;
2061 417 2272 492 Tertius
2322 419 2466 469 circa
2496 433 2548 471 a.
2582 417 2722 471 1180
2753 420 3018 492 aspersit_
3041 411 3114 472 ca'
3144 435 3264 492 quos
3297 411 3511 475 'litter-is
3540 411 3759 492 quaeue

413 486 692 558 inclinatis
722 483 1098 558 distinximus.
1131 484 1361 550 Reliqua
1389 499 1422 558 ᾳ
1448 483 1634 558 multis
1661 489 1892 558 exarata
1916 487 2060 558 sunt,
2094 487 2270 541 eodem
2309 491 2559 556 tempore,
2601 504 2705 558 quo
2732 483 2902 555 facta.
2935 490 3099 544 Edita
3138 483 3391 558 leguntur
3418 494 3481 547 in
3508 483 3761 549 Maricae

418 557 569 611 Thes.
600 556 699 620 III,
733 554 868 608 1437
898 554 1051 607 unda
1079 569 1181 607 sua
1209 556 1437 623 sumpsit
1474 555 1713 623 Bouquet

411 643 478 683 ea:
505 625 684 681 codice
713 625 786 681 Dt
820 627 939 695 ipso
967 624 1274 695 descripsit.
1708 656 1711 657 ν

483 789 662 861 [1054.
685 788 896 844 Bellum
924 787 1071 858 apud
1101 787 1246 843 Mare
1274 795 1574 844 mortuum.

484 884 662 955 (1056.
688 883 1054 952 (Emord.0ist.
1085 881 1231 954 (527)
1252 883 1309 937 ln
1336 883 1661 955 episcOpatu
1687 884 2027 959 Lingonensi

406 977 571 1031 situm
621 974 866 1031 noscitur
919 989 1042 1028 esse
1097 972 1393 1028 cenobium
1443 975 1667 1031 nomine
1721 975 2026 1044 Molismus,

408 1064 552 1120 fama
573 1063 1017 1125 celeberrimum,
1045 1062 1316 1136 religione
1338 1064 1703 1135 conspicuum
1762 1066 1871 1122 lloc
1892 1083 1922 1121 a
1944 1069 2028 1122 sui

408 1157 634 1213 exordio
658 1156 869 1230 magnis
903 1157 1006 1211 sub
1036 1157 1187 1211 brevi
1219 1164 1468 1229 tempore
1500 1159 1687 1215 divina
1737 1162 2028 1217 clementia

406 1264 506 1303 sue
527 1248 700 1324 gratie
717 1247 1043 1303 muneribus
1070 1248 1388 1314 illustravit,
1422 1249 1554 1325 viris
1584 1250 1891 1306 illustribus
1918 1268 2025 1308 no-

408 1337 662 1405 bilitavit,
698 1352 803 1393 nec
854 1337 1041 1392 minus
1069 1336 1313 1408 amplum
1346 1338 1813 1409 possessionibus,
1863 1357 2025 1412 quam

407 1431 612 1486 clarum
638 1430 936 1486 virtutibus
980 1430 1240 1486 reddidit.
1273 1430 1517 1486 Ceterum
1561 1432 1693 1504 quia
1725 1433 2030 1504 possessio-

409 1522 574 1577 nibus
603 1522 1010 1593 virtutibusque
1031 1522 1294 1577 diuturna
1320 1538 1431 1579 non
1451 1523 1591 1578 solet
1618 1539 1742 1579 esse
1769 1525 2028 1591 societas,

410 1610 515 1665 hoc
544 1610 769 1680 quidam
796 1626 864 1665 ex
896 1610 990 1664 illa
1019 1617 1209 1665 sancta
1254 1612 1686 1685 congregatione
1736 1612 1838 1668 viri
1868 1614 2033 1668 nimi-

408 1719 529 1757 rum
560 1703 842 1774 sapientes
882 1702 1048 1758 altius
1080 1702 1479 1777 intelligentes,
1529 1704 1819 1779 elegerunt
1847 1707 2032 1777 potius

408 1795 609 1851 studiis
639 1795 937 1851 celestibus
964 1794 1244 1866 occupari,
1277 1812 1441 1867 quam
1477 1797 1710 1853 terrenis
1755 1798 2025 1869 implicari

408 1890 664 1963 negotiis.
691 1890 842 1945 Unde
870 1897 924 1945 et
950 1906 1077 1946 mox
1100 1890 1357 1945 virtutum
1387 1898 1661 1947 amatores
1690 1893 1759 1947 de
1788 1909 2033 1964 pauper-

406 1988 517 2037 tate
548 1982 785 2038 fecunda
840 1982 1079 2039 virorum
1128 1982 1372 2057 cogitare
1413 1990 1704 2054 ceperunt.
1745 1984 2030 2057 Simulque

1766 557 1885 623 XII,
1940 557 2063 624 781,
2094 560 2295 625 XVIII,
2338 558 2463 612 354.
2505 557 2625 615 Nos
2671 561 2883 628 damus,
2927 563 3116 632 prouti
3161 557 3433 619 Waitzius
3483 569 3666 620 noster
3690 582 3760 622 ea

2048 795 2098 864 Α
2126 799 2235 849 tate
2274 793 2623 865 conﬁrmato,
2653 804 2714 853 ut
2744 813 2809 854 ex
2840 814 2908 854 eo
2943 799 3056 870 jam
3098 806 3348 872 tempore
3401 809 3599 858 neutra
3625 804 3761 859 illa~

2128 901 2247 940 rum
2315 888 2628 945 utriuslibet
2674 892 3006 947 monachum
3064 892 3133 948 ad
3193 894 3559 951 habitandum
3623 896 3755 952 sine

2128 978 2610 1035 commendatione
2661 980 2895 1055 regulari
2928 981 3253 1053 susciperet.
3294 984 3408 1048 Quo
3453 984 3616 1052 facto,
3652 1003 3758 1041 no-

2127 1084 2254 1122 vum
2288 1072 2679 1127 monasterium
2702 1073 2829 1128 novi
2862 1074 3030 1145 patris
3069 1075 3443 1131 sollicitudine
3486 1084 3540 1132 et
3581 1078 3753 1134 indu-

2126 1160 2257 1215 stria
2311 1160 2364 1215 in
2423 1162 2598 1230 brevi,
2651 1179 2762 1219 non
2821 1165 3181 1221 mediocriter
3225 1167 3335 1223 Deo
3382 1180 3753 1240 cooperante.

2128 1249 2185 1305 in
2241 1258 2430 1308 sancta
2452 1253 2866 1311 conversatione
2924 1257 3176 1327 profecit,
3220 1257 3487 1330 Opinione
3529 1260 3754 1327 claruit,

2128 1339 2295 1395 rebus
2314 1343 2644 1397 necessariis
2674 1344 2864 1400 crevit.
3354 1416 3365 1423 ﬁ

2204 1434 2360 1505 [1107
2416 1435 2645 1506 (Εωονά.
2709 1437 2867 1507 Cist.)
2932 1439 3142 1494 Bellum
3173 1442 3319 1512 apud
3374 1440 3755 1498 Tenechebrai

2129 1525 2276 1595 (528)
2310 1526 2451 1581 inter
2498 1527 2788 1587 ltobertum
2820 1531 3081 1585 comitem
3129 1538 3184 1587 ct
3215 1532 3503 1588 Henricum
3531 1534 3754 1605 Anglic.

2129 1616 2436 1682 Albcricus,
2470 1617 2640 1673 abbas
2671 1618 2953 1688 Cistercie,
3004 1637 3244 1691 superne
3276 1622 3583 1680 vocationis
3609 1624 3756 1695 :bra-

2129 1706 2300 1774 vium,
2330 1707 2396 1761 ad
2438 1708 2584 1779 quod
2620 1708 2824 1763 ibidem
2866 1725 2966 1781 per
2995 1726 3192 1766 novem
3221 1726 3397 1766 annos
3427 1728 3535 1767 non
3567 1713 3619 1767 in
3653 1730 3759 1768 va-

2131 1812 2293 1852 cuum
2325 1797 2585 1862 cucurrit,
2644 1798 2861 1854 decimo
2914 1800 3304 1871 apprehendit.
3357 1800 3448 1856 Cui
3481 1804 3758 1858 successit

2131 1888 2370 1943 domnus
2408 1889 2741 1959 Stephanus,
2769 1889 2937 1946 homo
2967 1890 3189 1945 natione
3210 1890 3492 1965 Anglicus,
3523 1892 3757 1966 religio-

2131 1978 2236 2045 nis,
2268 1980 2628 2051 paupertatis,
2656 1980 3076 2053 discipleneque
3125 1982 3393 2057 regularis
3423 1982 3757 2039 ardentissi-

407 2076 777 2145 advertentes,
820 2076 1046 2142 ibidem,
1078 2077 1181 2132 etsi
1212 2084 1401 2133 sancte
1442 2078 1786 2151 honesteque
1812 2079 2023 2135 vivere-

2150 2085 2250 2124 nus
2275 2078 2507 2137 amator,
2551 2068 2909 2126 fidelissimus
2960 2070 3248 2128 emulator.
3310 2071 3369 2126 In
3409 2071 3575 2143 hujus
3617 2088 3754 2127 vere

406 2173 512 2233 tur,
539 2166 723 2221 minus
754 2130 934 2220 tamen
975 2130 1073 2236 pro
1120 2165 1204 2220 sui
1261 2165 1542 2221 desiderio
1590 2130 1755 2237 atqiie
1817 2130 2097 2238 ριιορο-’Β
2126 2160 2323 2216 diebus
2342 2176 2531 2216 verum
2563 2176 2687 2215 esse
2718 2160 2913 2232 patuit,
2956 2161 3103 2232 quod
3133 2160 3399 2232 scriptum
3427 2130 3543 2217 est:
3593 2163 3755 2218 Oculi

405 2256 511 2310 sito
544 2256 738 2326 ipsam,
772 2271 935 2327 quam
981 2252 1217 2325 professi
1262 2253 1500 2321 fuerant,
1552 2254 1796 2328 regulam
1826 2254 2023 2311 obser-

406 2347 541 2413 vari,
597 2348 852 2403 locuntur
906 2347 1251 2413 alterutrum,
1297 2345 1448 2417 quod
1505 2345 1758 2419 singulos
1813 2356 2017 2417 movet,

406 2439 730 2510 pariterque
771 2439 913 2493 inter
958 2454 1017 2493 se
1051 2444 1306 2505 tractant,
1364 2437 1601 2509 qualiter
1646 2438 1798 2494 illum
1850 2442 2039 2495 versi-

406 2535 590 2590 culum
622 2533 982 2604 adimpleant,
1017 2533 1263 2589 Reddam
1302 2533 1410 2588 tibi
1454 2538 1580 2587 vota
1622 2550 1760 2602 mea,
1800 2550 1922 2605 qua:
1948 2536 2030 2589 di-

407 2625 715 2679 stinxerunt
744 2623 892 2677 labia
918 2638 1053 2677 mea.
1102 2622 1242 2686 Quid
1300 2622 1495 2693 plura?
1543 2623 1691 2679 Unus
1730 2632 1785 2678 et
1830 2624 2026 2699 viginti

407 2717 687 2783 monachi,
719 2732 829 2772 una
855 2732 978 2771 cum
1033 2722 1186 2786 patre
1245 2715 1419 2786 ipsius
1481 2718 1821 2784 monasterii,
1868 2718 2028 2774 beate

405 2806 668 2862 videlicet
686 2806 952 2862 memorie
985 2805 1248 2872 Roberto,
1298 2804 1528 2880 egressi,
1571 2808 1851 2862 communi
1882 2823 2025 2863 con-

403 2895 549 2961 silio,
605 2896 883 2952 communi
930 2895 1199 2966 perficere
1257 2894 1506 2951 nituntur
1565 2912 1815 2965 assensu,
1878 2898 2027 2969 quod

404 3000 518 3040 uno
539 2985 737 3055 spiritu
765 2991 1160 3055 conceperant.
1209 2984 1375 3058 Igitur
1407 2991 1529 3055 post
1559 2985 1760 3040 multos
1807 2985 2028 3043 labores

406 3091 473 3129 ac
519 3075 720 3129 nimias
749 3074 1124 3142 difficultates,
1183 3091 1321 3146 quas
1359 3091 1553 3132 omnes
1592 3076 1648 3130 in
1690 3076 1903 3133 Christo
1936 3078 2025 3149 pie

404 3164 593 3220 vivere
630 3164 879 3220 volentes
909 3163 1017 3236 pati
1051 3179 1279 3219 necesse
1330 3172 1434 3231 est,
1487 3165 1709 3221 tandem
1741 3166 2025 3223 desiderio

408 3256 585 3328 potiti,
644 3256 964 3313 Cistercium
998 3256 1362 3325 devenerunt,
1397 3257 1576 3314 locum
1634 3267 1761 3314 tunc
1817 3260 2025 3315 scilicet

409 3350 651 3407 horroris
697 3360 752 3405 et
807 3356 957 3405 vaste
1010 3349 1346 3406 solitudinis.
1402 3350 1509 3406 Sed
1565 3351 1769 3407 milites
1809 3351 2026 3419 Christi,

405 3443 511 3499 loci
559 3441 911 3514 asperitatem
934 3441 1004 3497 ab
1028 3448 1147 3496 arto
1174 3442 1482 3513 preposito,
1512 3443 1660 3514 quod
1696 3443 1810 3513 jam
1842 3443 2027 3498 animo

405 3539 795 3604 conceperant,
829 3547 940 3588 non
986 3531 1257 3588 dissidere
1284 3532 1621 3604 judicantes,
1670 3542 1730 3590 ut
1757 3550 1885 3590 vere
1916 3533 2024 3589 sibi

405 3627 672 3684 divinitus
727 3631 1099 3697 preparatum,
1155 3634 1261 3680 tam
1314 3637 1528 3698 gratum
1569 3626 1813 3682 habuere
1842 3625 2023 3682 locum

405 3733 567 3787 quam
598 3733 783 3773 carum
823 3718 1186 3789 propositum.
1229 3720 1385 3775 Anno
1426 3719 1610 3791 itaque
1650 3720 1719 3775 ab
1776 3720 2027 3775 incarna-

406 3811 557 3866 tione
605 3811 819 3866 scilicet
872 3813 1087 3868 Domini
1139 3814 1296 3879 1098,
1360 3814 1692 3869 venerabilis
1750 3813 2020 3889 Hugonis,

408 3904 792 3976 Lugdunensis
818 3906 1067 3961 ecclesiae
1088 3907 1514 3979 archiepiscopi,
1538 3909 1690 3964 sedis
1727 3910 2028 3979 apostolico

409 4002 539 4050 tunc
577 3996 766 4069 legati,
799 4004 855 4051 et
910 3996 1156 4071 religiosi
1186 3997 1308 4062 viri,
1359 3998 1604 4054 Walterii
1648 3998 2029 4055 Cabilonensis

408 4083 682 4155 episcopi,
758 4100 863 4140 nec
939 4100 1050 4139 non
1117 4085 1406 4140 clarissimi
1467 4087 1753 4159 principis,
1822 4087 2029 4144 Odonis

412 4175 726 4248 Burgundie
757 4175 935 4247 ducis,
968 4176 1089 4233 freti
1118 4177 1376 4245 consilio,
1407 4179 1730 4235 auctoritate
1759 4179 2027 4248 roborati,
2062 4168 2083 4190 ⁶

410 4267 689 4326 inventam
736 4269 1017 4328 heremum
1060 4269 1116 4325 in
1164 4269 1443 4326 abbatiam
1492 4272 1826 4328 constituere
1857 4288 2024 4343 cepe-

410 4370 557 4429 runt,
591 4362 803 4435 prefato
841 4362 1041 4419 abbate
1076 4362 1312 4420 Roberto
1342 4364 1411 4419 ab
1455 4364 1603 4420 illius
1627 4365 1867 4422 diocesis
1895 4366 2022 4436 epi-

406 4474 596 4531 scopo;
663 4458 923 4516 videlicet
979 4457 1367 4525 Cabilonensc,
1425 4458 1763 4530 suscipiente
1837 4474 2023 4514 curam

406 4547 726 4622 virgamque
755 4548 1110 4619 pastoralem,
1160 4546 1365 4603 ceteris
1420 4548 1524 4603 sub
1554 4547 1674 4618 ipso
1730 4547 1787 4602 in
1826 4548 2023 4605 eodem

406 4638 528 4694 loco
552 4638 898 4696 firmantibus
924 4640 1302 4697 stabilitatem.
1334 4640 1400 4695 At
1427 4655 1558 4696 vero
1585 4647 1710 4712 post
1736 4656 1847 4696 non
1872 4640 2023 4696 mul-

408 4733 522 4782 tum
546 4728 811 4798 temporis
860 4728 1061 4786 factum
1090 4737 1195 4797 est,
1228 4737 1288 4786 ut
1339 4729 1487 4785 idem
1520 4728 1693 4784 abbas
1727 4728 2021 4798 Bobertus,

2123 2258 2340 2310 Domini
2369 2270 2531 2325 super
2550 2255 2747 2324 justas,
2777 2259 2828 2309 et
2864 2270 3022 2310 aures
3072 2255 3192 2325 ejus
3228 2256 3303 2311 ad
3321 2271 3506 2327 preces
3532 2272 3748 2313 eorum.

2122 2349 2254 2403 Nam
2296 2347 2530 2419 pusillus
2554 2333 2686 2420 grex
2732 2348 2836 2404 hoc
2868 2349 3067 2416 solum,
3101 2349 3409 2421 plangeret,
3452 2348 3600 2421 quod
3631 2366 3742 2420 pu-

2130 2441 2286 2496 sillus
2315 2448 2484 2509 esset,
2517 2442 2623 2497 hoc
2659 2441 2859 2508 solum,
2902 2442 3152 2514 inquam,
3181 2450 3512 2507 metuerent,
3545 2451 3601 2498 et
3625 2459 3757 2498 me-

2131 2538 2352 2587 tuerent
2383 2545 2525 2602 pene
2555 2547 2730 2603 usque
2761 2531 2830 2586 ad
2861 2530 3308 2603 desperationem
3363 2530 3557 2586 Christi
3609 2548 3756 2603 pau-

2130 2637 2311 2693 peres,
2357 2638 2459 2677 sue
2505 2637 2566 2676 se
2622 2638 2733 2677 non
2792 2637 2959 2693 posse
3037 2621 3352 2693 relinquere
3410 2623 3758 2693 paupertatis

2129 2714 2385 2769 heredes.
2414 2714 2623 2768 Vicinis
2680 2714 2889 2786 quippe
2930 2713 3250 2769 hominibus
3290 2713 3403 2769 vite
3439 2714 3666 2786 quidem
3691 2715 3753 2769 in

2130 2805 2251 2859 deis
2291 2803 2693 2860 honorantibus
2750 2804 3119 2871 sanctitatem,
3173 2803 3271 2858 sed
3318 2803 3758 2860 abhorrentibus

2130 2896 2522 2963 austeritatem,
2555 2904 2609 2951 et
2659 2896 2733 2951 ita
2774 2896 3150 2952 resilientibus
3202 2896 3271 2950 ab
3304 2896 3520 2952 illorum
3563 2896 3759 2952 imita-

2128 2996 2301 3060 tione,
2351 2994 2553 3067 quibus
2610 2994 3130 3066 apprOpinquabant
3201 2993 3522 3060 devotione;
3581 2995 3756 3060 Deus,

2129 3084 2217 3139 cui
2258 3084 2416 3139 facile
2457 3090 2539 3138 est
2586 3084 2658 3139 de
2685 3083 2900 3156 exiguis
2944 3099 3166 3156 magna,
3228 3083 3299 3138 de
3328 3083 3522 3153 paucis
3566 3082 3759 3138 facere

2127 3173 2317 3240 multa,
2359 3173 2654 3228 multorum
2687 3178 2872 3242 preter
2901 3187 3058 3243 spem
3093 3172 3159 3226 ad
3204 3171 3446 3242 ipsorum
3478 3170 3755 3227 imitatio-

2130 3281 2256 3319 nem
2294 3265 2548 3321 excitavit
2595 3265 2784 3331 corda,
2815 3264 2892 3320 ita
2920 3272 2981 3320 ut
3010 3264 3066 3318 in
3120 3263 3261 3319 cella
3282 3263 3554 3335 probandi
3587 3263 3759 3319 novi-

2129 3359 2363 3426 ciorum,
2421 3369 2528 3416 tam
2558 3358 2745 3415 clerici
2807 3374 2977 3430 quam
3021 3358 3166 3425 laici,
3195 3365 3251 3414 et
3296 3357 3399 3428 ipsi
3439 3358 3757 3413 secundum

2051 3483 2099 3551 Ο
2128 3450 2375 3504 seculum
2430 3448 2648 3505 nobiles
2692 3456 2856 3519 atque
2909 3453 3187 3520 potentes,
3252 3445 3476 3518 triginta
3543 3445 3761 3517 pariter

2077 3526 2099 3550 ³
2128 3540 2527 3597 cohabitarent.
2562 3542 2632 3596 Ex
2678 3557 2785 3614 qua
2814 3539 2987 3596 celica
3026 3538 3339 3595 visitatione
3364 3542 3495 3610 ztam
3535 3537 3754 3600 subita,

2129 3636 2235 3683 tam
2292 3629 2422 3695 leta,
2478 3629 2637 3685 letari
2692 3645 2804 3685 non
2864 3628 3139 3684 immerito
3187 3627 3299 3697 jam
3340 3626 3562 3683 tandem
3595 3626 3758 3698 cepit

2125 3718 2351 3786 sterilis,
2383 3734 2492 3791 que
2524 3733 2633 3774 non
2666 3718 2935 3790 pariebat,
2968 3716 3228 3789 quoniam
3261 3716 3417 3771 multi
3453 3715 3579 3771 facti
3610 3728 3757 3771 sunt

2130 3810 2224 3866 filii
2253 3812 2490 3867 deserte.
2546 3812 2657 3867 Nec
2695 3811 2930 3867 cessavit
2983 3811 3033 3864 ei
3066 3811 3209 3865 Deus
3237 3810 3294 3864 in
3325 3809 3444 3864 dies
3472 3808 3759 3881 multipli-

2129 3915 2252 3956 care
2282 3908 2528 3972 gentem,
2558 3900 2913 3976 magnificare
2954 3899 3219 3964 leticiam,
3260 3900 3440 3955 donec
3469 3906 3578 3954 tam
3607 3899 3757 3967 suis,

2129 4008 2293 4061 quam
2326 3994 2394 4049 de
2453 3992 2581 4049 filiis
2621 3993 2856 4049 ﬁliorum
2896 4008 3118 4048 suorum
3165 3991 3357 4066 viginti
3395 3990 3535 4046 infra
3568 4007 3759 4048 annos

2129 4080 2349 4137 circiter
2385 4082 2681 4138 duodecim
2709 4081 2780 4138 de
2818 4081 2952 4137 solis
2982 4080 3231 4152 patribus
3262 4079 3757 4149 monasteriorum,

2131 4180 2405 4245 tamquam
2457 4174 2673 4230 novella
2712 4174 2977 4230 olivarum
3028 4173 3083 4227 in
3139 4173 3373 4228 circuitu
3427 4187 3620 4228 mense
3649 4187 3760 4228 sue

2131 4265 2237 4322 leta
2266 4274 2440 4322 mater
2468 4267 2836 4338 conspiceret.
2894 4266 3012 4320 Non
3051 4264 3202 4320 enim
3252 4264 3514 4320 arbitrata
3563 4270 3647 4319 est
3692 4263 3759 4320 in

2125 4374 2454 4435 congruum,
2509 4359 2553 4414 si
2604 4358 2780 4414 sancti
2847 4357 3019 4429 patris
3061 4356 3364 4423 Benedicti,
3414 4355 3575 4426 cujus
3629 4372 3759 4411 am-

2128 4452 2468 4524 plectebatur
2518 4452 2789 4520 instituta,
2832 4451 3140 4506 imitaretur
3163 4457 3220 4505 et
3257 4449 3533 4521 exempla.
3577 4448 3758 4505 Porro

2124 4558 2156 4597 a
2206 4544 2501 4616 principio,
2537 4558 2660 4599 cum
2702 4556 2876 4598 novos
2912 4540 2970 4595 in
3011 4556 3192 4597 ramos
3239 4539 3457 4595 novella
3506 4539 3763 4611 cepisset

2128 4632 2396 4705 pullulare
2454 4630 2743 4703 plantatio,
2813 4628 3149 4685 venerabilis
3220 4634 3377 4701 pater
3431 4627 3763 4699 Stephanus

2124 4726 2423 4803 sagacitate
2455 4724 2707 4799 pervigili
2730 4723 2870 4779 mire
2901 4723 3216 4795 providerat
3228 4720 3582 4778 discretionis
3599 4720 3757 4776 scri-

408 4817 818 4888 requirentibus
854 4836 981 4876 eum
1033 4822 1317 4877 monachis
1354 4821 1819 4886 Molismensibus,
1878 4836 2021 4893 pape
2049 4825 2299 4930 Dptum,
2324 4827 2608 4891 tamquam
2636 4817 2937 4889 putationis
2984 4814 3401 4882 ferramentum,
3457 4814 3522 4869 ad
3557 4813 3758 4886 preci-

408 4905 610 4930 l'r..l._..:
656 4907 881 4930 -.....-._.I:
923 4908 1076 4930 :_-___-
1157 4909 1402 4930 πτ,ι.--εε
1460 4908 1840 4930 ηΑιΑιι-,.-μ-ξ-
1905 4910 1987 4930 ---ε
2132 4910 2335 4930 ›-μ)--
2381 4909 2635 4930 __E_I-l!--a
2669 4908 2980 4930 __:-..._..--...
3024 4904 3300 4930 -.-......1.......
3361 4903 3450 4930 -..ζ
3489 4902 3710 4930 κηρυκι-

408 4905 611 4961 Urbani
656 4907 883 4963 secundi
916 4908 1102 4978 jussu,
1157 4909 1405 4966 Walterii
1459 4908 1844 4965 Cabilonensis
1900 4910 2019 4981 epi-
2049 4902 2103 4930 υ
2123 4910 2340 4966 dendos
2380 4909 2639 4965 videlicet
2667 4908 2983 4965 scismatum
3022 4904 3325 4973 surculum,
3357 4903 3453 4978 qui
3486 4902 3758 4976 quando-

404 4995 558 5067 sc0pi
589 4995 812 5050 licentia
840 5002 897 5051 et
932 4999 1515 5066 assensu,Molismum
1568 4998 1945 5068 reduceretur,
1968 5006 2024 5054 et
2123 5016 2231 5074 quc
2269 5007 2702 5066 succrescentes,
2746 5004 2933 5053 mutue
2983 4995 3134 5067 pacis
3184 5002 3505 5050 exorturum
3565 4992 3761 5065 prefe-

401 5087 706 5154 Albericus,
740 5087 823 5143 vir
876 5088 1168 5163 religiosus
1192 5098 1251 5145 et
1290 5097 1535 5160 sanctus,
1593 5091 1649 5145 in
1696 5090 1871 5162 ipsius
1900 5090 2022 5147 loco
2123 5107 2247 5147 care
2289 5096 2544 5162 poterant
2581 5088 2836 5145 fructum.
2872 5086 3028 5142 Unde
3059 5094 3114 5141 et
3144 5084 3409 5154 scriptum
3444 5082 3580 5138 illud
3627 5099 3765 5139 car-

402 5179 864 5247 substitueretur;
906 5180 1013 5235 hoc
1050 5195 1183 5234 sane
1222 5180 1366 5236 inter
1385 5188 1675 5253 utramque
1702 5181 2020 5251 ecclesiam,

402 5280 687 5346 sequestre
717 5275 868 5346 pacis
895 5274 1070 5348 gratia
1108 5281 1326 5332 retento
1364 5283 1421 5331 et
1448 5276 1755 5348 apostolico
1785 5278 2023 5333 auctori-

2124 5189 2233 5237 tam
2264 5180 2531 5246 caritatis,
2562 5185 2945 5250 competenter
2969 5176 3145 5233 voluit
3177 5174 3471 5244 nominari,
3504 5173 3655 5247 quod
3688 5190 3763 5231 ea

2127 5280 2359 5343 tantum,
2385 5289 2493 5346 que
2525 5280 2656 5329 sunt
2683 5271 2955 5340 caritatis,
2977 5277 3089 5327 tota
3129 5270 3254 5339 ejus
3283 5269 3455 5324 series
3504 5267 3763 5324 redoleat

1971 5398 2178 5456 NOTAE.

474 5501 621 5573 (527)
666 5502 707 5559 I.
749 5519 801 5560 e.
845 5502 1138 5561 Exordium
1181 5504 1422 5560 coenobii
1466 5505 1864 5571 Cisterciensis,
1898 5523 1998 5562 au-

401 5576 553 5647 ctore
595 5577 973 5647 unorquodam
1030 5592 1095 5631 ex
1133 5575 1521 5632 fundatoribus
1559 5582 1833 5647 (sanctum
1874 5579 1989 5635 Ste-

405 5642 653 5713 phanum
682 5642 770 5699 vix'
797 5647 1177 5718 crediderim),
1208 5648 1353 5718 apud
1387 5642 1591 5705 Tissier
1621 5649 1762 5706 Bibl.
1799 5650 1998 5707 Cister—

2145 5505 2353 5564 ciensis
2385 5506 2428 5571 l,
2460 5522 2507 5571 1;
2558 5505 2743 5561 Labbe
2772 5504 2918 5559 Bibl.
2951 5519 3055 5559 ms.
3081 5521 3118 5570 ι,
3151 5503 3277 5559 640.

2204 5578 2352 5649 (528)
2418 5577 2785 5648 Tinchehray,
2832 5576 2897 5630 ad
2952 5575 3006 5632 fl.
3055 5574 3292 5631 Noireau
3344 5573 3493 5629 inter
3528 5574 3655 5630 Vire
3701 5584 3764 5631 et

2146 5650 2446 5708 Domfront.
