3930 6068
169 271 288 326 393
1137 282 1484 340 CHRONICA’.
1528 317 1594 326 —
1635 285 2016 349 AUCTARIUM
2058 293 2302 351 MORTUI
2343 297 2568 355 MARIS.
3418 318 3524 376 394

161 401 245 457 ita
271 410 337 458 ut
375 404 628 474 pene’nil
681 406 832 462 aliud
863 408 1070 482 ubique
1113 413 1196 468 sui
1229 417 1494 488 prosequi
1522 417 1793 490 videatur,
1823 432 1870 500 Α
1901 439 2212 498 pecoraque
2251 427 2468 486 diversa
2519 434 2832 491 necessitati
2900 438 3189 497 hominum
3248 445 3426 502 utilia.
3459 435 3522 505 Et

157 495 322 565 quod
357 497 569 552 nemini
631 498 926 571 quicquam
957 501 1228 572 debeatis,
1252 507 1357 562 nisi
1385 509 1695 566 utinvicem
1710 512 1797 568 di-
1825 495 1870 500 ﬂ
1896 529 2021 570 cum
2048 515 2251 572 alicubi
2283 529 2464 576 curtes
2494 522 2563 576 ad
2604 527 2942 584 exercendas
2961 531 3322 606 agriculturas
3354 538 3518 595 insti-

161 581 360 606 l:__n:_
417 585 526 606 Α---
557 586 768 606 ___:J-,--
835 602 880 606 ,μ
924 597 934 606 .
1075 591 1086 602 α
1172 601 1180 606 .
1248 595 1260 606 1
1393 597 1404 606 .
1730 600 1762 606 -.

160 581 530 656 Ιίεεῑίε.,ραθ
550 586 776 657 quidem
825 597 996 657 carta,
1043 591 1188 648 sicut
1212 595 1281 650 ab
1302 597 1497 652 eodem
1527 607 1680 670 patre
1711 600 1796 655 di-

157 681 328 743 gesta
373 682 428 730 et
485 693 517 732 a
583 678 808 750 prefatis
849 681 1046 756 viginti
1107 687 1401 744 abbatibus
1448 691 1793 756 confirmata.

155 765 339 836 sigilli
367 783 588 840 quoque
625 772 917 842 apostolici
948 777 1274 834 auctoritate
1297 781 1508 837 munita
1545 792 1649 851 est,
1685 785 1796 840 lar-

156 854 296 926 gius
335 859 581 915 continet
611 877 696 928 ea,
738 879 846 934 que
914 864 1317 934 diximus;sed
1359 889 1460 927 nos
1523 890 1790 930 summam

159 957 384 1005 tantum
411 967 601 1008 eorum
661 955 750 1010 hic
807 955 1050 1013 breviter
1100 963 1552 1036 perstringemus.
1609 967 1792 1023 Abbas

161 1040 418 1096 Cistercii
447 1050 501 1097 et
522 1041 720 1100 fratres
741 1045 881 1114 ejus,
924 1062 1036 1102 non
1069 1049 1426 1108 immemores
1473 1057 1792 1126 sponsionis

157 1145 287 1198 sue,
315 1132 563 1204 regulam
597 1133 741 1188 beati
772 1135 1052 1191 Benedicti
1094 1137 1288 1195 inloco
1317 1142 1410 1198 illo
1440 1145 1701 1201 ordinare
1739 1155 1792 1202 et

159 1218 512 1273 unanimiter
531 1225 841 1278 statuerunt
871 1230 1084 1292 tenere,
1114 1227 1432 1296 rejicientes
1459 1249 1489 1286 a
1513 1249 1596 1304 se,
1635 1236 1790 1307 quic-

157 1306 303 1378 quid
336 1309 528 1384 regule
551 1311 950 1386 refragabatur,
993 1314 1206 1372 froccos
1234 1319 1492 1376 videlicet
1541 1331 1596 1378 et
1627 1306 1792 1395 pelli-

157 1395 300 1464 cias,
336 1398 650 1468 estaminia,
683 1401 912 1472 capucia
963 1419 1187 1476 quoque
1241 1416 1295 1462 et
1343 1409 1650 1479 femoralia,
1691 1431 1792 1485 pe-

157 1487 314 1541 ctina
351 1494 408 1542 et
433 1490 781 1560 coopertoria
833 1493 1098 1550 stramina
1155 1496 1446 1568 lectorum,
1477 1516 1541 1555 ac
1572 1501 1790 1559 diversa

156 1575 417 1632 ciborum
461 1577 515 1633 in
539 1577 833 1635 refectorio
871 1580 1094 1648 fercula,
1132 1585 1387 1660 sagimen
1413 1589 1577 1645 etiam
1607 1599 1661 1646 et
1686 1609 1787 1649 ce-

158 1673 280 1720 tera
322 1667 660 1741 omnia,que
691 1670 915 1740 puritati
939 1673 1140 1746 regule
1171 1676 1626 1736 adversabantur.
1662 1682 1785 1738 Sic-

157 1771 274 1827 que
315 1757 705 1812 rectitudinem
739 1759 930 1832 reguie
950 1776 1118 1832 supra
1147 1773 1409 1822 cunctum
1441 1769 1551 1824 vite
1580 1786 1680 1826 sue
1711 1782 1790 1828 te-
1817 1750 1866 1817 Β

157 1859 359 1899 norem
391 1845 679 1916 ducentes,
709 1855 815 1902 tam
838 1848 893 1904 in
918 1851 1333 1922 ecclesiasticis,
1363 1873 1524 1928 quam
1545 1859 1600 1913 in
1633 1872 1786 1916 cete-

156 1933 236 1988 ris
262 1934 774 2006 observationibus,
819 1942 1011 2014 regule
1069 1945 1318 2020 vestigiis
1370 1951 1784 2023 suntadequati

152 2038 258 2077 seu
290 2025 639 2084 conformati.
670 2029 826 2084 Exuti
851 2047 982 2103 ergo
1027 2039 1270 2089 veterem
1325 2036 1630 2106 hominem,
1673 2057 1782 2098 no-

154 2135 291 2173 vum
312 2135 372 2175 se
412 2121 659 2178 induisse
697 2125 1036 2198 gaudebant.
1081 2129 1143 2185 Et
1181 2131 1312 2202 quia
1353 2149 1456 2189 nec
1485 2135 1538 2190 in
1572 2139 1760 2211 regula

154 2226 265 2264 nec
307 2210 360 2264 in
392 2212 501 2268 vita
529 2216 702 2270 sancti
727 2217 1035 2285 Benedicti,
1059 2222 1298 2276 eundem
1327 2224 1609 2282 doctorem
1638 2210 1784 2303 lege-

155 2299 292 2353 bant
321 2303 634 2371 possedisse
673 2306 938 2362 ecclesias
967 2310 1053 2364 vel
1077 2312 1270 2367 altaria
1325 2330 1424 2370 seu
1467 2299 1781 2375 oblationes

153 2399 214 2446 et
244 2394 582 2466 sepulturas,
609 2398 695 2451 vel
757 2399 1004 2456 decimas
1046 2403 1281 2460 aliorum
1341 2407 1650 2478 hominum,
1674 2427 1772 2468 seu

153 2481 352 2538 furnos
407 2493 463 2538 et
513 2486 837 2544 molendina
889 2499 982 2546 aut
1016 2492 1172 2548 villas
1223 2494 1308 2550 vel
1353 2497 1608 2564 rusticos,
1671 2515 1776 2555 nec

151 2569 324 2624 etiam
347 2571 582 2629 feminas
620 2579 1012 2634 monasterium
1045 2581 1166 2650 ejus
1193 2583 1452 2653 intrasse,
1471 2602 1574 2642 nec
1620 2603 1772 2644 mor-

151 2672 281 2718 tuos
302 2663 530 2733 ibidem,
561 2677 789 2740 excepta
819 2686 1008 2727 sorore
1036 2677 1442 2746 sua,sepelisse
1475 2695 1490 2744 ;
1517 2679 1642 2735 ideo
1667 2697 1772 2738 nec

152 2755 346 2812 omnia
398 2757 822 2831 abdicaverunt,
880 2764 1132 2821 dicentes
1183 2769 1316 2823 :Ubi
1375 2771 1562 2828 beatus
1612 2781 1772 2842 pater

151 2846 468 2902 Benedictus
495 2849 660 2918 docet,
693 2858 754 2907 ut
799 2856 1092 2911 monachus
1117 2873 1150 2910 α
1179 2861 1510 2917 secularibas
1561 2866 1770 2919 actibus

150 2951 208 2992 se
233 2940 406 3006 faciat
435 2942 697 3013 alienum,
721 2945 796 3000 ibi
821 2948 1019 3016 liquido
1045 2955 1295 3022 testatur,
1326 2955 1422 3010 hoc
1449 2971 1560 3012 non
1588 2957 1772 3014 debere

151 3037 360 3088 versari
381 3037 441 3089 in
469 3039 678 3094 actibus
699 3041 781 3094 vel
807 3042 1050 3099 cordibus
1097 3049 1508 3118 monachorum,
1541 3055 1636 3121 qui
1662 3068 1766 3108 no-

149 3124 318 3178 minis
342 3128 432 3180 sui
457 3129 863 3200 ethymologiam
918 3135 1012 3188 hec
1054 3135 1313 3205 fugiendo
1338 3143 1536 3195 sectari
1557 3142 1765 3197 debent.
1797 3126 1846 3194 C
1869 3124 2114 3225 1d,;

149 3215 402 3272 Decimus
429 3236 654 3292 quoque
683 3223 960 3281 aiebanta
995 3228 1200 3284 sanctis
1237 3232 1506 3303 patribus,
1541 3235 1632 3306 qui
1675 3251 1768 3292 or-

149 3325 295 3380 gana
315 3319 471 3366 erant
492 3313 729 3384 Spiritus
759 3307 955 3388 sancti,
988 3337 1336 3396 quorumque
1366 3333 1566 3382 statuta
1597 3335 1768 3384 trans-

147 3401 309 3476 gredi
339 3403 689 3479 sacrilegium
707 3415 811 3475 est,
851 3410 1195 3467 committere
1220 3412 1277 3467 in
1333 3424 1571 3487 quatuor
1599 3419 1768 3489 parti-

151 3492 344 3548 ciones
372 3493 714 3565 distributas,
754 3514 918 3554 unam
979 3501 1192 3558 scilicet
1221 3505 1504 3577 episcopo,
1537 3509 1766 3564 alteram

152 3587 742 3658 presbitero,terciam
797 3595 1109 3668 hospitibus
1153 3598 1223 3653 ad
1276 3597 1422 3654 illam
1473 3601 1764 3658 ecclesiam

151 3681 526 3752 venientibus,
557 3701 656 3741 seu
697 3687 881 3744 viduis
908 3697 962 3745 et
1021 3691 1310 3761 orphanis,
1355 3693 1472 3747 sive
1505 3695 1768 3766 pauperi-

150 3772 257 3828 bus
285 3774 506 3830 aliunde
529 3777 731 3833 victum
755 3795 864 3836 non
895 3780 1251 3850 habentibus,
1275 3789 1524 3854 quartam
1555 3793 1768 3842 restau-

154 3869 354 3924 rationi
407 3871 661 3930 ecclesie.
703 3874 918 3948 thuia
965 3875 1020 3931 in
1053 3878 1157 3936 hoc
1195 3889 1451 3952 compote
1473 3899 1762 3954 personam

152 3966 431 4036 monachi,
460 3969 552 4040 qui
582 3976 754 4026 terras
779 3988 908 4028 suas
937 3975 1205 4045 possidet,
1230 3979 1377 4034 unde
1405 3988 1458 4036 et
1497 3998 1600 4053 per
1627 4000 1688 4040 se
1710 3990 1765 4040 et

147 4069 467 4127 perpecora
513 4073 611 4112 sua
638 4057 940 4118 laborando
1006 4065 1169 4134 vivat,
1229 4085 1341 4124 non
1381 4071 1757 4142 reperiebant,

147 4143 494 4214 iecircohec,
535 4149 702 4204 veluti
759 4151 994 4208 aliorum
1043 4154 1157 4225 jus,
1219 4157 1421 4230 injuste
1452 4161 1556 4217 sibi
1600 4179 1760 4219 usur-

147 4249 280 4303 pare
309 4233 708 4294 detrectabant.
742 4240 881 4297 Ecce
913 4243 1076 4315 hujus
1103 4246 1275 4302 seculi
1307 4249 1512 4305 divitiis
1535 4253 1754 4322 Spretis,

145 4332 412 4396 ceperunt
459 4328 586 4385 novi
616 4329 819 4386 milites
881 4333 1078 4390 Christi
1108 4352 1231 4392 cum
1265 4355 1506 4414 paupere
1547 4341 1758 4399 Christo

147 4429 421 4486 pauperes
448 4415 594 4472 inter
621 4433 682 4472 se
704 4425 956 4489 tractare,
989 4437 1098 4494 quo
1130 4423 1355 4499 ingenio
1426 4444 1603 4500 quove
1626 4432 1758 4486 arti-

149 4508 295 4576 ficio,
325 4527 423 4566 seu
463 4527 572 4585 quo
598 4515 859 4572 exercitio
912 4516 968 4572 in
1025 4519 1127 4576 hac
1155 4522 1265 4576 vita
1306 4539 1365 4578 se
1399 4524 1758 4598 hospitesque

147 4601 344 4657 divites
373 4611 427 4658 et
468 4619 740 4676 pauperes
784 4611 1269 4681 supervenientes,
1307 4631 1448 4687 quos
1505 4627 1564 4673 ut
1595 4618 1756 4674 Chri-

144 4702 288 4752 stum
315 4697 597 4769 suscipere
617 4701 855 4775 precipit
893 4706 1104 4778 regula,
1149 4717 1545 4770 sustentarent.
1571 4715 1754 4772 Tunc-

146 4799 257 4857 que
282 4783 645 4858 difﬁnierunt,
669 4806 732 4846 se
755 4807 1053 4852 conversos
1099 4797 1269 4856 laicos
1299 4801 1554 4858 barbatos
1580 4804 1756 4860 licen-

147 4873 486 4947 ciaepiscopi
503 4877 590 4932 sui
610 4890 992 4954 suscepturos,
1036 4902 1242 4960 eosque
1263 4889 1319 4944 in
1341 4891 1450 4948 vita
1480 4900 1534 4948 et
1557 4901 1753 4961 morte,

148 4971 373 5035 excepto
405 4969 759 5038 monachatu,
817 4979 878 5028 ut
942 4977 1269 5048 semetipsos
1319 4988 1662 5052 tractaturos,
1703 4991 1756 5040 et

149 5055 396 5112 homines
424 5058 588 5116 etiam
623 5065 1054 5134 mercennarios,
1116 5071 1247 5142 quia
1295 5073 1416 5128 sine
1455 5075 1754 5133 aminiculo

148 5147 372 5204 istorum
396 5167 505 5207 non
529 5153 937 5230 intelligebant,
979 5175 1039 5215 se
1084 5161 1332 5232 plenarie
1365 5165 1456 5222 die
1481 5176 1754 5242 nocteque

146 5247 395 5310 precepta
423 5242 613 5316 regule
660 5260 824 5316 posse
849 5263 1090 5319 servare,
1133 5263 1486 5325 suscepturos
1532 5274 1756 5331 quoque

145 5337 312 5386 terras
335 5333 404 5387 ab
437 5334 778 5396 habitatione
833 5340 1124 5400 hominum
1178 5357 1437 5417 remotas,
1482 5360 1537 5408 et
1567 5353 1757 5411 vineas

144 5431 200 5476 et
227 5431 376 5494 prata
396 5433 452 5481 et
474 5427 640 5484 silvas
669 5446 954 5506 aquasque
971 5436 1040 5490 ad
1069 5435 1356 5495 faciendos
1379 5443 1754 5516 molendinos,

145 5515 211 5570 ad
241 5519 492 5588 preprios
524 5528 708 5578 tamen
739 5540 874 5582 usus
903 5534 960 5584 et
979 5528 1048 5584 ad
1083 5529 1470 5603 piscationem,
1495 5546 1551 5592 et
1582 5555 1757 5611 equos

1897 607 2158 676 tuissent,
2202 610 2589 680 decreverunt,
2648 625 2708 673 ut
2757 621 2990 690 predicti
3023 630 3273 685 conversi
3327 631 3522 690 domos

1896 697 2016 754 illas
2049 711 2322 774 regerent,
2367 721 2477 761 non
2535 711 2813 780 monachi,
2867 713 3000 786 quia
3031 717 3295 777 habitatio
3321 738 3518 780 mona-

1893 793 2118 850 chorum
2151 798 2456 855 secundum
2479 802 2720 876 regulam
2762 805 2930 864 debet
2975 811 3098 868 esse
3157 812 3213 868 in
3275 817 3516 876 claustro

1895 888 2160 960 ipsorum.
2193 894 2327 959 Quia
2369 897 2533 952 etiam
2595 901 2813 958 beatum
2875 907 3230 967 Benedictum
3288 931 3399 972 non
3458 918 3515 972 in

1891 982 2226 1053 civitatibus,
2269 1005 2374 1044 nec
2423 991 2479 1045 in
2511 993 2772 1063 castellis,
2829 1007 2921 1055 aut
2973 1002 3029 1056 in
3079 1003 3246 1073 villis,
3323 1010 3422 1064 sed
3461 1011 3516 1066 in

1892 1073 2028 1130 locis
2056 1093 2087 1131 a
2119 1076 2430 1150 frequentia
2483 1087 2674 1156 pOpuli
2727 1092 2955 1148 semotis
3001 1097 3236 1153 cenobia
3264 1107 3518 1158 constru-

1891 1163 2034 1219 xisse
2055 1167 2227 1222 sancti
2248 1168 2346 1223 viri
2395 1170 2470 1226 illi
2525 1175 2796 1246 sciebant,
2837 1181 2981 1237 idem
3029 1202 3089 1241 se
3119 1189 3351 1246 emulari
3385 1208 3516 1263 pro-

1891 1254 2180 1313 mittebant
2232 1259 2294 1314 Et
2323 1259 2467 1318 sicut
2489 1263 2580 1320 ille
2617 1283 2716 1336 per
2745 1271 3032 1330 duodenos
3061 1281 3364 1339 monachos
3385 1254 3516 1341 ino-

1893 1347 2134 1402 nasteria
2161 1356 2472 1407 constructa
2494 1354 2753 1423 adjuncto
2791 1366 2942 1431 patre
2967 1364 3318 1438 disponebat,
3338 1371 3418 1427 sic
3453 1388 3512 1428 se

1889 1441 2110 1492 acturos
2149 1437 2593 1516 confirmabant.)

1961 1621 2116 1676 1115.
2169 1623 2428 1693 (Valccll)
2491 1627 2781 1684 Cenobiu'm
2843 1633 3154 1692 Clarevallis
3233 1641 3512 1708 fundatur

1887 1708 1988 1764 sub
2015 1713 2192 1778 primo
2217 1712 2410 1768 abbate
2443 1719 2730 1784 Rei-nardo,
2752 1724 2869 1778 viro
2891 1733 3099 1782 sancto.

1963 1797 2140 1868 [1116.
2175 1801 2412 1896 (bellum)
2445 1803 2687 1861 Domnus
2739 1808 2830 1867 lvo
2889 1811 3244 1876 Carnotensis
3289 1825 3511 1896 episco-

1891 1900 1992 1956 pus
2029 1887 2204 1959 obiit.]
2261 1891 2541 1965 (Αιοιδι-ῖωι.)
2607 1901 2673 1951 In
2723 1901 2981 1962 suburbio
3028 1887 3506 1975 Antiochie'noctu

1888 1981 2032 2030 terra
2085 1977 2356 2036 dehiscens
2409 1983 2586 2039 domos
2641 2003 2768 2042 cum
2853 1993 3246 2057 habitatoribus
3305 2006 3501 2063 absor-

1884 2067 2020 2123 buit.

1953 2155 2113 2212 1118.
2145 2160 2260 2233 (1b.)
2316 2169 2642 2223 Terremotus
2703 2173 2900 2228 accidit
2962 2179 3093 2234 adeo
3143 2183 3376 2256 volutus,
3438 2197 3502 2245 ut

1879 2249 2241 2314 quarumdam
2268 2253 2490 2308 urbium
2515 2264 2694 2326 partes
2721 2261 3021 2322 subrueret.

1953 2337 2132 2408 [1116.
2165 2339 2402 2413 (Bellum)
2433 2344 2682 2404 Gelasius
2733 2352 2994 2412 Romanae
3053 2361 3306 2419 ecclesia:
3336 2367 3500 2424 16508

1877 2427 2142 2495 presidet.

1943 2514 2122 2588 [1121).
2155 2521 2279 2594 (1b.)
2309 2524 2546 2582 Calixtus
2573 2529 2833 2590 Romanae
2879 2539 3146 2599 aecclesiae
3178 2547 3342 2604 166tm
3371 2567 3500 2622 pre-

1872 2610 2034 2668 sidet.
2089 2615 2198 2671 Hoc
2226 2634 2370 2674 anno
2406 2625 2672 2698 pugnavit
2717 2629 2983 2689 Henricus
3039 2654 3131 2718 rex
3190 2610 3492 2718 Anglorum

1871 2714 2060 2760 contra
2111 2708 2443 2769 Ludovicum
2486 2732 2667 2792 regem
2723 2720 2952 2782 Francie
2985 2716 3128 2786 inter
3155 2708 3484 2794 Andeleium

1872 2803 1927 2850 et
1957 2796 2261 2892 No‘ngoium
2291 2805 2379 2860 ⁵³³.
2417 2807 2476 2861 In
2504 2825 2613 2880 quo
2641 2811 2786 2869 bello
2809 2815 2948 2890 fugit
2971 2820 3088 2892 ipse
3119 2841 3211 2880 rex
3245 2827 3489 2888 Ludovi-

1871 2903 1988 2944 cus.
2013 2890 2278 2966 Captique
2304 2906 2432 2954 sunt
2457 2899 2536 2956 ibi
2576 2919 2720 2974 pene
2746 2921 2942 2966 omnes
2973 2890 3198 2974 Francia
3226 2937 3488 2992 proceres

1871 2990 1926 3038 et
1953 2984 2287 3062 obtimates.]

1941 3077 2096 3134 1122.
2167 3082 2342 3155 (ΑΝε.)
2401 3091 2728 3149 Terremotus
2781 3099 2841 3152 in
2893 3101 3128 3162 adventu
3184 3111 3400 3170 Domini
3450 3113 3484 3170 4

2115 3172 2307 3228 embris
2331 3176 2510 3242 factus
2528 3186 2624 3246 est,

1944 3263 2122 3354 U123,
2157 3267 2325 3340 (Βειι.)
2357 3270 2588 3330 llenrico
2637 3275 2959 3350 imperatori
3007 3287 3300 3350 Lotharius
3354 3312 3486 3354 suc-

1867 3351 2061 3423 cedit.]
2095 3360 2316 3412 Turonis
2349 3365 2470 3414 orta
2495 3364 2750 3422 seditione
2790 3373 2936 3427 inter
2974 3377 3187 3436 clericos
3225 3391 3277 3439 et
3299 3351 3482 3455 laicus,

1865 3443 2084 3498 ecclesia
2101 3450 2281 3501 sancti
2303 3451 2525 3505 lartini
2550 3463 2705 3512 arsit.

1939 3531 2100 3588 1124.
2127 3535 2300 3606 (Ακεδ
2350 3539 2644 3597 Christiani
2696 3560 2825 3602 cum
2873 3553 3188 3614 Sarracenis
3207 3572 3481 3635 pugnant,

1868 3624 2014 3678 inter
2037 3627 2336 3682 Jerusalem
2359 3635 2414 3684 et
2439 3633 2750 3691 Ascalonem
2775 3646 2828 3695 et
2855 3645 3103 3702 vincunt.

1943 3709 2122 3802 [il-195.
2173 3716 2322 3782 (Bell.
2367 3718 2518 3791 Axs.)
2589 3721 2860 3784 Honorius
2935 3731 3194 3794 Romana:
3245 3742 3483 3802 ecclesie

1874 3800 2030 3857 167u
2061 3805 2350 3878 presidet.]
2385 3815 2546 3878 Tyrus
2583 3822 2744 3885 capta
2761 3827 2859 3876 est.

1939 3893 2094 3950 1126.
2127 3897 2247 3969 (1b.)
2273 3903 2497 3972 Hyemps
2524 3913 2824 3976 asperrima
2852 3920 2905 3969 et
2955 3918 3130 3984 fames
3178 3925 3382 3982 valida.
3416 3933 3482 3983 In

1864 3986 2138 4044 Hasbania
2154 3999 2460 4050 monstrum
2487 4003 2735 4057 nascitur
2787 4013 2916 4063 ante
2965 4010 3118 4070 homo
3141 4021 3193 4072 et
3217 4025 3358 4075 retro
3388 4037 3484 4077 ca-

1862 4093 1967 4133 nis.

1931 4168 2090 4224 1127.
2119 4171 2245 4245 (1b.)
2295 4177 2516 4236 Karolus
2561 4197 2731 4241 comes
2786 4190 3172 4252 Flandriarum
3217 4217 3480 4270 quorum-

1857 4261 1985 4315 dam
2003 4278 2288 4331 procerum
2313 4284 2537 4328 suorum
2571 4278 2872 4345 proditione
2921 4289 3112 4356 Brugis
3153 4293 3213 4345 in
3251 4297 3474 4353 ecclesia

1856 4370 2020 4411 orans
2029 4363 2164 4415 occis
2171 4377 2230 4416 us
2238 4369 2334 4418 est.

1932 4449 2086 4505 1128.
2119 4451 2242 4524 (1b.)
2271 4457 2546 4514 Suessione
2589 4463 2648 4516 in
2679 4465 2898 4522 ecclesia
2943 4469 3093 4528 beate
3117 4479 3282 4534 Maria
3310 4484 3479 4552 virgi-

1859 4543 1944 4595 nis
1961 4540 2146 4598 divina
2170 4547 2490 4604 choruscant
2513 4555 2784 4611 miracula
2819 4558 3178 4630 Gaude/‘ridus
3191 4540 3478 4630 Rat/ionia-

1857 4633 2032 4699 gensis
2060 4635 2482 4709 archiepiscopus
2527 4642 2672 4700 obiit.
2729 4651 2879 4719 [Iugo
2931 4653 3094 4712 abbas
3119 4660 3184 4716 de
3219 4665 3476 4738 Radingis

1857 4725 2126 4777 successit.

1929 4811 2331 4908 [ti29.(Bell.)
2369 4824 2725 4886 Innocentius
2759 4833 3016 4896 Romanas
3054 4812 3475 4908 ecclesie168u8

1857 4905 2144 4981 presidet]
2176 4912 2464 4970 Cenobium
2490 4921 2784 4992 Ursicampi
2833 4929 3135 4993 fundatum
3179 4946 3277 4994 est.
3309 4905 3473 5000 deno-

1856 4997 2006 5054 bium
2034 5004 2180 5072 apud
2204 5006 2408 5061 Bellum
2435 5017 2668 5066 montem
2691 5017 2991 5082 fundatum
3032 5033 3111 5082 est
3157 5031 3256 5084 sub
3281 4997 3474 5092 abbate

1849 5093 2027 5182 primo
2055 5097 2380 5167 Menandro,
2437 5118 2473 5156 a
2516 5108 2816 5165 venerabili
2858 5117 2974 5172 viro
2999 5119 3214 5176 Roberto
3238 5124 3304 5180 de
3329 5129 3472 5182 Can-

1855 5179 1964 5236 dos.
1997 5185 2104 5238 Hoc
2127 5185 2266 5240 idem
2289 5203 2440 5244 nunc
2468 5191 2671 5250 dicitur
2692 5201 2964 5258 Mortuum
2989 5223 3144 5264 mare
3165 5210 3256 5264 5“.

1929 5272 2090 5330 1131.
2141 5277 2309 5350 (Ακε.)
2360 5282 2600 5351 Synodus
2649 5303 2855 5361 magna
2911 5300 3086 5354 Remis
3113 5301 3474 5364 celebratura

1852 5381 1997 5506 plapa
2025 5371 2357 5441 Innocentio,
2391 5380 2441 5429 et
2470 5378 2762 5440 Ludovicus
2779 5389 2976 5456 junior
3002 5393 3062 5444 in
3107 5407 3286 5464 regem
3314 5398 3474 5455 bene-

1897 5456 2080 5506 icitur.

1897 5456 2080 5510 icitur.

1929 5545 2090 5603 “32.
2107 5549 2228 5621 (1b.)
2259 5555 2490 5626 Eclypsis
2507 5561 2630 5616 solis
2653 5563 2688 5617 4
2715 5569 2844 5621 Non.
2875 5573 3124 5640 Augusti.

1489 5633 1708 5691 VARI/E
1736 5639 2117 5702 LECTIONES.

214 5715 280 5749 διε
305 5731 454 5772 corr.
486 5721 836 5779 nonieoium.
859 5725 928 5760 ⁵1⁸
970 5727 1080 5786 lloc
1105 5759 1174 5771 —
1201 5746 1354 5789 mare
1383 5733 1564 5790 eadem
1589 5752 1789 5796 manus
1807 5748 1933 5810 post
1960 5751 2408 5820 superscripsisse
2437 5755 2652 5812 videtur

472 5819 770 5885 PATROL.
822 5821 1022 5888 CLX.

3072 5873 3148 5936 13
