3916 6064
356 282 461 339 395

1584 274 1923 330 SIGEBERTI
1969 271 2483 328 GEMBLACENSIS.

3587 281 3705 337 396

422 411 600 485 [1133.
642 410 815 481 (Bell.)
841 409 1050 464 Mortuo
1086 406 1342 462 Lothario
1373 405 1622 461 succedit
1659 403 1968 469 Conradus,
1997 406 2047 472 Α
2144 401 2300 458 1157.
2327 409 2442 458 Tres
2469 403 2598 459 lune
2626 406 2734 459 vise
2759 410 2909 472 sunt,
2941 410 2992 460 et
3022 408 3082 461 in
3106 408 3286 463 media
3315 412 3533 478 signum
3565 426 3718 467 eru-

350 516 525 571 nepos
556 499 773 554 Henrici
803 495 1144 569 superioris]
1203 497 1509 551 Bernardus
1560 498 1771 564 primus
1802 493 1965 548 abbas
2066 494 2161 546 cis.

348 594 651 648 Clarevallis
687 597 739 647 et
790 593 1079 646 Malachias
1132 592 1401 658 episcopus
1453 589 1812 643 Hiberniensis
1850 586 1966 640 cla-

347 690 469 738 rcnt
497 685 761 749 doctrina,
791 684 1082 737 sanctitate
1109 686 1160 734 et
1192 681 1582 733 miraculorum
1609 679 1796 746 gloria.

422 771 580 825 1134.
613 771 786 825 Abbas
840 770 1144 823 Alexander
1170 784 1298 823 cum
1348 771 1500 822 omni
1554 772 1818 822 conventu
1847 779 1962 830 suo,

351 867 629 917 annuente
657 875 776 929 rege
804 863 1046 927 Henrico,
1100 862 1247 913 venit
1302 861 1361 912 in
1411 859 1672 924 forestam
1699 856 1761 909 de
1792 860 1969 919 Leons,

352 961 403 1008 et
430 958 491 1008 in
527 954 880 1020 herimitario,
911 951 1047 1021 quod
1074 952 1351 1006 dicebatur
1376 954 1646 1005 Mortuum
1671 962 1842 1014 mare,
1870 946 1974 1000 edi-

356 1048 541 1111 ﬁcavit
576 1048 967 1101 monasterium
1003 1060 1187 1109 suum,

427 1139 582 1209 1135.
613 1142 873 1194 Henricus
917 1154 1014 1194 rea:
1059 1140 1188 1193 obiit
1217 1138 1249 1193 4
1308 1143 1441 1192 Νοη.
1504 1138 1625 1190 Dec.
1674 1138 1813 1202 ;cui
1841 1150 1969 1189 suc-

355 1236 509 1289 cessit
531 1230 834 1302 Stephanus
872 1246 1034 1300 nepos
1058 1235 1193 1301 ejus,
1222 1231 1255 1284 8
1279 1230 1393 1285 Kal.
1426 1233 1553 1283 Jan.

428 1322 585 1377 1137.
614 1322 786 1376 Abbas
814 1320 1117 1375 Alecander
1148 1320 1370 1373 domum
1417 1319 1615 1372 Mortui
1638 1319 1808 1370 maris
1839 1331 1971 1371 con-

352 1419 545 1486 junxit
582 1417 760 1471 ordini
786 1416 1139 1479 Cisterciensi,
1196 1418 1247 1467 et
1304 1413 1655 1465 Walerannus
1688 1410 1851 1463 abbas
1883 1413 1976 1462 Ur-

358 1510 752 1580 sicampi(529)
798 1511 1027 1578 suscepit
1076 1523 1199 1562 eam
1222 1510 1283 1562 in
1332 1507 1527 1574 ﬁliam,
1593 1512 1645 1561 et
1691 1507 1976 1561 monachos

358 1620 479 1660 suos
509 1606 831 1658 transmisit.

437 1694 615 1765 [1138.
640 1693 756 1760 (1b.)
794 1691 1122 1755 Ludovicus,
1189 1690 1518 1747 Francorum
1545 1706 1640 1746 rex
1688 1688 1845 1744 obiit.
1880 1687 1977 1743 Cui

2137 580 2297 637 1158.
2331 584 2466 637 Filia
2497 586 2634 651 regis
2686 588 3020 639 Francorum
3077 587 3325 642 Ludovici
3380 590 3550 645 datur
3586 593 3707 655 ﬁlio

2067 680 2283 731 Henrici
2307 681 2443 745 regis
2472 680 2788 747 Anglorum,
2821 686 2871 733 et
2892 695 3007 749 pax
3036 682 3181 735 inter
3207 697 3290 737 eos
3314 684 3594 747 ﬁrmatur.

2142 770 2296 822 1159.
2362 770 2625 824 Henricus
2678 787 2772 825 rex
2833 771 3053 826 obsedit
3096 771 3349 828 Tolosam
3405 776 3495 830 ⁵³⁵.
3558 785 3701 834 Νοη.

2072 857 2326 924 Septemb.
2382 864 2484 912 tres
2535 859 2663 912 soles
2713 861 2816 913 visi
2850 865 2998 917 sunt
3051 862 3111 914 in
3130 868 3287 930 parte
3323 865 3686 931 occidentali,-

2072 948 2161 1001 sed
2187 949 2389 1003 duobus
2404 951 2675 1017 paulatim
2703 951 3089 1018 deﬁcientibus,
3118 955 3192 1007 sol
3242 955 3349 1009 diei
3369 959 3465 1026 qui
3486 959 3701 1013 medius

2072 1042 2189 1089 erat
2214 1041 2476 1092 remansit
2524 1054 2689 1107 usque
2740 1041 2811 1093 ad
2859 1056 3125 1095 occasum.
3160 1041 3472 1113 Stephanus
3528 1045 3705 1114 obiit,

2076 1127 2404 1183 Godefridus
2424 1130 2491 1185 de
2523 1131 2847 1201 Strepeneio
2873 1133 2943 1167 ⁵¹⁶
2969 1134 3142 1203 (531).

2144 1221 2283 1275 1163
2326 1227 2559 1279 Domnus
2605 1227 2767 1293 hujus
2819 1225 2919 1280 loci
2965 1226 3129 1281 abbas
3188 1231 3384 1284 tercius
3415 1239 3706 1288 revocatus

2074 1320 2151 1367 est
2206 1315 2275 1368 ad
2324 1331 2517 1369 curam
2581 1317 2794 1371 abbatie
2876 1321 3187 1388 Ursicampi.
3244 1323 3344 1375 Cui
3401 1324 3706 1390 Gau/ridus

2075 1409 2302 1469 quartus
2326 1407 2577 1459 successit
2607 1404 2696 1457 δι”.

2151 1495 2307 1549 1165.
2360 1501 2510 1564 Hugo
2560 1499 2989 1566 Rothomagensis
3068 1501 3491 1572 archiepiscopus
3543 1504 3703 1559 obiit.

2077 1586 2329 1639 Rotrodus
2356 1586 2681 1642 Ebroicensis
2707 1590 2977 1657 episcopus
3002 1593 3255 1644 successit
3285 1590 3375 1645 διδ.

2154 1676 2308 1732 1166.
2340 1677 2415 1731 Ab
2440 1678 2680 1734 adventu
2711 1680 3007 1754 Anglorum
3039 1681 3095 1735 in
3153 1683 3488 1739 Britanniam
3516 1685 3706 1755 majo-

363 1780 508 1835 ﬁlius
538 1780 864 1845 Ludovicus,
892 1796 1058 1851 quem
1090 1788 1145 1833 et
1176 1778 1295 1849 ipse
1358 1778 1536 1832 adhuc
1565 1776 1759 1831 vivens
1785 1791 1814 1829 a
1838 1791 1979 1846 papa
2005 1770 2053 1837 B
2084 1788 2193 1827 rem
2223 1774 2353 1828 anni
2385 1774 2511 1841 814,
2544 1791 2575 1829 a
2614 1774 2942 1847 baptismate
3002 1779 3321 1835 earumdem
3363 1781 3487 1848 634,
3514 1782 3582 1836 ab
3613 1783 3715 1837 in-

366 1871 691 1928 lnnocentio
742 1871 926 1926 Remis
990 1876 1115 1925 ante
1172 1869 1382 1942 aliquot
1440 1883 1617 1923 annos
1674 1866 1983 1922 consecrari

365 1962 588 2029 fecerat,
622 1964 676 2017 in
709 1978 938 2036 regnum
988 1960 1278 2029 succedit.]
1341 1959 1513 2014 Abbas
1560 1959 1863 2013 Alerander
1886 1958 1985 2011 ab-

364 2052 504 2107 batis
532 2067 723 2106 curam
749 2052 991 2105 dimisit:
1051 2051 1143 2104 cui
1189 2050 1441 2104 successit
1495 2048 1668 2102 Adam
1716 2048 1987 2116 quondam

360 2149 510 2215 prior
542 2147 855 2214 Ursicampi.

435 2237 819 2306 1141.Anglia
842 2238 989 2304 fame
1013 2242 1063 2290 et
1087 2236 1264 2304 gladio
1320 2237 1599 2301 atteritur,
1650 2232 1985 2303 principibus

365 2334 504 2382 terre
527 2329 671 2381 inter
695 2342 751 2381 se
778 2326 1203 2381 discordantibus
1230 2322 1322 2395 (cf.
1350 2324 1591 2393 Gembl.),

440 2417 619 2492 [1143.
677 2419 844 2490 (Bell.)
902 2417 1209 2473 Cclestinus
1250 2417 1507 2471 Romanae
1556 2415 1789 2470 ecclesie
1830 2414 1990 2469 16908

352 2512 656 2581 'presidet.]

439 2602 617 2676 [1144.
653 2604 767 2673 Ub.)
797 2603 996 2658 Lucius
1052 2603 1104 2658 ei
1156 2602 1316 2657 17οιιει
1344 2602 1635 2673 succedit]
1672 2607 1862 2657 Ventus
1890 2616 1984 2656 ve-

368 2699 799 2753 hementissimus
825 2698 1059 2765 arbores,
1092 2704 1266 2753 turres
1292 2704 1341 2751 et
1367 2698 1543 2753 domos
1568 2699 1835 2767 plurim-as
1858 2697 1983 2751 sub-

360 2791 536 2842 vertit.
573 2787 817 2858 (Gembl.)
840 2788 1057 2842 Reddita
1113 2794 1189 2841 est
1240 2790 1429 2841 civitas
1479 2788 1789 2854 Rothomagi
1842 2790 1985 2840 Gau-

359 2882 504 2947 frido
528 2884 713 2937 comiti
736 2882 1123 2948 Andegavensi.

433 2973 610 3049 [1145.
642 2976 788 3045 (Bell.
834 2975 1115 3050 Eugenius
1156 2980 1281 3045 post
1334 2990 1459 3029 eum
1502 2973 1698 3043 171118]
1736 2973 1985 3042 (Camn)

358 3072 545 3124 Fames
570 3085 773 3139 magna
804 3069 1085 3123 invalescit
1112 3071 1171 3121 in
1198 3070 1451 3122 Francia.

2086 1864 2250 1919 troitu
2280 1864 2716 1920 Normannorum
2748 1866 2870 1921 100.

2159 1958 2314 2013 1169.
2342 1958 2455 2012 Rex
2496 1957 2765 2014 Henricus
2788 1960 3059 2030 majorem
3090 1960 3261 2016 filium
3289 1978 3449 2018 suum
3502 1963 3716 2019 Henri-

2086 2070 2230 2120 cum,
2262 2070 2527 2129 generum
2556 2055 2812 2111 Ludovici
2845 2056 2992 2131 regis
3034 2057 3387 2126 Francorum,
3418 2060 3474 2115 in
3522 2077 3716 2134 regem

2088 2147 2397 2203 consecrari
2466 2147 2596 2203 fecit
2650 2165 2681 2204 a
2735 2148 2948 2223 Rogero
3027 2150 3357 2209 Eboracensi
3430 2153 3709 2225 archiepi-

2087 2251 2276 2307 scepo.

2160 2325 2319 2379 1171.
2362 2324 2588 2380 Civitate
2619 2325 2909 2381 Cantuaria
2960 2334 3184 2383 sanctus
3228 2329 3462 2384 Thomas
3516 2331 3714 2386 archi—

2088 2413 2383 2485 episcOpus
2410 2414 2658 2482 ejusdem
2692 2415 2931 2469 civitatis
2959 2432 2988 2470 a
3018 2424 3256 2488 quatuor
3276 2418 3545 2475 militibus
3570 2436 3718 2477 mar-

2089 2503 2369 2575 tyrizatus,
2404 2503 2657 2578 migravit
2688 2504 2753 2558 ad
2788 2504 3084 2562 Christum.

2158 2613 2318 2669 1174.
2360 2613 2590 2670 Obsessa
2656 2624 2738 2670 est
2802 2616 2994 2671 civitas
3047 2617 3422 2694 Rotbomagus
3487 2636 3516 2674 a
3581 2637 3718 2697 rege

2089 2703 2417 2758 Francorum
2461 2703 2733 2760 Ludovico
2781 2712 2833 2760 et
2889 2705 3122 2763 Henrico
3161 2722 3304 2763 novo
3363 2725 3494 2784 rege
3534 2716 3589 2764 et
3619 2726 3721 2766 co-

2091 2792 2218 2846 mite
2272 2792 2644 2857 Flandrensi;
2691 2794 2787 2864 qui
2854 2809 3048 2850 omnes
3118 2796 3405 2851 redierunt
3471 2799 3718 2855 confusi.

2088 2882 2223 2936 Obiit
2254 2881 2384 2952 [Kal.
2417 2882 2558 2951 8ept.
2591 2882 2702 2953 ⁵¹⁹.]
2736 2884 2964 2939 domnus
3004 2884 3321 2952 Gaufrulus,
3362 2894 3591 2955 quartus
3624 2888 3722 2941 ab-

2089 2978 2181 3031 bas
2208 2979 2371 3046 hujus
2400 2977 2519 3030 loci.
2551 2979 2651 3031 Cui
2683 2981 2932 3032 successit
2985 2981 3207 3047 quintus
3260 2980 3486 3035 domnus
3518 2984 3715 3037 Ricar-
3762 3040 3765 3041 ,

2088 3067 2207 3133 dus,
2230 3068 2443 3135 primus
2470 3065 2635 3119 abbas
2664 3066 2726 3118 de
2759 3066 3021 3132 Valascia,

429 3162 654 3217 1146.A
685 3162 866 3216 Judeis
897 3165 957 3216 in
986 3162 1182 3229 Anglia
1230 3175 1369 3229 puer
1427 3159 1712 3213 Willelmus
1762 3160 1982 3224 cruciﬁ-

2155 3172 2313 3227 1179.
2348 3177 2581 3227 Domnus
2641 3174 2900 3228 Ricardus
2966 3173 3129 3228 abbas
3179 3178 3404 3243 quintus
3442 3179 3660 3232 recessit
3687 3177 3722 3233 8

359 3254 509 3321 gitur
535 3251 620 3305 die
643 3265 905 3320 paraceve
937 3248 1067 3303 urbe
1092 3251 1275 3304 Norico
1312 3245 1479 3317 (530).

438 3340 616 3411 [1147.
639 3340 808 3411 (3e11,)
843 3340 1002 3395 Facta
1053 3346 1141 3393 est
1183 3338 1421 3409 eclypsis
1454 3338 1590 3393 solis
1618 3336 1653 3393 5
1683 3338 1797 3393 Kal.
1850 3339 1981 3394 Nov.

363 3435 499 3490 hora
527 3434 687 3489 tertia
714 3434 803 3487 die
834 3432 1159 3503 dominica.]
1188 3436 1299 3487 Rea:
1350 3433 1641 3487 Ludovicus
1670 3447 1796 3487 cum
1811 3436 1984 3486 Fran-

364 3530 439 3584 cis
467 3530 570 3583 iter
598 3528 910 3596 aggreditur
926 3527 1423 3581 Jerosolimitanum
1449 3523 1540 3595 (cf.
1571 3524 1816 3589 (:embl.).

434 3618 597 3674 111,8.
630 3618 754 3690 (1b.)
786 3620 960 3673 Remis
988 3619 1277 3673 concilium
1301 3634 1335 3671 a
1361 3633 1503 3687 papa
1533 3619 1787 3685 Eugenio.

435 3709 595 3764 1151.
626 3709 854 3763 Assidua
891 3714 942 3763 et
969 3710 1187 3762 diutina
1200 3709 1518 3776 pluviarum
1542 3706 1832 3761 inundatio
1859 3721 1991 3760 mes-

364 3804 567 3857 sionem
597 3800 834 3854 tardavit
864 3804 914 3852 et
941 3799 1240 3866 impedivit.

439 3887 596 3941 1152.
657 3888 915 3940 Relictam
963 3886 1212 3940 Ludovici
1262 3884 1400 3953 regis
1451 3898 1672 3938 uxorem
1722 3884 1871 3938 ducit
1924 3890 1987 3938 ΙΙ.

367 3994 537 4038 comes
562 3979 952 4045 Andegavensis
1013 3983 1064 4030 et
1116 3976 1232 4029 dux
1274 3979 1619 4043 Normannie,
1665 3981 1844 4045 postea
1895 3993 1993 4033 rea:

368 4073 606 4141 Anglic;
642 4070 781 4124 unde
807 4072 983 4124 oritur
1009 4071 1150 4122 inter
1177 4082 1259 4123 eos
1275 4083 1495 4137 guerra.

443 4158 626 4231 [1153.
678 4157 858 4228 (Rell.)
913 4156 1230 4211 Anastasius
1277 4156 1523 4210 Romane
1566 4155 1991 4212 acclesie172us

370 4247 656 4321 presidet,]
693 4245 973 4317 Depositio
1036 4245 1208 4300 sancti
1285 4245 1544 4300 Bernardi
1574 4242 1734 4316 primi
1776 4245 1992 4301 abbatis

372 4338 813 4397 Clarevallensis.

445 4431 624 4501 [1154.
660 4429 977 4499 Stephanus
1005 4444 1097 4481 rex
1135 4426 1434 4502 Anglorum
1494 4427 1742 4483 moritur.
1798 4427 1992 4481 Adria-

2086 3267 2181 3320 Kal
2228 3269 2364 3334 Aug.
2410 3265 2476 3319 de
2507 3265 2658 3321 domo
2707 3268 2831 3319 ista.
2883 3268 2983 3320 Cui
3030 3270 3283 3322 successit
3326 3271 3386 3322 in
3431 3284 3579 3324 anno
3636 3284 3722 3323 se-

2085 3360 2290 3425 quenti.

2160 3466 2316 3523 1180.
2349 3467 2382 3522 3
2412 3475 2541 3524 Non.
2591 3472 2728 3539 Aug.
2776 3476 2958 3525 sextus
3004 3471 3232 3526 domnus
3286 3471 3594 3539 Willelmus,
3636 3486 3726 3527 se-

2088 3557 2297 3612 cundus
2320 3558 2383 3611 de
2406 3560 2663 3613 Valascia.
2705 3558 3015 3614 Ludovicus
3069 3576 3163 3614 rex
3194 3559 3525 3615 Francorum
3575 3561 3719 3616 obit.

2091 3649 2186 3703 Cui
2216 3648 2364 3703 ﬁlius
2396 3650 2517 3720 ejus
2547 3649 2856 3721 Philippus,
2909 3666 3072 3722 quem
3110 3652 3228 3723 ipse
3272 3667 3418 3707 anno
3451 3655 3719 3723 preterito

2092 3738 2204 3793 Kal.
2260 3740 2395 3794 Nov.
2452 3739 2641 3794 Remis
2694 3740 3001 3796 censecrari
3061 3740 3293 3809 lecerat,
3361 3744 3611 3798 succedit
3654 3744 3719 3799 in

2095 3848 2288 3907 regno.

2169 3922 2325 3977 1181.
2358 3922 2664 3977 Alexander
2696 3923 2796 3979 174
2826 3924 2984 3979 obiit.

2167 4012 2322 4073 1182.
2356 4017 2453 4072 Cui
2484 4018 2758 4073 successit
2788 4018 2987 4074 Lucius
3015 4020 3196 4075 175⁸1³.

2166 4108 2303 4166 1183
2377 4108 2523 4164 Obiit
2576 4110 2871 4165 Rotroldus
2939 4111 3407 4183 Rothomagensis
3434 4111 3715 4183 archiepi-

2092 4218 2314 4273 scopus.
2359 4201 2452 4255 Cui
2483 4202 2748 4257 successit
2788 4202 3060 4259 Walterus
3087 4204 3157 4259 de
3199 4204 3548 4260 Constancia.
3569 4203 3715 4259 Obiit

2096 4294 2363 4349 Henricus
2376 4310 2468 4348 rex
2500 4293 2799 4368 Anglorum
2824 4295 3034 4367 junior.

2168 4387 2325 4442 1184.
2360 4385 2506 4441 Obiit
2532 4386 2826 4455 Ermelina,
2859 4403 2996 4444 uxor
3039 4387 3323 4444 Godefridi
3356 4388 3426 4444 de
3456 4387 3720 4460 Strepen-

661 4478 973 4499 νηισ--η--η
2176 4480 2187 4490 .

371 4478 476 4575 nus
498 4520 611 4590 (ἐὺ.)
641 4520 896 4587 Anglicus
954 4516 1195 4571 Romane
1219 4478 1463 4570 £ecclesie
1508 4516 1668 4569 173118
1723 4515 1988 4587 presidet.
2021 4478 2075 4545 D
2100 4494 2227 4535 nem

372 4612 516 4666 Obiit
550 4612 788 4666 domnus
818 4609 987 4663 Adam
1017 4608 1296 4663 secundus
1320 4606 1494 4662 abbas
1522 4607 1682 4676 hujus
1711 4607 1987 4678 ecclesia.)

374 4703 582 4755 Tercius
608 4702 858 4754 successit
887 4698 1191 4768 Stephanus
1216 4701 1367 4768 prior
1399 4700 1708 4767 Ursicampi.

447 4788 623 4859 [1155.
686 4787 971 4854 Henricus,
1017 4787 1230 4843 Henrici
1270 4786 1572 4858 superioris
1601 4802 1668 4841 ea:
1721 4788 1839 4851 ﬁlia
1892 4802 1991 4841 ne-

373 4895 495 4953 pos,
516 4880 570 4934 in
594 4895 824 4953 regnum
854 4878 1145 4949 succedit.]

445 4972 601 5028 1156.
634 4970 866 5039 Signum
892 4973 1068 5025 crucis
1110 4975 1366 5040 apparuit
1420 4975 1480 5026 in
1534 4973 1687 5026 luna.
1718 4972 1991 5026 Albericus

372 5064 699 5119 Belvacensis
724 5060 874 5115 miles
902 5064 1232 5129 martyrium
1270 5077 1366 5130 pro
1413 5063 1711 5117 christiana
1735 5062 1839 5128 ﬁde
1865 5078 1990 5130 pas-

370 5175 461 5214 sus
492 5165 585 5214 est.

2170 4590 2325 4647 1186.
2358 4590 2608 4646 Urbanus
2638 4607 2783 4662 papa
2816 4591 2995 4648 176118.
3039 4591 3185 4647 Obiit
3204 4570 3503 4647 [Gaulridus
3533 4606 3720 4648 comes

2098 4680 2396 4745 Britannic,
2433 4679 2575 4735 ﬁlius
2597 4681 2742 4754 regis
2774 4681 2988 4736 Henrici
3015 4681 3239 4737 tercius.

2167 4769 2325 4824 1187.
2357 4769 2522 4840 Capta
2553 4770 2995 4825 estJherusalem
3027 4787 3058 4825 a
3086 4770 3422 4836 Sarracenis,
3455 4770 3715 4826 christia-

2097 4875 2165 4916 ne
2190 4857 2319 4914 ﬁdei
2360 4858 2623 4914 inimicis.

2163 4969 2321 5024 1189.
2355 4969 2446 5024 ⁶²⁰ο
2495 4968 2640 5023 Obiit
2693 4969 2960 5024 Henricus
3003 4985 3098 5024 rex
3130 4969 3425 5041 Anglorum
3481 4969 3515 5027 3
3571 4970 3713 5025 Non.
3752 4966 3767 4981 ‘

2092 5062 2375 5135 Septemb.
2412 5062 2711 5119 Coronatus
2736 5070 2820 5119 est
2846 5079 2941 5118 rex
2970 5062 3265 5133 Anglorum
3301 5063 3589 5118 Ricardus.

2167 5154 2319 5209 1190.
2357 5153 2469 5208 Rex
2501 5152 2829 5208 Francorum
2847 5151 3139 5223 Philippus
3193 5159 3248 5208 et
3291 5169 3386 5208 rex
3416 5153 3713 5226 Anglorum

1732 5255 1954 5310 VARI/li
2000 5252 2389 5309 LECTIONES.

449 5360 517 5394 “5
557 5361 636 5413 ita
664 5358 811 5412 alitis
850 5358 1028 5410 erasis
1059 5371 1254 5411 manus
1284 5359 1512 5411 incerta.
1570 5357 1641 5391 5'5
1680 5357 1996 5428 Stephanus
2035 5372 2087 5411 ο.
2140 5356 2201 5410 G.
2260 5355 2337 5410 St.
2367 5372 2403 5409 a
2429 5371 2595 5411 manu
2645 5358 2859 5410 incerta
2910 5372 2965 5411 a.
3022 5355 3186 5410 1163.
3228 5359 3467 5427 scriptas
3490 5362 3615 5427 post
3644 5359 3719 5413 ad

380 5432 519 5484 hunc
550 5446 751 5485 annum
780 5430 957 5483 relata
984 5428 1254 5482 videntur.
1292 5428 1363 5499 ’3”,
1418 5429 1543 5481 aliis
1598 5431 1786 5499 erasis.
1838 5430 1906 5462 δ¹⁸
1947 5429 2145 5483 abhinc
2196 5443 2388 5483 manus
2438 5434 2698 5499 perpetuo
2749 5430 2994 5483 variant.
3037 5428 3105 5461 “9
3140 5428 3257 5483 alia
3283 5443 3464 5484 manu.
3500 5428 3569 5462 ⁵²⁰
3596 5435 3721 5485 ante

1945 5569 2152 5627 NOT/E.

381 5501 657 5556 Obiitalia
670 5516 861 5555 manus
890 5504 1011 5570 post
1038 5499 1260 5554 addidit
1288 5498 1322 5552 2
1352 5498 1491 5553 Non.
1525 5498 1677 5555 Julii.

452 5641 600 5714 (529)
633 5643 883 5714 Orcamp.

455 5713 595 5783 (530)
635 5713 905 5769 Norwich.

2187 5644 2333 5716 (531)
2369 5644 2695 5715 Etrepagny,
2739 5643 2792 5696 in
2823 5658 2967 5698 com.
3000 5642 3452 5700 Viromandensi.
