3916 6064
299 196 408 255 397

289 421 782 482 Jherosoliminum
815 432 1238 506 aggrediuntur.

368 516 500 574 1191
561 517 728 592 Capta
757 532 844 598 est
869 525 1047 582 insula
1103 530 1261 603 Cypri
1301 550 1334 588 a
1377 553 1508 611 rege
1561 539 1814 610 Ricardo,
1860 553 1916 602 et

294 615 486 678 postea
507 610 749 670 Accaron
781 629 813 670 a
841 617 1062 674 duobus
1094 623 1334 695 regibus.
1367 610 1549 684 Rediit
1577 647 1670 686 rex
1704 633 1915 708 Philip-

301 713 424 769 pus.

373 809 530 865 1192.
561 811 672 868 Rex
727 813 1016 890 Philippus
1075 821 1385 895 ingreditur
1443 828 1830 888 Normanniam
1863 842 1918 890 et

294 913 414 954 eam
437 901 542 957 sibi
575 903 856 980 subjugat.
892 909 1003 964 Rex
1033 912 1295 972 Ricardus
1326 919 1549 976 rediens
1599 939 1629 978 a
1653 923 1918 981 Jheroso-

296 989 462 1058 limis,
501 1002 695 1066 captus
739 1004 824 1052 est
857 1008 913 1054 et
943 1001 1314 1060 incarceratus
1353 1023 1384 1062 a
1423 1009 1563 1065 duce
1594 1013 1828 1083 Austrie,
1861 1023 1916 1072 et

291 1093 484 1154 postea
512 1089 832 1158 imperatori
866 1090 1098 1150 llenrico
1130 1099 1362 1154 traditus
1391 1107 1492 1156 est.

366 1195 524 1251 1194.
565 1197 675 1253 Rex
715 1199 1000 1270 Ricardus,
1060 1205 1183 1274 plus
1213 1223 1376 1278 quam
1416 1209 1713 1268 ducencies
1762 1215 1914 1273 mille

293 1285 492 1340 mercis
533 1287 848 1358 imperatori
889 1299 947 1346 et
975 1293 1174 1348 ceteris
1204 1293 1506 1354 baronibus
1535 1309 1676 1356 terre
1709 1319 1804 1374 pro
1835 1306 1908 1362 li-

293 1371 583 1429 beratione
627 1392 726 1432 sua
759 1387 863 1432 tam
905 1379 1047 1435 datis
1088 1399 1250 1454 quam
1291 1387 1394 1442 sub
1431 1371 1720 1448 obsidibus
1771 1411 1907 1466 pro-

291 1463 500 1534 missis,
532 1483 783 1525 reversus
803 1479 886 1526 est
922 1473 1192 1548 Angliam.
1226 1477 1378 1542 Quod
1409 1481 1478 1536 de
1510 1463 1908 1544 Romanis'im-

293 1559 643 1627 peratoribus
673 1563 751 1616 nil
777 1573 870 1620 aut
897 1582 1072 1636 pauca
1104 1568 1190 1624 hic
1218 1570 1329 1626 sint
1360 1581 1594 1640 exarata,
1624 1579 1900 1636 neminem

291 1661 510 1707 moveat
551 1661 916 1725 posterorum,
957 1659 1088 1730 quia
1136 1661 1266 1716 dum
1298 1665 1436 1720 alter
1463 1667 1729 1726 adversus
1769 1673 1906 1728 alte-

291 1760 413 1800 rum
444 1746 514 1802 de
542 1757 762 1821 sceptro
807 1753 1025 1824 imperii
1055 1754 1358 1813 obtinendo
1399 1762 1700 1832 contendit,
1732 1765 1903 1822 nichil

287 1835 472 1908 agitur
523 1837 752 1910 dignum
805 1845 1094 1912 memoria,
1149 1847 1355 1919 quippe
1409 1865 1530 1906 cum
1575 1853 1762 1908 omnia
1794 1855 1904 1911 sint

177 1976 184 1981 .
283 1925 533 1982 confusa.
584 1929 708 1985 Post
730 1931 1007 1988 Urbanum
1050 1951 1246 2006 papam
1275 1943 1388 1993 tres
1420 1942 1707 2011 apostolici
1736 1945 1904 2000 cede-

282 2023 432 2083 runt,
465 2016 517 2070 id
547 2028 632 2074 est
657 2019 972 2095 Gregorius,
1020 2024 1274 2081 Clemens
1297 2035 1352 2082 et
1383 2029 1720 2099 Celestiuus;
1763 2049 1906 2106 quo-

286 2121 410 2162 rum
438 2113 687 2180 tempora
719 2111 808 2168 hic
839 2129 949 2169 non
975 2114 1386 2173 describuntur.

363 2195 503 2252 M98
547 2197 900 2257 Innocentius
930 2219 1092 2275 papa.

363 2305 519 2362 1199.
557 2306 823 2364 Ricardus
851 2327 944 2364 rex
985 2313 1400 2384 potentissimus
1441 2318 1638 2394 sagitta
1681 2336 1904 2391 percus-

285 2416 383 2456 sus
403 2400 645 2468 interiit;
675 2403 762 2459 cui
794 2408 1062 2462 successit
1089 2409 1370 2466 Johannes
1391 2411 1554 2468 frater
1580 2415 1722 2484 ejus.

360 2493 519 2549 1200.
559 2497 595 2550 5
648 2496 776 2552 ldus
808 2497 961 2554 Febr.
1017 2499 1154 2555 obiit
1182 2502 1420 2558 domnus
1466 2503 1775 2561 Willelmus
1804 2508 1898 2562 ab-

284 2582 406 2642 bas.

353 2699 513 2756 1203.
545 2699 846 2777 Subjugata
902 2714 986 2759 est
1013 2704 1207 2761 civitas
1263 2708 1724 2785 Rotbomagensis
1769 2730 1894 2770 cum

281 2793 396 2844 tota
445 2788 779 2846 Normannia
833 2791 1086 2865 Philippo
1131 2797 1246 2869 regi
1273 2797 1518 2855 Francie.
1570 2800 1679 2856 Rex
1709 2810 1892 2858 autem

277 2881 561 2939 Iohannes
581 2885 814 2942 secessit
843 2885 897 2942 in
929 2889 1200 2962 Angliam,
1235 2897 1458 2948 territus
1488 2910 1557 2950 ne
1588 2895 1898 2953 traderetur

276 2989 309 3026 a
334 2971 640 3029 baronibus
667 2976 782 3031 suis
802 2977 856 3045 in
889 2993 1086 3034 manus
1108 2981 1256 3054 regis
1287 2981 1530 3039 Fraucie.

356 3083 511 3140 1204.
549 3084 706 3142 Facta
731 3092 815 3142 est
844 3087 1036 3159 hyems
1059 3091 1386 3161 asperrima,
1411 3110 1514 3165 per
1543 3101 1651 3150 tres
1681 3113 1899 3153 menses

279 3177 337 3227 et
385 3173 628 3244 amplius
665 3175 1002 3232 continuata.
1062 3178 1217 3234 Unde
1259 3187 1314 3234 et
1364 3181 1538 3238 nimia
1596 3186 1898 3242 mortalitas

277 3261 624 3332 animalium,
663 3265 902 3322 maxime
927 3267 1112 3323 ovium
1145 3277 1200 3324 et
1227 3270 1392 3326 etiam
1421 3272 1705 3329 volucrum
1737 3275 1898 3332 silve-

274 3349 496 3418 strium,
525 3365 590 3406 ex
617 3351 798 3426 rigore
827 3353 1048 3426 frigoris
1098 3355 1260 3423 facta,
1313 3365 1369 3414 et
1403 3359 1574 3416 fames
1624 3361 1890 3419 insecuta.

277 3437 446 3510 Capta
497 3447 580 3496 cst
619 3440 812 3496 civitas
857 3441 1366 3516 ConstantinOpolis
1413 3465 1445 3503 a
1503 3451 1704 3507 comite
1737 3453 1894 3507 Flau-

275 3528 490 3598 drensi,
511 3524 794 3602 episcOpis
819 3538 874 3586 et
903 3533 1202 3589 comitibus
1231 3543 1288 3590 et
1339 3537 1623 3594 nobilibus
1655 3540 1787 3596 viris
1841 3550 1897 3598 et

275 3619 590 3676 fortissimis
628 3620 698 3676 de
725 3621 950 3678 Francia
979 3624 1088 3680 sibi
1127 3627 1440 3694 associatis;
1475 3628 1529 3682 in
1590 3647 1700 3702 qua
1742 3647 1898 3688 com-

280 3709 436 3766 muni
466 3711 738 3768 electione
781 3713 1078 3785 imperator
1119 3715 1316 3782 factus,
1372 3717 1636 3776 nobiliter
1679 3723 1894 3797 gessit;

279 3803 534 3874 quicum
578 3821 832 3880 magnam
884 3806 990 3862 sibi
1047 3817 1256 3880 partem
1297 3811 1490 3868 Grccic
1537 3813 1895 3883 subdidisset,

277 3895 699 3967 postmodicum
740 3915 772 3952 a
800 3898 988 3954 Grecis
1016 3900 1340 3959 interfectus
1395 3912 1498 3960 est.
1544 3905 1714 3978 Hujus
1737 3907 1904 3964 frater

290 3984 475 4041 eidem
491 3993 574 4042 est
603 3986 658 4041 in
691 3987 844 4062 regni
879 3988 1018 4046 solio
1051 3991 1404 4050 substitutus.

368 4075 523 4132 1207.
557 4075 703 4132 Obiit
727 4077 1000 4134 \Valterus
1042 4081 1502 4158 Rothomageusis
1529 4087 1902 4160 archiepisco-

289 4181 396 4236 pus
446 4166 516 4220 16
547 4165 658 4223 Kal.
690 4167 1032 4224 Decembris.
1067 4171 1161 4226 Cui
1194 4175 1462 4230 successit
1506 4177 1764 4248 magister
1791 4178 1899 4234 Ro-

289 4260 480 4316 bertus
561 4271 932 4338 cognomento
1009 4265 1218 4323 Polein.

289 4351 428 4406 mari
457 4352 570 4420 5".1

359 4463 526 4522 1209.
559 4464 814 4538 Magistro
841 4468 1120 4540 Stephano
1177 4471 1248 4526 de
1275 4471 1604 4550 Linguaton,
1659 4475 1728 4530 ad
1758 4481 1906 4547 tytu-

288 4553 403 4608 lum
431 4552 718 4610 Cantuarie
755 4557 990 4612 ccclesie
1021 4558 1075 4612 in
1116 4559 1533 4633 archiepiscopo
1567 4562 1735 4620 Rome
1780 4579 1910 4618 con-

285 4655 524 4714 secrato,
575 4662 668 4702 rex
719 4647 1002 4705 Iohannes
1055 4651 1222 4706 alium
1274 4652 1603 4710 intronizare
1653 4655 1904 4726 cupiens,

287 4739 590 4795 monachos
637 4739 925 4797 Cantuarie
954 4750 1010 4798 et
1044 4743 1236 4817 Anglic
1282 4746 1531 4816 presules
1561 4745 1726 4802 exilio
1756 4747 1902 4802 rele-

283 4833 398 4898 gat.
428 4827 536 4884 [lac
566 4829 634 4884 de
661 4845 826 4886 causa
855 4829 982 4886 data
1013 4831 1070 4886 in
1099 4848 1282 4906 regem
1334 4843 1390 4890 et
1422 4849 1650 4907 regnum
1681 4850 1902 4890 excom-

284 4920 675 4976 municatiouis
720 4923 1014 4990 sententia,
1073 4925 1240 4980 etiam
1301 4924 1719 4982 Cisterciensem
1751 4927 1902 4982 ordi-

288 5023 418 5062 nem
450 5023 576 5064 cum
619 5011 817 5066 ceteris
866 5011 1060 5067 laudes
1090 5013 1202 5068 Deo
1249 5015 1463 5070 debitas
1518 5015 1902 5086 sollempniter

283 5099 604 5170 persolvere
635 5101 846 5157 domini
879 5119 1023 5176 pape
1048 5105 1347 5162 auctoritas
1379 5107 1681 5178 prohibuit.

353 5193 515 5250 1210.
547 5193 669 5250 Otto
724 5211 900 5268 nepos
945 5182 1163 5254 Ricardi
1192 5200 1470 5272 quondam
1516 5201 1662 5272 regis
1711 5199 1902 5274 Anglic

285 5283 463 5340 factus
492 5293 579 5342 est
608 5287 924 5360 imperator.
951 5289 1060 5346 Hoc
1084 5300 1332 5364 tempore
1355 5291 1454 5347 fuit
1487 5293 1710 5364 quidam
1740 5308 1905 5364 pseu-

1255 213 1599 271 CHRONICA.
1749 219 2130 280 AUCTARIUM
2169 227 2418 286 MORTUI
2459 233 2686 290 MARIS.

299 331 566 436 Ricardus
595 350 724 403 cum
761 337 1050 396 innumera
1079 346 1261 418 gentis
1298 364 1398 406 sue
1430 353 1784 412 multitudine
1817 358 1920 415 iter
2021 361 2382 436 doprOpheta,

3529 259 3636 314 398

2439 369 2532 440 qui
2604 371 2822 429 dicebat
2886 377 3266 438 antichristum
3332 387 3442 458 jam
3514 407 3636 450 esse

2019 452 2288 521 adultum,
2327 463 2382 512 et
2412 457 2560 513 diem
2585 459 2782 528 judicii
2815 463 3128 529 imminere.

2091 543 2246 598 1211.
2284 545 2475 602 Comes
2523 547 2728 620 Symon
2754 552 2823 607 de
2857 554 3192 629 Monteforti,
3243 563 3529 626 nobilibus
3557 573 3636 628 vi-

2021 631 2092 686 ris
2123 633 2193 687 de
2225 633 2451 717 Francia
2502 639 2798 712 regnisque
2827 643 2952 699 aliis
2976 660 3138 718 opem
3171 651 3280 708 sibi
3306 654 3631 729 ferentibus,

2021 723 2312 794 hereticos,
2369 729 2462 799 qui
2495 729 2549 784 iu
2583 731 2926 790 Narbonensi
2963 741 3235 809 provintia
3285 723 3634 817 pullulabanvt

2018 827 2072 874 et
2127 820 2457 878 dicebantur
2505 825 2852 902 Albigcnses,
2895 837 3254 908 expugnavit,
3301 849 3356 897 et
3393 851 3630 922 stragem

2015 912 2241 968 multam
2271 913 2498 978 faciens,
2533 935 2785 994 magnam
2827 931 3037 994 partem
3067 930 3344 1000 provintie
3386 912 3629 1008 ipsorum

2019 1017 2116 1056 sue
2145 1003 2393 1060 subdidit
2433 1010 2714 1078 potestati.

2087 1095 2245 1150 1212.
2279 1097 2337 1150 In
2359 1098 2648 1170 Hyspaniis
2669 1103 2950 1160 christiani
2975 1122 3097 1162 cum
3115 1113 3344 1186 paganis
3357 1128 3626 1192 pugnant,

2016 1193 2069 1242 et
2095 1187 2252 1258 potiti
2276 1189 2522 1254 victoria,
2554 1195 2758 1250 multos
2785 1197 3060 1267 perimunt
3087 1187 3530 1278 Sarracenos-et
3553 1229 3634 1268 re-

2015 1276 2194 1348 liquos
2233 1279 2300 1332 ad
2332 1278 2512 1353 fugam
2542 1285 2880 1354 compellunt
2931 1289 3266 1361 Reginaldus
3297 1276 3486 1356 comes
3517 1303 3628 1358 Bo-

2012 1365 2201 1422 loniea
2230 1367 2484 1439 Philippo
2512 1385 2641 1444 rege
2663 1372 2993 1430 Francorum
3025 1380 3176 1435 omni
3201 1391 3342 1441 terra
3371 1403 3470 1444 sua
3497 1407 3628 1462 spo-

2008 1461 2189 1531 liatur,
2243 1467 2296 1516 et
2325 1477 2354 1516 a
2400 1477 2570 1538 regno
2615 1465 2927 1536 expellitur,
2961 1471 3058 1526 sed
3091 1473 3158 1528 ab
3223 1476 3426 1535 Ottone
3450 1491 3503 1538 et
3530 1461 3626 1540 lo-

2007 1557 2188 1612 hanne
2231 1557 2432 1630 .iugliae
2463 1575 2594 1632 rege
2643 1561 2924 1632 recipitur.
2961 1566 3072 1622 Rex
3126 1569 3456 1634 Francorum
3500 1583 3627 1638 Plll-

2008 1653 2194 1725 lippus
2219 1653 2449 1710 collecto
2480 1657 2722 1712 exercitu
2757 1665 2813 1714 et
2853 1663 3025 1719 multo
3074 1669 3296 1725 navium
3329 1685 3624 1746 apparatu,

2009 1743 2364 1799 transfretare
2395 1745 2642 1815 disponit
2673 1747 2728 1802 in
2775 1749 3048 1824 Angliam,
3083 1763 3142 1812 ut
3179 1743 3497 1820 armisie'am
3537 1743 3630 1824 ca;

2007 1833 2154 1904 piat;
2214 1833 2312 1887 sed
2363 1833 2582 1890 interim
2614 1836 2746 1891 dum
2785 1839 2974 1897 subito
3033 1843 3314 1920 ingressus
3352 1851 3409 1907 in
3467 1855 3629 1912 Fian-

2003 1921 2178 1976 driam
2207 1937 2328 1976 eam
2360 1921 2463 1976 sibi
2497 1923 2796 1996 subjugare
2829 1927 3092 1988 intendit.
3145 1937 3303 2013 Angli
3345 1957 3622 2014 superve-

2005 2014 2186 2080 niunt,
2212 2019 2272 2068 et
2321 2013 2498 2068 navali
2529 2023 2792 2087 apparatu
2832 2022 2980 2096 regis
3029 2025 3301 2086 violenter
3355 2013 3617 2108 abducto,

2005 2105 2400 2166 transfretandi
2431 2107 2482 2161 ei
2513 2107 2764 2164 adimunt
2795 2109 3132 2173 facultatem.

2077 2200 2236 2256 1213,
2271 2199 2330 2252 ln
2372 2199 2645 2255 Provintia
2676 2200 2830 2268 juxta
2873 2212 3113 2264 castrum
3153 2213 3302 2282 quod
3333 2215 3618 2276 Murellum

2006 2287 2230 2357 dicitur,
2259 2297 2477 2362 gestum
2508 2297 2592 2344 est
2615 2289 2821 2346 bellum
2855 2299 3044 2350 eterna
3065 2302 3332 2358 memoria
3363 2305 3619 2379 dignum.

2006 2379 2136 2436 Cum
2166 2395 2355 2436 comes
2383 2380 2588 2451 Symon
2628 2381 2696 2436 de
2735 2383 3046 2442 Montei'orti
3101 2391 3302 2449 multas
3337 2393 3624 2456 heretico-

2003 2491 2120 2530 rum
2154 2480 2363 2548 strages
2388 2471 2619 2541 faciens,
2677 2475 2864 2546 plures
2899 2478 3187 2538 lrovintize
3216 2485 3384 2542 urbes
3421 2497 3477 2545 et
3517 2507 3623 2565 op-

1951 2627 1956 2634 _
2001 2564 2132 2636 pida
2161 2563 2266 2618 sibi
2289 2563 2662 2634 subjugasset,
2696 2580 2788 2620 rex
2814 2567 3137 2644 Arragonie,
3191 2589 3379 2632 comes
3403 2563 3623 2637 Tolosa-

2001 2671 2126 2718 nus.
2157 2669 2346 2710 comes
2377 2654 2680 2710 Conuensis
2723 2655 2892 2728 {532),
2933 2673 3120 2715 comes
3160 2663 3427 2722 Fuxensis
3477 2670 3622 2745 (533)

1998 2749 2230 2804 collecto
2263 2748 2510 2804 exercitu
2530 2749 2760 2820 copioso
2792 2752 3169 2823 supradictum
3192 2765 3430 2818 castrum
3453 2763 3620 2820 obse-

1997 2837 2219 2898 derunt,
2279 2837 2596 2908 erectisque
2642 2839 2917 2896 machinis
2974 2857 3298 2920 Oppugnare
3328 2863 3618 2923 ceperunt.

1997 2927 2103 2982 Res
2146 2943 2276 2983 vero
2320 2927 2506 2982 comiti
2548 2927 2772 3000 Symoni
2814 2930 3069 3002 innotuit,
3103 2937 3198 3009 qui
3249 2955 3376 2998 mox
3431 2945 3624 3015 paucis

1925 3014 2293 3082 Cadmodum
2325 3019 2458 3074 viris
2507 3021 2776 3089 collectis,
2841 3026 2956 3100 regi
3003 3027 3303 3103 Arragouie
3359 3014 3623 3092 audacter

1998 3109 2272 3175 occurrit;
2350 3109 2778 3184 legionibusque
2855 3114 3158 3186 dispositis,
3226 3131 3482 3180 conserta
3537 3133 3622 3183 est

1999 3215 2183 3272 pugna
2219 3201 2256 3254 2
2303 3200 2432 3256 ldus
2476 3202 2839 3274 Septembris,
2897 3207 2953 3261 in
3001 3221 3110 3280 qua
3167 3227 3262 3267 rex
3317 3214 3622 3290 Arragonie

1997 3303 2122 3344 cum
2147 3289 2396 3361 pluribus
2427 3291 2495 3346 de
2527 3307 2628 3347 suo
2658 3295 2902 3351 exercitu
2931 3299 3212 3356 occubuit.
3247 3289 3475 3378 Reliqui
3493 3323 3622 3364 vero

1997 3375 2128 3448 fuga
2153 3377 2328 3449 elapsi
2358 3387 2506 3442 sunt,
2548 3389 2604 3435 et
2652 3382 2864 3437 confusi
2910 3386 2980 3439 ad
3018 3389 3244 3460 propria
3283 3375 3620 3448 remearunt.

1997 3469 2073 3522 De
2101 3469 2270 3526 sociis
2297 3477 2476 3526 autem
2507 3473 2732 3528 comitis
2761 3473 3018 3546 Symonis
3045 3495 3188 3535 unus
3218 3487 3432 3539 tantum
3461 3485 3625 3542 miles

1997 3576 2122 3616 cum
2169 3561 2359 3631 paucis
2401 3563 2702 3618 clientibus
2741 3565 2798 3620 in
2855 3567 2949 3622 illo
3006 3571 3264 3628 conflictu
3319 3575 3538 3631 cecidit.

1998 3649 2198 3706 diebus
2269 3650 2411 3706 Jude
2467 3651 2745 3708 Machabei
2795 3671 2970 3726 usque
3015 3657 3069 3712 in
3121 3676 3355 3731 presens
3398 3670 3622 3736 tempus

1999 3749 2201 3798 tantam
2233 3743 2641 3800 multitudinem
2683 3755 2790 3802 tam
2850 3749 3160 3808 mirabilem
3205 3771 3238 3809 a
3276 3756 3624 3827 paucissimis

2003 3835 2332 3892 mirabiliter
2377 3837 2599 3906 victam,
2631 3855 2814 3896 cesam
2853 3849 3018 3915 atque
3048 3845 3288 3922 iugatam
3343 3865 3620 3924 nunquam

2003 3935 2062 3984 et
2117 3947 2387 4002 nusquam
2445 3931 2700 4006 legimus.
2757 3933 2960 3991 Eodem
3009 3943 3258 4012 tempore
3322 3942 3378 3998 in
3447 3959 3620 4018 regno

2002 4020 2332 4078 Francorum
2361 4024 2518 4096 pueri
2538 4031 2594 4080 et
2622 4025 2804 4097 puelle
2836 4043 2960 4084 cum
2989 4030 3272 4104 aliquibus
3299 4036 3626 4095 adolescen-

2001 4114 2135 4170 tulis
2165 4123 2222 4170 et
2270 4116 2500 4173 senibus
2547 4119 2768 4186 vexilla,
2826 4136 3038 4190 cereos,
3071 4141 3284 4195 cruces,
3318 4130 3628 4186 thuribula-

2003 4211 2304 4278 portantes,
2335 4207 2718 4278 processiones
2755 4208 3047 4277 faciebant,
3089 4221 3146 4269 et
3175 4232 3275 4286 per
3304 4219 3495 4288 urbes,
3537 4221 3620 4275 vi-

1308 4269 1479 4340 [
1563 4271 1617 4326 in
1935 4369 1973 4376 _
2004 4269 2098 4352 cos
2125 4303 2178 4352 et
2203 4269 2430 4352 castella
2458 4306 2721 4356 canentes
2753 4301 2922 4369 ibant,
2953 4269 3155 4359 Gallice
3175 4269 3620 4376 proclamantes:

1932 4369 1987 4438 D
2005 4389 2225 4441 Domine
2247 4390 2402 4442 Deus.
2447 4389 2629 4443 exulta
2653 4390 3150 4445 christianitatem!
3187 4369 3422 4450 homine
3465 4401 3622 4466 Deus,

2008 4475 2165 4530 redde
2199 4475 2348 4531 nobis
2391 4491 2576 4531 veram
2621 4479 2877 4532 crucem!
2919 4478 3034 4533 Non
3074 4479 3251 4536 solum
3289 4482 3394 4538 hec
3450 4483 3620 4541 verba

2006 4565 2107 4622 sed
2135 4567 2241 4622 alia
2283 4567 2452 4623 multa
2482 4567 2870 4635 decantabunt,
2892 4569 3023 4640 quia
3051 4571 3199 4628 varie
3231 4575 3620 4644 processiones

2007 4663 2185 4724 erant,
2217 4661 2272 4710 et
2300 4671 2632 4728 unaquaque
2660 4657 2942 4726 processio
2983 4674 3083 4730 pro
3115 4661 3278 4717 libitu
3303 4678 3402 4720 suo
3433 4667 3621 4722 varia-

2003 4747 2114 4802 bat.
2145 4747 2252 4802 Res
2281 4763 2409 4803 vero
2447 4747 2548 4802 ista
2571 4765 2603 4802 a
2641 4748 2844 4803 seculis
2885 4749 3134 4808 inaudita
3164 4755 3355 4812 multis
3393 4757 3495 4814 fuit
3523 4759 3624 4814 ad-

2004 4835 2304 4903 mirationi,
2344 4835 2493 4908 quod
2527 4844 2587 4892 ut
2626 4837 2907 4895 credimus
2947 4843 3258 4917 presagium
3310 4845 3622 4903 futurorum

2002 4929 2122 4997 fuit,
2138 4944 2328 4984 eorum
2347 4929 2560 4984 scilicet
2584 4930 2765 5002 quein
2793 4935 3050 5004 sequenti
3072 4951 3218 4992 anno
3249 4938 3620 5012 contigerunt.

2003 5023 2132 5078 Nam
2161 5023 2373 5098 legatus
2403 5025 2681 5082 Romanus
2711 5027 2882 5084 Gallic
2916 5028 3052 5086 nes
3085 5031 3388 5107 ingressus,
3429 5032 3624 5102 copio-

2001 5127 2117 5167 sam
2163 5113 2572 5170 multitudinem
2613 5115 2671 5171 in
2700 5117 2943 5174 crucifixi
2981 5121 3209 5176 nomine
3238 5136 3403 5176 cruce
3434 5121 3628 5198 signa-

2003 5201 2112 5268 vit;
2145 5202 2302 5271 cujus
2335 5203 2706 5260 multitudinis
2735 5223 3024 5264 numerum
3058 5209 3234 5266 solius
3259 5209 3352 5264 Dei
3391 5210 3625 5266 scientia

2004 5293 2231 5367 colligit.
2268 5293 2464 5352 Ottoue
2514 5295 2845 5370 imperatore
2896 5317 2926 5356 a
2971 5317 3112 5374 papa
3159 5302 3482 5359 Innocentio
3523 5318 3618 5358 ex-

1633 5400 1852 5457 VARME
1899 5400 2272 5458 LECTIONES.

1847 5541 2055 5599 NOTAE.

459 5467 664 5524 addidit
701 5484 902 5526 manus
925 5485 1026 5526 sec.
1068 5471 1174 5528 XV.

352 5634 505 5709 (532)
538 5638 853 5715 Cominges.

2078 5644 2224 5715 (533)
2256 5645 2385 5702 Foix
