3916 6064
275 269 381 326 399
1485 236 1827 295 SlGEBERTl
1876 227 2387 287 GEMBLACENSIS.
3499 224 3610 279 400

280 398 703 460 communicato,
764 387 944 444 infans
971 382 1164 454 Apulie
1196 380 1499 434 Romanum
1543 372 1650 427 sibi
1695 368 1889 425 vendi-
1914 368 1966 436 Α
1989 362 2225 433 glorum.
2262 358 2357 414 Cui
2381 356 2647 413 successit
2679 356 2942 411 Henricus
2974 354 3120 409 ﬁlius
3158 354 3280 423 ejus
3308 371 3450 426 puer
3476 352 3613 412 duo-

1992 457 2210 512 dennis.

2063 549 2221 602 1217.
2256 547 2464 602 Bellum
2515 545 2661 615 apud
2717 543 3161 599 Lincolniensem
3224 543 3418 598 urbem
3468 544 3616 600 inter

1995 657 2177 714 regem
2233 639 2424 712 Anglie
2455 646 2510 691 et
2563 637 2705 690 inter
2736 637 3036 691 Norrenses
3068 642 3123 690 et
3166 635 3307 690 alios
3354 643 3611 706 potentes

1994 729 2212 790 multos,
2234 727 2327 799 qui
2361 727 2539 781 eidem
2568 727 2679 798 regi
2700 724 3120 795 implacabilitcr
3147 724 3609 793 inimicabantur;

1995 821 2091 874 sed
2119 819 2375 873 misertus
2399 819 2539 872 Deus
2571 817 2727 888 pueri
2753 817 2899 891 regis
2923 815 3263 878 innocentie,
3288 817 3609 888 priusquam

1995 918 2180 980 posset
2218 924 2366 963 arma
2399 914 2637 978 portare,
2691 906 2846 960 dedit
2908 904 2959 959 ei
3012 904 3081 959 de
3135 905 3392 959 hostibus
3419 906 3618 959 trium-

1995 1003 2184 1072 phare.
2213 1001 2320 1055 Nec
2348 1000 2524 1055 solum
2559 999 2612 1053 in
2646 999 2749 1053 hoc
2776 997 2975 1069 prelio,
3008 996 3107 1053 sed
3136 1004 3190 1051 et
3224 998 3279 1050 in
3310 999 3444 1052 mari
3477 1014 3610 1068 pre-

1995 1095 2126 1148 lium
2184 1109 2443 1166 magnum
2475 1091 2774 1147 comissum
2817 1098 2901 1146 est
2940 1090 3082 1145 inter
3128 1090 3364 1145 Francos
3416 1093 3616 1145 etAu-

1994 1188 2134 1263 glos,
2162 1194 2214 1242 et
2236 1188 2422 1242 divina
2445 1186 2715 1257 preliante
2744 1185 2946 1241 virtute
2978 1184 3179 1239 Gallica
3202 1184 3460 1256 juventcs
3488 1202 3621 1241 cum

1997 1281 2145 1336 omni
2177 1279 2399 1335 navium
2433 1286 2699 1348 apparatu
2726 1278 2868 1332 victa
2895 1287 2978 1332 est
3007 1278 3076 1332 ab
3107 1279 3295 1352 Anglis
3316 1286 3370 1332 et
3392 1278 3448 1331 in
3478 1294 3614 1348 pre-

2000 1371 2122 1425 dam
2155 1369 2412 1424 abducta.
2448 1367 2526 1421 lbl
2562 1366 2889 1421 Eustachius
2918 1368 3243 1434 monachus,
3285 1367 3448 1421 homo
3479 1382 3621 1437 apo-

2000 1466 2158 1526 stata,
2187 1465 2379 1529 pyrata
2412 1464 2467 1511 et
2496 1455 2669 1526 predo
2701 1457 2994 1526 pessimus,
3034 1456 3252 1527 utrique
3282 1471 3453 1529 regno
3486 1455 3620 1509 inﬁ-

287 1547 418 1661 rege
461 1547 790 1639 Francorum
844 1576 1038 1648 pulsus
1075 1587 1107 1625 a
1153 1565 1424 1630 Flandria,
1488 1560 1717 1614 Otonem
1772 1551 1900 1650 Ale-
2000 1551 2123 1617 dus,
2155 1549 2334 1621 capite
2374 1548 2567 1619 plexus
2605 1554 2707 1614 est,
2758 1555 2887 1602 tunc
2914 1547 3181 1617 temporis
3228 1547 3449 1602 Francis
3485 1564 3618 1618 pre-

289 1639 513 1731 mznnie
544 1682 598 1729 et
624 1639 932 1726 Iohannem
962 1660 1154 1735 Anglic
1183 1671 1341 1729 reges
1367 1648 1612 1723 expetiit,
1644 1652 1699 1699 et
1728 1641 1893 1713 pepi-
1925 1696 1973 1735 η
1998 1643 2138 1697 bens
2176 1640 2458 1706 auxilium,
2490 1649 2543 1694 ct
2598 1640 2856 1710 princeps
2913 1639 3059 1693 illius
3098 1640 3301 1713 navigii
3342 1639 3614 1694 Robertus

289 1767 369 1841 git
399 1764 559 1819 fedus
609 1776 731 1816 cum
771 1757 850 1812 eis
921 1733 1161 1818 Quorum
1200 1746 1373 1801 fretus
1412 1739 1576 1796 exilio
1616 1746 1900 1841 regressus
1928 1733 1975 1763 υ
2002 1738 2069 1792 de
2111 1735 2415 1791 ρογιεηιίο,
2464 1734 2630 1805 Capta
2673 1742 2753 1790 est
2780 1751 2812 1788 a
2859 1733 3175 1789 Christianis
3212 1735 3456 1790 Damicla
3485 1735 3624 1788 urbs

289 1821 347 1912 fil
385 1853 711 1917 Flandriam,
753 1863 871 1903 eam
895 1858 1039 1916 Ρθῐιθ
1062 1844 1228 1895 “nam
1250 1834 1319 1889 de
1350 1844 1515 1886 manu
1555 1824 1702 1897 regis
1731 1821 1899 1874 Μετι-
2003 1825 2195 1896 Egypti
2226 1823 2543 1888 fortissima,
2591 1823 2687 1878 sed
2720 1823 2775 1877 in
2807 1822 2963 1878 brevi
2996 1823 3192 1877 iterum
3241 1840 3273 1878 a
3303 1824 3625 1878 Sarracenis

293 1969 480 2012 corum
505 1954 758 2023 potenter
794 1940 1019 2012 eripuit,
1051 1949 1156 2007 cpe
1182 1937 1236 1987 et
1274 1923 1545 2021 industria
1566 1913 1903 2023 virorumLil-
2004 1923 2326 1987 recuperata
2410 1915 2807 1971 Concluserunt
2847 1914 2991 1969 enim
3044 1915 3330 1972 Sarraceni
3370 1916 3629 1971 christia-

293 2002 547 2099 lustrium
578 2039 667 2103 5”,
707 2041 763 2090 et
792 2029 1058 2104 precipue
1084 2016 1360 2078 Guillelmi
1392 2010 1611 2069 comitis
1639 2002 1903 2061 Saresbe-
2005 2020 2201 2059 norum
2259 2004 2562 2058 exercitum
2618 2019 2741 2057 cum
2803 2019 2931 2078 rege
2990 2003 3302 2075 ceterisque
3342 2003 3629 2058 nobilibus

280 510 405 549 care
432 486 723 561 imperium
767 485 849 536 est
878 483 1129 535 conatus.

353 554 851 647 12H.-Stephanus
884 561 1291 623 Cantuariensis
1330 554 1777 626 archiepiscOpus
1807 563 1893 603 ce-

283 675 497 745 terique
526 640 821 742 Anglorum
854 658 1165 733 pontiﬁces,
1193 649 1447 709 monachi
1480 654 1534 702 et
1558 643 1767 706 clerici,
1796 640 1890 711 qui

285 778 382 837 pro
404 728 569 817 causa
594 728 827 813 ecclesic
846 747 1177 806 tenebantur
1198 741 1387 807 exilio,
1410 734 1692 791 mediante
1716 728 1894 786 cardi-

284 819 418 919 nali,
449 847 566 922 regi
600 839 1045 905 reconciliantur,
1069 840 1122 890 et
1146 833 1212 887 ab
1242 845 1307 885 eo
1338 825 1683 896 recipiuntur
1710 819 1765 873 in
1794 819 1896 872 An-

282 948 413 1021 glia,
446 950 501 1000 et
538 957 636 997 sua
665 936 773 1009 ipsi
804 931 1114 1003 recipiunt;
1146 925 1335 996 sicque
1369 933 1597 1016 regnum
1630 915 1697 1013 ab
1722 913 1897 1021 iptcr-

282 1000 415 1091 dicti
446 1027 743 1094 sententia,
767 1040 858 1080 rex
886 1037 916 1076 a
937 1034 1079 1075 nexu
1104 1003 1691 1071 excommunicationis
1710 1000 1897 1057 absol-

282 1131 445 1186 vitur.
480 1122 749 1182 Redditur
770 1116 1019 1176 ecclesiis
1048 1129 1171 1170 cum
1214 1104 1527 1182 presulibus
1554 1107 1608 1155 et
1650 1097 1898 1153 christia-

287 1222 454 1277 nitate
509 1213 899 1287 tranquillitas,
952 1204 1206 1263 exulibus
1237 1216 1359 1257 cum
1414 1195 1576 1251 rebus
1606 1199 1661 1246 et
1700 1188 1895 1260 patria,

196 1372 209 1377 ,
283 1313 401 1389 regi
444 1327 567 1367 cum
596 1302 1050 1364 reconciliatione
1077 1291 1418 1357 communio,
1453 1285 1601 1359 plebi
1652 1280 1896 1347 devotio,

288 1371 549 1462 omnibus
571 1402 627 1456 in
659 1410 953 1456 commune
980 1386 1270 1447 catholicis
1300 1397 1398 1454 pro
1426 1377 1638 1434 reddita
1665 1371 1899 1431 ecclesie

288 1513 421 1570 pace
442 1495 642 1551 leticia.
676 1487 984 1547 Ferrandus
999 1478 1348 1539 Flandrensis
1376 1487 1563 1570 comes
1589 1486 1620 1523 a
1644 1465 1899 1570 Philippo

296 2093 729 2203 risu-sishratris
756 2093 902 2196 regis
923 2093 1136 2192 Anglic,
1166 2119 1220 2168 et
1242 2106 1461 2165 comitis
1491 2098 1715 2200 Bolonie
1743 2093 1909 2203 P‘tegi-

295 2185 952 2292 naldir'lohannesurex
1005 2185 1201 2277 Anglic
1230 2200 1286 2254 in
1340 2190 1685 2266 Aquitaniam
1734 2185 1908 2292 classe

293 2271 656 2376 transvectus,
681 2296 1053 2360 reconciliatis
1081 2291 1188 2347 sibi
1219 2281 1568 2359 magnatibus
1596 2286 1740 2333 terre
1762 2271 1906 2328 mul—

296 2365 667 2478 tisjr—nagnam
690 2400 899 2468 partem
924 2384 1197 2461 provintie
1213 2394 1316 2435 suo
1341 2374 1453 2447 juri
1484 2368 1745 2427 restituit.
1781 2365 1908 2478 libui-

296 2456 483 2569 lippus
504 2456 707 2561 itaque.
727 2500 823 2539 rex
853 2482 1181 2535 Francorum
1213 2469 1381 2525 misso
1410 2468 1756 2569 contraleum
1792 2456 1905 2510 lilio

296 2549 592 2646 Ludovico,
609 2549 733 2647 ipse
763 2571 997 2628 collecto
1025 2561 1269 2620 exercitu
1297 2549 1740 2614 Flandrensibus,
1768 2559 1909 2617 quo-

293 2695 414 2735 rum
440 2674 582 2730 vires
614 2645 725 2739 jam
767 2661 931 2719 nimis
959 2658 1332 2715 excreverant,
1373 2645 1590 2703 censuit
1618 2653 1909 2698 occurren-

294 2770 444 2823 dum.
481 2735 649 2839 Igitur
676 2758 818 2811 intra
850 2751 989 2806 ﬁnes
1010 2742 1262 2801 Flandrie
1293 2737 1353 2793 ﬁt
1378 2735 1908 2832 utrinque-concur-

435 2820 797 2923 etdispositis
825 2840 1053 2899 aciebus
1066 2834 1211 2908 apud
1231 2837 1452 2903 pontem
1474 2821 1741 2921 Wenti'ni,
1771 2820 1914 2918 inter

292 2909 672 3005 lii—auritaniam
711 2945 766 2993 et
814 2935 1147 2991 Tornacum,
1186 2924 1221 2979 6
1258 2921 1373 2977 Kal.
1416 2921 1554 2990 Aug.
1615 2912 1705 2966 die
1743 2909 1908 3005 etiam

292 3038 591 3102 dominica,
631 3044 817 3104 pugna
869 3018 1249 3082 committitur,
1291 3020 1346 3069 et
1384 3011 1440 3064 in
1469 3005 1732 3063 conflictu
1762 2998 1911 3055 ccci-

292 3134 424 3189 dere
478 3097 753 3188 nonnulli,
786 3117 977 3175 Franci
1026 3111 1247 3168 tandem
1288 3106 1523 3179 palmam
1556 3097 1782 3155 victorie
1822 3101 1907 3147 te-

293 3230 534 3282 nuerunt
587 3221 647 3274 ln
689 3218 796 3271 hoc
828 3211 977 3267 bello
1018 3200 1338 3261 Flandrensi
1370 3215 1435 3253 ex
1464 3194 1581 3250 acie
1607 3190 1753 3260 capti
1786 3191 1913 3242 sunt

294 3276 889 3393 egregiipugnatores
934 3303 1172 3372 quatuor
1226 3283 1723 3393 comites,‘Pi‘llutus
1763 3276 1912 3393 (5:34)

295 3370 665 3469 Ᾰῖεηῖεηηύεξ
710 3370 1019 3453 Ferrandus
1049 3382 1420 3448 Flandrensis,
1474 3374 1785 3431 Willclmus
1815 3370 1911 3424 Sa-

295 3495 681 3559 resberiensis,
712 3483 1047 3562 Reginaldus
1080 3472 1445 3539 Bolonicnsis,
1478 3476 1532 3524 et
1572 3463 1913 3522 sencscallus

297 3592 529 3659 Ottonis,
554 3594 609 3643 et
634 3558 839 3640 milites
883 3577 977 3633 alii
1007 3582 1114 3630 tam
1138 3570 1450 3625 mediocres
1485 3577 1647 3635 quam
1672 3558 1912 3612 illustres

296 3685 516 3743 circiter
540 3679 663 3736 150.
698 3676 827 3731 Post
875 3671 980 3724 hec
1016 3682 1110 3722 rex
1165 3661 1454 3731 Philippus
1485 3664 1676 3711 contra
1724 3663 1909 3743 regem

296 3777 487 3852 Anglic
525 3777 711 3827 movet
745 3762 1076 3823 exercitum;
1111 3755 1209 3810 sed
1267 3750 1462 3825 legatis
1492 3739 1912 3801 intervenienti-

293 3835 418 3935 bus:
452 3872 598 3925 inter
627 3879 723 3918 eos
764 3851 1207 3931 quinquennales
1256 3847 1544 3902 ﬁrmantur
1576 3839 1809 3894 indutie.
1848 3835 1907 3889 Et

295 3965 370 4018 ita
395 3970 650 4015 reversus
681 3955 765 4005 est
793 3963 889 4001 rex
922 3925 1211 4011 Philippus
1244 3936 1298 3990 in
1332 3932 1650 3995 Franciam;
1694 3925 1903 3981 rexJo—

294 4055 513 4108 hannes
542 4046 597 4100 in
625 4038 874 4115 Angliam
924 4050 984 4088 se
1039 4028 1250 4100 recepit
1299 4026 1648 4080 Terremotus
1697 4018 1754 4072 in
1809 4015 1907 4070 ad-

296 4105 463 4199 ventu
493 4105 819 4191 Dominivi3
868 4125 983 4180 Kal.
1017 4123 1235 4178 Januar.
1275 4126 1357 4172 ter
1410 4115 1464 4169 in
1495 4128 1604 4168 una
1635 4116 1795 4164 nocte
1826 4105 1904 4161 fa-

297 4242 419 4291 ctus
448 4236 552 4287 est.
603 4223 807 4281 Globus
835 4221 1030 4295 igneus
1077 4209 1515 4284 magnitudinem
1548 4203 1704 4259 bovis
1733 4215 1901 4255 cxce-

297 4327 455 4391 dens,
488 4329 544 4379 et
571 4333 828 4393 magnum
871 4312 1054 4367 lumen
1086 4305 1364 4369 emittens,
1392 4301 1546 4354 visus
1572 4303 1654 4353 est
1692 4296 1748 4349 in
1779 4308 1904 4348 aere

202 4484 210 4491 ,
296 4422 439 4478 circa
464 4416 573 4474 diei
602 4412 843 4473 initium,
886 4406 1013 4462 ldus
1037 4398 1301 4458 Januarii.
1339 4392 1583 4466 Eclypsis
1610 4392 1736 4445 lune
1767 4387 1907 4443 facta
1922 4432 1981 4502 D

298 4517 380 4567 est
407 4510 477 4566 16
504 4507 616 4563 Kal.
649 4500 844 4558 Martii.

368 4601 527 4657 1245.
559 4599 725 4652 Kome
754 4588 1013 4667 generale
1041 4582 1334 4642 concilium
1371 4595 1399 4633 a
1429 4591 1571 4650 papa
1590 4570 1912 4629 Innocentio

301 4690 627 4747 celebratur.
678 4664 802 4739 Orta
833 4682 975 4735 inter
1009 4691 1195 4749 regem
1245 4670 1545 4745 Anglorum
1577 4673 1631 4720 et
1676 4664 1913 4718 barones

301 4777 452 4855 gravi
483 4773 849 4839 dissensione,
882 4767 1072 4841 Anglia
1103 4767 1252 4822 dolet
1303 4778 1361 4817 se
1401 4758 1585 4834 gladio
1616 4753 1912 4824 multisque

300 4866 704 4930 calamitatibus.
724 4864 1029 4934 subjacere.

381 4965 530 5023 1216.
584 4960 907 5018 Ludovicus.
931 4955 1169 5027 Philippi
1204 4953 1353 5025 regis
1380 4951 1712 5006 Francorum
1747 4941 1911 5007 ﬁlius,

301 5051 670 5114 confederatis
689 5048 794 5103 sibi
814 5045 1163 5120 magnatibus
1180 5042 1392 5114 Anglie,
1417 5039 1511 5111 qui
1534 5036 1651 5108 regi
1675 5032 1914 5088 rebella-

300 5147 451 5208 bant,
481 5159 604 5200 cum
654 5136 843 5194 multis
870 5134 1104 5189 navibus
1136 5139 1190 5187 et
1215 5137 1545 5185 armatorum
1579 5122 1818 5179 exercitu
1854 5120 1909 5174 in

300 5237 549 5311 Angliam
603 5226 994 5289 transfretavit.
1049 5222 1402 5279 Innocentius
1450 5220 1520 5274 lll
1552 5233 1693 5289 papa
1749 5212 1906 5269 obiit.

305 5330 400 5387 Cui
428 5326 698 5385 successit
727 5321 999 5380 Honorius
1036 5316 1134 5373 Ill.
1167 5315 1312 5372 Obiit
1354 5314 1636 5370 Iohannes
1669 5326 1762 5365 rex
1812 5311 1912 5362 An-

2008 2092 2348 2161 christianis,
2374 2100 2429 2146 et
2458 2107 2569 2147 non
2604 2092 2830 2147 invento
2862 2092 3015 2147 aditu
3057 2093 3331 2148 evadendi
3361 2093 3490 2159 alio,
3525 2094 3628 2147 Da-

2009 2185 2228 2240 mietam
2265 2200 2364 2255 pro
2392 2200 2487 2238 sua
2520 2184 2851 2238 liberatione
2882 2184 3172 2243 christiani
3206 2186 3477 2241 dederunt
3505 2187 3635 2240 Sar-

2011 2274 2250 2340 raccnis,
2292 2273 2385 2345 qui
2415 2274 2579 2327 etiam
2615 2273 2901 2329 Sarraceni
2957 2275 3138 2331 crucis
3164 2282 3352 2330 sancte
3394 2284 3630 2346 partem,

2011 2380 2174 2435 quam
2204 2364 2431 2437 triginta
2461 2365 2708 2436 quinque
2748 2365 2919 2421 ferme
2951 2367 3110 2422 annis
3158 2374 3470 2435 tenuerant,
3499 2384 3629 2422 cum

2007 2456 2236 2528 captivis
2281 2456 2538 2511 omnibus
2577 2457 2910 2522 christianis,
2954 2474 3052 2528 pro
3094 2457 3343 2525 ejusdem
3384 2460 3636 2514 Damiete

2009 2550 2430 2621 recuperatione
2477 2550 2837 2639 reddiderunt
2865 2551 3198 2606 christianis.
3232 2550 3414 2606 Infans
3433 2552 3633 2623 Apulie

2011 2659 2041 2696 a
2080 2642 2305 2698 domino
2339 2659 2480 2713 papa
2512 2642 2753 2698 Honorio
2785 2643 3114 2698 sublimatur
3138 2643 3191 2697 in
3221 2644 3630 2715 imperatorem.

2016 2734 2344 2801 Ludovicus,
2378 2733 2523 2788 ﬁlius
2557 2734 2700 2806 regis
2741 2735 2986 2803 Fraucie,
3040 2745 3329 2807 postquam
3362 2736 3524 2791 rediit
3567 2738 3638 2790 de

2015 2823 2228 2896 Anglia,
2270 2824 2499 2879 collecto
2532 2840 2747 2879 rursum
2788 2825 3032 2879 exercitu
3063 2825 3311 2880 Tolosam
3366 2825 3519 2891 adiit,
3555 2825 3640 2880 ci-

2013 2915 2234 2970 vitatem
2288 2916 2727 2985 potentissimam
2785 2923 2839 2971 et
2894 2924 3024 2971 tunc
3064 2917 3329 2987 temporis
3373 2916 3640 2990 Albigen-

2013 3009 2152 3064 sium
2176 3010 2246 3044 ⁵2³
2277 3010 2579 3084 refugium;
2603 3010 2699 3065 sed
2725 3010 2893 3066 nichil
2914 3011 2988 3064 ibi
3008 3010 3327 3082 proﬁciens,
3349 3012 3495 3066 idem
3524 3012 3637 3067 Lu-

1938 3070 1986 3140 C
2010 3101 2236 3156 dovicus
2264 3102 2318 3155 in
2372 3111 2631 3172 paternos
2661 3100 2799 3156 ﬁnes
2824 3102 2995 3156 Gallie
3020 3117 3142 3156 sese
3179 3101 3409 3173 recepit.

2083 3194 2211 3249 1321
2252 3195 2341 3247 δυ.
2394 3194 2707 3264 Stephanus
2736 3195 2806 3248 de
2847 3193 3163 3248 Lanketone
3216 3193 3629 3249 Cantuariensis

2013 3282 2464 3355 archiepiscopus
2491 3283 2608 3337 sedi
2638 3283 2857 3355 prOprie
2884 3284 3212 3353 restituitur,
3242 3301 3272 3339 a
3298 3301 3472 3355 puero
3502 3301 3633 3359 rege

2016 3373 2246 3429 Henrico
2270 3375 2322 3427 in
2352 3390 2486 3444 pace
2528 3382 2835 3446 susceptus.

2086 3467 2241 3521 1221.
2276 3466 2421 3522 Obiit
2453 3466 2724 3522 Robertus
2757 3467 2995 3523 Polanus
3033 3467 3492 3540 Rothomagensis
3543 3485 3639 3523 ar-

2012 3558 2416 3630 chiepiscopus.
2455 3557 2547 3613 Cui
2589 3559 2856 3614 successit
2913 3559 3265 3614 Theobaldus
3298 3560 3367 3614 de
3406 3560 3637 3615 Ambia-

2014 3656 2121 3724 nis,
2158 3657 2537 3712 thcsaurarius
2568 3657 2803 3713 ecclesic
2846 3657 3311 3732 Hothomagensis
3354 3657 3468 3730 [qui
3508 3659 3640 3730 qui-

2013 3748 2137 3802 dem
2169 3749 2438 3804 Robertus
2465 3756 2704 3803 nostram
2724 3748 3003 3804 dedicavit
3028 3749 3341 3817 ecclesiam,
3366 3757 3420 3804 et
3446 3750 3641 3820 sepul-

2012 3847 2099 3893 tus
2128 3847 2213 3892 est
2245 3838 2299 3892 in
2333 3839 2500 3893 choro
2524 3846 2714 3893 nostro
2743 3837 2832 3911 m]

2084 3929 2218 3981 1222
2271 3928 2341 3962 ⁵³⁸
2395 3927 2603 3997 Corpus
2643 3927 2815 3981 sancti
2876 3927 3083 3982 Thome
3118 3926 3528 3983 Cantuariensis
3560 3928 3630 3983 de

2009 4024 2153 4072 terra
2184 4017 2408 4071 levatur.
2448 4016 2681 4070 Sanctus
2708 4015 3015 4070 Willelmus
3041 4015 3401 4071 Bituricensis
3440 4017 3625 4071 areni-

2008 4111 2321 4182 episcolms,
2381 4110 2757 4165 Cistercicnsis
2814 4109 3027 4165 ordinis
3074 4110 3400 4178 monachus,
3454 4110 3627 4166 Rome

2007 4204 2380 4270 canouizatur,
2421 4219 2565 4258 anno
2595 4203 2685 4257 50.
2721 4218 2750 4255 a
2781 4202 3038 4273 martyrio
3069 4218 3189 4258 suo.

2081 4295 2229 4351 1223.
2276 4295 2560 4366 Philippus
2591 4311 2683 4348 rex
2717 4294 3045 4347 Francorum
3078 4293 3498 4363 invictissimus,
3532 4297 3627 4366 qui

2006 4387 2110 4441 sibi
2169 4403 2277 4442 non
2326 4404 2544 4458 parvam
2604 4391 2809 4456 partem
2841 4384 3152 4456 Aquitanie,
3210 4385 3626 4452 Normanniam,

2016 4477 2343 4543 Flandriam,
2376 4492 2500 4531 cum
2552 4481 2703 4546 parte
2738 4473 2974 4528 Pictavie
3028 4474 3262 4529 maxima
3292 4474 3627 4547 subiugavit,

2013 4570 2065 4624 2.
2102 4570 2231 4624 Idus
2262 4568 2387 4624 Julii
2419 4568 2488 4623 de
2535 4566 2719 4621 medio
2760 4565 2935 4620 factus
2961 4565 3029 4619 ab
3064 4566 3165 4621 hac
3194 4566 3305 4621 vita
3352 4566 3627 4641 migravit.

2017 4664 2113 4718 Hic
2136 4663 2346 4718 nullum
2377 4677 2615 4732 unquam
2642 4658 2974 4730 proditorem
3007 4658 3345 4726 amavit,sed
3361 4665 3632 4731 quotquot

2015 4756 2084 4811 ad
2123 4771 2182 4810 se
2213 4754 2532 4821 veniebant,
2564 4750 2785 4807 castella
2834 4756 2887 4804 et
2916 4748 3075 4804 villas
3103 4749 3173 4805 ab
3197 4751 3277 4806 eis
3302 4750 3629 4821 accipiebat.

2016 4855 2071 4900 et
2101 4861 2196 4901 eos
2224 4844 2291 4899 de
2322 4858 2492 4918 regno
2513 4856 2613 4897 suo
2639 4840 2758 4895 sine
2779 4855 2878 4910 spe
2905 4839 3220 4895 revertendi
3249 4839 3473 4911 penitus
3492 4838 3635 4895 eﬁ‘u-

2014 4940 2191 5016 gabat.
2240 4939 2392 5009 Apud
2447 4938 2759 4992 Medontam
2809 4932 3123 4998 defunctus,
3168 4934 3315 5006 apud
3366 4934 3629 4989 Sanctum

2014 5032 2352 5103 Dyonisium,
2382 5028 2767 5085 assistentibus
2813 5028 2883 5083 22
2913 5027 3190 5098 episcopis
3217 5034 3272 5081 et
3316 5026 3350 5080 2
3381 5025 3635 5081 cardina—

2014 5124 2158 5179 libus
2187 5132 2241 5178 et
2270 5137 2399 5195 rege
2429 5119 2897 5195 Jerosolimitano,
2937 5117 3222 5190 sepulture
3266 5116 3499 5171 traditus
3528 5124 3632 5171 est.

2014 5220 2107 5275 Cui
2134 5218 2401 5273 successit
2429 5216 2737 5271 Ludovicus
2775 5216 2922 5271 ﬁlius
2962 5214 3082 5283 ejus
3125 5213 3182 5267 in
3214 5227 3465 5285 regnum.
3496 5213 3635 5266 Ante

2013 5308 2221 5364 obitum
2252 5305 2398 5379 regis
2423 5304 2661 5375 Philippi
2679 5319 2824 5359 anno
2855 5303 3189 5375 precedente
3218 5301 3332 5356 visa
3363 5308 3447 5354 est
3478 5298 3638 5353 stella

1654 5408 1872 5463 VAHl/E
1904 5406 2279 5465 LECTIONES.

375 5528 445 5563 ⁸³³
478 5526 718 5597 quaedam
741 5524 930 5577 deleta.
1027 5518 1096 5553 5'3
1125 5513 1473 5589 abigensium
1502 5528 1548 5567 ο.

1640 5510 1709 5543 ⁵³⁸
1738 5525 1919 5564 annus
1939 5512 2177 5564 incertus

2267 5506 2335 5539 ⁵³³
2369 5505 2490 5559 add.
2530 5520 2730 5559 manus
2755 5522 2779 5559 δ
2832 5509 2932 5560 XV.

1858 5607 2044 5663 ΝΟΤίῈ

378 5696 521 5769 (534)
556 5696 595 5748 ι.
630 5710 677 5749 e.
711 5707 897 5747 comes
924 5690 1148 5760 pilutus,
1177 5682 1434 5756 Raugraf.
