3916 6064
314 300 412 356 401

311 507 478 573 diuis,
513 507 717 561 ardens
741 506 891 561 velut
919 506 1118 571 facula,
1152 507 1338 562 radios
1368 523 1581 561 sursum
1615 506 1854 578 erigens,
1877 513 1931 559 et

313 598 368 651 in
400 604 621 652 acutum
645 596 796 650 velut
822 596 877 649 in
910 611 1109 651 conum
1142 596 1429 668 colligens,
1475 586 1827 649 terre/vicina
1858 594 1934 647 vi-

313 686 573 752 debatur,
605 692 658 740 et
690 685 915 757 aliquod
943 686 1256 761 prodigium
1280 686 1609 756 portendere
1632 685 1931 740 ferebatur.

316 779 465 833 lianc
498 778 758 834 dicebant
784 795 907 833 esse
949 787 1240 835 cometem.
1273 779 1598 842 Ludovicus,
1630 778 1776 853 regis
1803 777 1932 830 Phi-

312 869 411 939 lipi
441 869 608 936 ﬁlius,
639 868 671 923 8
705 870 831 923 ldus
857 870 1084 942 Augusti
1131 875 1329 924 unctus
1359 877 1412 924 et
1437 877 1735 924 coronatus
1762 876 1845 923 est
1874 866 1928 920 in

308 983 496 1039 regem
528 968 675 1038 apud
707 967 891 1023 Remis
920 968 1217 1024 civitatem.

386 1056 523 1111 12:23
552 1057 641 1110 ⁵³⁸.
672 1058 704 1110 3
735 1057 871 1112 ΝΟΠ.
930 1058 1059 1113 Julii
1113 1058 1251 1113 obiit
1310 1059 1500 1114 Vitalis
1530 1059 1702 1113 abbas
1735 1059 1926 1113 Μονιυὶ

310 1148 502 1202 maris.

309 1236 481 1307 prior.

382 1332 523 1387 1226
543 1333 631 1386 5".
661 1335 693 1386 7
730 1333 857 1387 ldus
920 1334 1245 1389 Novembris
1293 1335 1431 1390 obiit
1486 1335 1794 1391 Ludovicus
1838 1353 1928 1390 rex

310 1423 667 1480 Francorum.
711 1425 806 1480 Cui
839 1427 1104 1482 successit
1172 1427 1479 1483 Ludovicus
1535 1428 1679 1481 filius
1728 1426 1866 1493 ejus.
1897 1426 1929 1478 3

309 1515 429 1573 Kal.
462 1516 706 1572 Octobris
738 1519 877 1573 obiit
944 1518 1253 1573 Osmundus
1303 1519 1473 1573 abbas
1495 1519 1688 1573 lilortui
1736 1518 1923 1571 maris.

310 1603 407 1658 Cui
440 1606 712 1660 successit
736 1607 975 1661 domnus
1006 1608 1267 1662 Ricardus
1290 1606 1653 1662 Costentinus.

384 1696 542 1750 1227.
569 1697 712 1751 Obiit
762 1698 1033 1753 llonorius
1073 1714 1253 1770 papa;
1292 1699 1379 1753 cui
1422 1698 1689 1754 successit
1716 1699 1924 1774 Grego-

304 1801 440 1843 I’IUS.

581 1149 676 1203 Cui
718 1150 983 1205 successit
1030 1151 1358 1215 Osmundus,
1417 1152 1663 1220 ejusdem
1735 1152 1929 1206 domus

1266 297 1615 354 CHRONICA.
1666 328 1722 336 —
1769 294 2147 350 AUCTARIUM
2193 297 2714 353 URSICAMPINUM.

311 420 456 475 circa
487 433 745 473 occasum
778 416 913 472 solis
972 418 1355 485 Decembrilis,
1386 419 1622 490 plurime
1654 416 1931 489 magnitu-
1962 422 2012 487 Α

1954 1769 2004 1836 Β

3550 311 3654 365 402

2114 417 2265 472 1229.
2291 418 2319 472 7
2350 418 2466 473 Kal.
2500 418 2748 474 Octobris
2777 419 2917 476 obiit
2958 423 3050 493 pie
3085 426 3351 482 memorie
3381 427 3655 485 Theobal-

2040 507 2143 562 dus
2170 509 2238 563 de
2270 508 2577 576 Ambianis,
2597 511 3048 584 archiepiscopus
3079 515 3555 591 Rotbomagensis.

2114 648 2266 705 1231.
2316 651 2409 706 Cui
2467 654 2735 709 successit
2787 656 3123 711 venerabilis
3170 659 3486 731 Mauricius,
3528 672 3652 735 post

2040 739 2218 810 ipsum
2249 741 2712 817 Rothomagensis
2738 744 3212 818 archiepiscOpus.

2109 882 2263 936 1234.
2298 883 2479 939 Pridie
2512 885 2639 939 ldus
2686 886 2933 941 Januarii
2970 888 3108 945 obiit
3154 892 3300 962 apud
3344 893 3641 952 Salicosam

2035 974 2123 1044 pie
2152 976 2415 1031 memorie
2446 977 2738 1033 Mauricius
2790 964 3254 1055 Rothomagensis
3273 987 3645 1060 archiepisco-

2035 1079 2158 1132 pus,
2191 1064 2259 1116 de
2290 1065 2420 1119 sede
2455 1066 3141 1127 Cenomanensiadomino
3182 1090 3325 1144 papa
3352 1075 3650 1135 Rothoma-

2034 1153 2189 1227 gensi
2221 1154 2452 1208 ecclesie
2484 1165 2822 1229 prorogatus.
2855 1159 2952 1225 Qui
2972 1159 3319 1220 fervenszelo
3349 1166 3649 1240 vivensque

2031 1245 2170 1310 celo,
2198 1246 2401 1300 nullam
2435 1246 2489 1300 in
2540 1249 2698 1303 terris
2745 1251 3049 1322 accipiebat
3078 1272 3389 1326 personam,
3422 1275 3531 1315 non
3561 1278 3650 1317 re-

2032 1350 2177 1406 gem,
2209 1349 2318 1388 non
2360 1335 2690 1405 principem,
2747 1354 2855 1393 non
2888 1348 3200 1411 tyrannum,
3252 1361 3362 1401 non
3397 1347 3644 1404 divitem.

2031 1429 2357 1484 Sacerdotes
2382 1429 2705 1487 fornicarios
2730 1435 3089 1491 vehementer
3106 1442 3486 1509 execrabatur,
3511 1445 3650 1513 deji-

2031 1520 2211 1574 ciebat
2238 1537 2333 1575 eos
2364 1521 2431 1575 de
2464 1522 2734 1587 ccclesiis,
2765 1533 2819 1580 et
2844 1527 2912 1580 ad
2943 1528 3130 1582 sedem
3159 1535 3518 1601 apostolicam
3550 1551 3649 1592 eos

2027 1611 2395 1666 absolvendos
2421 1612 2687 1668 mittebat.
2734 1614 2993 1671 Doctores
3021 1618 3253 1675 honeste
3283 1622 3393 1676 vite
3416 1631 3470 1677 et
3502 1625 3648 1679 bone

2027 1702 2171 1758 fame
2198 1703 2564 1758 venerabatur
2593 1713 2647 1761 et
2676 1707 2890 1779 magnis
2913 1708 3204 1766 beneficiis
3224 1711 3536 1773 ditabatm.

1639 1915 1855 1970 VARl/E
1900 1915 2282 1971 LECTIONES.

381 2048 453 2081 ⁵³6
482 2064 735 2132 numerus
761 2049 1148 2132 anni-erasus)
1178 2050 1409 2132 fortasse
1437 2051 1546 2117 fuit
1574 2049 1828 2132 122L537
1886 2066 2142 2105 numerus
2173 2066 2377 2105 erasus.
2412 2050 2479 2085 5”
2545 2052 2800 2119 Quendam
2857 2055 2913 2107 in
2968 2058 3071 2124 ﬁne
3103 2062 3346 2127 paginae,
3379 2078 3498 2132 qua!
3519 2064 3638 2131 for-

308 2124 455 2173 tasse
480 2138 530 2173 a.
558 2121 698 2174 2l35
715 2121 1004 2175 historiam
1036 2122 1408 2187 illustrabant,
1443 2138 1600 2176 erasa
1623 2124 1767 2176 sunt.

3162 2289 3631 2301 ~_____.—..___.-...

968 2419 1770 2516 AUCTARIUM
1891 2418 2968 2519 URSlCAMPINUM.

380 2615 537 2666 Intra
575 2629 625 2686 ur.
662 2613 971 2668 1155—12th
998 2617 1290 2670 monachus
1326 2618 1639 2685 Ursicampt
1677 2616 2217 2686 {Orcamp,'dicecesis
2274 2616 2666 2679 Noviomcnsis)
2736 2616 3070 2683 Sigchertum
3123 2617 3410 2686 descripsit
3458 2635 3525 2673 ca:
3558 2621 3621 2674 Dl

304 2701 431 2737 cum
452 2685 698 2738 omnibus
725 2687 843 2754 ejus
870 2692 1033 2755 atque
1060 2689 1444 2741 Bellorucensis
1472 2690 1876 2749 adititmnentis,
1897 2685 2107 2756 quibus
2132 2690 2247 2755 ipse
2276 2687 2494 2740 addidit
2508 2701 2726 2752 magnos
2751 2692 2991 2740 centones
3020 2703 3083 2740 er
3112 2685 3362 2753 Gulfrido
3392 2692 3639 2745 Monmu-

307 2757 542 2808 tensiud
572 2757 789 2810 verbum
812 2758 1126 2825 descriptos,
1165 2764 1211 2812 et
1243 2760 1354 2812 alia
1377 2760 1643 2827 quantam,
1678 2775 1736 2811 CI!
1761 2775 1875 2826 qum
1905 2761 1990 2812 hic
2028 2759 2240 2811 (lamus.
2294 2760 2437 2811 Hem
2467 2759 2919 2811 continuationem
2947 2775 3137 2812 novum
3170 2762 3248 2811 itu
3275 2764 3545 2829 conﬂavit,
3578 2768 3639 2817 ut

306 2829 870 2900 Pnenumstrutensem
910 2845 976 2882 ea:
1006 2830 1067 2881 Bl
1104 2831 1427 2895 describens,
1460 2846 1627 2900 usque
1649 2831 1721 2882 ad
1749 2846 1782 2881 (ι
1850 2830 2007 2893 1128,
2032 2846 2095 2883 ex
2134 2830 2386 2883 Ansclmo
2412 2829 2711 2897 plurim-um
2735 2830 3103 2897 interpolarct,
3117 2836 3240 2899 post
3265 2848 3459 2899 purum
3480 2837 3635 2887 ear/zi-

308 2899 449 2951 bcret
480 2900 543 2971 de
571 2914 663 2951 suo
697 2902 934 2953 inserens
958 2918 1055 2969 per
1081 2906 1245 2955 totum
1276 2918 1335 2955 ea
1355 2899 1563 2955 tantum
1594 2917 1713 2971 qua:
1743 2902 1827 2954 hic
1850 2902 2181 2955 echibcmm.
2232 2901 2323 2953 [lsi
2367 2904 2493 2954 sunt
2533 2901 2783 2954 Nicotaus
2816 2901 3221 2967 Ambiunensis,
3248 2904 3507 2958 Itobertus
3539 2906 3637 2959 Ai-

307 2970 855 3024 tissiodorcnsisetca:
884 2988 939 3025 eo
984 2974 1258 3026 Ger-(trdus
1287 2974 1350 3026 de
1397 2974 1647 3027 Fracheto
1675 2979 1720 3026 et
1753 2974 2065 3027 Guitlclmus
2121 2973 2184 3024 (le
2224 2974 2423 3038 Nangis
2459 2988 2472 3034 ;

2523 2972 2831 3025 Vincentius
2872 2972 3253 3027 Bellovaccnsis
3295 2991 3309 3037 ;
3342 2975 3631 3030 ediderunt

310 3042 633 3115 Guilielmus
650 3044 877 3103 Parvus,
907 3047 954 3096 et
984 3059 1051 3096 em
1078 3045 1172 3097 hoc
1203 3044 1521 3107 Scharilius,
1556 3047 1841 3107 Pistorius,
1887 3048 2097 3107 .‘Ttrure,
2122 3046 2375 3112 Bouquel.
2423 3049 2539 3101 Nos.
2569 3042 2745 3115 codice
2774 3044 2889 3115 ipso
2923 3042 3295 3113 Ursicumpino
3326 3046 3625 3115 deperdita,

307 3128 377 3165 ea:
408 3113 525 3180 ejus
554 3116 866 3181 apogrupho
906 3115 1049 3168 Di”
1089 3116 1281 3169 damus
1308 3132 1369 3168 cu
1395 3121 1601 3169 tantum
1641 3132 1757 3184 qum
1776 3117 2179 3183 Ursicampinus
2206 3116 2451 3182 fontibus
2480 3116 2592 3168 suis
2620 3114 2688 3166 D-l
2724 3118 2774 3167 et
2805 3114 2864 3165 BI
2901 3115 3102 3183 adjecit
3144 3132 3157 3178 ;
3182 3113 3635 3173 continuationem

305 3186 455 3237 enim
476 3185 727 3240 recudere
758 3189 1047 3252 integrum,
1072 3188 1264 3240 inutile
1282 3193 1417 3253 erat,
1441 3204 1558 3241 cum
1579 3203 1709 3256 quia
1740 3188 2027 3255 compitum
2052 3191 2262 3240 tantum
2288 3191 2381 3248 est,
2404 3191 2517 3239 tum
2550 3188 2682 3254 quia
2698 3188 2870 3239 sexies
2888 3185 3008 3253 jam
3040 3188 3236 3253 legitur
3248 3190 3529 3257 impressa.

375 3338 621 3411 (Cum)
656 3342 817 3407 Praef.
874 3340 1062 3396 Narrat
1098 3342 1323 3413 antiqua
1384 3342 1662 3396 Britonum
1699 3372 1763 3380 —
1788 3341 1923 3415 jugo
1955 3344 2004 3412 C
2094 3341 2219 3395 417.
2246 3341 2425 3410 (Gai-2c.
2450 3340 2580 3393 Tua.
2616 3344 2685 3393 De
2712 3342 2783 3407 gl.
2818 3340 3008 3411 mart.)
3059 3340 3287 3397 Nomina
3316 3353 3497 3399 autem
3539 3361 3639 3401 eo-

299 3438 620 3484 tenuerunt.

372 3521 496 3576 382.
522 3520 827 3589 Civitatem,
880 3538 1045 3593 quam
1098 3523 1406 3578 Antoninus
1458 3522 1584 3576 Pius
1636 3539 1757 3576 eum
1806 3521 1919 3576 ﬁlio

298 3610 520 3664 Aurelio
551 3610 823 3676 condidit,
852 3610 1481 3667 etSommonobriamab
1503 3611 1792 3679 adjacente
1816 3612 1918 3664 tlu-

299 3699 450 3752 mine
481 3699 796 3769 appellavit,
856 3700 1142 3754 Gratianus
1176 3701 1475 3770 imperator
1514 3716 1613 3755 suo
1667 3699 1913 3755 dominio

302 3790 692 3860 mancipatam,
725 3798 930 3846 mutato
988 3793 1234 3860 nomine,
1288 3792 1570 3847 Ambianis
1611 3793 1678 3847 ad
1703 3792 1912 3846 ambitu

303 3881 596 3934 ﬂuminum
623 3881 970 3937 fecitvocari.
1006 3883 1080 3937 Eo
1112 3890 1358 3953 tempore
1393 3882 1756 3953 prefecturam
1790 3881 1917 3936 Gal-

302 3969 465 4023 licam
510 3970 850 4026 ministrabat
879 3971 963 4025 vir
1002 3972 1232 4027 illustris
1256 3972 1662 4038 Faustinianus,
1698 3972 1791 4044 qui
1824 3989 1923 4047 ge-

304 4061 428 4115 nuit
457 4059 652 4130 ﬁlium,
710 4078 872 4133 quem
920 4062 991 4117 ob
1037 4079 1279 4118 amorem
1330 4075 1383 4118 et
1414 4064 1737 4119 memoriam
1770 4063 1917 4118 beati

302 4149 531 4203 Firmini
564 4152 819 4222 martyris
865 4151 1164 4206 Firminum
1195 4153 1427 4216 vocavit,
1465 4152 1918 4208 Ambiaueusium

301 4249 553 4308 tempore
584 4240 873 4310 posteriori
902 4241 1251 4311 episcopum.

372 4328 477 4384 383
520 4329 643 4400 (1b.)
664 4329 925 4383 Maximus
960 4330 1060 4384 iste
1087 4361 1153 4369 —
1183 4345 1457 4384 exercere.

371 4418 495 4471 386.
531 4418 651 4487 (1b.)
678 4418 888 4471 Partem
921 4418 1103 4472 Galliae
1135 4449 1198 4458 -—
1223 4420 1549 4489 appellatur.

371 4508 495 4563 389.
539 4509 660 4579 (1b.)
695 4509 969 4563 Pictorum
1005 4541 1068 4548 —
1100 4510 1440 4579 hyberniam.

377 4600 499 4654 390.
532 4602 658 4668 (1b.)
685 4600 800 4654 Alia
827 4600 1057 4655 historia
1082 4632 1144 4640 —
1174 4602 1546 4657 interlicerent
1571 4604 1741 4657 illum.

373 4693 496 4746 M3.
521 4694 646 4763 (1b.)
674 4695 811 4750 lnito
835 4702 1016 4749 autem
1052 4726 1116 4735 —
1153 4695 1661 4765 Utherpendragou.

380 4787 439 4840 Ai
460 4788 501 4840 1.
541 4789 663 4855 (1b.)
694 4787 1001 4844 Notandum
1037 4820 1099 4827 —
1134 4788 1467 4845 nitebantur.

371 4878 495 4934 423.
532 4882 696 4949 (Bsm
747 4885 817 4936 Il.
859 4884 951 4948 E.)
983 4880 1210 4937 zEstimo
1271 4912 1328 4921 —
1362 4883 1430 4936 ab
1486 4882 1725 4939 Honorio
1784 4885 1918 4940 inis-

299 4983 423 5020 sum
437 5010 449 5023 .

372 5063 494 5117 424.
533 5063 737 5131 (Caua)
769 5063 1129 5121 Constantino
1162 5096 1222 5105 —
1243 5074 1521 5122 evacuata.

373 5154 501 5210 431.
532 5157 657 5225 (1b.)
688 5156 1057 5227 Percmpto—
1079 5158 1265 5229 adepti
1294 5166 1438 5215 sunt.

371 5246 497 5301 «134.
523 5248 640 5314 (Ιὸ.)
676 5249 734 5301 In
766 5247 1043 5303 Britannia
1068 5281 1132 5289 —
1158 5250 1430 5324 corrigiae.

373 5338 493 5392 436.
546 5339 670 5410 (Ib)
706 5339 814 5394 Rex
852 5340 1131 5396 Britonum
1182 5374 1239 5383 —
1285 5343 1535 5413 patriam.

371 5427 495 5483 437.
540 5429 661 5497 (1b.)
694 5428 860 5483 Filius
889 5430 1292 5505 Wortegirui—
1326 5430 1725 5503 \Vortcgirnus.

372 5520 499 5575 439.
527 5522 654 5589 (11).)
688 5521 798 5575 Rex
834 5522 1213 5597 \Vortegirnus
1234 5554 1302 5563 —
1328 5523 1711 5581 obtinuerunt.
1739 5556 1747 5563 -

374 5608 498 5662 445.
531 5608 654 5681 (Ιὸ.)
689 5610 799 5665 Rex
832 5611 1211 5682 Wortegirnus
1244 5645 1301 5653 —-
1332 5613 1668 5678 huiusmodi.

376 5700 518 5763 (H6.
551 5702 671 5771 (ιθ.)
698 5701 808 5757 lloc
830 5702 951 5756 loco
977 5713 1187 5772 ponunt
1218 5736 1280 5745 —
1314 5704 1600 5760 restitutus
1622 5707 1693 5762 sit

2026 3449 2144 3486 rum
2163 3436 2378 3501 (septem
2404 3432 2805 3498 donnientmm)
2836 3431 2938 3485 hec
2968 3438 3115 3497 sunt,
3145 3449 3252 3503 que
3285 3433 3338 3487 in
3366 3434 3639 3504 baptismo

2022 3527 2407 3591 acceperunt:
2477 3519 2753 3586 Malchus,
2815 3520 3196 3588 Maximianus,
3252 3522 3633 3592 Martinianus,

2022 3614 2295 3669 Dionisms
2328 3656 2342 3680 ,
2412 3613 2695 3667 Johannes
2729 3654 2742 3676 ,
2829 3613 3095 3684 Serapion
3132 3656 3145 3682 ,
3225 3616 3632 3674 Constantinus.

2019 3700 2262 3771 (Cura)
2293 3700 2609 3755 Ambrosius
2639 3732 2697 3741 —-
2737 3702 3026 3757 construit.

2090 3793 2214 3847 457.
2251 3794 2371 3864 (11).)
2414 3793 2675 3848 Maximus
2724 3794 2974 3849 tirannus
3022 3811 3051 3849 a
3110 3797 3315 3867 populo
3359 3798 3635 3854 membra-

2024 3881 2116 3935 tim
2145 3882 2493 3953 discerpitur.

2094 3971 2216 4025 457.
2243 3971 2365 4041 (Ιὺ.)
2398 3972 2573 4041 Super
2597 3970 2833 4025 Insulam
2863 3972 3171 4029 -—nomine
3201 3973 3431 4030 Annam.

2095 4062 2219 4116 466.
2241 4062 2358 4131 (Ιὺ.)
2385 4061 2876 4133 Utherpendragon
2902 4093 2969 4101 —
2999 4062 3207 4119 vivere.

2093 4155 2214 4208 4711.
2249 4155 2367 4222 (1b.)
2402 4154 2530 4207 Nam
2564 4154 2606 4207 si
2633 4154 2796 4208 tidem
2828 4156 3219 4226 —-prostratis.

2093 4244 2214 4299 472.
2259 4245 2380 4312 (Μ.)
2406 4244 2512 4299 Rex
2546 4246 2770 4300 Arturus
2801 4277 2866 4286 —
2899 4247 3156 4301 restituit.

2094 4335 2278 4400 (Gasc.
2338 4333 2469 4388 Ton.
2513 4338 2640 4389 mir.
2682 4340 2733 4388 S.
2792 4336 2971 4405 Mart.)
3016 4336 3105 4389 llis
3164 4336 3359 4391 diebus
3410 4347 3633 4392 sanctus

2024 4425 2325 4496 Perpetuus
2351 4458 2418 4466 —
2450 4444 2552 4482 nec
2572 4434 2761 4497 postea
2788 4428 3117 4497 comparuit.

2092 4519 2215 4573 473.
2250 4519 2502 4589 (Gaure)
2534 4523 2762 4574 Arturus
2791 4550 2854 4559 —
2886 4518 3156 4573 fecerunt.

2088 4612 2209 4665 $82.
2247 4611 2370 4681 (11).)
2400 4613 2624 4665 Arturus
2653 4641 2719 4650 —
2747 4610 2996 4664 rediisse.

2088 4699 2211 4756 488.
2245 4699 2353 4755 lloc
2385 4706 2629 4769 tempore
2679 4699 2818 4753 facta
2871 4706 2951 4754 est
2983 4699 3227 4756 inventio
3259 4711 3461 4773 crypta:
3491 4721 3626 4759 san-

2018 4788 2088 4843 cti
2119 4788 2397 4843 Michaelis
2422 4786 2734 4858 archangeli
2757 4786 2811 4839 in
2851 4797 3037 4842 monte
3105 4789 3374 4862 Gargano,
3400 4792 3545 4847 unde
3575 4801 3629 4849 ct

2018 4878 2138 4944 ejus
2161 4875 2426 4931 memoria
2456 4874 2689 4949 singulis
2716 4875 2878 4929 annis
2904 4876 3111 4931 celebri
3132 4878 3425 4936 festivitate
3452 4882 3507 4935 in
3535 4898 3626 4937 ec-

2019 4969 2202 5025 clesiis
2233 4967 2327 5021 Dei
2353 4966 2632 5022 recolitur.

2091 5057 2210 5111 491.
2245 5056 2482 5125 ίϐλωειι.)
2515 5055 2624 5109 lloc
2646 5055 2767 5111 loco
2800 5057 3027 5129 quidam
3055 5058 3353 5113 —dicitur.

2091 5154 2211 5209 5H.
2245 5152 2635 5207 Clodoveus—
2679 5154 2930 5223 moritur)
2986 5163 3041 5209 et
3088 5154 3356 5224 sepelitur
3389 5153 3629 5209 Parisius

2022 5246 2074 5298 in
2090 5244 2310 5299 basilica
2328 5244 2500 5298 sancti
2536 5244 2673 5298 Petri
2705 5246 2960 5316 apostoli,
2996 5261 3157 5316 quam
3206 5244 3323 5313 ipse
3348 5251 3404 5299 et
3443 5245 3636 5318 regina

2021 5340 2269 5396 Clotildis
2302 5338 2709 5396 mdificaverant

2092 5431 2215 5486 53ῗί.
2253 5431 2417 5483 l‘orro
2439 5438 2660 5484 sanctus
2691 5429 2980 5486 Medardus
3009 5429 3193 5482 sedem
3231 5428 3627 5500 episcopalem.

2020 5540 2127 5595 que
2170 5523 2319 5592 prius
2346 5530 2463 5577 erat
2495 5522 2856 5589 Vermandus,
2881 5528 3104 5593 prOpter
3129 5520 3376 5591 ejusdem
3405 5522 3638 5577 subver-

2019 5614 2230 5668 sionem
2263 5613 2535 5668 transtulit
2565 5612 2910 5668 Noviomum.
2947 5612 3068 5681 lpse
3099 5609 3262 5664 etiam
3291 5618 3415 5682 post
3438 5610 3635 5665 deces-

2021 5723 2138 5759 sum
2174 5707 2344 5761 saucti
2406 5705 2704 5760 Eleutherii
2759 5704 3119 5759 Tornacensis
3148 5702 3395 5775 cpiscOpi
3438 5714 3634 5771 regen-
