3916 6064
314 331 420 388 403

1522 332 1867 388 SIGEDERTI
1911 333 2426 389 GEMBLACENSIS.

3535 333 3640 393 404

304 456 428 510 dam
468 454 1135 525 suscepitTornacensem
1189 457 1500 521 ecclesiam,
1532 465 1587 512 et
1621 467 1741 529 post
1781 474 1907 514 eum
1935 462 1986 531 Α
2016 458 2191 514 altero
2216 474 2437 530 corpus,
2494 462 2692 536 angelo
2751 458 3026 514 revelantc
3069 458 3351 513 inventum
3404 458 3583 515 fuerat
3607 475 3643 513 a

304 558 648 599 successores
674 542 794 610 ejus
813 543 973 598 annis
997 545 1202 613 multis,
1233 562 1407 617 usque
1434 546 1499 600 ad
1551 556 1767 618 tempus
1807 549 1913 603 Eu-
2012 551 2314 611 venerabili
2361 559 2609 606 matrona
2666 552 2934 618 Romana,
2985 551 3209 605 nomine
3245 550 3500 618 Eusebia,
3530 567 3643 622 que

304 635 453 708 genii
487 651 642 706 papae
674 635 840 704 tertii,
874 643 927 690 et
957 637 1178 692 demum
1239 638 1478 693 Simonis
1509 638 1783 709 episcopi,
1817 640 1911 711 qui

304 727 445 783 obiit
482 743 629 784 anno
669 729 885 784 Domini
915 730 1073 786 1148.

376 820 498 875 542.
554 823 708 887 (Hist.
778 822 949 891 νηίδα.)
1024 821 1491 892 Constantinopoli
1583 822 1914 878 mortalitate

306 929 507 989 magna
535 913 877 986 insurgente,
908 920 1111 969 statuta
1160 922 1242 970 est
1282 915 1626 970 sollemnitas
1651 915 1912 987 puriﬁca-

304 1005 478 1061 tionis
496 1006 671 1061 beata!
692 1007 739 1060 Μ
752 1008 899 1068 ariae,
917 1022 1023 1078 que
1037 1007 1205 1061 Grece
1222 1016 1464 1073 γπαντη,
1483 1009 1537 1063 id
1557 1016 1642 1063 est
1657 1008 1916 1075 obviatio,

304 1095 526 1162 dicitur,
566 1112 635 1152 eo
668 1096 814 1168 quod
857 1097 946 1151 die
973 1097 1065 1152 illo
1088 1098 1320 1169 Symeon
1345 1098 1852 1153 obviaveritoblato
1873 1098 1927 1151 in

310 1187 574 1258 templum
630 1187 884 1253 Domino,
935 1195 990 1243 et
1047 1188 1118 1243 ita
1179 1190 1481 1244 mortalitas
1534 1190 1626 1244 illa
1674 1190 1927 1245 cessavit.

311 1278 558 1347 (CALFR.)
607 1279 789 1350 Usque
839 1279 906 1333 ad
958 1280 1063 1335 hoc
1091 1286 1309 1351 tempus
1358 1311 1427 1320 —
1459 1280 1706 1336 historiis
1733 1279 1932 1336 confe-

308 1377 516 1424 rantur.

380 1461 504 1517 549.
540 1461 658 1531 (1b.)
693 1462 798 1517 Sed
839 1462 909 1517 de
940 1464 1047 1517 hoc
1077 1478 1206 1537 rege
1237 1495 1298 1504 —
1335 1464 1721 1534 Wortiporius.

381 1548 504 1605 556.
538 1549 681 1605 Obiit
716 1559 941 1606 sanctus
987 1552 1278 1607 Medardus
1311 1552 1694 1608 Noviomcnsis
1722 1561 1775 1607 et
1795 1552 1930 1608 Tor-

311 1639 587 1703 nacensis,
618 1638 673 1693 in
704 1640 863 1709 cujus
894 1641 1126 1695 transitu
1187 1642 1388 1697 coelum
1453 1649 1705 1712 apertum
1740 1650 1841 1708 est,
1877 1650 1930 1696 et

2015 659 2114 715 pro
2145 656 2376 696 munere
2426 641 2679 711 ejusdem
2722 639 2895 695 officii
2941 640 3128 694 lumen
3180 640 3489 708 oculorum,
3533 655 3645 711 quo

2014 742 2173 791 antea
2205 732 2415 805 privata
2448 733 2648 800 fuerat,
2683 748 2781 804 per
2824 731 3063 787 eundem
3092 739 3386 803 martyrem
3413 732 3644 803 recepit.

2019 832 2079 885 Et
2110 831 2211 885 hec
2252 826 2510 883 inventio
2533 843 2681 883 anno
2712 844 2743 882 a
2797 827 3056 898 passione
3087 826 3261 897 ipsius
3302 827 3556 899 martyris
3580 826 3653 880 35

2019 918 2222 984 evenit,
2261 918 2355 989 qui
2388 933 2581 988 passus
2602 924 2687 971 est
2724 916 3046 987 martyrium
3099 931 3244 970 anno
3272 916 3488 971 Domini
3516 916 3650 972 332-

2029 1011 2133 1065 Sed
2168 1021 2457 1082 postquam
2489 1009 2707 1080 prefata
2736 1010 2938 1065 mulier
2975 1009 3234 1083 religiosa
3263 1009 3436 1063 sancti
3457 1015 3655 1080 marty-

2032 1102 2109 1156 ris
2140 1118 2343 1173 corpus
2371 1102 2603 1166 invenit,
2630 1109 2791 1173 atque
2818 1101 2872 1156 in
2896 1101 3168 1172 superiori
3189 1101 3310 1156 loco
3342 1102 3652 1172 preminen-

2038 1199 2108 1253 tis
2150 1198 2365 1269 Oppidi,
2400 1198 2547 1269 quod
2597 1196 2903 1268 antiquitus
2934 1198 3171 1269 Augusta
3200 1196 3660 1252 Viromandorum

2035 1287 2355 1353 vocabatur,
2409 1286 2749 1353 collocavit;
2797 1285 3116 1340 labentibus
3164 1286 3352 1341 multis
3385 1302 3657 1341 annorum

2038 1374 2347 1438 curriculis,
2406 1373 2761 1445 sepulchrum
2809 1373 3060 1442 ejusdem
3129 1375 3381 1444 martyris
3428 1374 3656 1429 ubinam

2034 1464 2358 1529 haberetur,
2405 1462 2617 1517 cunctis
2672 1469 2788 1517 erat
2833 1462 3126 1516 incertum.
3181 1461 3429 1532 Denique
3463 1467 3655 1516 sancto

2034 1553 2204 1625 Eligio
2228 1551 2574 1607 Noviomensi
2608 1551 2843 1606 ecclesie
2877 1550 3260 1621 pontiﬁcante,
3294 1551 3435 1605 facta
3464 1550 3653 1621 inqui-

2028 1640 2228 1695 sitione
2261 1640 2327 1694 de
2350 1640 2598 1707 ejusdem
2651 1640 2903 1710 martyris
2925 1656 3180 1711 corpore,
3224 1640 3327 1694 sub
3364 1638 3649 1710 presentia

311 1730 499 1786 divina
525 1737 651 1785 ante
669 1746 794 1785 eum
827 1730 1145 1786 micuerunt
1172 1733 1466 1788 luminaria
1487 1733 1665 1804 spatio
1694 1733 1924 1788 duarum
1956 1762 2003 1829 Β
2033 1729 2205 1801 ipsius
2245 1730 2489 1801 epierpi
2547 1730 2805 1784 inventus
2862 1739 2945 1785 est
2994 1730 3230 1793 loculus,
3267 1731 3322 1783 in
3378 1729 3658 1801 profundo

311 1823 591 1877 horarum.
631 1820 794 1889 Cujus
822 1836 1025 1891 corpus
1042 1837 1134 1875 rex
1190 1821 1473 1876 Lotharius
1494 1822 1775 1877 transferri
1799 1822 1930 1877 fecit

310 1913 379 1967 ad
408 1912 599 1967 urbem
631 1910 1091 1965 Suessionensem
1124 1929 1139 1977 ;
1183 1911 1528 1982 promittens,
1562 1912 1707 1983 quod
1765 1927 1932 1982 super

312 2020 436 2059 eum
469 2002 914 2057 decentissimum
944 2003 1228 2058 basilicam
1247 2002 1565 2070 aediﬁcaret,
1593 2011 1647 2058 et
1679 2003 1814 2057 inibi
1847 2021 1931 2057 re-

312 2096 633 2169 ligiosorum
655 2096 894 2151 virorum
937 2104 1271 2151 conventum
1298 2102 1580 2151 statueret.
1607 2096 1759 2160 Quod
1792 2112 1931 2166 Opus

314 2186 435 2255 ipse
466 2184 689 2256 quidem
719 2184 910 2257 cmpit,
941 2185 1038 2239 sed
1082 2184 1229 2239 ﬁlius
1255 2185 1375 2253 ejus
1405 2185 1724 2256 Sigebertus
1753 2185 1932 2239 adim-

314 2276 502 2347 plevit.

383 2371 509 2425 561.
547 2371 661 2441 {1b.}
690 2371 867 2442 Super
889 2370 1139 2426 Britones
1169 2402 1227 2411 —
1266 2371 1456 2425 multis
1495 2370 1675 2425 annis.

384 2462 511 2517 571.
544 2460 774 2514 Sanctus
801 2461 1079 2515 Amandus
1102 2461 1361 2515 nascitur.

384 2552 509 2605 596.
562 2552 750 2623 (ΡΑυι.
811 2552 984 2623 Duc.)
1039 2551 1131 2605 llis
1185 2552 1384 2607 diebus
1412 2552 1684 2607 irruentes
1714 2552 1931 2627 Longo-

315 2641 476 2697 hardi
510 2641 567 2697 in
611 2642 898 2698 Cassinum
955 2650 1194 2699 montem
1255 2675 1323 2683 —
1372 2644 1485 2698 vini
1534 2660 1720 2699 secum
1779 2645 1932 2699 defe-

315 2739 519 2786 rentes.

386 2820 511 2876 604.
550 2821 788 2892 (Gustu)
817 2820 921 2875 Per
950 2820 1315 2893 Augustinum
1346 2852 1413 2861 -—
1444 2822 1749 2876 ecclesiam.

384 2915 507 2970 611.
544 2915 666 2986 (Ib)
698 2914 827 2969 Post
859 2913 1208 2969 Calhericum
1239 2945 1305 2954 —
1337 2914 1474 2969 facta
1497 2922 1598 2970 est.

384 3004 509 3060 6t6.
567 3005 683 3073 (1b.)
746 3002 931 3058 llefert
987 3010 1169 3059 autem
1229 3004 1458 3061 historia
1504 3036 1569 3047 -
1615 3004 1934 3077 compulsus

316 3092 498 3147 fuerit.

385 3187 510 3244 632.
540 3189 657 3256 (1b.)
685 3189 953 3245 Adunallo
982 3205 1075 3244 rex
1101 3189 1382 3245 Britonum
1424 3222 1479 3230 —
1512 3190 1566 3245 in
1598 3199 1754 3246 terra.

385 3284 509 3342 635.
537 3284 661 3355 (1b.)
695 3285 787 3341 llic
804 3286 939 3341 dicit
972 3286 1115 3341 Beda
1144 3317 1215 3326 —
1244 3286 1532 3343 aediﬁcata.

382 3376 505 3433 675.
540 3377 660 3447 (1b,)
692 3377 1036 3435 Cadwollone
1065 3410 1130 3420 —
1156 3378 1551 3454 migraverunt.

387 3470 513 3525 689.
550 3470 675 3539 (1b.)
701 3471 1086 3527 Cadvvatadrus
1107 3503 1177 3512 —
1207 3478 1523 3543 potuerunt.

385 3562 516 3617 792.
569 3570 696 3620 Gen.
742 3581 788 3619 c.
833 3566 1047 3637 Fland.)
1109 3566 1219 3621 Hoc
1266 3573 1514 3637 tempore
1567 3567 1623 3621 in
1678 3569 1929 3623 Flandria

316 3657 729 3729 principabatur
779 3659 1058 3716 Sidericus
1106 3659 1480 3723 Harlebensis,
1529 3671 1686 3733 pater
1743 3664 1930 3735 Inger-

318 3748 497 3815 ranni,
537 3747 629 3819 qui
658 3748 851 3821 genuit
891 3749 1221 3813 Andracum,
1276 3758 1483 3820 patrem
1520 3750 1769 3805 Balduini
1799 3751 1928 3806 Fer-

315 3838 417 3903 rci,
448 3838 712 3909 quiduxit
741 3838 1041 3901 Juditham.
1065 3839 1234 3893 ﬁliam
1266 3840 1438 3895 Caroli
1474 3840 1639 3895 Calvi.

383 3931 508 3987 843.
542 3930 716 4001 (Huoo
750 3931 930 3997 FLon.)
999 3932 1092 3986 His
1145 3934 1490 4004 temporibus
1531 3934 1718 3989 ﬂoruit
1747 3935 1927 3992 Theo-

314 4021 501 4076 dulfus
530 4051 599 4061 —
626 4031 681 4078 et
702 4023 962 4078 misertus
988 4023 1305 4093 illiusjussit
1334 4042 1460 4079 eum
1488 4026 1695 4081 absolvi
1726 4028 1812 4081 5’9.

384 4112 509 4168 964.
553 4117 632 4182 (ν.
672 4118 724 4170 8.
762 4118 1009 4179 Quintini
1062 4115 1250 4188 [535].)
1304 4116 1415 4172 Hoc
1474 4127 1718 4190 tempore
1748 4121 1927 4177 eccle-

313 4205 394 4260 sia
420 4206 595 4262 sancti
628 4206 870 4271 Quintini
904 4208 1179 4279 martyris,
1204 4225 1314 4281 que
1343 4216 1425 4264 est
1457 4209 1509 4264 in
1557 4210 1734 4267 insula
1762 4229 1930 4285 super

315 4297 540 4354 fluvium
564 4290 801 4356 Soinene
831 4300 955 4367 sita,
1011 4300 1326 4357 crenobium
1360 4304 1751 4358 monachorum
1787 4323 1926 4376 pau-

2033 1828 2189 1877 terraa
2212 1821 2487 1888 defossus,
2521 1821 2578 1875 in
2627 1837 2736 1893 quo
2773 1822 3058 1891 preciosus
3104 1821 3196 1876 ille
3223 1822 3513 1876 thesaurus
3530 1834 3650 1874 ser—

2033 1913 2276 1968 vabatur.
2314 1913 2489 1968 Ethec
2540 1913 2785 1969 secundo
2836 1913 3078 1968 inventio
3104 1913 3207 1967 sub
3237 1921 3427 1967 sancto
3477 1911 3653 1983 Eligio

2033 2006 2173 2062 facta
2227 2013 2329 2069 est,
2386 2021 2530 2061 anno
2577 2006 2644 2060 ab
2681 2006 3059 2061 incarnatione
3120 2005 3336 2060 Domini
3365 2005 3492 2068 657,
3542 2020 3654 2060 non

2033 2098 2242 2170 absque
2275 2098 2478 2152 divinae
2535 2097 2752 2152 virtutis
2792 2114 2992 2170 magno
3025 2097 3315 2152 miraculo.
3361 2097 3493 2150 Nam
3526 2112 3651 2150 cum

2033 2189 2228 2242 beatus
2258 2187 2555 2257 episcopus
2581 2197 2851 2242 nocturno
2895 2194 3164 2256 tempore,
3191 2187 3379 2240 multis
3416 2186 3655 2240 lumina-

2034 2281 2183 2334 ribus
2201 2278 2469 2344 accensis,
2496 2279 2771 2350 quesitum
2822 2278 3059 2333 locutum
3101 2278 3394 2342 inveniret,
3453 2284 3508 2331 et
3539 2277 3653 2332 fos-

2034 2367 2181 2423 sorio
2213 2366 2359 2438 quod
2408 2382 2570 2421 manu
2625 2366 2849 2421 tenebat
2901 2366 3224 2437 pert'oraret,
3286 2373 3432 2421 tanta
3461 2366 3651 2421 subito

2034 2457 2221 2513 odoris
2252 2443 2563 2511 suavissimi
2588 2456 2883 2529 fragrantia
2940 2463 3202 2528 tantaque
3226 2472 3481 2526 superate
3510 2455 3665 2510 lucis

2034 2550 2252 2603 claritas
2292 2549 2721 2620 circumquaque
2790 2549 3085 2614 emanavit,
3138 2557 3196 2602 ut
3253 2555 3308 2602 et
3362 2556 3665 2628 presentes

2035 2640 2208 2695 odore
2250 2638 2481 2695 miriﬁco
2537 2640 2903 2710 replerentur,
2952 2646 3005 2694 et
3036 2638 3295 2694 absentes
3333 2646 3512 2694 ortum
3539 2636 3667 2691 diel

2037 2728 2330 2783 advenisse
2357 2727 2792 2799 suspicarentur.

2108 2857 2265 2913 1039.
2321 2858 2381 2912 In
2423 2857 2618 2928 Apulia
2674 2864 2792 2912 erat
2842 2856 3076 2929 quedam
3116 2862 3296 2911 statua
3324 2869 3658 2923 marmorea,

2036 2946 2183 3003 circa
2212 2953 2376 3019 caput
2426 2963 2585 3002 suum
2640 2962 2844 3002 aereum
2879 2945 3091 3000 habens
3143 2944 3513 3013 circulum,in
3548 2959 3662 3015 quo

2035 3046 2151 3095 erat
2173 3039 2435 3111 scriptum
2471 3056 2484 3093 :
2513 3040 2759 3094 Kalendis
2811 3041 2939 3093 Maii
2962 3041 3165 3094 oriente
3187 3039 3294 3093 sole
3345 3036 3541 3091 habebo
3570 3052 3662 3091 ca-

1961 3114 2010 3182 C
2029 3138 2130 3201 put
2152 3147 2381 3187 aureum
2413 3130 2505 3203 (cf.
2537 3131 2709 3185 Wieu.
2746 3130 3127 3185 Maussauao.
3155 3146 3214 3195 ιι,
3241 3128 3329 3199 10)
3360 3128 3512 3193 Quod
3535 3128 3660 3199 qui-

2032 3222 2156 3276 dam
2175 3222 2575 3288 Sarracenus,a
2595 3220 2836 3276 Roberto
2854 3219 3032 3274 Wisca
3043 3219 3138 3274 rdo
3161 3219 3300 3273 duce
3327 3218 3656 3273 Northman-

2033 3329 2225 3370 norum
2257 3320 2467 3384 captus,
2483 3312 2615 3385 quid
2638 3311 2997 3384 portenderet
3020 3310 3357 3383 intelligens,
3382 3310 3435 3364 in
3455 3310 3651 3365 Kalen-

2031 3409 2117 3464 dis
2149 3408 2270 3463 Maii
2298 3408 2514 3463 oriente
2536 3406 2674 3472 sole,
2709 3406 3009 3481 diligenter
3047 3412 3235 3460 notato
3270 3403 3505 3459 termino
3526 3420 3655 3457 um-

2029 3501 2139 3556 bra:
2172 3500 2319 3555 illius
2340 3506 2557 3565 statuae,
2612 3498 2890 3553 inﬁnitum
2938 3499 3280 3563 thesaurum,
3313 3494 3511 3550 effossa
3538 3494 3650 3549 ibi-

2029 3594 2154 3649 dem
2180 3594 2347 3649 humo
2381 3592 2643 3663 repperit,
2679 3607 2843 3663 quem
2885 3606 2984 3662 pro
3024 3605 3122 3644 sua
3151 3586 3534 3658 redemptione
3563 3586 3651 3641 ei-

2028 3687 2151 3741 dem
2182 3686 2308 3741 duci
2330 3685 2549 3756 optulit.

2101 3814 2234 3869 1051
2285 3812 2621 3867 Lanfrancus
2649 3808 2837 3874 etiam,
2885 3808 2967 3863 vir
3017 3805 3309 3862 sanctitate
3336 3804 3651 3860 etscientia

2027 3905 2282 3970 eximius,
2329 3904 2478 3974 prior
2530 3900 2849 3957 monasterii
2928 3898 3236 3959 Beceensis,
3288 3896 3639 3968 postmodum

2026 4016 2246 4056 veroex
2296 3999 2496 4053 abbate
2527 3995 2853 4052 (Iadomensi
2908 3994 3359 4064 archiepiscopus
3405 3991 3640 4045 Cantua-

2029 4093 2246 4159 riensis,
2290 4099 2481 4148 contra
2525 4105 2767 4145 errorem
2810 4087 2957 4144 illius
3011 4086 3327 4156 (Bcrengrii)
3378 4101 3478 4155 per
3522 4084 3636 4139 dia-

2030 4185 2215 4261 logum
2247 4182 2565 4253 disputavit.

2103 4297 2253 4353 1067.
2308 4297 2421 4351 lloc
2474 4304 2725 4367 tempore
2807 4291 3003 4348 claruit
3074 4290 3429 4355 Lanfrancus,
3489 4289 3642 4360 prior

313 4407 499 4448 corum
531 4391 674 4449 facta
704 4400 812 4449 est.
835 4395 1169 4450 Procedente
1190 4412 1320 4452 vero
1344 4403 1613 4467 tempore,
1640 4404 1924 4452 crescente
2026 4389 2345 4445 monasterii
2399 4387 2709 4452 Beccensis,
2766 4386 2833 4440 ad
2862 4385 3020 4453 cujus
3044 4383 3299 4438 eximiam
3333 4382 3638 4437 doctrinam

312 4500 540 4540 numero
598 4483 845 4552 fratrum,
905 4490 959 4539 et
1032 4493 1189 4541 aucta
1248 4486 1596 4557 possessione
1647 4487 1920 4541 redituum
1949 4483 2094 4554 Dde
2128 4480 2442 4553 Durgundia
2489 4477 2799 4535 convolavit
2847 4475 3260 4541 Anselmus,vir
3289 4472 3640 4545 postmodum

310 4573 475 4627 etiam
501 4572 720 4628 abhatia
743 4590 864 4628 esse
895 4575 1084 4646 ccepit.
1139 4575 1197 4629 In
1250 4590 1361 4646 quo
1389 4574 1510 4629 loco
1532 4574 1713 4630 adhuc
1736 4583 1925 4630 extant
2025 4570 2194 4625 multa
2214 4570 2416 4624 virtute
2455 4578 2511 4623 et
2544 4567 2817 4639 sapientia
2855 4566 3173 4628 adornatus,
3207 4565 3333 4619 etei
3356 4564 3410 4617 in
3435 4562 3646 4634 priora-

311 4661 421 4717 duo
443 4661 617 4732 putei,
650 4662 707 4716 in
737 4678 847 4718 uno
881 4680 1113 4735 quorum
1156 4670 1319 4735 caput
1346 4663 1523 4734 ipsius
1553 4663 1832 4736 martyris,
1866 4663 1921 4717 in
2026 4670 2083 4717 tu
2110 4661 2399 4727 successit,
2431 4660 2535 4716 sub
2567 4660 2685 4716 viro
2739 4658 2966 4732 egregio
2999 4655 3263 4712 Herluino
3308 4656 3504 4711 abbate
3537 4655 3647 4726 pri-

1660 4785 1881 4840 VARUE
1912 4784 2286 4842 LECTIONES.

383 4878 452 4953 5”
484 4878 598 4934 Sub
613 4893 754 4953 anno
770 4879 875 4953 864
892 4880 1056 4953 editio
1068 4884 1321 4952 princeps
1337 4887 1386 4938 et
1410 4898 1529 4953 qua:
1549 4899 1663 4937 eam
1682 4887 2079 4953 expresscrtmt,
2102 4882 2210 4937 haec
2224 4882 2447 4935 habent:
2471 4879 2596 4934 854.
2615 4878 3045 4953 Famaest,hunc
3060 4876 3235 4953 Johan
3244 4891 3365 4931 nem
3380 4874 3637 4953 feminam

314 4950 506 5027 fuisse,
540 4958 594 5004 et
625 4948 835 5027 unisoli
870 4958 921 5005 et
946 4946 1199 5027 familiari
1226 4946 1435 5008 tantum
1450 4946 2001 5027 cognitaquuieam
2019 4946 2339 5027 complexus
2359 4958 2459 5015 est,
2486 4951 2770 5027 etgravius
2784 4948 2921 5027 facta
2944 4946 3354 5027 pepeﬁt,£apa
3369 4946 3637 5027 existens.

313 5026 489 5087 Quare
511 5036 631 5095 eam
648 5019 798 5095 inter
810 5022 1096 5095 pontiﬁces
1110 5039 1219 5078 non
1239 5018 1765 5095 numerantvquidam
1779 5018 1933 5089 [ideo
1946 5018 2159 5079 nomini
2183 5039 2474 5077 numerum
2493 5018 2601 5077 ιιοή
2620 5022 2768 5077 facit.
2794 5021 2900 5095 Sed
2924 5021 3088 5095 coclea;
3105 5020 3141 5072 Ι)
3156 5022 3168 5071 1
3184 5018 3349 5095 δ’..ορ
3372 5018 3436 5095 id
3461 5019 3642 5095 ipsum

311 5093 690 5163 ﬂagitantibus
707 5093 906 5146 nobisa
934 5093 991 5146 V.
1020 5097 1084 5148 D.
1102 5098 1402 5160 Toussaint,
1431 5090 2082 5152 bibliothecmDivionensi
2106 5098 2377 5165 pratfecto,
2395 5095 2569 5148 denuo
2596 5096 2863 5163 inspectus
2878 5091 3192 5165 hocinloco,
3212 5090 3637 5165 ge‘leuissimum

314 5159 531 5239 quidem
560 5179 739 5239 eorum
769 5166 1055 5239 uestigium
1084 5166 1315 5227 exhibet,
1338 5168 1479 5221 unde
1497 5184 1666 5238 neque
1680 5171 1737 5222 in
1762 5168 1891 5222 Dl“.
1911 5183 1971 5221 ea
1983 5159 2152 5234 fuisse
2179 5159 2421 5236 apparet.
2441 5166 2557 5239 Aut
2578 5159 2747 5239 igitur
2767 5164 2937 5219 codici
2961 5163 3180 5239 Yotmisi
3212 5159 3641 5239 E8h,dcbentur,

313 5231 409 5291 aut
434 5238 609 5306 primo
630 5236 842 5290 editori.
883 5237 1118 5291 Tertium
1144 5253 1250 5291 non
1279 5239 1463 5293 datur.
1494 5231 1886 5293 At'monachus
1920 5231 2164 5293 Votensis
2188 5231 2289 5308 per
2316 5241 2479 5291 totum
2509 5231 2778 5304 Sigeberti
2787 5249 2919 5303 opus
2945 5234 3026 5287 nil
3052 5247 3276 5308 prorsus
3306 5231 3372 5285 de
3383 5231 3643 5308 suoadje-

315 5311 389 5363 cit
415 5302 446 5373 ;’
463 5313 511 5362 et
538 5311 597 5361 in
634 5309 1035 5379 continuatione
1059 5311 1390 5376 paucissima
1420 5314 1629 5364 tantum
1670 5310 1912 5373 addidit,
1932 5326 2052 5379 qua
2078 5302 2208 5364 non-
2220 5313 2463 5379 spectant
2490 5302 2603 5362 nisi
2631 5308 2704 5361 ad
2727 5302 2885 5360 suum
2915 5305 3327 5379 monasterium;
3350 5302 3644 5379 undescri-

315 5380 441 5433 bam
469 5380 612 5433 alia)
640 5374 1159 5434 abstinentissim'um
1189 5380 1799 5450 abintcipoiationibus.
1833 5374 1971 5436 Icari}:
1993 5397 2157 5436 unam
2181 5374 2286 5435 sibi
2340 5381 2652 5441 indulcisse,
2698 5380 2791 5447 qui
2818 5381 2897 5430 est
2925 5378 3046 5450 quis
3073 5376 3253 5429 credat
3285 5376 3314 5427 ?
3340 5376 3503 5450 Nemo
3530 5374 3641 5450 igi—

316 5455 406 5503 tur
432 5454 600 5505 restut
634 5452 747 5503 nisi
769 5454 980 5519 primus
1006 5450 1200 5517 editor,
1229 5453 1341 5504 siue
1371 5445 1436 5517 is',
1460 5453 1727 5507 Antonius
1758 5454 1933 5519 Rufus
1951 5454 2140 5519 fuerit.
2175 5454 2285 5505 sire
2319 5454 2584 5505 Henricus
2631 5445 2961 5519 Stephanus.
2994 5448 3183 5501 Utrum
3212 5450 3389 5499 autem
3420 5445 3511 5498 ille
3535 5445 3644 5499 hac

314 5520 554 5593 rerbade
590 5536 684 5575 suo
713 5518 1090 5593 coniposuerit.
1114 5537 1188 5576 an
1213 5524 1447 5589 fortasse
1473 5528 1659 5578 notam
1689 5518 2047 5593 marginalem
2077 5523 2246 5577 codici
2291 5523 2420 5579 E8h.
2455 5523 2522 5576 ab
2549 5522 2663 5575 alia
2690 5535 2855 5576 manu
2893 5518 3162 5588 adjectum
3188 5519 3247 5572 in
3277 5520 3483 5571 textum
3502 5531 3644 5570 recc-

307 5594 474 5662 perit,
505 5592 598 5645 hoc
625 5593 685 5645 in
722 5592 895 5649 medio
920 5595 1297 5664 relinquimus.

1878 5663 2067 5720 NOTAE

384 5760 529 5829 (535)
562 5759 641 5816 Cf.
672 5760 897 5818 Galliam
929 5762 1120 5818 Christ.
1155 5764 1238 5831 IX,
1283 5764 1438 5819 1080.
