3916 6064
283 239 394 294 405

1249 229 1592 286 CHRONICA.
1641 259 1708 268 --
1746 225 2124 282 ΛυαΤΛΒΙυΜ
2167 226 2686 283 URSICAMPINUM.

3521 243 3626 298 406

279 387 392 438 mo,
427 369 529 443 qui
559 371 741 442 ipsum
794 368 1190 425 monasterium
1257 367 1530 422 Beccensc
1557 364 1625 419 de
1679 361 1902 435 proprio
1929 367 1982 434 Α
2007 359 2216 429 functo,
2267 363 2556 418 Anselmus
2604 364 2774 420 abbas
2814 368 3127 438 Bcccensis,
3154 390 3252 444 pro
3281 392 3378 432 sua
3420 380 3627 435 sancti-

285 463 538 520 fundavit
557 477 679 518 suo.

357 550 514 608 1080.
577 550 756 605 Claret
805 549 864 604 in
919 549 1112 625 Anglia
1169 546 1529 614 Lanfrancus,
1562 544 1811 602 doctrina
1851 552 1906 600 et

287 644 565 716 probitate
593 642 946 713 conspicuus,
977 658 1042 696 ex
1089 641 1288 696 abbate
1317 638 1644 695 Cadomensi
1685 637 1906 693 ordina-

285 747 378 794 tus
417 735 722 792 Cantuariis
753 734 1230 807 archiepiscOpus.
1292 733 1366 788 Eo
1399 739 1648 802 tempore
1676 729 1910 785 florebat

289 851 346 888 ιιι
404 829 802 888 Northmannia
853 830 1166 900 Anselmus,
1229 827 1525 886 Beccensis
1586 825 1910 885 monasterii

287 925 463 1003 abbas
488 922 743 988 eximius,
785 927 840 978 et
888 937 988 992 pro
1039 937 1139 977 sua
1197 921 1487 976 sanctitate
1526 924 1582 975 et
1635 918 1909 990 sapientia

285 1017 590 1090 plurimum
648 1015 981 1070 nominatus.
1043 1017 1187 1084 (Vita
1239 1012 1297 1068 S.
1357 1013 1509 1078 Arn.)
1576 1011 1687 1066 Hoc
1742 1011 1904 1064 etiam

286 1115 538 1178 tempore
570 1105 625 1159 iu
657 1103 916 1159 coenobio
945 1102 1122 1158 sancti
1154 1101 1399 1157 Medardi
1429 1130 1500 1140 —
1538 1099 1594 1154 in
1629 1100 1907 1170 presulem

289 1202 373 1251 est
395 1201 768 1252 consecratus.

366 1285 523 1341 1081.
561 1282 684 1354 (1b.)
719 1283 882 1358 Regis
911 1281 1202 1357 Dagoberti
1234 1287 1488 1351 tempore
1519 1286 1742 1334 sanctus
1774 1293 1906 1348 pre-

290 1378 375 1433 sul
403 1377 692 1432 Ursmarus
716 1405 780 1416 -—
809 1374 1005 1430 celitus
1025 1380 1363 1445 prestaretur
1401 1371 1692 1427 medicina.

369 1466 524 1523 1087.
565 1465 680 1536 (1b.)
728 1464 961 1520 Sanctus
1007 1461 1268 1518 Arnulfus
1320 1492 1390 1503 —
1452 1459 1788 1532 predixerat,
1821 1472 1912 1512 ae-

291 1555 463 1626 cepit.

373 1644 528 1700 1094.
563 1642 922 1698 Pontificante
970 1643 1028 1698 in
1054 1642 1192 1698 urbe
1222 1640 1576 1697 Laudunensi
1613 1637 1904 1706 Elinando,

292 1735 498 1791 mulier
524 1736 784 1808 quedam,
817 1736 872 1790 in
896 1735 1144 1807 proximo
1174 1750 1425 1800 manens,
1456 1731 1697 1787 habebat
1737 1746 1907 1804 gene-

295 1842 416 1880 rum
441 1826 678 1894 juvenili
709 1827 896 1897 specie
924 1825 1208 1893 decorum,
1232 1839 1398 1896 quem
1413 1823 1582 1878 multa
1620 1819 1911 1896 diligentia

294 1929 398 1986 pro
425 1929 612 1970 amore
641 1914 768 1971 filia:
795 1930 907 1969 sua:
945 1913 1245 1969 accurabat
1286 1931 1301 1980 ;
1330 1911 1478 1967 unde
1503 1917 1558 1966 et
1585 1917 1705 1966 orta
1735 1908 1910 1982 turpis

293 2003 542 2074 suspicio
571 2003 641 2058 de
667 2003 895 2058 muliere
923 2010 978 2058 et
1003 2018 1210 2076 genere
1241 2016 1343 2056 suo
1398 2001 1544 2055 inter
1567 1998 1779 2055 vicinos
1811 1999 1911 2054 ho-

297 2093 484 2148 mines
509 2093 665 2148 valde
705 2109 824 2148 eam
873 2091 1115 2148 turbavit
1162 2089 1256 2164 (cf.
1289 2090 1558 2160 Laudun).
1589 2089 1703 2154 Que
1734 2087 1912 2159 impa-

297 2185 505 2240 tienter
554 2183 758 2251 ferens,
814 2184 1010 2238 famam
1043 2199 1199 2239 suam
1246 2180 1560 2250 hujusmodi
1611 2178 1911 2250 Opprobrio

300 2271 539 2344 turpari,
594 2272 808 2344 injuria:
865 2288 978 2327 sua:
1033 2287 1256 2327 causam
1317 2270 1374 2324 in
1427 2285 1552 2324 eum
1585 2267 1828 2334 retorsit,
1863 2272 1918 2322 et

296 2363 648 2420 clandestina
677 2365 1110 2432 machinatione,
1151 2370 1210 2419 ut
1261 2363 1607 2420 occideretur
1635 2377 1666 2414 a
1695 2359 1917 2416 duobus

298 2457 506 2530 pueris,
540 2457 873 2528 procuravit.
913 2456 1267 2513 Postmodum
1298 2470 1431 2512 vero
1459 2455 1525 2509 ad
1556 2451 1915 2526 penitentiam

296 2549 425 2605 facti
445 2551 728 2606 homicidii
761 2565 1050 2615 conversa,
1072 2547 1289 2605 cuidam
1314 2546 1636 2620 presbytero
1663 2561 1762 2615 per
1774 2559 1915 2599 con-

297 2642 596 2698 fessionem
656 2649 944 2714 peccatum
995 2657 1156 2696 suum
1244 2639 1526 2696 revelavit.
1574 2637 1680 2693 Sed
1727 2638 1918 2708 elapso

297 2732 571 2803 aliquanti
603 2733 870 2804 temporis
937 2731 1139 2802 Spatio,
1180 2729 1469 2802 presbyter
1523 2728 1670 2783 idem
1699 2744 1823 2783 cum
1856 2743 1922 2784 ea

2007 457 2118 506 tate
2144 459 2198 506 et
2227 451 2480 508 doctrina
2516 469 2626 509 non
2654 455 2832 510 solum
2857 457 2912 511 in
2944 459 3304 534 Normannia,
3333 466 3428 521 sed
3460 468 3626 525 etiam

2007 542 2064 596 in
2093 544 2288 618 Anglia
2311 545 2425 616 jam
2467 545 2884 614 celeberrimus,
2927 555 3194 609 successit
3232 555 3286 610 in
3317 561 3622 628 presulatu.

2007 633 2105 700 Qui
2134 633 2260 688 licet
2292 650 2324 688 a
2350 650 2477 707 rege
2516 634 2791 691 Willelmo
2844 647 2899 692 et
2951 639 3301 712 principibus
3359 653 3502 703 terre
3532 657 3624 702 to-

2009 727 2230 798 tiusque
2257 727 2490 782 ccclesie
2519 735 2793 784 conventu
2839 742 3129 804 susceptus
3163 734 3466 794 honorifice
3484 740 3624 796 fuis-

2011 827 2132 876 set:
2165 817 2364 875 multas
2415 825 2600 875 tamen
2630 821 2912 878 molestias
2950 831 3006 879 et
3055 825 3442 886 tribulationes
3469 841 3622 904 post-

2010 912 2234 968 modum
2261 911 2364 966 sub
2393 911 2513 982 ipso
2565 927 2694 986 rege
2738 929 2933 985 passus
2965 925 3049 972 est
3079 934 3178 988 pro
3217 927 3358 976 statu
3387 925 3621 982 ccclesie

2010 1007 2356 1080 corrigendo.
2392 1006 2522 1060 Nam
2559 1023 2717 1079 rcges
2745 1009 2938 1084 Anglic
2971 1011 3113 1068 hanc
3162 1013 3417 1083 injustam
3446 1019 3626 1092 legem

2005 1100 2116 1169 jam
2154 1099 2247 1152 diu
2277 1103 2590 1164 tenuerant,
2618 1105 2676 1153 ut
2705 1099 2910 1156 electos
2941 1103 3191 1160 aecclesie
3232 1109 3483 1177 presules
3515 1111 3622 1183 ipsi

2011 1205 2110 1261 per
2139 1187 2344 1261 virgam
2367 1187 2697 1257 pastoralem
2731 1190 2982 1244 ecclesiis
3008 1191 3354 1249 investirent.

2081 1275 2240 1330 1099.
2275 1275 2398 1330 Erat
2445 1282 2628 1331 autem
2687 1279 2948 1346 (Ansellus
2999 1282 3063 1335 de
3113 1283 3500 1356 Ribodimonte)
3533 1287 3618 1342 vir

2011 1367 2481 1441 prudentissimus
2523 1375 2578 1423 et
2609 1369 2876 1425 exercitui
2925 1372 3058 1426 satis
3087 1373 3257 1442 utilis,
3291 1383 3455 1448 atque
3496 1394 3630 1454 erga

2013 1459 2236 1515 beatum
2269 1460 2548 1514 martirem
2604 1460 2923 1524 Quintinum
2980 1463 3120 1519 adeo
3157 1465 3408 1535 devotus,
3429 1479 3490 1524 ut
3519 1471 3634 1525 sin-

2007 1553 2153 1625 gulis
2181 1552 2341 1608 annis
2370 1552 2778 1608 solemnitatem
2818 1554 3069 1622 ejusdem
3093 1558 3350 1626 martiris,
3393 1561 3484 1617 die
3524 1579 3628 1618 suo

2007 1641 2224 1697 clericis
2255 1641 2624 1712 undecunque
2655 1642 3026 1718 congregatis,
3060 1659 3240 1700 coram
3275 1663 3333 1702 se
3361 1650 3632 1706 celebrari

2011 1734 2235 1800 faceret,
2290 1733 2480 1805 eisque
2539 1741 2662 1804 post
2721 1744 2999 1804 peractum
3059 1736 3304 1794 ofﬁcium
3347 1742 3629 1812 copiosam

2010 1819 2328 1876 refectionis
2355 1835 2598 1876 mensam
2631 1831 2865 1892 pararet.

2080 1914 2221 1969 1105
2250 1913 2445 1986 Vigilia
2489 1913 2686 1968 natalis
2732 1915 2952 1971 Domini
3011 1924 3342 1976 terremotus
3397 1938 3632 1998 magnus

2014 2006 2186 2061 factus
2210 2014 2296 2060 est
2345 2005 2401 2059 in
2449 2005 2851 2063 Jherosolimis.
2922 2009 3040 2065 Duo
3092 2012 3258 2066 orbes
3317 2013 3370 2066 in
3405 2015 3631 2070 modum

2014 2095 2170 2162 solis,
2202 2093 2376 2150 forma
2397 2101 2452 2149 et
2479 2095 2688 2151 lumine
2717 2097 2999 2154 cotidiano
3058 2101 3162 2156 soli
3204 2102 3631 2177 similes,appa-

2016 2192 2261 2249 ruerunt,
2289 2185 2533 2240 omnium
2565 2184 2811 2241 colorum
2841 2189 3026 2258 specie
3050 2191 3329 2247 radiantes
3353 2194 3422 2247 ad
3450 2195 3627 2250 instar

2019 2292 2178 2332 arcus
2197 2275 2436 2331 celestis.

2093 2363 2250 2418 HI2.
2284 2362 2394 2417 Sed
2432 2369 2487 2418 et
2545 2369 2840 2435 antequam
2899 2365 3002 2420 ista
3039 2375 3390 2440 gererentur,
3424 2369 3629 2426 violata

2019 2455 2196 2510 fuerat
2225 2456 2418 2510 eadem
2449 2462 2636 2510 sancte
2653 2456 2745 2512 Dei
2763 2458 3062 2530 genetricis
3083 2459 3624 2534 ecclesia(Lauduni)

2019 2544 2336 2618 proditione
2369 2552 2426 2600 et
2463 2546 2764 2604 homicidio
2792 2549 3075 2618 cujusdam
3111 2549 3444 2605 nobilissimi
3482 2552 3632 2606 mili-

2001 2634 2110 2706 tis,
2131 2637 2358 2693 nomine
2385 2636 2630 2704 Gerardi,
2663 2639 2758 2710 qui
2813 2646 2930 2694 erat
2959 2640 3216 2696 dominus
3266 2643 3452 2710 castri,
3485 2645 3635 2716 quod

2021 2740 2249 2790 vocatur
2269 2733 2594 2789 Carisiacus.
2638 2734 2810 2800 Quem
2841 2735 2897 2789 in
2929 2735 3181 2791 oratione
3235 2737 3476 2808 positum
3508 2745 3638 2793 ante

297 2823 540 2898 litigans,
577 2823 806 2891 malum,
839 2822 988 2894 quod
1019 2820 1276 2878 confessa
1305 2820 1502 2887 fuerat,
1546 2820 1602 2874 in
1636 2819 1830 2874 faciem
1869 2820 1921 2875 ei
2023 2831 2266 2879 sanctam
2299 2823 2499 2878 Christi
2532 2823 2851 2896 imaginem,
2881 2825 3136 2880 homines
3175 2826 3350 2896 ipsius
3387 2828 3638 2899 episcOpi

297 2915 670 2988 exprobravit.
725 2915 840 2982 Quo
891 2914 1102 2982 audito,
1144 2919 1402 2986 parentes
1460 2911 1705 2968 hominis
1752 2911 1922 2968 occisi
2024 2914 2166 2970 facta
2220 2914 2604 2985 conjuratione
2668 2916 3013 2973 occiderunt.
3063 2917 3338 2987 (Gurnanr.
3398 2925 3470 2974 De
3526 2923 3640 2975 νὶιιι

296 3016 662 3080 properantes
719 3007 1115 3062 nuntiaverunt
1151 3005 1500 3062 vicedomino
1548 3003 1922 3060 Laudunensi.
1949 3047 1994 3082 ι.
2022 3023 2124 3064 ,ςιια
2155 3025 2233 3075 ιιι,
2272 3009 2360 3076 11)
2384 3008 2520 3063 Ante
2541 3008 2645 3064 hos
2687 3009 2808 3064 dies
2837 3016 3002 3065 natus
3045 3009 3253 3065 ibidem
3287 3011 3466 3067 fuerat
3501 3027 3641 3082 puer

296 3101 535 3157 lubente
557 3100 928 3168 vicedomino,
956 3105 1150 3156 vocata
1179 3099 1380 3154 mulier
1401 3099 1571 3165 venit,
1599 3105 1654 3154 et
1685 3098 1926 3170 qualiter
1952 3098 1997 3114 ν
2023 3099 2326 3172 geminusa
2355 3099 2519 3155 clune
2569 3101 2843 3172 superius,
2895 3101 3006 3157 duo
3037 3101 3250 3158 scilicet
3296 3101 3510 3157 habens
3538 3118 3634 3157 ca-

299 3189 584 3246 hominem
623 3189 934 3255 occidisset,
965 3202 1314 3260 nequaquam
1345 3187 1563 3244 celavit.
1611 3187 1923 3243 Judicatum
2026 3193 2159 3264 pita,
2191 3193 2303 3249 duo
2343 3209 2523 3264 usque
2553 3192 2622 3247 ad
2649 3208 2812 3248 renes
2851 3208 2974 3248 cum
3003 3194 3120 3248 suis
3158 3194 3399 3250 brachiis
3428 3193 3642 3250 habens

297 3289 385 3337 est
441 3281 635 3357 igitur,
691 3296 813 3336 eam
871 3279 1094 3354 ignibus
1157 3279 1364 3336 debere
1395 3279 1734 3336 concremari
1769 3298 1784 3344 ;
1824 3279 1924 3334 sed
2024 3299 2300 3356 corpora;
2333 3285 2427 3355 qui
2450 3283 2778 3354 baptizatus,
2807 3284 2989 3340 triduo
3017 3300 3240 3357 quoque
3271 3285 3422 3340 vixit.
3571 3279 3584 3292 ’

297 3373 455 3444 prius
479 3373 644 3427 ducta
671 3372 740 3427 ad
767 3371 1060 3428 ecclesiam
1119 3371 1294 3427 beatae
1334 3371 1430 3426 Dei
1479 3372 1770 3446 genitricis
1797 3370 1922 3425 Ma-
2098 3377 2255 3434 1113,
2291 3377 2622 3442 Bcrnardus,
2650 3377 2873 3446 juvenis
2933 3377 3210 3451 egregius,
3241 3378 3493 3442 scientia,
3526 3371 3649 3434 mo-

299 3464 424 3532 riae,
452 3469 740 3533 peccatum
771 3477 936 3516 suum
989 3475 1174 3518 coram
1228 3462 1341 3517 Deo
1387 3468 1442 3516 et
1509 3461 1829 3516 hominibus
1859 3478 1926 3516 ex
2023 3469 2178 3524 ribus
2207 3478 2486 3540 etgenere
2507 3468 2709 3533 clarus,
2765 3469 2850 3523 vir
2888 3470 3243 3540 postmodum
3298 3485 3514 3542 magna:
3543 3471 3649 3526 vir-

293 3557 494 3614 ordine
525 3557 782 3626 narravit,
806 3565 861 3612 et
899 3557 979 3612 sic
1038 3557 1253 3612 meritis
1301 3564 1357 3612 et
1397 3555 1659 3628 precibus
1689 3556 1925 3612 sanctis-
2026 3559 2160 3614 tutis
2215 3557 2496 3628 exemplar
2547 3555 2781 3623 futurus,
2870 3555 3200 3612 Castellione
3257 3557 3398 3628 (536)
3471 3564 3647 3614 castro

298 3655 456 3708 simae
484 3652 718 3726 virginis
749 3651 928 3707 Mariae
955 3667 1014 3706 se
1065 3652 1248 3722 ipsam
1280 3649 1519 3706 fideliter
1569 3649 1929 3706 commenda-
2029 3650 2361 3724 Burgundiae
2435 3649 2724 3714 oriundus,
2815 3665 2940 3704 cum
3025 3649 3307 3724 germanis
3383 3649 3647 3705 fratribus

299 3745 400 3802 vit.
418 3745 628 3800 Deinde
650 3744 884 3800 missain
901 3743 1108 3819 ignem,
1129 3743 1451 3798 incendium
1465 3741 1782 3798 nullatenus
1798 3758 1927 3798 sen-

301 3839 395 3904 sit,
421 3837 522 3892 sed
552 3835 738 3894 divina
807 3846 1162 3912 protegente'
1191 3837 1371 3911 gratia
1411 3845 1744 3908 consumpto
1776 3835 1925 3910 igne,

305 3930 428 4000 ipsa
449 3929 753 4001 permansit
779 3929 973 3984 illazsa.
1002 3928 1155 3995 Quod
1192 3927 1398 3984 factum
1433 3928 1653 4003 cognati
1688 3927 1928 3983 hominis

306 4020 482 4076 occisi
518 4035 630 4075 non
681 4019 884 4076 divina:
935 4019 1125 4077 virtuti
1153 4019 1516 4087 ascribentes,
1549 4020 1647 4075 sed
1678 4019 1930 4093 fragilem

309 4114 493 4186 potius
513 4114 788 4186 lignorum
815 4114 1099 4170 materiem
1115 4123 1432 4182 causantes,
1463 4116 1661 4170 iterum
1697 4132 1932 4171 succen-

307 4205 447 4259 dunt
479 4204 662 4279 ignem
704 4205 851 4260 circa
881 4220 1000 4260 eam
1056 4204 1381 4261 fortioribus
1419 4205 1606 4276 lignis,
1633 4207 1732 4262 sed
1763 4206 1932 4262 nichil

2030 3751 2086 3799 et
2113 3743 2234 3798 aliis
2263 3741 2558 3797 comitibus
2594 3740 2782 3796 multis
2830 3740 3076 3796 Cistercii
3133 3741 3320 3797 habitu
3352 3741 3640 3817 religionis

2031 3832 2301 3898 induitur,
2347 3840 2403 3886 et
2460 3830 2600 3886 miro
2659 3831 3040 3906 religiositatis
3093 3830 3307 3888 fervore
3355 3847 3647 3888 conversa-

2032 3933 2140 3980 tur.

2107 4013 2264 4068 1114.
2299 4009 2396 4066 Hic
2415 4017 2498 4065 est
2525 4009 2696 4077 Cono,
2727 4025 2874 4064 unus
2917 4026 2985 4065 ex
3043 4009 3152 4064 illis
3191 4009 3469 4085 religiosis
3511 4008 3646 4065 viris

2035 4106 2129 4180 qui
2180 4103 2557 4160 heremiticam
2626 4102 2792 4157 vitam
2845 4103 2991 4174 apud
3048 4103 3317 4158 Truncum
3379 4103 3654 4177 Berengc-

2037 4199 2078 4253 ri
2107 4198 2256 4270 (537)
2285 4195 2464 4268 primo
2511 4194 2806 4261 duxerunt,
2858 4203 2912 4250 et
2938 4194 3248 4250 Arroasiani
3303 4194 3518 4250 ordinis
3553 4211 3654 4250 au-

311 4293 685 4365 profecerunt.
744 4294 940 4349 lterato
976 4293 1126 4348 enim
1183 4294 1449 4350 miraculo
1518 4296 1753 4351 servavit
1807 4311 1934 4352 eam
2035 4297 2215 4347 ctores
2267 4287 2590 4355 extiterunt,
2649 4286 2744 4358 qui
2799 4286 2938 4342 ordo
2988 4301 3165 4357 usque
3215 4285 3379 4340 hodie
3410 4285 3570 4342 floret
3599 4293 3656 4341 et

313 4392 459 4444 Deus
491 4388 807 4444 incolumen
839 4389 908 4442 ab
939 4389 1230 4444 exustionc
1297 4390 1463 4463 ignis,
1497 4390 1564 4445 ad
1594 4390 1815 4446 laudem
1846 4392 1930 4446 sui
1955 4421 2012 4488 Β
2037 4382 2252 4438 crescu-

315 4477 556 4535 nominis
611 4493 834 4550 suaeque
897 4478 1180 4552 genitricis
1235 4479 1466 4553 gloriam
1521 4489 1575 4534 et
1641 4480 1929 4536 honorem.

317 4571 551 4644 Egressa
584 4569 749 4642 igitur
795 4585 858 4624 ex
918 4569 1200 4637 incendio,
1252 4585 1361 4626 non
1392 4571 1568 4626 solum
1617 4587 1804 4638 carne,
1837 4571 1934 4627 sed

315 4665 483 4720 etiam
513 4671 663 4718 veste
693 4671 748 4718 et
774 4679 941 4719 carne
988 4663 1058 4699 ⁵³⁸)
1087 4663 1276 4730 illaesa,
1308 4665 1377 4720 ad
1408 4664 1694 4720 ecclesiam
1735 4671 1934 4720 sanctae

318 4757 415 4810 Dei
435 4755 742 4829 genitricis,
767 4756 918 4811 omni
964 4757 1171 4828 populo
1224 4756 1614 4828 applaudente,
1645 4756 1804 4812 ducta
1831 4761 1934 4823 est,

2110 4471 2265 4526 1128.
2304 4470 2415 4524 Hoc
2439 4483 2584 4522 anno
2613 4467 2768 4521 multi
2826 4466 2895 4520 de
2947 4480 3088 4539 pago
3121 4464 3453 4522 Suessonico
3495 4483 3650 4523 sacro

2036 4561 2163 4635 igne
2198 4559 2438 4626 accensi,
2469 4558 2538 4612 ad
2563 4557 2850 4612 ecclesiam
2889 4555 3064 4610 beatae
3095 4555 3191 4609 Dei
3225 4554 3512 4630 genitricis
3541 4557 3651 4614 Ma-

2039 4654 2132 4708 riae
2155 4653 2209 4706 in
2241 4651 2460 4707 civitate
2492 4651 2820 4704 Suessorum
2849 4648 3009 4702 sitam
3032 4655 3431 4716 convenerunt,
3461 4649 3650 4723 ibique

2038 4748 2236 4804 diebus
2275 4747 2465 4819 paucis
2513 4744 2950 4800 misericordiam
2985 4743 3079 4798 Dei
3128 4752 3183 4799 et
3208 4743 3381 4799 beatae
3422 4744 3650 4818 virginis

317 4851 519 4915 etpost
550 4844 741 4908 laudes
814 4845 925 4900 Deo
973 4845 1236 4911 redditas,
1293 4845 1514 4901 volente
1566 4847 1698 4910 Deo,
1749 4845 1940 4916 paucis
2041 4860 2359 4900 succursum
2388 4841 2773 4914 prestolantes,
2807 4839 2950 4895 sicut
2993 4839 3211 4912 plenius
3232 4838 3396 4895 refert
3428 4840 3649 4916 libellus

317 4933 521 4988 diebus
550 4933 840 4989 transactis
867 4933 1084 4988 transiit
1114 4934 1183 4988 ab
1210 4934 1311 4989 hoc
1335 4933 1542 4990 seculo.

2041 4933 2344 4990 eorundem
2378 4931 2792 4989 miraculorum.
2825 4930 3058 4984 salutem
3107 4929 3284 5001 ipsius
3329 4926 3540 4981 meritis
3597 4933 3653 4978 et

393 5023 536 5080 1095
590 5025 714 5096 Ub.)
746 5024 1070 5092 Elinandus,
1099 5025 1262 5082 home
1291 5026 1572 5082 memorié
1607 5025 1942 5082 Laudunen-
2043 5022 2301 5094 precibus
2328 5019 2616 5092 consequti
2645 5027 2790 5086 sunt,
2818 5019 2891 5074 ita
2929 5029 2989 5074 ut
3020 5019 3160 5074 intra
3187 5016 3505 5091 quindecim
3529 5013 3653 5068 dies

321 5119 400 5172 sis
435 5117 754 5188 episcopus,
774 5117 950 5186 obiit;
984 5118 1346 5192 lngelrannus
1366 5119 1612 5175 succedit
1643 5119 1936 5176 Elinando.
2041 5123 2262 5174 centum
2287 5123 2341 5170 et
2371 5124 2480 5170 tres
2508 5114 2834 5172 nominatim
2892 5115 2961 5169 ab
3011 5116 3118 5170 hoc
3171 5113 3296 5186 igne
3347 5109 3656 5182 restingue-

400 5206 558 5262 1097.
605 5205 914 5264 l.anfranco
963 5207 1338 5265 Cantuariensi
1395 5209 1812 5281 archiepiscopo
1839 5210 1941 5265 de-
2043 5217 2255 5279 rentur,
2285 5214 2340 5263 et
2369 5214 2480 5264 tres
2509 5207 2710 5279 puellae
2750 5207 2994 5264 distorta:
3018 5205 3239 5262 sanitati
3271 5202 3656 5258 redderentur.

1434 5380 1440 5385 .
1691 5333 1910 5388 VARIzE
1937 5333 2310 5388 LECTIONES.

401 5404 472 5439 53°
516 5405 796 5472 legendum
825 5420 934 5461 esse
961 5406 1179 5461 videtur
1213 5412 1359 5462 cute.
1390 5404 1582 5460 Psn'rz.

1897 5497 2107 5554 NOTAE.

2055 5595 2192 5650 ordo
2221 5592 2321 5666 ille
2339 5593 2406 5648 al)
2428 5589 3120 5666 lleldemaro,__Conone_ct
3146 5585 3364 5666 Rogch
3392 5583 3492 5639 fuit
3510 5580 3670 5637 insti-

407 5595 553 5664 (536t
584 5596 876 5654 Chatillon.

2059 5673 2207 5721 tutus
2261 5665 2337 5720 Cf.
2372 5667 2499 5720 Acta
2529 5662 2622 5718 SS.
2654 5661 2720 5717 ad
2762 5661 2908 5715 diem
2946 5661 3009 5714 13
3039 5658 3300 5713 Januarii.
3335 5658 3562 5711 Srnuvn.

412 5669 566 5738 (5‘37)
609 5670 716 5725 Seu
745 5667 1004 5732 arroasia,
1041 5685 1185 5726 nunc
1224 5669 1474 5734 Aruaisc,
1501 5668 1554 5722 in
1588 5667 1820 5735 Artesio,
1851 5666 1944 5722 ubi
