3916 6064
278 147 387 221 407,

1490 140 1833 195 SIGEBERTI
1873 137 2388 195 GEMBLACENSIS.

3502 139 3612 195 408

283 273 441 328 Facta
470 269 691 326 suntibi
721 268 988 338 deinceps
1039 274 1094 323 et
1135 268 1243 322 alia
1270 268 1441 323 multa
1494 268 1776 335 miracula,
1806 267 1888 322 in-
1915 271 1966 338 Α
1994 267 2326 323 Francorum
2370 283 2556 343 regem
2624 268 2984 335 Ludovicum,
3038 266 3275 323 ecclesia
3344 268 3625 324 Gallicana

285 368 367 417 ter
390 375 495 433 que
512 359 619 413 duo
660 356 882 411 fuerunt
919 356 1290 412 eminentiora
1323 375 1337 423 ;
1380 373 1552 412 unum
1584 356 1794 413 scilicet
1822 356 1890 411 de

284 467 417 507 naso
446 447 691 504 mulieris
717 453 772 502 et
801 446 950 503 labio
979 447 1249 504 divinitus
1267 448 1562 504 reformato
1596 467 1611 515 ;
1643 449 1791 504 aliud
1821 449 1889 504 de

281 554 453 611 puero
484 537 538 591 in
569 536 783 591 visione
835 544 963 592 ante
1011 538 1180 593 Deum
1233 545 1410 608 rapto,
1462 537 1557 592 ubi
1609 538 1889 593 dominam

280 634 521 683 nostram
551 624 819 698 virginem
853 625 1073 680 Mariam
1125 642 1185 680 se
1218 625 1417 682 vidisse
1484 628 1743 692 asseruit,
1794 642 1892 699 pro

282 717 473 792 pepuli
495 718 669 774 salute
692 718 1117 790 supplicantem,
1150 724 1203 773 et
1235 720 1339 774 hoc
1371 734 1697 789 responsum
1726 737 1757 774 a
1779 718 1892 775 filio

282 811 520 886 benigne
560 810 841 882 accepisse
876 827 887 864 :
922 815 1088 866 Mater
1140 818 1199 867 tu
1259 828 1311 867 es
1370 816 1538 868 maris
1583 814 1758 876 stella,
1796 815 1896 879 ﬁat

277 907 418 960 sicut
442 908 539 959 vis.
574 903 682 959 Sed
713 904 842 958 dum
873 904 1123 975 queritur
1152 905 1312 961 beata
1343 906 1495 981 virgo
1536 922 1705 977 super
1731 907 1895 962 domo

283 1014 401 1060 sua,
446 1013 551 1070 que
577 997 702 1051 vilis
724 1004 778 1052 et
804 997 1017 1068 abjecta
1063 1004 1197 1065 erat,
1244 1014 1342 1068 pre
1372 998 1574 1053 ceteris
1627 999 1824 1054 iterum
1866 1016 1897 1054 a

289 1090 405 1146 tilio
433 1105 533 1145 suo
563 1089 792 1157 audivit,
849 1089 1000 1162 quod
1056 1090 1125 1145 de
1179 1096 1328 1147 trans
1378 1108 1527 1147 mare
1549 1103 1605 1148 et
1652 1093 1721 1148 de
1754 1100 1903 1157 trans

288 1178 535 1233 Rhenum
564 1178 858 1249 pecuniam
890 1177 1095 1235 faceret
1123 1178 1329 1246 afferri,
1369 1181 1519 1236 unde
1537 1182 1734 1240 domus
1765 1189 1902 1244 tedi-

285 1268 560 1335 ticaretur,
593 1275 647 1322 et
676 1267 732 1322 in
763 1267 939 1323 oculis
960 1268 1208 1324 omnium
1232 1269 1648 1339 respicientium
1673 1274 1901 1333 illustris

283 1359 594 1430 appareret.
631 1357 793 1426 Cujus
831 1356 1064 1413 visionis
1121 1365 1227 1413 tam
1290 1359 1346 1413 in
1395 1359 1644 1418 claritate
1686 1367 1896 1436 Operis,

284 1467 447 1523 quam
489 1450 542 1504 in
574 1449 736 1521 cepia
782 1448 1126 1505 oblationum
1185 1457 1264 1505 tot
1319 1459 1450 1506 sunt
1488 1459 1656 1510 testes
1708 1458 1896 1526 hodie,

285 1547 419 1611 quot
439 1539 628 1595 videre
658 1539 870 1595 volunt.
901 1537 1142 1595 Predixit
1183 1539 1347 1594 etiam
1370 1540 1516 1596 idem
1560 1547 1695 1613 puer
1735 1548 1897 1616 paulo

287 1635 411 1700 post
438 1645 499 1683 se
530 1627 880 1696 moriturum,
904 1637 959 1683 et
987 1628 1076 1683 vix
1099 1644 1268 1683 unum
1292 1646 1542 1686 mensem
1577 1635 1901 1704 supervixit.

288 1724 396 1778 Sed
424 1731 479 1778 et
506 1724 705 1777 mirum
734 1723 893 1778 valde
914 1723 983 1778 de
1014 1723 1117 1779 hoc
1147 1740 1321 1795 puero
1352 1732 1490 1793 erat,
1512 1728 1659 1799 quod
1684 1745 1904 1785 omnem

292 1812 576 1868 historiam
616 1820 858 1867 veterem
907 1812 1211 1883 rhythmice
1250 1813 1637 1884 depromebat,
1695 1824 1900 1875 textum

284 1921 415 1961 vero
449 1903 721 1976 evangelii
750 1913 804 1960 et
823 1912 978 1960 actus
1022 1904 1242 1960 Domini
1278 1906 1350 1962 ita
1380 1910 1708 1964 recensebat
1740 1952 1755 1977 ,
1784 1912 1899 1967 acsi

288 1998 344 2052 in
371 1997 514 2053 libro
538 1996 766 2071 legeret,
799 2003 854 2051 et
874 1996 1078 2052 dictata
1115 1997 1183 2052 ab
1211 1998 1336 2052 aliis
1357 2002 1741 2069 pronuntiaret
1765 2021 1779 2068 ;
1803 2004 1899 2074 qui

288 2087 453 2143 etiam
477 2103 600 2142 cum
642 2087 743 2142 hec
770 2086 974 2141 clausis
1006 2087 1181 2143 oculis
1211 2088 1441 2155 diceret,
1467 2091 1620 2146 laicis
1648 2098 1702 2147 et
1734 2093 1902 2147 illite-

288 2180 417 2234 ratis
445 2178 534 2233 vix
589 2178 738 2250 loqui
793 2178 1143 2253 dignabatur,
1193 2180 1350 2250 quasi
1406 2196 1600 2236 eorum
1632 2182 1899 2254 ignoran-

286 2269 416 2324 tiam
450 2274 734 2340 pertaesus,
768 2268 861 2340 qui
894 2275 1003 2322 tam
1036 2267 1310 2339 profunda
1342 2268 1489 2324 intus
1511 2271 1793 2327 audiebat.

358 2356 517 2425 1129,
546 2359 713 2424 (Cant.
761 2356 929 2426 Mart.)
986 2356 1307 2412 Coenobium
1366 2358 1668 2430 Ursicampi
1704 2360 1902 2415 funda-

286 2461 401 2507 tum
434 2458 518 2506 est
546 2467 577 2504 a
615 2449 960 2505 nobilissimo
993 2450 1211 2521 presule
1258 2452 1633 2520 Noviomensi,
1675 2453 1902 2510 domino

286 2543 532 2609 Simone,
561 2542 653 2613 qui
684 2541 925 2615 Hugonis
948 2541 1129 2613 magni
1162 2541 1308 2597 filius
1359 2542 1477 2610 fuit,
1525 2543 1692 2599 frater
1715 2552 1896 2599 autem

290 2630 500 2687 Radulﬁ
532 2630 769 2696 comitis,
802 2637 857 2684 et
887 2631 1033 2705 regis
1062 2629 1320 2685 Ludovici
1343 2633 1625 2701 patruelis,
1656 2633 1896 2688 adducto

286 2730 561 2779 conventu
588 2723 981 2778 monachorum
1014 2738 1045 2777 a
1103 2722 1421 2789 Claravalle,
1459 2731 1513 2779 et
1540 2724 1746 2781 domno
1771 2718 1897 2780 Wa-

286 2813 515 2868 leranno
542 2812 720 2883 primo
786 2811 984 2867 abbate
1014 2810 1293 2880 ordinato,
1320 2812 1414 2884 qui
1463 2813 1672 2884 primus
1705 2830 1769 2869 ex
1797 2830 1901 2870 no-

284 2904 581 2961 bilioribus
630 2904 882 2976 personis
921 2903 1277 2960 Clarevallem
1332 2920 1431 2960 sua
1478 2906 1901 2963 conversatione
1936 2956 1979 2977 η

1933 2960 2145 3047 Cforte
2173 2990 2524 3062 significavit,
2552 2960 2715 3062 'quod
2768 2990 2822 3044 in
2888 3006 3028 3065 pago
3076 2960 3409 3046 Suessonico
3427 2991 3625 3047 eodem

287 2992 598 3050 illustravit.

359 3086 515 3143 1131.
545 3087 654 3143 Sed
685 3087 933 3159 presules
967 3084 1323 3142 ecclesiarum
1342 3103 1405 3143 ac
1430 3087 1708 3159 principes
1729 3090 1901 3145 seculi

285 3177 697 3254 promptissime
728 3175 1070 3241 annuehant,
1126 3175 1211 3230 vel
1260 3176 1426 3231 etiam
1472 3184 1670 3248 sponte
1701 3175 1900 3232 offere-

284 3275 416 3330 bant
436 3281 627 3339 terras,
662 3278 837 3343 prata,
862 3286 1110 3337 nemora,
1157 3280 1213 3326 et
1257 3279 1440 3326 cetera
1482 3287 1592 3342 que
1622 3278 1902 3328 monaste-

282 3368 378 3424 riis
406 3364 731 3421 edificandis
791 3362 1105 3419 necessaria
1170 3369 1347 3420 erant.
1398 3363 1639 3418 Ecclesia
1691 3372 1897 3419 sanctae

280 3459 462 3515 Mariae
493 3458 549 3512 in
569 3455 876 3528 episcOpio,
901 3461 1121 3527 totaque
1153 3469 1293 3526 pene
1332 3453 1528 3509 civitas
1558 3452 1899 3509 Noviomen-

280 3552 356 3605 sis
386 3549 642 3607 incendio
657 3547 1037 3621 conﬂagravit,
1084 3547 1234 3615 justo
1262 3555 1320 3601 ut
1360 3544 1534 3601 fertur
1566 3544 1891 3613 infortunio,

281 3638 409 3710 quia
435 3653 709 3692 summum
734 3636 1051 3707 pontilicem
1083 3634 1467 3690 Innocentium
1499 3634 1681 3689 verbis
1701 3634 1896 3690 irriso-

282 3730 378 3785 riis
416 3729 573 3784 multi
596 3728 811 3783 illorum
869 3728 1369 3782 exhonoraverunt.
1416 3726 1731 3781 Clarevallis
1782 3727 1892 3782 duo

281 3816 538 3873 eoenobia
567 3832 676 3869 una
703 3815 795 3869 die
827 3814 1105 3885 produxit,
1138 3812 1348 3868 scilicet
1396 3814 1799 3886 Longipontum
1840 3823 1895 3869 et

280 3905 602 3975 Rievallem,
629 3911 684 3959 et
705 3912 831 3975 post
855 3919 1061 3974 paucos
1084 3918 1303 3957 menses
1332 3902 1615 3957 Valcellas.

353 3996 511 4051 1132.
554 3995 679 4051 Obit
729 3995 813 4049 vir
866 4000 1087 4049 sanctus
1131 3993 1282 4067 llugo
1355 3993 1919 4066 Gratianopolilanus.

280 4085 597 4157 episcopus,
634 4085 793 4156 cujus
849 4084 1161 4157 religiosam
1215 4083 1513 4140 admodum
1569 4084 1734 4139 vitam
1756 4100 1894 4141 con-

280 4174 501 4246 scripsit
530 4174 665 4249 Gigo
692 4173 841 4245 prior
879 4172 1147 4228 Cartusie.

352 4263 920 4320 1135.1llonasterium
979 4262 1049 4318 de
1096 4262 1254 4318 Prato
1321 4262 1611 4318 fundatum
1675 4270 1757 4318 est
1785 4264 1889 4319 sub

278 4358 452 4429 primo
471 4356 673 4412 abbate
701 4356 887 4421 Petro;
951 4356 1125 4428 prima
1170 4356 1435 4429 plantatio
1469 4373 1631 4428 quam
1664 4357 1890 4427 protulit

278 4450 801 4522 paterWalerannus
831 4465 897 4505 ex
924 4449 1149 4521 propria
1175 4449 1361 4505 domo.

350 4543 503 4597 1138.
538 4542 667 4613 (Ιὺ.)
700 4542 809 4597 l-loc
839 4548 1086 4612 tempore
1119 4541 1451 4597 venerabilis
1481 4542 1605 4596 vitae
1650 4541 1885 4596 Alexan-

273 4633 391 4697 der,
426 4633 635 4703 primus
657 4632 827 4686 abbas
856 4632 1047 4688 Μοτῐυί
1083 4632 1272 4699 maris,
1299 4649 1359 4687 se
1389 4639 1443 4687 et
1473 4630 1695 4687 domum
1728 4648 1885 4686 suam

272 4723 498 4779 tradidit
521 4723 704 4777 abbati
737 4723 1059 4795 Ursicampi.

350 4819 506 4875 1140.
542 4817 862 4872 C(enobium
893 4826 1097 4875 sancta:
1129 4819 1312 4875 Marize
1345 4821 1412 4875 de
1440 4820 1728 4875 Fresmont
1749 4819 1884 4885 {538)

277 4912 414 4984 apie
443 4909 710 4966 memorie
742 4909 1070 4966 Waleranno
1115 4911 1292 4981 primo
1324 4912 1519 4967 abbate
1586 4909 1884 4981 Ursicampi

279 5004 559 5059 fundatum
588 5008 688 5063 est.
717 5001 821 5057 sub
842 5000 1018 5057 electo
1060 5012 1213 5073 patre
1237 5003 1500 5058 Manasse.

349 5097 508 5153 1141.
537 5086 664 5152 Orta
689 5092 1040 5150 dissensione
1098 5094 1242 5150 inter
1271 5112 1465 5168 papam
1503 5096 1806 5151 Romanum
1832 5101 1887 5150 et

1995 356 2263 411 turbatur.
2305 355 2570 412 Defuncto
2602 357 2752 411 enim
2783 356 3033 412 Alberico
3065 356 3395 411 Bituriceusi
3437 356 3630 412 archi-

1993 448 2285 519 episcOpo,
2322 448 2526 503 missus
2554 448 2911 517 cstPetrus,a
2941 465 3085 520 papa
3104 448 3428 504 Innocentio
3442 448 3627 503 eidem

1993 542 2208 597 eelesiae
2232 549 2417 613 pastor
2444 550 2799 598 consecratus
2831 561 2845 607 ;
2876 544 2977 598 sed
3006 560 3038 598 a
3072 559 3201 616 rege
3234 542 3511 599 Ludovico
3535 559 3628 599 re-

1995 633 2272 704 pudiatus,
2307 649 2373 688 eo
2403 635 2553 705 quod
2602 634 2725 689 sine
2768 634 2889 700 ejus
2945 650 3174 689 assensu
3237 634 3403 689 fuerit
3460 635 3619 690 ordi-

1997 730 2157 777 natus
2188 723 2257 777 in
2313 723 2585 779 civitatem
2633 723 2864 779 minime
2916 723 3198 794 recipitur.
3236 724 3405 793 Cujus
3440 732 3632 796 partes

1996 812 2145 885 quia,
2181 820 2407 883 prepter
2436 814 2804 868 reverentiam
2844 829 2943 869 seu
2971 813 3308 869 voluntatem
3349 829 3631 884 papae,co-

1997 917 2114 955 mes
2156 901 2505 958 Theobaldus
2565 904 2749 959 fovere
2795 905 3110 972 videbatur,
3171 905 3445 971 simultas,
3504 922 3633 977 qua:

1997 994 2177 1064 sepita
2203 996 2514 1065 putabatur,
2567 996 2711 1052 inter
2769 1013 2955 1070 regem
2985 1005 3041 1053 et
3081 998 3264 1070 ipsum
3320 997 3494 1069 coepit
3543 1014 3636 1054 re-

2004 1084 2302 1156 pullulare.

2073 1193 2231 1248 1142.
2263 1193 2387 1248 Obit
2441 1199 2594 1264 pater
2641 1193 3024 1261 Walerannus,
3067 1193 3241 1248 abbas
3296 1193 3628 1266 Ursicampi,

2004 1283 2261 1340 fundator
2308 1285 2541 1339 duarum
2594 1286 2939 1340 abbatiarum
2990 1285 3161 1355 (530),
3222 1292 3453 1357 excepta
3511 1294 3631 1342 ter-

2002 1374 2086 1428 cia
2111 1375 2280 1445 (510),
2309 1392 2475 1447 quam
2511 1375 2922 1446 sibiadoptavit
2954 1375 3009 1430 in
3042 1374 3232 1430 ﬁliam.

2071 1486 2235 1541 1116.
2268 1488 2391 1556 (1b.)
2423 1487 2579 1558 Apud
2612 1488 3139 1561 NorwicumAngliaa
3163 1487 3435 1542 civitatem
3460 1487 3630 1543 Judei

1931 1581 1979 1649 Β
2003 1580 2393 1635 crucifixerunt
2416 1597 2645 1652 puerum
2675 1579 2951 1653 quendam
2982 1580 3367 1646 christianum,
3390 1581 3623 1636 nomine

2009 1673 2369 1741 Willelmum,
2411 1690 2573 1745 quem
2617 1674 2784 1729 etiam
2828 1672 2975 1728 foras
3008 1673 3283 1728 civitatem
3327 1672 3395 1727 ab
3434 1673 3515 1728 eis
3545 1690 3635 1729 se-

2008 1764 2240 1836 pultum,
2276 1764 2463 1820 divina
2502 1766 2613 1832 lux,
2661 1773 2721 1820 ut
2751 1765 2954 1831 ferunt,
3007 1780 3175 1836 super
3226 1781 3352 1819 eum
3386 1766 3641 1821 emicans

2006 1857 2546 1929 declaravit;sicque
2586 1874 2617 1912 a
2672 1857 2928 1913 fidelibus
2958 1857 3236 1922 inventus,
3287 1857 3632 1912 honorabili-

2006 1957 2089 2002 ter
2118 1954 2199 2003 est
2230 1947 2286 2001 in
2310 1947 2545 2002 ecclesia
2577 1946 2792 2018 positus

2075 2061 2213 2115 1148
2297 2060 2510 2115 Sanctae
2570 2059 2848 2115 memoria:
2894 2059 3206 2126 Malachias,
3260 2059 3631 2116 Hibernorum

2004 2149 2320 2221 episcOpus,
2355 2156 2409 2203 et
2431 2149 2733 2221 apostolico
2775 2149 2926 2204 sedis
2971 2149 3183 2220 lega'us
3228 2149 3510 2204 voluntate
3532 2150 3633 2205 Dei

2008 2242 2170 2296 finem
2225 2243 2333 2297 vite
2382 2243 2632 2309 sortitus,
2670 2243 2818 2313 apud
2879 2242 3253 2309 Clarevallem,
3316 2244 3460 2299 sicut
3514 2243 3639 2314 ipse

2006 2332 2349 2404 prcelegerat
2406 2339 2462 2384 et
2521 2330 2852 2413 predixerat,
2899 2332 3078 2386 locum
3119 2334 3413 2402 sepulturae
3454 2348 3615 2387 acce-

2005 2423 2085 2494 pit
2119 2424 2238 2489 ;cui
2268 2423 2535 2479 successit
2586 2423 2922 2478 Christianus
2966 2424 3140 2479 abbas
3170 2424 3510 2490 Mellifontis,
3540 2426 3629 2479 vir

2006 2512 2241 2584 plurima
2267 2513 2553 2567 sanctitate
2577 2512 2861 2583 praeditus,
2915 2512 3281 2584 quiejusdcm
3314 2514 3484 2569 sancti
3514 2514 3616 2570 viri

1998 2604 2417 2660 archidiaconus
2445 2604 2718 2668 extiterat,
2756 2611 2813 2659 et
2834 2604 3047 2676 primus
3077 2606 3248 2660 abbas
3315 2606 3383 2661 de
3423 2606 3625 2661 ordine

2000 2696 2347 2750 Cisterciensi
2390 2695 2444 2749 in
2473 2695 2791 2750 Hiberniam
2819 2695 2888 2749 ab
2917 2695 3116 2751 abbate
3151 2697 3467 2753 Clarevallis
3547 2713 3643 2752 sa-

2001 2800 2106 2838 crae
2139 2785 2416 2840 memoriae
2448 2785 2722 2865 Bernardo
2766 2782 2942 2839 fuerat
2968 2785 3294 2840 destinatus.

2074 2899 2207 2952 11ὕ1
2283 2898 2433 2953 Hanc
2512 2897 2849 2968 optimorum
2925 2898 3167 2954 virorum
3235 2898 3622 2971 migrationem

2005 3101 2150 3141 anno
2176 3085 2396 3142 accidit.
2451 3084 2582 3140 Cum
2623 3084 2772 3139 enim
2838 3084 3061 3140 hiemali
3102 3084 3229 3156 gelu
3270 3092 3412 3140 terra
3455 3086 3628 3140 vehe-

2006 3187 2219 3235 menter
2249 3179 2608 3246 induruisset,
2636 3196 2834 3250 cespes
2894 3180 3143 3250 plurimae
3174 3180 3540 3253 longitudinis
3570 3188 3629 3236 et

2004 3272 2331 3334 latitudinis,
2363 3273 2433 3327 de
2460 3279 2605 3327 terra
2643 3272 2829 3328 subito
2870 3272 3111 3339 avulsus,
3153 3273 3318 3347 longe
3347 3272 3413 3327 ad
3450 3272 3620 3328 alium

2002 3366 2180 3421 locum
2221 3371 2306 3420 est
2344 3364 2657 3419 translatus.

2068 3458 2225 3512 1151.
2264 3457 2534 3513 Robertus
2572 3456 2642 3511 de
2696 3456 2886 3524 Botua,
2946 3457 3029 3511 vir
3081 3456 3233 3512 omni
3292 3456 3495 3527 plenus
3521 3470 3624 3510 ne-

1997 3549 2195 3622 quitia,
2229 3556 2495 3614 nepotum
2542 3564 2768 3605 suorum
2837 3555 3013 3604 castra
3066 3548 3367 3623 ingressus,
3423 3547 3615 3602 dolose

1996 3638 2347 3708 tyrannidem
2375 3645 2596 3692 exercet
2625 3636 2681 3691 in
2740 3643 2884 3691 terra
2934 3635 3024 3706 (cf.
3059 3641 3210 3692 Cant.
3246 3635 3466 3703 Proem.)
3516 3635 3617 3699 Qui

1956 3732 1969 3741 ’
1995 3729 2193 3799 spiritu
2214 3727 2376 3782 etiam
2407 3726 2663 3797 zelotipie
2677 3742 2998 3793 succensus,
3015 3724 3605 3797 quendamhominem

1994 3835 2154 3873 suum
2181 3818 2313 3872 satis
2343 3816 2585 3882 ﬁdelem,
2644 3832 2768 3871 cum
2809 3816 2917 3871 alio
2976 3814 3091 3870 viro
3123 3821 3177 3869 et
3213 3830 3324 3869 una
3353 3813 3613 3877 muliere,

1996 3906 2136 3961 intra
2165 3905 2554 3961 domunculam
2619 3903 3030 3961 comburendos
3080 3902 3238 3971 jubet
3269 3901 3497 3957 includi.
3526 3901 3609 3956 llli

1994 4013 2122 4053 vero
2155 3997 2324 4053 instar
2353 3997 2704 4067 antiquorum
2764 3995 2928 4050 trium
2983 4010 3277 4066 puerorum
3322 3994 3488 4049 domo
3522 4010 3614 4048 ar-

1994 4091 2181 4155 dente,
2206 4100 2260 4145 et
2288 4090 2505 4145 flamma
2535 4105 2704 4160 super
2740 4089 2922 4158 capita
2953 4103 3142 4144 eorum
3176 4088 3229 4141 in
3267 4087 3492 4143 modum
3520 4086 3607 4140 lu-

1994 4180 2131 4235 cida)
2175 4179 2337 4233 nubis
2392 4177 2679 4242 volitante,
2740 4176 2897 4231 illiesi
2958 4182 3403 4247 permanserunt.
3470 4175 3619 4239 Quos

1994 4271 2140 4328 foras
2161 4286 2418 4343 egressos
2473 4286 2595 4324 cum
2656 4274 3080 4339 persequeretur
3129 4267 3353 4339 iniquus
3382 4266 3474 4321 ille
3508 4266 3612 4320 mi-

1991 4362 2185 4426 nister,
2219 4359 2306 4415 cui
2360 4358 2620 4414 dominus
2663 4374 2798 4412 suus
2859 4357 2962 4412 hoc
3009 4355 3220 4411 facinus
3268 4355 3614 4422 injunxerat,
3680 4366 3689 4373 ‘

1987 4456 2040 4503 et
2065 4449 2351 4520 evaginato
2382 4446 2565 4519 gladio
2616 4461 2788 4501 unum
2857 4461 2922 4499 ex
2973 4443 3055 4498 eis
3112 4442 3279 4497 ferire
3317 4441 3609 4507 voluisset,

1988 4549 2213 4613 repente
2241 4540 2492 4611 quzedam
2544 4537 2840 4593 invisibilis
2898 4550 3134 4607 persona
3164 4542 3312 4590 retro
3348 4549 3474 4588 eum
3510 4549 3613 4604 per

1988 4622 2199 4690 comam
2240 4631 2435 4703 capitis
2471 4629 2862 4702 apprehendit,
2919 4634 2972 4683 et
3026 4643 3151 4682 eum
3202 4642 3367 4698 equo,
3403 4626 3490 4680 cui
3517 4641 3611 4680 se-

1988 4724 2173 4785 debat.
2209 4722 2260 4776 in
2296 4732 2489 4776 terram
2520 4718 2859 4791 praecipitem
2890 4716 3060 4771 dedit.
3122 4715 3275 4770 Unde
3301 4724 3356 4768 et
3382 4729 3509 4768 mox
3532 4712 3605 4767 ad

1987 4816 2244 4870 Sanctum
2275 4813 2539 4868 Jacobum
2591 4827 2651 4866 se
2695 4812 2898 4865 iturum
2932 4824 3053 4864 esse
3084 4806 3390 4879 spopondit
3420 4806 3517 4860 scd
3560 4812 3617 4859 et

1988 4909 2088 4971 illi,
2132 4923 2270 4979 quos
2300 4904 2522 4976 propria
2574 4902 2918 4959 conservavit
2972 4899 3308 4964 innocentia,
3376 4896 3609 4972 gratiam

1987 4997 2082 5054 Dei
2118 5013 2227 5054 non
2253 4996 2309 5050 in
2329 5010 2565 5050 vacuum
2631 4991 2990 5063 accipientes,
3018 4990 3184 5046 vitam
3226 5003 3379 5042 suam
3413 4985 3468 5040 in
3495 5000 3611 5039 me-

1987 5093 2095 5149 lius
2128 5098 2496 5148 mutaverunt.

1828 5263 2035 5320 NOT/E.

350 5447 496 5521 (538)
524 5448 774 5521 Frigidus
806 5448 980 5521 Mons,
1014 5448 1181 5521 diwc.
1218 5448 1643 5506 Bellovaeensis.

356 5519 503 5592 (539)
533 5519 794 5578 De'Prato
827 5527 887 5592 et
902 5520 1152 5596 Frigidus
1182 5535 1362 5577 mons.

2080 5446 2231 5516 (540)
2258 5444 2526 5502 Mortuum
2560 5458 2733 5497 mare.
