3916 6064
231 247 343 302 409

1149 245 1497 302 CHRONICA.
1539 276 1608 288 —
1647 247 2025 305 AUCTARIUM
2065 250 2327 307 NlCOLAl
2369 251 2636 308 AMBIAN.

3465 261 3573 318 410

2572 389 2976 397 “—

625 547 1430 648 AUCTARIUM
1527 551 2102 650 NICOLAI
2208 553 3166 654 AMBIANENSIS.

300 767 560 845 Nicotaus
593 767 974 845 Ambiriiiensis
1005 771 1151 845 circa
1183 786 1238 845 ιιἶ
1266 769 1408 845 ηρβ
1454 771 1606 826 breve
1623 771 1907 826 chroui'cou
1946 773 2016 826 ab
2051 771 2114 829 0.
2155 773 2212 828 ϐ.
2237 789 2407 843 usque
2435 775 2510 828 ad
2538 791 2590 830 α.
2633 775 2772 831 1203
2801 778 3024 845 scripsit
3062 780 3174 830 octo
3205 777 3382 841 libris,
3402 781 3570 833 totum

225 839 300 918 ad
329 839 550 918 verbum
592 841 942 918 compitalth
969 856 1038 894 ea:
1068 841 1324 918 Eusebio,
1349 843 1695 918 Hieronymo,
1737 845 2010 911 Sigeberto
2039 845 2260 918 ejusque
2301 839 2764 902 couti’nmitoribus
2793 839 3173 916 Ursicampino
3204 839 3572 918 atque'Aqui-

223 911 484 990 cinctino,
517 911 714 990 quibus
744 912 970 990 aliunde
989 915 1158 980 petita
1186 915 1532 990 interspersa
1566 929 1629 968 ea
1658 918 1874 990 tantum
1917 931 2037 990 qua;
2065 911 2374 990 [iic'dumus
2404 935 2431 972 e
2467 919 2642 972 codice
2680 921 2828 988 regio
2859 911 3156 973 Par-isicnsi
3182 911 3324 973 inter
3340 911 3570 990 Supple-

217 984 404 1054 mmtrt
463 981 641 1034 latina
683 999 738 1035 η.
796 982 900 1038 783
953 998 999 1037 δ.
1036 999 1163 1036 xvtu
1219 981 1488 1054 descripto
1534 1001 1560 1038 e
1589 986 1764 1039 codice
1791 981 1942 1040 olim'
1971 987 2268 1054 Pithmuno,
2311 993 2422 1042 tum
2475 981 2782 1052 Christt'na},
2829 1006 2972 1043 nunc
3025 993 3284 1045 Vaticano
3336 1007 3391 1045 η.
3413 981 3558 1052 ἸίΗ,

229 1051 574 1129 memorans.
625 1067 734 1107 xw.
787 1056 876 1109 Ea:
941 1054 1118 1108 eodem
1174 1056 1353 1110 codice
1390 1051 1537 1125 regio
1593 1071 1764 1111 annos
1823 1057 2136 1113 1113-1204
2185 1051 2461 1129 excerptas
2512 1061 2633 1129 jam
2689 1051 2864 1116 edidit
2899 1065 3030 1117 Dom
3083 1061 3232 1117 Brial
3278 1064 3423 1128 XIV,
3475 1051 3566 1127 2t,

221 1123 429 1189 XVIII,
474 1123 596 1178 701.

287 1267 418 1322 424.
473 1267 576 1332 Qui
635 1283 758 1323 cum
809 1285 840 1324 a
897 1269 1134 1342 quodam
1193 1273 1464 1328 monacho
1519 1289 1688 1344 super
1745 1288 1836 1342 eo,
1864 1273 2272 1346 Aimperatore
2309 1275 2524 1344 directi,
2555 1276 2607 1331 in
2664 1277 2954 1333 Cersonam
2987 1277 3350 1348 deportavere
3382 1275 3567 1330 Marti-

213 1355 369 1426 quod
403 1354 646 1426 petebat,
693 1371 826 1428 sepe
869 1359 1140 1429 repulsam
1175 1360 1420 1430 patiente
1457 1361 1840 1415 excommuni-

213 1456 376 1504 eatus
407 1457 575 1514 esset,
605 1457 660 1504 et
699 1452 1002 1506 monachus
1039 1453 1364 1528 aufugisset,
1399 1455 1535 1510 dixit
1582 1471 1639 1510 se
1693 1457 1838 1512 nolle

208 1555 433 1594 sumere
462 1538 671 1607 cibum,
728 1541 906 1596 donec
959 1541 1346 1598 absolveretur
1390 1543 1460 1598 ab
1509 1561 1597 1611 eo,
1643 1546 1840 1601 Verum

207 1647 339 1686 cum
375 1631 482 1686 loci
515 1632 664 1686 illius
696 1633 991 1705 cpiscopus
1023 1635 1414 1705 prouunciaret
1453 1653 1577 1692 eum
1612 1637 1838 1693 absolu—

209 1728 356 1788 tum,
391 1723 680 1794 presertim
721 1741 845 1779 cum
889 1741 1000 1780 non
1037 1726 1273 1797 quilibet
1323 1729 1839 1784 excommunicandi

207 1817 461 1874 habeant
490 1825 840 1892 potestatem,
901 1837 1010 1876 non
1067 1822 1343 1894 acquievit
1386 1831 1569 1880 tamen
1601 1824 1839 1896 impera-

203 1920 315 1974 tor,
376 1926 669 1984 quousque
725 1913 794 1968 ab
833 1915 1376 1972 excommunicatore
1429 1917 1619 1974 fuisset
1675 1920 1841 1976 abso-

203 2003 381 2058 lutus.

279 2094 412 2149 535.
456 2093 556 2159 Qui
595 2094 944 2152 insimulatus
977 2114 1007 2152 a
1046 2097 1251 2170 pOpulo
1277 2115 1398 2166 suo,
1431 2115 1498 2156 eo
1526 2101 1674 2173 quod
1705 2101 1840 2156 mis-

211 2202 334 2240 sam
370 2185 660 2242 celebrans
697 2187 962 2255 diluculo,
1015 2191 1199 2246 statim
1242 2192 1429 2247 cibum
1465 2202 1731 2260 sumeret,
1771 2195 1838 2252 ad

202 2273 360 2346 quod
420 2281 607 2330 tamen
663 2291 790 2331 eum
857 2276 1149 2335 infirmitas
1203 2279 1539 2352 impellebat,
1611 2283 1836 2339 Romam

204 2382 453 2440 pergens
501 2367 810 2440 sitiensque
841 2369 895 2424 iu
927 2371 1148 2428 deserto
1179 2388 1287 2444 quo
1335 2374 1622 2442 transibat,
1671 2367 1839 2432 silve-

206 2466 356 2514 stres
415 2476 606 2516 cervas
644 2469 788 2518 stare
839 2462 1029 2532 jussit,
1087 2471 1486 2538 steteruntque,
1546 2485 1835 2542 quousque

204 2549 353 2603 lacte
385 2565 576 2605 earum
626 2558 789 2622 polus
820 2559 903 2608 est
955 2561 1010 2608 et
1047 2554 1306 2611 refectus.
1361 2557 1571 2613 Deinde
1627 2575 1838 2630 pauper

1941 1381 2094 1428 num,
2127 1367 2224 1420 ubi
2245 1365 2542 1422 defunctus
2572 1375 2654 1422 est
2686 1377 2898 1439 postea,
2957 1375 3012 1422 et
3051 1384 3252 1438 corpus
3307 1367 3430 1435 ejus
3462 1367 3564 1422 de-

1942 1469 2088 1508 mum
2153 1455 2376 1510 Romam
2438 1455 2689 1522 relatum,
2749 1456 3024 1526 sepultum
3073 1463 3162 1510 est
3214 1456 3268 1510 in
3329 1455 3564 1511 ecclesia

1941 1547 2116 1602 sancti
2147 1547 2415 1604 Silvestri.

2013 1633 2136 1690 670.
2199 1636 2368 1708 llujus
2399 1643 2648 1707 tempore
2703 1636 2950 1692 ecclesia
2983 1637 3291 1706 Ravennas,
3323 1655 3432 1709 que
3471 1639 3564 1692 diu

1944 1732 2248 1782 recesserat
2269 1739 2300 1776 a
2332 1723 2594 1789 Romana,
2639 1723 2800 1778 rediit
2827 1725 2890 1778 ad
2918 1741 3060 1779 eam.

2011 1818 2135 1873 684.
2169 1816 2280 1871 Sub
2308 1817 2414 1872 hoc
2443 1815 2715 1872 indultum
2749 1825 2833 1872 est
2859 1819 2928 1873 ab
2961 1819 3315 1890 imperatore,
3367 1827 3427 1874 ut
3457 1820 3567 1875 Ro-

1940 1922 2138 1961 manus
2169 1922 2308 1976 papa
2357 1905 2564 1960 nullius
2620 1907 2886 1978 requisito
2929 1923 3224 1971 consensu,
3270 1908 3451 1964 statim
3491 1925 3564 1964 ex

1941 2009 2052 2066 quo
2079 1994 2322 2066 eligitur,
2346 2004 2720 2049 consecretur.

2009 2081 2134 2136 786.
2169 2081 2268 2146 Qui
2329 2081 2856 2152 Constantinopolim
2911 2081 3211 2154 aliquando
3239 2085 3490 2152 veniens,
3523 2103 3556 2140 a

1940 2168 2249 2225 Justiniano
2277 2169 2585 2224 honoriﬁce
2613 2178 2925 2241 susceptus,
2959 2171 3112 2224 urbis
3153 2171 3304 2243 regie
3327 2172 3559 2243 privile-

1939 2261 2029 2336 gia
2067 2261 2371 2318 renovavit.
2406 2261 2519 2326 Qua
2566 2277 2783 2317 reverso
2823 2262 3073 2329 Romam,
3104 2263 3410 2318 trucidatur
3437 2265 3562 2319 Jus-

1941 2351 2182 2405 tinianus
2212 2367 2244 2404 a
2275 2349 2582 2422 Philippico
2623 2350 2917 2422 imperium
2948 2351 3250 2422 arripiente
3290 2351 3554 2408 heretico.

1939 2439 2038 2503 Qui
2073 2447 2298 2510 prepter
2329 2439 2566 2494 heresim
2599 2455 2702 2494 nec
2731 2441 2900 2496 Rome
2951 2440 3172 2496 habitus
3201 2449 3286 2496 est
3316 2441 3554 2512 impera-

1935 2541 2042 2603 tor,
2085 2551 2187 2591 nec
2228 2537 2414 2590 Petrus
2437 2537 2506 2591 ab
2537 2552 2604 2592 eo
2632 2537 2834 2592 missus
2861 2537 3200 2606 Ravennam,
3224 2545 3283 2593 ut
3317 2540 3411 2594 Ital
3426 2539 3473 2594 ie
3507 2540 3557 2595 el

213 2639 416 2694 Christi
458 2657 568 2698 non
603 2642 816 2697 habens
845 2643 996 2699 unde
1037 2661 1235 2716 papam
1287 2646 1604 2715 honoraret,
1627 2623 1867 2720 'inspem‘

1951 2624 2309 2682 Remauorum
2331 2627 2438 2682 dux
2467 2636 2631 2694 esset,
2668 2628 2838 2700 recipi
2881 2629 3060 2698 potuit
3081 2647 3113 2684 a
3141 2629 3418 2685 Romanis.

206 2735 329 2783 clas
367 2745 498 2784 aves
545 2731 794 2786 volantes
819 2739 974 2802 aptas
1004 2732 1192 2788 edulio
1245 2735 1366 2803 ejus
1407 2735 1605 2792 itinere
1653 2738 1830 2808 pede-

204 2821 307 2876 stri
355 2831 553 2877 euntes
578 2823 646 2877 ad
683 2823 1015 2893 presentiam
1065 2825 1248 2900 Vigilii
1280 2825 1463 2882 eidem
1504 2827 1676 2882 dedit.
1730 2829 1830 2894 Qui

204 2911 430 2984 cognita
483 2911 585 2966 viri
631 2913 944 2981 sanctitate,
981 2915 1133 2970 omni
1181 2922 1372 2970 contra
1423 2932 1549 2971 cum
1580 2917 1830 2990 calump-

209 3004 680 3061 niam......

277 3095 403 3152 633.
439 3095 549 3152 Hoc
575 3097 750 3154 electo
777 3099 979 3154 milites
1031 3099 1262 3155 Romani
1292 3099 1610 3156 invaserunt
1643 3102 1828 3158 eccle-

205 3188 346 3242 siam
387 3187 834 3258 Lateranensem,
867 3191 1056 3248 omnia
1103 3208 1230 3248 vasa
1259 3209 1428 3248 aurea
1480 3201 1535 3249 et
1565 3202 1827 3268 argentea

203 3284 576 3346 asportantes,
610 3279 837 3335 et‘inter
881 3295 941 3335 se
972 3287 1182 3351 partem
1227 3281 1560 3350 dividentes,
1615 3293 1826 3354 partem

204 3365 392 3420 erario
442 3367 885 3424 transmiserunt.
944 3368 1231 3424 Mauritius
1271 3379 1455 3427 autem
1509 3372 1832 3428 cartularius

204 3460 260 3510 et
291 3455 500 3510 lsacius
531 3457 786 3528 patritius
814 3465 870 3514 et
917 3460 1158 3514 exarcha
1205 3460 1373 3516 totius
1404 3461 1580 3528 ltalie,
1625 3462 1831 3533 quibus

203 3545 490 3602 actoribus
542 3547 684 3603 facta
733 3557 885 3613 sunt,
956 3564 1067 3604 non
1129 3549 1226 3604 diu
1283 3548 1609 3620 impunitate
1657 3550 1829 3624 gavisi

203 3645 368 3706 sunt;
401 3655 526 3694 nam
555 3639 834 3696 Mauritius
887 3640 957 3696 ab
1004 3642 1179 3698 lsacio
1215 3641 1522 3697 decollatus
1564 3651 1647 3698 est
1695 3659 1825 3714 pos-

201 3737 313 3797 tea,
347 3737 401 3785 et
431 3730 682 3788 lsaciusa
713 3733 824 3789 Deo
852 3749 1173 3805 percussus.

271 3822 400 3876 636.
433 3821 601 3890 Hujus
631 3831 879 3894 tempore
914 3824 1113 3895 Pyrrus
1150 3825 1220 3880 ob
1255 3825 1489 3880 heresim
1543 3825 1828 3896 depositus

2005 2722 2129 2777 902.
2163 2723 2252 2778 His
2301 2723 2648 2794 temporibus
2693 2725 3040 2780 Gormundus
3087 2741 3184 2780 rex
3237 2726 3446 2782 Alfricae
3486 2727 3554 2782 de

1933 2822 2080 2870 secta
2117 2815 2424 2871 Mahometh
2455 2815 2705 2871 collectis
2757 2817 2932 2888 c0piis
2984 2833 3214 2894 regnum
3257 2819 3552 2890 Anglorum

1931 2907 2068 2962 mari
2103 2914 2444 2974 transvectus
2487 2908 2706 2964 invasit.
2761 2909 2838 2962 Ad
2873 2925 3037 2980 quem
3070 2909 3402 2986 confugiens
3452 2910 3560 2982 Hy-

1928 2999 2244 3071 senbertus,
2289 3001 2343 3054 in
2371 3001 2704 3057 avunculum
2745 3017 2906 3056 suum
2941 3001 3278 3057 Ludovicum
3335 3018 3422 3057 res
3449 3019 3554 3058 no-

1926 3109 2023 3148 vas
2060 3092 2318 3158 moliens,
2353 3093 2606 3164 promisit
2654 3093 2724 3156 ei,
2761 3094 2908 3165 quod
2957 3109 3062 3164 Ope
3103 3094 3224 3164 ejus
3269 3094 3552 3150 Frauciam

1927 3181 2226 3238 obtineret.
2258 3181 2358 3246 Qui
2392 3199 2531 3237 vana
2560 3198 2657 3253 spe
2687 3183 2906 3249 ductus,
2939 3183 3175 3238 navibus
3219 3184 3406 3239 multis
3434 3185 3557 3240 bel-

1931 3277 2160 3332 latorum
2195 3277 2377 3347 plenis
2431 3277 2659 3332 Pontivo
2720 3277 3028 3348 applicans,
3073 3275 3344 3332 maritima
3375 3295 3556 3350 popu-

1930 3365 2073 3420 latus
2098 3376 2202 3420 est.
2238 3365 2402 3435 Cujus
2423 3366 2721 3421 exercitum
2756 3373 3141 3439 pervagantem
3175 3377 3327 3420 extra
3367 3368 3553 3422 menia

1931 3460 2404 3527 Ambianensium,
2437 3459 2598 3514 fessis
2627 3459 2776 3514 bello
2821 3461 3060 3526 civibus,
3115 3460 3342 3533 indigne
3374 3460 3554 3516 feren-

1930 3557 2012 3605 tes
2041 3558 2308 3617 matrone,
2363 3565 2584 3624 egresse
2635 3549 2828 3604 urbem
2875 3566 2998 3604 cum
3049 3550 3238 3616 armis,
3271 3551 3456 3605 hostes
3481 3552 3550 3605 ad

1930 3651 2106 3699 castra
2155 3643 2344 3717 fugere
2391 3643 2796 3713 compulerunt.
2865 3643 3016 3697 Unde
3050 3642 3397 3717 privilegium
3444 3643 3552 3699 hoc

1929 3744 2273 3800 meruerunt,
2305 3735 2454 3806 quod
2488 3734 2544 3788 in
2603 3734 2838 3790 ecclesia
2867 3733 3131 3789 mulieres
3170 3750 3201 3788 a
3226 3733 3436 3788 dextris
3463 3751 3552 3790 se-

1929 3825 2118 3880 deant.
2163 3823 2446 3878 Ambianis
2497 3840 2591 3879 rex
2620 3832 2805 3878 autem
2866 3823 3196 3878 Francorum
3241 3822 3553 3898 proﬂigavit

200 3932 233 3970 a
262 3915 400 3970 sede
448 3915 1080 3989 ConstantinOpolitana,
1121 3936 1186 3973 ex
1234 3918 1428 3975 Aﬁ'rica
1461 3919 1688 3976 Romam
1743 3936 1830 3976 vc-
1855 3930 1904 3999 ο
1929 3919 2134 3974 deinde
2175 3919 2506 3974 Sarracenos
2549 3918 2694 3986 illos,
2727 3917 3046 3974 Gormundo
3076 3933 3203 3990 rege
3233 3929 3288 3972 et
3325 3918 3554 3990 Hysem-

204 4006 308 4073 nit,
341 4011 396 4060 et
425 4004 628 4061 erroris
658 4006 1023 4078 penitentiam
1053 4024 1084 4062 a
1112 4007 1404 4065 Theodoro
1435 4025 1576 4080 papa
1596 4010 1830 4081 gsuppli-

203 4111 342 4150 cans
368 4094 707 4165 impetravit;
752 4104 808 4150 et
832 4102 1127 4169 antequam
1177 4098 1350 4153 exiret
1382 4098 1601 4165 urbem,
1632 4099 1698 4153 ad
1730 4115 1829 4155 vo-

208 4183 402 4238 mitum
455 4183 680 4239 rediens
711 4185 1222 4242 excommunicatus
1281 4193 1382 4242 est.
1456 4187 1720 4243 Similiter
1772 4195 1829 4242 et

208 4272 414 4328 Paulus
461 4273 710 4342 ejusdem
755 4275 906 4330 sedis
936 4275 1246 4346 patriarcha
1300 4276 1577 4332 hereticus
1629 4292 1660 4331 a
1691 4291 1829 4331 nun-

206 4363 310 4418 ciis
377 4363 522 4418 beati
561 4363 836 4420 Theodori
877 4364 1203 4438 resipiscere
1244 4365 1509 4434 monitus,
1569 4381 1674 4422 nec
1725 4381 1824 4422 ac-

208 4456 528 4529 quiescens,
549 4455 839 4528 depositus
865 4465 968 4512 est.

279 4548 406 4602 648.
489 4547 588 4602 Hic
667 4548 892 4604 Paulum
963 4548 1668 4621 Constantinopolitanum,
1733 4549 1828 4622 qui

210 4636 625 4693 Constantinum
653 4637 1042 4709 imperatorem
1070 4639 1336 4694 docuerat
1361 4639 1590 4694 credere
1620 4639 1828 4695 nullam

207 4730 592 4802 operationem
642 4739 738 4786 aut
796 4731 1131 4786 voluntatem
1186 4731 1242 4786 in
1297 4731 1534 4800 Christo,
1591 4731 1830 4788 concilio

209 4824 434 4872 centum
492 4817 898 4892 quinquaginta
936 4819 1324 4891 episcoporum
1385 4820 1831 4876 excommunica-

207 4909 306 4966 vit.
336 4909 417 4963 Ad
461 4909 670 4964 Italiam
702 4925 836 4985 ergo
878 4912 1176 4986 regendam
1209 4921 1265 4968 et
1305 4913 1374 4968 ad
1410 4913 1652 4969 heresim
1680 4912 1828 4968 illam

209 4997 421 5054 ibidem
452 4999 912 5072 promulgaudam
965 5001 1166 5057 missus
1217 5002 1484 5074 Olimpius
1527 5019 1650 5058 cum
1691 5001 1830 5058 nihil

207 5088 524 5162 proﬁceret,
553 5090 623 5145 de
664 5100 866 5148 conatu
909 5093 1123 5149 Martini
1153 5109 1294 5166 pape
1345 5101 1583 5150 mortem
1622 5094 1834 5150 machi-

1929 4007 2088 4063 berto
2117 4007 2400 4079 proditore
2431 4007 2618 4081 gladio
2661 4007 3030 4078 interemptis.

2007 4097 2158 4152 I147.
2191 4097 2488 4153 Nicholaus
2516 4087 2907 4152 Ambianensis
2961 4096 3226 4164 nascitur,
3273 4097 3367 4170 qui
3413 4098 3553 4154 hanc

1927 4185 2128 4241 seriem
2159 4187 2509 4242 cronicorum
2541 4187 2791 4262 digessit.

2003 4275 2157 4331 ηδε.
2217 4274 2586 4330 Theodericus
2635 4275 3018 4330 Ambianensis
3069 4275 3366 4345 episcopus
3394 4290 3548 4328 suam

1928 4369 2124 4423 cathed
2135 4368 2301 4422 ralem
2322 4367 2615 4424 ecclesiam
2638 4367 2692 4422 in
2713 4367 2925 4423 honore
2957 4367 3114 4421 beate
3145 4365 3310 4420 Marie
3329 4372 3383 4420 et
3407 4366 3550 4420 beati

1931 4463 2158 4518 Firmini
2214 4463 2466 4534 martyris
2517 4461 2826 4518 consecrari
2884 4459 3073 4514 facita
3129 4460 3395 4514 Samsone
3442 4459 3552 4515 Re-

1929 4555 2106 4610 mensi
2163 4554 2603 4626 archiepiscopo,
2663 4552 2861 4608 vicinis
2907 4550 3224 4622 presulibus
3275 4565 3550 4608 convoca-

1932 4643 2018 4700 tis.

2001 4732 2251 4788 1153.1n
2306 4729 2581 4786 territorio
2611 4727 2964 4784 Noviomcnsi
3025 4726 3317 4793 Cansiolis,
3377 4728 3432 4782 in
3467 4744 3553 4784 ec-

1930 4821 2175 4891 clesiola,
2209 4820 2465 4876 monachi
2494 4818 2952 4890 supervenientes
2983 4817 3036 4872 in
3067 4816 3344 4874 fenestula
3371 4820 3552 4892 negli-

1929 4916 2126 4984 genter
2155 4908 2396 4980 positum
2440 4908 2670 4964 calicem
2718 4913 2774 4962 et
2829 4913 3045 4978 stupam
3097 4905 3249 4962 intus
3279 4907 3549 4982 sanguine

1933 4999 2224 5054 rubentem
2243 4999 2757 5070 deprehendentes,
2786 5015 2818 5052 a
2840 4997 3162 5079 presbytero
3187 4998 3405 5069 culpam
3427 5012 3553 5052 con-

1931 5095 2120 5151 fitente
2159 5093 2496 5163 didicerunt,
2529 5111 2652 5151 cum
2697 5102 2857 5167 stupa
2908 5093 3000 5149 illa
3053 5093 3276 5150 solitum
3320 5092 3550 5148 calicem

210 5197 370 5246 nans,
403 5197 531 5238 cum
585 5182 655 5236 ab
686 5199 754 5240 eo
785 5184 1231 5241 communionem
1291 5185 1348 5240 in
1379 5185 1617 5242 ecclesia
1644 5193 1895 5260 sancte__
1931 5185 2221 5260 detergere
2287 5201 2386 5256 per
2469 5185 2758 5252 incuriam,
2819 5185 2959 5240 facta
3042 5182 3402 5255 perceptione
3461 5197 3553 5236 sa-

210 5272 378 5329 Marie
411 5274 482 5328 ad
513 5289 749 5346 presepe
780 5276 1069 5347 reciperet.
1121 5284 1420 5348 expectans
1467 5286 1528 5333 ut
1557 5251 1907 5348 spatariusD
1931 5251 2144 5334 crificii.

209 5378 344 5417 suus
373 5361 552 5431 illum,
593 5363 738 5419 sicut
779 5365 1094 5421 condictum
1141 5365 1340 5432 fuerat,
1370 5365 1716 5434 confoderet,
1743 5381 1832 5422 ex-

211 5465 432 5513 cecatus
453 5474 484 5511 a
509 5457 620 5512 Deo
650 5457 923 5529 Spatarius
951 5459 1021 5514 de
1043 5459 1362 5531 proditione
1390 5458 1606 5515 veniam
1640 5467 1832 5530 postu-

211 5549 362 5607 lavit.
412 5549 520 5605 Sed
549 5557 605 5605 et
634 5549 903 5622 Olimpius
961 5551 1218 5623 penitens
1269 5553 1340 5607 ad
1372 5551 1536 5608 ﬁdem
1581 5551 1746 5607 rediit
1775 5562 1831 5610 et

213 5639 433 5709 culpam
464 5637 776 5694 confessus.
808 5638 1020 5696 Deinde
1053 5641 1122 5696 ad
1180 5641 1328 5698 idem
1367 5641 1582 5714 nephas
1625 5640 1717 5696 alii
1759 5643 1830 5700 ab

2005 5368 2160 5424 118⁸7.
2191 5367 2486 5442 Gregorius
2526 5367 2770 5423 Romane
2797 5366 3032 5423 ecelesie
3075 5361 3318 5436 presidet
3341 5362 3502 5417 t7lus
3534 5383 3549 5430 ;

1931 5459 2025 5533 qui
2054 5459 2234 5514 statim
2280 5459 2350 5514 ad
2390 5458 2707 5514 invitandos
2733 5457 2970 5532 populos
3019 5462 3080 5510 ut
3107 5451 3342 5509 ecclesie
3371 5452 3553 5508 orien-

1929 5548 2025 5604 tali
2065 5559 2407 5617 succurrant,
2448 5549 2660 5624 legatos
2687 5565 2788 5618 per
2812 5547 3057 5602 diversas
3085 5541 3344 5616 regiones
3372 5547 3553 5596 trans-

1931 5640 2128 5710 mittit;
2154 5655 2555 5716 aggressusque
2596 5637 2925 5708 Ferrariam,
2968 5635 3195 5698 Romam
3226 5648 3549 5714 properans,
