3930 6068
401 224 509 279 419

1624 215 1972 271 SIGEBERTI
2012 212 2523 270 GEMBLACENSIS.

3637 218 3750 273 420

477 355 611 413 1037
666 352 972 419 (1036--A.
1002 348 2019 421 Roth..)0biitRobertus,cuisucces-
2042 353 2094 419 Α
2122 353 2177 402 et
2230 347 2487 418 princeps
2528 344 2990 412 Normannorum,
3050 346 3140 401 die
3198 353 3390 404 sancto
3437 349 3640 420 pasche
3686 351 3751 404 in

403 453 472 507 sit
507 449 796 524 Halgerius
823 462 998 518 nepos
1027 445 1149 515 ejus
1176 445 1302 501 46m
1330 444 1783 515 archiepiscopus
1812 444 2020 499 Rotho—

404 538 704 615 magensis.

476 628 635 683 1038.
681 627 869 698 (Hum.
903 626 978 696 Vl)
1008 625 1274 680 Haraldus
1301 654 1371 665 ——
1416 623 1709 695 episcOpus
1741 624 2016 698 Estangle,

407 722 603 794 (Genu.
635 737 730 787 vn,
753 720 865 789 17.)
894 718 1038 774 Obiit
1070 717 1221 793 llugo
1255 716 1571 788 Bajocensis
1608 716 1924 788 episcopus,
1966 724 2020 771 et

406 812 673 869 successit
702 810 816 866 Odo
842 810 1003 881 (560).

474 900 640 964 1040.
686 898 875 970 (Hum.
937 901 1028 962 vi.)
1079 896 1453 951 Fundamenta
1505 896 1768 952 aecclesiae
1834 902 2022 952 sancte

407 990 571 1045 Mario
613 988 671 1042 in
724 985 1060 1041 Gemmctico
1112 985 1370 1038 innovata
1407 990 1535 1038 sunt
1559 984 1627 1039 ab
1657 984 1856 1039 abbate
1915 984 2023 1039 Ro-

407 1086 585 1151 berto,
620 1088 810 1154 postea
857 1078 1265 1135 Cantuariorum
1316 1078 1753 1150 archiepiscopo.
1812 1077 2021 1133 Mortuo

406 1207 475 1217 —
506 1176 578 1230 24
606 1171 785 1229 annis.

478 1267 638 1322 1441.
664 1263 788 1337 (1b.)
821 1262 1115 1318 Edwardus
1142 1294 1206 1303 —
1249 1263 1637 1317 Flandrensem
1669 1260 1947 1316 comitem.

478 1356 639 1413 1042.
673 1354 975 1423 (Gemmvt,
1006 1354 1087 1422 9.)
1118 1351 1536 1406 Lanfrancus—
1561 1350 1795 1405 inveniri
1822 1356 2020 1421 potest.

483 1444 639 1501 1046.
679 1442 849 1515 (Hum
897 1444 994 1510 vx.)
1030 1441 1141 1497 Hoc
1170 1458 1317 1497 anno
1358 1455 1676 1512 -—corpore
1699 1440 1916 1496 minuit.

481 1532 639 1589 1049.
670 1533 749 1599 (Ib
775 1535 794 1601 )
825 1532 897 1586 Eo
937 1538 1184 1601 tempore
1209 1561 1268 1569 —
1290 1545 1577 1585 successor
1601 1529 1739 1598 ejus.

480 1621 638 1679 1051.
683 1621 803 1692 (Ιὸ.)
831 1620 1018 1674 Emma
1052 1619 1291 1673 luerunt.

481 1718 640 1774 1052.
676 1716 795 1788 (1b.)
828 1712 1461 1771 Edwardus—Haraldi.

486 1809 645 1866 1054.
677 1808 893 1879 (Gemm.
927 1824 1023 1875 vn,
1052 1808 1143 1872 21,
1169 1805 1281 1877 22.)
1323 1806 1397 1859 Ex
1426 1820 1535 1877 quo
1566 1836 1631 1845 —
1658 1803 1878 1860 Pratelli
1907 1803 2028 1859 edi-

412 1900 612 1956 ficavit.

486 1988 643 2045 1055.
704 1987 804 2059 (Ib.
852 2002 951 2055 vn,
1017 1985 1133 2055 25.)
1174 1983 1435 2055 Deposito
1492 1984 1749 2059 Malgerio
1793 2015 1858 2025 -
1900 1984 2031 2040 Can-

413 2078 725 2137 tuariensis.

488 2171 639 2229 1060.
695 2172 772 2241 (Ib
832 2186 908 2236 v1,
957 2170 1031 2239 9.)
1083 2167 1316 2224 Sanctus
1386 2167 1672 2223 Anselmus
1750 2200 1798 2209 -

414 2263 548 2319 niet.

486 2354 643 2411 1063.
676 2353 816 2428 (1b.;
870 2352 1036 2407 Hum.
1080 2351 1173 2419 vn.)
1225 2350 1562 2406 Lanfrancus
1599 2380 1669 2390 --
1697 2349 2023 2421 prelationc.

413 2447 544 2502 (.um
575 2447 686 2517 jam
716 2477 784 2486 —
809 2444 1013 2501 crimen
1054 2444 1239 2518 elegit.

484 2534 643 2588 1064.
679 2534 797 2603 (1b.)
831 2533 1147 2588 Dominator
1169 2562 1239 2571 —
1270 2530 1530 2602 perdidit.

487 2621 644 2677 1065.
689 2621 809 2692 (1b.)
842 2620 955 2675 Dux
999 2619 1461 2675 Normannorum.
1491 2651 1556 2659 —
1587 2621 1677 2674 2|.
1708 2637 1875 2677 anno.

481 2712 643 2769 4067.
678 2712 813 2783 (1b.;
872 2714 943 2767 Α.
979 2712 1161 2781 Roth.)
1208 2710 1353 2766 Obiit
1411 2711 1669 2767 Conanus
1698 2744 1767 2753 —
1797 2713 2030 2769 ecclesia

412 2800 563 2855 46W.

485 2888 643 2944 1070.
686 2886 944 2958 Deposito
990 2886 1253 2961 Stigando
1310 2894 1577 2958 apostata,
1609 2887 1703 2960 qui
1738 2888 1889 2960 prius
1920 2888 2033 2945 fue-

414 2990 495 3039 rat
523 2982 819 3055 episcopus
850 2980 1209 3049 Halmeensis,
1241 2998 1348 3054 quc
1377 2981 1538 3037 sedes
1568 2990 1759 3053 postea
1803 2984 1871 3038 ad
1902 2984 2031 3040 Nor-

415 3078 554 3133 vvich
599 3076 857 3132 translata
878 3084 981 3143 est,
1022 3083 1077 3132 et
1116 3084 1306 3147 postea
1333 3077 1627 3149 episc0pus
1651 3077 2030 3135 Wincestren-

415 3166 515 3232 sis,
548 3165 616 3220 ad
640 3165 893 3221 ultimum
926 3164 1224 3236 episcopus
1254 3164 1683 3235 Cantuariensis,
1716 3174 1771 3223 ct
1794 3168 1892 3223 hos
1921 3178 2033 3223 tres

414 3257 655 3311 honores
698 3270 808 3309 non
861 3270 1025 3309 causa
1065 3254 1353 3329 religionis
1379 3254 1476 3309 sed
1517 3255 1838 3326 cupiditatis
1868 3257 2030 3312 simul

416 3344 661 3411 tenebat,
694 3344 842 3399 unde
870 3360 902 3398 a
941 3359 1083 3414 papa
1118 3342 1365 3399 Romano
1405 3344 1878 3401 excommunicato
1909 3344 2034 3401 fue-

416 3442 527 3491 rat:
569 3437 632 3491 V.
676 3436 895 3505 Lanfr.)
924 3434 1262 3489 Lanfrancus
1307 3464 1366 3473 —
1395 3435 1463 3491 18
1493 3436 1673 3492 annis.

493 3522 649 3581 1071.
723 3523 914 3595 (llum.
996 3524 1090 3594 Vl.)
1146 3522 1258 3577 Rex
1310 3523 1608 3597 Anglorum
1648 3556 1720 3569 ——
1763 3527 2033 3583 subdide-

419 3624 567 3673 runt.

488 3708 649 3765 1072.
693 3709 779 3778 (Η.
824 3709 991 3763 Henr.
1028 3707 1137 3777 14.)
1160 3707 1448 3763 Secundus
1479 3708 1874 3767 Balduinus—
1910 3713 2034 3769 obi-

418 3807 537 3856 tum
569 3796 835 3869 possedit.

495 3891 650 3946 1073.
681 3889 932 3945 Monachi
963 3888 1120 3943 Becci
1150 3889 1205 3943 in
1235 3889 1423 3964 vigilia
1454 3889 1765 3948 festivitatis
1789 3896 2035 3952 omnium

420 3992 736 4041 sanctorum
787 3984 856 4038 de
887 3984 1063 4054 prima
1100 3985 1274 4039 veteri
1328 3985 1560 4040 ecclesia
1617 3988 1872 4046 sollemni
1905 4008 2035 4063 pro-

420 4076 678 4134 cessione
732 4082 787 4131 ct
829 4092 1028 4150 magne
1058 4075 1260 4149 gaudio
1291 4077 1602 4133 devotionis
1655 4089 1925 4139 venerunt
1972 4083 2029 4139 in

421 4192 640 4243 novam,
672 4192 834 4248 quam
890 4175 1086 4230 beatus
1126 4175 1421 4232 Herluinus
1459 4178 1705 4247 ejusdem
1761 4182 1864 4239 loci
1907 4184 2032 4261 glo-

422 4265 603 4320 riosus
633 4264 826 4331 abbas,
859 4262 1194 4319 Lanfrancus
1236 4270 1291 4320 et
1325 4265 1635 4336 Anselmus,
1680 4269 1780 4326 viri
1841 4288 2038 4347 magne

424 4353 790 4420 auctoritatis,
819 4353 1217 4409 edificaverunt
1243 4352 1405 4421 (561).

498 4446 655 4500 1074.
706 4446 799 4517 (Α.
855 4446 1038 4517 Roth.)
1068 4445 1467 4522 Congregatum
1522 4456 1606 4504 est
1643 4452 1940 4509 concilium
1970 4487 2039 4497 —

1874 2168 2029 2226 inve-

427 4534 710 4609 Sagiensi;
766 4534 827 4590 in
885 4536 1123 4607 quodam
1198 4535 1268 4590 de
1321 4537 1559 4607 negotiis
1623 4540 2036 4612 ecclesiasticis,

428 4643 591 4701 quam
606 4630 674 4685 de
707 4629 863 4703 regni
894 4628 1222 4686 utilitatibus
1252 4631 1547 4706 diligenter
1577 4642 1962 4694 tractaverunt.

499 4720 657 4776 1075.
702 4721 856 4792 (Cad.
891 4722 1067 4792 1074.)
1114 4722 1429 4777 Willermus
1476 4723 1565 4790 ⁸³9,
1609 4741 1702 4780 rex
1740 4728 2036 4801 Anglorum

2119 435 2353 491 ecclesia
2384 433 2637 489 Fiscanni
2675 433 2876 489 obtulit
2914 432 3081 489 ﬁliam
3138 451 3293 490 suam
3352 435 3605 493 Ceciliam
3647 454 3752 510 per

2119 545 2318 583 manus
2356 528 2624 583 Johannis
2656 528 3059 607 archiepiscopi
3122 530 3586 603 Rothomagensis
3633 533 3749 587 Deo

2119 620 2573 675 consecrandam.
2608 617 2747 672 Inibi
2781 634 3017 691 namque
3046 620 3225 695 legem
3260 620 3517 689 instituit,
3549 639 3617 678 ne
3650 622 3751 677 ali-

2123 713 2248 785 quis
2277 712 2491 767 scilicet
2528 712 2807 766 hominem
2848 712 3118 767 assalliret
3159 729 3256 783 pro
3290 722 3467 770 morte
3511 714 3750 785 alicujus

2122 803 2205 858 sui
2239 803 2506 875 parentis,
2559 801 2669 857 nisi
2724 808 2933 872 patrem
2988 811 3082 858 aut
3124 802 3294 859 filium
3349 804 3746 872 interfecisset,

2124 894 2316 961 (Hum.
2350 893 2452 965 vn.)
2486 892 2729 948 instituit
2785 907 3007 965 quoque
3044 893 3148 948 alia
3179 894 3447 950 secclesiaa
3483 902 3538 951 et
3568 910 3745 968 regno

2123 988 2283 1044 valde
2315 988 2491 1044 utilia.
2528 988 2675 1043 Idem
2699 1004 2793 1046 rex
2813 1004 3018 1044 —cum
3046 1005 3133 1046 co.

2200 1075 2353 1132 1077.
2378 1076 2541 1148 (Gem.
2568 1093 2637 1143 vr,
2668 1076 2745 1148 9.)
2780 1076 3020 1133 Ecclesia
3051 1078 3207 1133 Becci
3243 1109 3304 1119 —
3345 1086 3628 1149 peractum
3662 1087 3751 1134 est

2124 1167 2259 1224 Huic
2310 1169 2477 1223 etiam
2529 1168 2868 1225 dedicationi
2930 1170 3302 1226 interfuerunt
3340 1170 3589 1243 episc0pi
3629 1170 3749 1226 Odo

2128 1258 2464 1329 Bajocensis,
2546 1258 2887 1315 Gislebertus
2968 1260 3345 1325 Luxoviensis,
3407 1258 3750 1317 Gislebcrtus

2128 1349 2499 1415 Ebroicensis,
2532 1347 2805 1403 Robertus
2833 1348 3135 1423 Sagiensis,
3157 1350 3426 1407 Arnaldus
3448 1350 3753 1407 Cenoman-

2130 1442 2336 1496 nensis.
2373 1440 2448 1495 Dc
2488 1438 2659 1494 lctitia
2682 1470 2751 1479 —
2789 1439 3084 1496 disserere.

2200 1534 2356 1589 1078.
2414 1532 2554 1601 (1b.;
2596 1532 2727 1588 One.
2770 1533 2880 1588 Vir.
2914 1549 2971 1599 ν,
3012 1534 3165 1605 549.)
3198 1534 3396 1590 Beatus
3452 1534 3750 1591 llerluinus

2054 1629 2104 1696 Β
2131 1622 2335 1677 —licet
2364 1637 2431 1676 ex
2460 1622 2695 1676 meritis.
2731 1621 2997 1678 Defuncto
3024 1623 3212 1695 itaque
3252 1655 3320 1664 —
3349 1624 3672 1680 Gisleberto.

2207 1713 2362 1768 1079.
2407 1713 2497 1783 (A.
2528 1714 2707 1784 Roth.)
2740 1712 3012 1769 Successit
3047 1741 3117 1755 -—-
3169 1715 3545 1771 Cadomensis.
3606 1714 3751 1769 Anni

2132 1804 2201 1860 ab
2232 1803 2449 1879 origine
2477 1803 2669 1859 mundi
2700 1806 3006 1861 secundum
3040 1806 3389 1881 septuaginta
3420 1807 3755 1877 interpretes

2134 1894 2293 1951 5664.

2204 1986 2357 2043 1080.
2403 1988 2593 2058 (Henr.
2627 1988 2722 2062 Vl.)
2753 1989 2973 2044 Factum
3006 1996 3090 2045 est
3119 1989 3412 2046 concilium
3439 1990 3587 2061 apud
3619 1989 3750 2045 Lis-

2128 2076 2384 2132 lebonam
2418 2077 2474 2132 in
2526 2078 2807 2148 presentia
2858 2077 3130 2133 Willermi
3177 2078 3324 2155 regis
3352 2078 3648 2153 Anglorum
3680 2109 3754 2119 —

2125 2173 2414 2221 servantur
2467 2168 2700 2223 maxime
2732 2167 2789 2222 in
2839 2167 3190 2223 Normannia.
3240 2168 3392 2224 Idem
3421 2184 3512 2225 rex
3544 2198 3614 2208 —
3642 2183 3752 2239 po—

2125 2262 2257 2317 suit.

2198 2357 2355 2414 1083.
2389 2358 2669 2429 (Ib.)Obiit
2694 2359 2971 2415 Mathildis
2997 2390 3067 2400 —
3089 2359 3317 2431 incepit.

2201 2448 2358 2503 1084.
2393 2448 2856 2520 (1b.)Willermus
2885 2465 2980 2504 rex
3008 2480 3079 2490 —
3108 2448 3343 2505 distulit.

2200 2542 2357 2598 1085.
2392 2545 2512 2615 (1b.)
2548 2544 2659 2599 Hoc
2685 2560 2831 2601 anno
2851 2575 2921 2585 —
2952 2544 3355 2600 reservavit”.

2202 2636 2363 2692 1087.
2387 2638 2550 2705 (Gem.
2598 2655 2694 2705 vn,
2734 2640 2848 2709 44.)
2880 2638 3026 2694 Obiit
3059 2638 3375 2694 Willermus
3433 2653 3526 2691 rex
3558 2636 3760 2711 Anglo-

2131 2740 2250 2779 rum
2274 2756 2339 2765 -
2357 2734 2412 2781 et
2434 2726 2540 2781 dux
2572 2727 3011 2783 Normannorum
3030 2759 3099 2767 —
3129 2729 3403 2800 completo
3460 2727 3557 2798 (Η.
3580 2728 3751 2781 Henr.

2130 2814 2205 2882 2.)
2239 2814 2349 2871 Hoc
2380 2816 2663 2872 Willermo
2692 2817 2859 2873 rebus
2901 2817 3159 2873 humanis
3185 2818 3461 2873 subtracto
3510 2847 3581 2857 —
3605 2816 3757 2887 apud

2134 2908 2709 2965 Westmonasterium.
2761 2911 2955 2978 (Hum.
3002 2912 3098 2984 vx.)
3141 2912 3233 2967 llis
3260 2928 3389 2968 vero
3422 2942 3492 2953 ——
3522 2911 3756 2966 Fiscan-

2134 2998 2211 3053 ni.
2247 2999 2338 3066 (Η.
2375 3000 2542 3055 Henr.
2576 3000 2652 3069 2.)
2684 2999 2959 3055 Bobertus
2986 3017 3226 3074 namque
3256 2999 3656 3075 primogenitus
3682 3031 3760 3041 —

2131 3091 2562 3148 contradictione
2594 3094 2856 3165 suscepit.
2891 3094 3061 3165 (Gem.
3093 3112 3189 3159 vn,
3228 3095 3336 3164 43.)
3378 3094 3581 3151 Eodem
3607 3110 3758 3150 anno

2132 3185 2271 3241 obiit
2302 3217 2365 3227 -
2403 3186 2668 3242 tredecim
2700 3189 2882 3244 annis.

2205 3276 2363 3331 1088.
2410 3276 2602 3344 (llum.
2634 3279 2755 3346 vn.)
2798 3277 2999 3334 Omnes
3048 3278 3354 3336 nobiliores
3399 3308 3467 3319 —
3494 3278 3737 3335 exulavit

2206 3364 2366 3421 1089.
2410 3366 2555 3421 Obiit
2583 3367 2687 3437 pia
2734 3399 2804 3409 —
2842 3369 3141 3427 miseratio.
3173 3371 3266 3442 (V.
3308 3372 3505 3439 Lanfr.
3539 3387 3629 3438 xx,
3661 3371 3758 3437 34,

2134 3456 2203 3511 36
2249 3456 2435 3528 [562].)
2486 3456 2689 3513 Versus
2739 3459 2981 3513 Anselmi
3036 3459 3439 3532 archiepiscopi
3497 3461 3565 3515 de
3620 3460 3763 3515 Lan-

2135 3545 2322 3601 franco
2342 3546 2638 3603 decessore
2661 3562 2786 3602 suo.
2819 3547 3253 3619 Archiepiscopii
3281 3578 3352 3589 —
3379 3548 3606 3603 sedulus
3631 3547 3760 3619 ipse

2138 3633 2365 3689 laborat.
2410 3633 2604 3703 (llum.
2632 3636 2752 3702 vn.)
2808 3634 2920 3691 Hoc
2963 3650 3109 3690 anno
3140 3641 3473 3691 terremotus
3499 3633 3598 3690 fuit
3641 3641 3763 3690 ter-

2136 3724 2335 3789 ribilis,
2368 3725 2705 3796 portendens
2747 3725 2892 3780 mala
2928 3725 3155 3781 forsitan
3202 3731 3457 3798 ventura,
3487 3740 3597 3797 que
3626 3739 3760 3796 pro-

2139 3827 2262 3891 pter
2284 3820 2572 3875 hominum
2605 3820 2923 3892 iniquorum
2956 3820 3310 3892 peccatajam
3345 3819 3520 3877 nostri
3544 3825 3761 3890 tempo-

2135 3932 2255 3971 rum
2284 3915 2524 3971 vidimus
2550 3917 2798 3988 impleta.

2207 4006 2364 4062 1090.
2390 4007 2493 4079 Ib.)
2522 4006 2839 4062 Willermus
2864 4038 2932 4048 —
2964 4006 3311 4063 Fiscannum.

2202 4095 2360 4151 1091.
2393 4097 2521 4167 (1b.)
2547 4097 2660 4152 Rex
2681 4096 2980 4171 Anglorum
3011 4127 3078 4137 —
3103 4106 3471 4154 remanerent.

2201 4188 2359 4244 1092.
2390 4189 2514 4261 (1b.)
2548 4190 2659 4246 Rex
2679 4190 2977 4262 Anglorum
3008 4221 3080 4230 --
3103 4189 3419 4245 transmisit.

2209 4281 2366 4339 1093.
2401 4284 2552 4355 (Ean.
2592 4286 2656 4341 V.
2687 4287 2842 4356 Ans).
2885 4285 3111 4341 Sublato
3141 4285 3211 4340 de
3233 4285 3335 4339 hac
3364 4283 3474 4339 vita
3494 4314 3561 4324 —
3588 4284 3759 4339 abba—

2063 4363 2251 4432 Dtcm
2300 4373 2559 4445 primum.
2598 4375 2740 4445 (Μιι,
2784 4378 2844 4431 V.
2905 4378 3081 4449 W171.)
3121 4377 3216 4432 Cui
3254 4377 3519 4433 successit
3556 4375 3611 4430 in
3665 4392 3763 4431 ea-

2138 4465 2262 4520 dem
2317 4466 2551 4520 ecclesia
2590 4468 2749 4523 Becci
2796 4500 2866 4508 —
2910 4469 3217 4525 Willermo.
3277 4469 3445 4524 Ηυατ.
3478 4472 3598 4537 vn.)
3654 4468 3763 4523 Eo-

2139 4555 2264 4608 dem
2292 4570 2438 4610 auno
2467 4586 2537 4595 —
2566 4556 2907 4615 occiderunt.

2210 4644 2347 4698 1094
2389 4645 2515 4716 (1b,)
2546 4645 2657 4702 Rex
2682 4648 2979 4721 Anglorum
3011 4678 3080 4686 —
3104 4647 3442 4720 Philippum.

2217 4732 2368 4787 1095.
2394 4733 2521 4806 (1b.)
2548 4734 2661 4789 Rex
2686 4736 2986 4810 Anglorum
3013 4766 3084 4775 -—
3114 4745 3474 4809 expugnaret.

1773 4834 1992 4890 VARUE
2022 4835 2294 4892 LECTION
2303 4838 2396 4893 ES.

499 4926 708 5008 “391100
734 4945 930 5008 nomen
959 4933 1019 4985 in
1130 4945 1337 5008 semper
1366 4931 1741 5008 abbreviqtum
1791 4937 2048 4992 scribitur
2096 4937 2360 4994 Cuillmus
2401 4941 2480 4994 vel
2531 4940 2821 5008 Willmus;
2880 4945 2998 4998 sine
3033 4942 3430 4997 abbreviatione
3470 4941 3630 4995 semel
3658 4957 3765 4994 an-

431 5005 549 5083 tu_m
573 5004 633 5056 in
657 5018 709 5055 α.
746 5001 911 5067 1183,
943 5004 1141 5083 scribit
1159 5005 1412 5083 {tabernas
1435 5007 1552 5083 ipse
1576 5005 1940 5083 Guillermus;
1972 5012 2317 5083 quamobrem
2354 5013 2526 5066 ubivis
2556 5001 2819 5068 litteram,
2846 5031 2870 5067 r
2898 5017 3252 5069 restituimus.
3332 5013 3402 5047 ⁵⁴⁰
3428 5012 3762 5068 Provocave-

429 5079 520 5155 rat.
538 5089 775 5156 namque
805 5090 1043 5156 cumrex
1064 5074 1379 5156 Alfh‘ilippus
1410 5075 1640 5156 dicens;
1672 5078 1961 5156 Tu__jaces,
1981 5074 1998 5079 ’
2021 5080 2220 5156 inquit,
2254 5083 2409 5156 quasi
2440 5085 2638 5139 mulier
2669 5086 3034 5156 puerpueria'
3064 5086 3278 5139 biberat
3307 5083 3452 5139 enim
3472 5084 3760 5156 potionem

427 5145 566 5228 quia.
589 5153 829 5228 aegrotus
849 5152 996 5228 erat._
1017 5147 1079 5198 At
1110 5144 1447 5228 illeurcnmisit
1477 5148 1711 5203 nuncios
1739 5144 1965 5206 dicens:
2018 5144 2336 5227 Dicite—regi
2368 5163 2547 5210 vestro
2579 5144 2910 5228 quando'ad
2938 5157 3160 5211 missam
3194 5157 3310 5213 iero
3332 5144 3553 5211 centum
3603 5155 3761 5209 milia

1978 5293 2189 5349 ΝΟΤᾸΞ.

428 5216 696 5271 candelas
729 5217 829 5271 tibi
869 5216 1053 5270 libabo
1083 5216 1250 5271 addit.
1281 5217 1333 5269 2.

499 5388 640 5459 (560)
668 5388 883 5459 Annum
911 5386 1112 5459 de_suo
1157 5384 1429 5440 Robertus
1474 5387 1660 5456 addit;
1694 5389 2018 5448 Guillelmus
2125 5398 2379 5451 monachi
2417 5403 2692 5456 Beccenses
2727 5401 2790 5454 de
2818 5406 2984 5454 vetera
3014 5404 3339 5456 mnasterio
3364 5402 3423 5453 in
3446 5413 3644 5454 novam
3668 5413 3760 5453 ec-

430 5457 888 5532 Gemmeticensis
918 5457 1114 5532 habet:
1147 5460 1300 5532 Circa
1328 5459 1440 5532 meo
1469 5464 1592 5530 tem;
1613 5477 1705 5516 ora
1736 5467 1885 5532 [Iugo
1906 5471 2014 5520 etc.

496 5529 646 5601 (551)
674 5530 912 5585 Annales
932 5529 1183 5601 Lirenses
1214 5526 1271 5581 in
1299 5529 1493 5585 codice
1523 5526 1672 5588 civit.
1701 5526 2003 5589 Ebroieen-

428 5599 512 5655 sis
533 5616 590 5656 n.
623 5599 713 5667 60,
754 5600 943 5672 scripti
977 5599 1139 5671 paulo
1170 5606 1297 5670 post
1335 5615 1385 5654 a.
1422 5601 1580 5668 1136,
1611 5604 1730 5659 haec
1760 5604 2002 5671 habent;

427 5672 567 5728 4074
592 5674 779 5742 vigilia
813 5675 1059 5728 omnium
1086 5677 1417 5738 sanctorum,
1449 5674 1483 5727 5
1509 5676 1670 5743 feria,
1708 5685 1994 5733 venerunt.

2126 5466 2366 5522 clesiam.

2185 5538 2326 5610 (562)
2352 5531 2581 5611 Carmen
2612 5540 2853 5598 Anselmi
2895 5541 3043 5611 apud
3069 5541 3273 5598 Mabill.
3315 5542 3445 5598 Acta
3496 5540 3591 5596 SS.
3618 5541 3754 5595 Ben.

2118 5606 2204 5675 Vl,
2243 5606 2456 5667 2.659.
