3916 6064
247 240 347 296 421

317 363 478 420 1096.
498 365 584 434 (H.
616 367 779 419 Henr.
802 364 921 434 vn.)
975 363 1576 420 Robertus—reddidit.

316 456 477 511 1097.
511 453 706 524 (Hum,
731 457 852 523 vn.)
881 454 1010 510 Cum
1043 455 1650 528 igitur—Antiochiam.

324 549 478 606 1098.
513 549 632 622 (1b.)
663 549 794 605 Cum
849 549 1169 606 Willermus
1221 567 1315 606 rex
1354 551 1723 624 Anglorum—
1756 551 1864 608 Ro-

1105 238 1454 295 CHRONICA.
1495 267 1566 280 η-
1602 238 1991 296 AUCTARIUM
2029 237 2316 295 ROBERTI
2357 237 2439 293 DE
2480 237 2722 294 MONTE.

3474 243 3581 298 422

1893 373 1939 438 Α
1967 365 2268 422 bizanteos.
2301 363 2628 436 Optulerunt
2691 364 3246 439 igitur—perseverat
3275 366 3365 422 θ’θ’.
3385 367 3577 438 (Hum.

1965 471 2037 510 vn
2066 472 2082 522 ;
2114 454 2378 510 Fumus.
2445 452 2609 526 [563])
2661 453 2872 508 Primus
2928 452 3001 508 ibi
3021 463 3572 512 tunc—conservata.

1965 547 2307 619 (Huur.vu.)
2363 545 2471 601 Rex
2526 543 2842 600 Willermus
2892 574 2962 584 ——
3019 544 3356 602 Salesbcrie.
3423 546 3579 619 (Fur.-

245 637 440 698 be'rtus
469 641 540 697 de
581 642 832 698 Belesme
889 641 1057 698 frater
1120 644 1262 713 ejus.
1298 643 1460 714 (Orig.
1491 645 1644 715 Cist.)
1685 643 1864 700 Ceno-
1963 641 2148 709 casn.)
2173 639 2248 694 De
2277 637 2510 694 consilio
2532 637 2863 693 Arvernensi
2893 667 2959 677 —
2987 638 3276 694 exaltetur.

244 731 400 786 bium
440 729 1272 790 Cistercicuse—emanaverunt
1309 734 1398 790 5“.

317 821 479 878 1099.
545 820 678 893 (Vrr.
746 839 818 888 IX,
876 823 1025 892 759.)
1080 823 1276 881 Comes
1351 825 1866 884 Normannorum—

2043 733 2192 792 I100.
2235 733 2422 804 (Ηυκτ.
2453 733 2573 805 vn.)
2606 732 2992 788 Willermus—
3008 731 3265 808 agebant.

1699 977 2128 990 ___—_—

285 1077 561 1142 INCIPIT
607 1077 999 1143 PROLOGUS
1043 1079 1367 1146 ROBERTI
1411 1081 1485 1144 IN
1530 1083 1632 1145 EA
1673 1084 1822 1158 QUE
1866 1083 2298 1156 SECUNTUR,
2347 1083 2442 1144 DE
2486 1082 2906 1146 TEMPORUM
2952 1081 3540 1158 DESCRIPTIONE,

183 1185 189 1188 ’
1397 1189 1643 1264 USQUE
1683 1191 1786 1252 AD
1831 1191 1897 1252 11

1965 1191 1986 1252 ἰ
2028 1189 2296 1252 ANNUM
2343 1189 2435 1250 Μ.

313 1326 387 1378 De
420 1323 865 1393 chronographia,
918 1323 974 1378 id
1007 1329 1086 1379 est
1141 1330 1437 1396 temporum
1493 1326 1860 1398 descriptione,
1891 1331 1939 1399 Β
1960 1329 2239 1396 Gregorius
2269 1327 2585 1380 Turonensis
2631 1327 2920 1394 episcopus,
2975 1331 3026 1380 et
3075 1331 3138 1380 ut
3189 1326 3260 1380 ad
3302 1328 3578 1384 modernos

241 1415 304 1468 in
323 1412 767 1482 subsequentibus
826 1413 1078 1482 locuturi,
1135 1418 1311 1486 primo
1361 1417 1748 1474 detractoribus
1775 1421 1864 1474 in-

240 1502 380 1558 vidis
405 1509 460 1557 et
481 1509 729 1584 nostrum
767 1503 1001 1560 laborem
1054 1508 1288 1577 inanem
1339 1507 1718 1576 reputantibus
1745 1509 1863 1565 bre-

243 1597 385 1650 viter
405 1596 838 1666 respondebimus
866 1614 884 1665 ;
915 1597 1037 1652 dein
1067 1599 1380 1654 amantibus
1405 1599 1718 1669 beninvolis,
1745 1602 1866 1656 etid

245 1687 679 1757 expectantibus,
710 1689 874 1743 immo
902 1689 1385 1758 expostulantibus,
1415 1704 1603 1745 rerum
1624 1691 1866 1746 ordinem

237 1780 483 1848 presenti
513 1780 727 1849 prologo
779 1783 1051 1836 succincte
1100 1783 1421 1848 aperiemus,
1474 1784 1574 1845 Qui
1632 1783 1862 1838 dicunt:

246 1867 388 1932 Quid
425 1883 654 1924 necesse
695 1876 778 1924 est
807 1869 946 1925 vitas
974 1871 1060 1926 vel
1089 1879 1296 1927 mortes
1321 1871 1408 1927 vel
1429 1871 1679 1927 diversos
1709 1888 1869 1927 casus

246 1961 540 2018 hominum
571 1962 768 2018 litteris
791 1963 1072 2033 mandare,
1098 1965 1349 2041 prodigia
1379 1965 1483 2022 celi
1501 1974 1556 2020 et
1577 1973 1740 2031 terre,
1782 1966 1869 2022 vel

246 2055 484 2112 aliorum
515 2056 918 2113 elementorum
951 2057 1168 2130 scriptis
1195 2059 1464 2131 impressa
1487 2065 1814 2130 perpetuare
1841 2059 1869 2114 ?

237 2151 512 2216 noverint,
539 2149 737 2205 bonam
758 2151 929 2204 vitam
957 2157 1008 2206 et
1033 2166 1204 2208 mores
1228 2155 1628 2222 precedentium
1651 2153 1722 2206 ad
1747 2154 1868 2207 imi-

242 2243 504 2296 tationem
527 2241 1230 2312 subsequcntiumproponi;
1254 2245 1526 2300 malorum
1552 2259 1674 2300 vero
1690 2259 1866 2300 exem-

229 2331 348 2400 pla,
377 2348 492 2388 non
515 2339 577 2387 ut
605 2336 904 2404 imitemur,
929 2335 1018 2390 sed
1070 2341 1133 2391 ut
1159 2339 1420 2404 vitentur,
1452 2337 1696 2392 describi.
1729 2342 1860 2392 Pro-

231 2419 382 2489 digia
397 2426 584 2476 autem
595 2423 934 2491 velportenta
945 2427 1229 2492 preterita,
1257 2440 1360 2494 que
1385 2427 1591 2493 famem
1609 2425 1691 2480 υει
1718 2441 1862 2481 mor-

238 2509 511 2567 talitatem
535 2512 618 2568 vel
647 2513 833 2583 aliqua
860 2514 974 2569 alia
1001 2517 1217 2586 flagella
1241 2532 1472 2587 superne
1507 2518 1740 2573 vindicte
1763 2534 1862 2588 pro

236 2607 448 2660 meritis
475 2605 716 2670 ﬁliorum
739 2607 1041 2676 hominum,
1073 2625 1201 2664 cum
1225 2611 1494 2678 videntur,
1525 2612 1856 2680 signiﬁcant,

1962 1421 2260 1487 deveniam,
2290 1423 2566 1474 Marianas
2619 1420 2804 1476 Scotus
2857 1421 3127 1476 Vuldensis
3180 1426 3497 1491 monachus,
3531 1431 3582 1479 et

1961 1517 2256 1586 Sigibertus
2279 1516 2686 1578 Gemblacensis,
2712 1529 2890 1570 omnes
2922 1529 3029 1570 non
3060 1517 3328 1572 inutiliter
3364 1522 3582 1574 cronica

1963 1608 2262 1662 ediderunt.
2291 1611 2549 1661 Fecerunt
2587 1607 2683 1660 hoc
2727 1611 2776 1659 et
2831 1606 2929 1659 alii
2970 1606 3153 1674 plures
3205 1613 3320 1660 tam
3348 1611 3582 1676 religiosi

1964 1715 2129 1769 quam
2183 1699 2466 1762 seculares,
2517 1683 2644 1766 quos
2682 1712 2848 1752 causa
2874 1696 3148 1752 brevitatis
3199 1703 3454 1766 pretereo.
3490 1704 3584 1755 llis

1967 1795 2157 1845 contra
2193 1790 2523 1858 obloquentes
2551 1789 2726 1856 dictis,
2759 1770 3069 1844 beninvollis
3097 1794 3456 1846 attentionem
3485 1808 3584 1846 no-

1971 1889 2113 1936 tram
2143 1885 2386 1952 aperiam
2393 1897 2474 1937 us.
2749 1931 2762 1938 -

2038 1975 2292 2030 Omnibus
2315 1975 2584 2030 modernis
2607 1971 3020 2044 chronographis
3047 1975 3397 2045 Sigisbertu-m
3421 1977 3579 2034 Gem-

1969 2065 2268 2120 blacensem
2291 2066 2564 2134 proferens
2593 2069 2644 2118 et
2667 2066 2782 2133 ejus
2832 2065 3076 2118 studium
3116 2067 3454 2122 vehementer
3476 2069 3582 2122 ad-

1963 2155 2196 2221 mirans,
2222 2155 2368 2208 illius
2405 2153 2822 2220 chronographie
2877 2153 2942 2206 de
2991 2155 3127 2208 serie
3156 2160 3456 2224 temporum
3480 2157 3587 2212 ali-

1961 2242 2090 2311 quid
2117 2244 2436 2297 continuare
2460 2240 2706 2296 conabor.
2743 2240 2835 2296 Ille
2891 2241 3150 2310 siquidem
3176 2240 3447 2312 fchronica
3472 2246 3583 2300 Eu-

1959 2333 2109 2401 sebii,
2140 2348 2244 2403 que
2269 2335 2540 2402 incipiunt
2567 2348 2600 2386 a
2659 2335 2790 2388 Nino
2818 2348 2937 2401 rege
2989 2336 3166 2403 primo
3205 2336 3575 2404 Assyriorum,

1960 2429 2116 2496 cujus
2145 2425 2212 2480 43
2243 2427 2456 2495 imperii
2484 2441 2630 2480 anno
2657 2431 2821 2480 natus
2849 2431 2926 2480 est
2976 2426 3280 2492 Abraham,
3315 2434 3367 2482 et
3391 2435 3580 2484 exten-

1959 2515 2170 2570 duntur
2187 2530 2351 2584 usque
2378 2515 2448 2569 ad
2474 2513 2545 2570 20
2573 2529 2788 2569 annum
2813 2517 3026 2585 imperii
3052 2519 3396 2572 Constantini
3426 2521 3576 2586 piis-

1959 2605 2086 2658 simi
2099 2607 2383 2674 principis,
2411 2605 2708 2660 secundum
2754 2607 3086 2660 veracissimi
3121 2607 3454 2675 exemplaria
3481 2609 3582 2662 de-

237 2695 352 2748 ideo
376 2709 474 2764 per
502 2695 710 2750 litteras
737 2699 993 2752 memorie
1019 2700 1492 2768 commendantur,
1523 2706 1584 2755 ut
1605 2703 1657 2754 si
1679 2716 1860 2770 quan—
1886 2663 1935 2733 C
1959 2696 2212 2762 scribe-ns,
2239 2703 2290 2750 et
2318 2697 2422 2750 illis
2450 2698 2832 2752 nichilomiuus
2859 2698 3112 2752 chronica
3149 2700 3412 2752 Jeronimi
3445 2699 3578 2753 sub-

237 2787 304 2840 do
327 2788 533 2842 similia
558 2792 856 2858 evenerint,
909 2797 1229 2859 peccatores,
1267 2795 1362 2862 qui
1397 2807 1453 2847 se
1499 2795 1642 2847 iram
1692 2796 1784 2848 Dei
1801 2795 1862 2847 in

239 2879 424 2948 aliquo
451 2881 743 2936 incurrisse
777 2885 1145 2952 meminerint,
1196 2899 1322 2939 mox
1349 2885 1420 2938 ad
1447 2885 1683 2940 remedia
1703 2888 1865 2956 peni-

239 2973 408 3026 tentie
435 2977 486 3026 et
511 2974 876 3044 confessionis,
903 2992 998 3046 per
1023 2979 1117 3032 hec
1145 2981 1313 3031 Deum
1339 2977 1638 3046 placaturi,
1695 2979 1858 3045 festi-

236 3067 392 3117 nent.
420 3065 533 3116 Hac
553 3063 616 3118 de
652 3079 840 3132 causa,
883 3066 1004 3120 licet
1057 3067 1162 3120 alie
1207 3081 1319 3120 non
1344 3065 1539 3133 desint,
1573 3069 1762 3136 Moyses
1789 3068 1864 3122 le-

235 3153 462 3221 gislator
484 3157 546 3208 in
571 3156 760 3212 diviua
809 3159 1034 3214 historia
1083 3160 1452 3214 innocentiam
1499 3159 1646 3226 Abel,
1712 3162 1865 3215 Caim

236 3246 524 3314 invidiam,
577 3250 982 3318 simplicitatem
1053 3250 1235 3317 Iacob,
1311 3251 1643 3306 dolositatem
1696 3257 1860 3320 Esau,

234 3342 520 3396 maliciam
545 3343 798 3400 undecim
841 3345 1082 3410 ﬁliorum
1130 3346 1317 3412 Israel,
1345 3346 1638 3400 bonitatem
1665 3347 1862 3402 duode-

240 3433 376 3486 cimi
389 3432 592 3486 scilicet
649 3435 857 3502 Ioseph,
907 3449 1107 3504 penam
1151 3437 1389 3504 quinque
1434 3437 1721 3491 civitatum
1763 3451 1861 3506 per

241 3521 710 3587 consumptionem
735 3523 877 3590 ignis
900 3523 1256 3592 etsulphuris,
1305 3525 1627 3588 manifestat
1658 3540 1672 3588 ;
1711 3539 1856 3593 qua-

242 3612 396 3664 tinus
421 3610 580 3667 bonos
607 3615 926 3669 imitemur:
957 3615 1230 3670 malorum
1259 3629 1368 3670 esse
1389 3613 1652 3684 pedisecos
1679 3617 1866 3671 exhor-

239 3716 484 3772 reamus,
509 3704 872 3773 prodigiosum
920 3712 1106 3762 autem
1155 3707 1470 3763 incendium
1519 3709 1730 3778 peccati
1773 3709 1865 3775 fu-

240 3791 436 3860 giendo
481 3793 706 3860 fetorem
755 3795 1067 3852 devitemus.
1108 3801 1214 3853 Hoc
1274 3811 1386 3852 non
1421 3799 1595 3854 solum
1653 3801 1864 3867 Moyses,

239 3884 336 3938 sed
363 3889 416 3938 et
436 3899 619 3940 omnes
641 3885 822 3942 divine
844 3890 1043 3958 paginc
1107 3895 1444 3957 tractatores,
1483 3895 1536 3946 et
1563 3892 1625 3945 in
1648 3893 1866 3946 histori-

1955 2789 2213 2856 jungens,
2241 2786 2481 2840 videlicet
2514 2801 2548 2839 a
2571 2784 2643 2838 20
2687 2801 2834 2840 αηηο
2858 2786 3089 2855 predicti
3129 2790 3387 2858 principis
3422 2803 3586 2858 usque

1964 2881 2035 2934 ad
2071 2879 2130 2934 t3
2163 2882 2390 2935 Valentis
2420 2883 2659 2948 augusti,
2693 2880 2890 2934 addens
2919 2883 3086 2935 etiam
3111 2895 3182 2935 ex
3209 2882 3395 2937 ordine
3421 2883 3548 2937 chro
3565 2912 3588 2923 -

1964 2973 2090 3024 nica
2114 2973 2374 3039 Prosperi,
2402 2970 2458 3024 id
2484 2975 2562 3024 est
2589 2987 2623 3024 a
2643 2971 2818 3039 primo
2863 2985 3010 3026 anno
3038 2968 3294 3026 Gratiani
3323 2986 3488 3040 usque
3515 2973 3586 3026 ad

1962 3064 2220 3130 quintum
2237 3076 2452 3116 annum
2472 3062 2840 3117 Valentiniani
2862 3067 2915 3115 et
2931 3063 3188 3116 Martiani
3203 3068 3582 3132 augustorum,

1965 3153 2182 3206 tandem
2216 3155 2438 3222 propria
2489 3155 2815 3222 supposuit;
2868 3151 3148 3221 noluilque
3198 3153 3434 3222 incipere
3491 3153 3585 3208 ubi

1962 3244 2182 3310 Prosper
2204 3242 2445 3309 ﬁnierat,
2473 3243 2563 3296 sed
2595 3243 2686 3297 ubi
2703 3243 2996 3310 inceperat,
3025 3242 3080 3295 id
3106 3248 3184 3296 est
3207 3257 3242 3296 a
3284 3243 3395 3308 ﬁne
3427 3245 3584 3298 chro-

1961 3335 2210 3388 nicorum
2235 3335 2514 3399 Jeronimi,
2539 3334 2782 3388 videlicet
2805 3333 2873 3386 ab
2911 3345 3060 3388 anno
3085 3333 3369 3389 dominicae
3393 3336 3582 3389 incar-

1961 3429 2200 3483 nationis
2223 3427 2344 3484 381.
2367 3429 2512 3491 Quod
2560 3434 2840 3498 propterea
2895 3429 3042 3495 fecit,
3104 3431 3236 3496 quia
3289 3429 3490 3495 multa,
3522 3435 3589 3483 ut

1955 3523 2077 3586 pote
2100 3519 2388 3573 modernus
2415 3525 2466 3574 et
2483 3521 2788 3573 multarum
2849 3520 3202 3572 historiarum
3230 3519 3456 3587 diligens
3487 3521 3576 3572 in-

1962 3608 2324 3676 quisitor,que
2345 3611 2564 3676 Prosper
2604 3607 2833 3662 necdum
2879 3606 3093 3674 quando
3119 3606 3214 3660 hec
3239 3608 3453 3675 scripsit
3491 3623 3590 3662 au-

1964 3695 2158 3762 dierat,
2189 3696 2382 3750 addere
2403 3695 2730 3765 disponebat.
2781 3698 2936 3750 Ponit
2982 3701 3169 3750 autem
3196 3698 3258 3750 in
3293 3696 3476 3762 fronte
3492 3713 3593 3767 pa-

1965 3787 2090 3854 gine
2115 3785 2243 3840 libri
2265 3788 2356 3841 sui
2391 3787 2636 3854 primum
2662 3787 2887 3841 nomina
2916 3799 3212 3854 regnorum
3241 3787 3596 3854 diversorum,

1966 3881 2206 3936 videlicet
2248 3885 2628 3950 Romanorum,
2684 3887 2992 3948 Persarum,
3055 3881 3416 3951 Francorum,
3472 3885 3592 3937 Bri-

239 3978 320 4030 cis
347 3981 400 4030 et
429 3979 488 4030 in
514 3978 810 4034 moralibus
850 3980 1002 4036 libris
1029 3982 1267 4049 faciunt,
1320 3985 1548 4038 virtutes
1585 3997 1865 4040 commen-
1895 4034 1908 4049 ,

1973 3979 2288 4040 tannorum,
2358 3973 2760 4041 Wandalorum,
2847 3975 3273 4043 Wisigotharum,
3351 3975 3589 4044 Ostrogo—

239 4066 442 4134 dando,
471 4071 608 4124 vitia
633 4071 962 4140 detestanda,
989 4034 1158 4128 Deum
1185 4034 1372 4128 timere
1396 4073 1564 4128 simul
1590 4079 1643 4128 et
1681 4087 1868 4128 amare
1895 4034 1908 4102 1

1976 4067 2210 4132 thorum,
2252 4034 2554 4122 Hunorum.
2611 4034 2796 4121 Postea
2851 4034 3104 4135 supponit
3157 4034 3339 4136 regnis
3376 4034 3600 4122 nomina

242 4170 342 4210 nos
368 4155 720 4215 admonendo.
753 4165 866 4217 Non
905 4164 1076 4230 igitur
1097 4167 1230 4218 sunt
1282 4163 1558 4231 audiendi,
1590 4165 1686 4232 qui
1712 4161 1873 4217 libros
1970 4161 2190 4228 propria
2217 4173 2406 4228 regum
2437 4175 2452 4225 ;
2482 4159 2729 4242 deorsum
2778 4173 2902 4215 vero
2953 4173 3052 4228 per
3073 4160 3311 4214 mediam
3337 4163 3602 4229 paginam

241 4245 643 4316 chronicorum,
673 4253 915 4306 maxime
945 4268 981 4306 a
1003 4252 1278 4307 catholicis
1305 4251 1492 4320 editos,
1523 4252 1869 4322 neglegendos
1975 4267 2146 4307 annos
2173 4252 2514 4322 singulorum
2536 4253 2850 4320 principum
2878 4254 2966 4316 ;in
2982 4255 3234 4320 margine
3258 4255 3486 4306 nomina
3509 4257 3601 4307 Ro-

245 4337 442 4394 dicunt
466 4357 486 4406 ;
518 4342 580 4395 in
607 4343 800 4412 quibus
830 4348 944 4398 tam
996 4345 1146 4400 utilis
1180 4346 1428 4413 intentio,
1455 4347 1598 4402 sicut
1625 4351 1676 4400 et
1701 4347 1762 4400 in
1785 4360 1874 4401 ce-
1976 4357 2268 4398 manorum
2290 4343 2634 4412 pontiﬁcum,
2687 4347 2738 4397 et
2785 4357 2957 4398 annos
2985 4343 3200 4398 Domiui
3226 4343 3598 4411 respondentes

248 4429 379 4482 teris
409 4429 753 4499 tractatibus,
785 4433 1112 4501 generaliter
1139 4433 1388 4489 habetur.
1984 4439 2131 4490 recta
2159 4436 2338 4502 fronte
2365 4436 2528 4489 annis
2550 4433 2914 4503 predictorum
2963 4447 3174 4502 regum,
3206 4437 3278 4487 De
3303 4447 3466 4501 regno
3495 4449 3598 4490 au-

325 4526 433 4578 Hoc
453 4539 566 4580 non
611 4527 920 4594 ignorantes
975 4529 1276 4597 Cyprianus
1328 4530 1730 4598 Cartaginensis
1761 4532 1878 4598 epi-
1984 4532 2090 4580 tem
2107 4527 2391 4580 Britonum
2426 4526 2634 4592 faciens
2660 4525 3006 4590 mentionem,
3039 4525 3153 4590 fere
3164 4537 3262 4592 per
3285 4537 3458 4578 annos
3476 4537 3597 4578 cen-

251 4625 447 4680 scopus
477 4619 530 4668 et
587 4619 815 4684 martyr,
868 4615 1126 4670 Eusebius
1176 4619 1517 4684 Cesariensis,
1573 4621 1879 4674 Jeronimus
1981 4621 2099 4670 tum
2125 4615 2402 4671 duodecim
2429 4613 2646 4670 nullum
2667 4625 2858 4681 regum
2885 4612 3123 4682 ejusdem
3134 4612 3310 4667 insule
3323 4615 3592 4681 nominat,

244 4698 533 4768 presbiter,
564 4703 836 4773 Sulpicius
889 4707 1111 4761 Severus
1159 4708 1339 4761 sancti
1380 4707 1603 4760 Martini
1625 4706 1870 4772 familia-
1975 4707 2086 4759 nisi
2110 4696 2392 4760 Aurelium
2425 4701 2782 4756 Ambrosium.
2838 4699 3099 4756 Similiter
3141 4701 3205 4756 de
3254 4701 3468 4772 Anglis,
3499 4705 3594 4772 qui

248 4789 350 4856 ris,
381 4795 601 4862 Prosper
638 4793 954 4863 Aquitanus
998 4798 1178 4852 sancti
1219 4799 1401 4852 Leonis
1425 4812 1571 4866 papa
1600 4797 1867 4864 notarius,
1967 4802 2337 4852 successerunt
2406 4794 2730 4862 Britonibus,
2796 4793 3070 4850 nonnutla
3126 4793 3250 4850 locis
3313 4797 3590 4864 Oportunis

1599 4919 1820 4975 VARUE
1857 4919 2239 4976 LECTIONES.

325 5015 553 5094 5“.ch
575 5034 668 5094 ex
722 5019 1040 5094 Originibus
1090 5022 1302 5094 ordinis
1353 5021 1720 5080 Cisterciensis
1770 5023 1939 5094 (apud
1981 5025 2180 5078 Tissier
2215 5025 2266 5076 et
2304 5021 2724 5094 inhMonastico
2783 5021 3123 5094 Anglicano),
3165 5026 3436 5091 excerpta,
3501 5037 3590 5077 co-

253 5087 450 5167 dex
478 5087 1018 5167 multum‘amfpliora
1054 5093 1272 5167 exhibet
1319 5095 1496 5150 verbis
1541 5135 1554 5150 .
1603 5087 1840 5167 diuqu'e'
1870 5096 2048 5150 locum
2102 5125 2168 5167 -_—
2211 5092 2492 5167 Benedicti
2541 5087 2888 5167 persolvunt,
2921 5087 3207 5167 excedent
3256 5087 3405 5167 fonte
3445 5096 3586 5161 peti-

260 5159 452 5248 tis.
532 5161 755 5248 Omissis
804 5159 1000 5248 Comes
1052 5165 1631 5248 Νριιῐηειῐιῐιοι-ρῐῐξη-⁸
1681 5159 2215 5248 ρέπεθνθγειιλαοάςαί
2254 5163 2288 5218 2
2332 5159 2565 5248 .habeti
2629 5159 2875 5248 Quidam
2921 5165 3083 5248 hujus
3157 5159 3383 5248 victoria
3445 5159 3588 5216 tem-

261 5245 369 5312 pus
401 5229 485 5284 his
513 5233 1024 5314 quatuprycrsibus
1047 5235 1142 5314 sic
1159 5235 1454 5314 expressit.
1477 5229 1726 5314 Virginis
1754 5255 1785 5292 a
1817 5243 1979 5314 partu
2005 5235 2219 5314 Domini
2251 5235 2346 5314 qui
2375 5236 2572 5314 claruit
2617 5229 2740 5314 ortu
2771 5238 2926 5314 Auno
2957 5229 3457 5314 milleno__centepo
3478 5250 3588 5314 quo

258 5302 625 5378 {nipgsnuug
662 5302 932 5361 Undecies
972 5306 1119 5363 Julio
1152 5302 1264 5376 jam
1320 5308 1492 5362 Phebi
1523 5302 1734 5364 lumine
1764 5302 1908 5365 tacto
1955 5302 2489 5362 Jerusalem-Franci
2524 5307 2749 5378 capiunt
2775 5308 2974 5362 virtute
3006 5305 3236 5378 potenti.
3333 5302 3588 5378 ‘f’f3iufad

255 5371 306 5450 ξι
337 5372 634 5430 LXXXIIII.
668 5391 874 5450 annum
898 5382 955 5432 in
973 5371 1174 5434 rasura
1201 5381 1392 5450 sripsit
1419 5381 1537 5435 alia
1551 5395 1767 5448 manus,
1790 5379 1973 5436 eadem
1995 5395 2116 5450 quae
2145 5379 2295 5446 infra
2320 5394 2489 5436 annos
2524 5371 2854 5447 1182-1184,
2876 5383 2927 5434 et
2943 5371 3208 5448 paginam
3253 5375 3427 5430 codici
3434 5391 3582 5446 prle-

251 5445 432 5512 ﬁxam
463 5448 736 5514 exaravit,
765 5450 940 5518 ipsius
971 5451 1174 5507 scilicet
1203 5445 1438 5506 Roberti.

1816 5547 2024 5605 ΝΟΤᾸΞ.

329 5642 819 5713 (563)1²ιιιοὴθι·ἱιιε
835 5645 1208 5716 Carnotensis,
1233 5647 1378 5720 apud
1408 5647 1769 5720 Bongarsium
1797 5649 1842 5717 Ι,
1865 5644 1990 5702 402.
2023 5645 2152 5712 399.
