3916 6064
333 259 442 328 423

1548 256 1894 312 SIGEBERTI
1941 255 2463 312 GEMBLACENSIS.

3569 259 3682 318 »ω

335 401 776 453 com-memorans,
813 385 878 439 de
903 385 1010 440 illis
1039 384 1250 454 regibus
1279 388 1648 442 tantummodo
1693 388 1948 457 (liquitur,
1973 391 2029 458 Α
2051 393 2141 441 ναι
2165 401 2343 441 omnes
2373 399 2518 454 reges
2539 388 2823 441 Britonum
2865 403 2900 440 a
2926 391 3092 442 Bruto
3141 405 3308 460 usque
3336 391 3406 444 ad
3433 391 3678 447 Cadwal-

334 498 462 552 quos
499 481 636 534 Beda
657 479 931 549 presbyter
957 485 1008 534 et
1037 481 1216 535 doctor
1269 481 1564 550 Anglorum
1621 484 1682 536 in
1729 482 1952 535 historia

334 590 436 628 sua
462 575 729 638 nominat,
758 586 884 625 cum
901 571 1081 640 plures
1101 575 1320 641 regesin
1350 573 1534 627 eadem
1563 579 1718 641 gente
1743 573 1951 640 fuerint

331 669 446 734 post
472 667 700 716 mortem
726 661 878 728 Bede,
911 677 1078 730 quam
1105 668 1248 716 ante.
1312 667 1384 716 De
1417 661 1642 716 ducibus
1686 666 1950 717 Norman-

333 771 530 812 norum
551 755 718 810 nichil
743 761 842 809 aut
871 771 1070 825 parum
1124 756 1273 810 dicit.
1333 761 1446 810 Non
1485 763 1669 811 tamen
1699 758 1794 812 hoc
1822 758 1950 824 fecit

330 851 678 919 negligenter,
699 849 791 904 sed
817 850 946 916 quia
976 847 1190 902 carebat
1218 850 1300 902 his
1331 849 1501 903 tribus
1531 851 1782 904 historiis.

402 943 506 1007 Ego
533 953 654 992 vero
679 939 807 1006 quia
835 938 915 990 his
952 936 1221 1001 habundo,
1253 939 1475 990 nomina
1505 943 1559 990 et
1599 939 1952 992 successiones

331 1033 382 1081 et
413 1026 704 1096 aliquando
733 1026 883 1090 facta
911 1025 1268 1076 eminentiora
1318 1023 1624 1076 earumdem
1669 1023 1872 1076 ducum
1899 1027 1970 1074 et‘

332 1123 515 1177 omnia
535 1121 760 1174 nomina
780 1119 1293 1186 archiepiscOporum
1358 1119 1879 1184 Rothomagensium,
1895 1121 1948 1168 et

331 1208 394 1260 de
417 1209 666 1275 episcopis
715 1206 952 1275 ejusdem
990 1207 1262 1273 provincie
1311 1205 1637 1274 aliquantos,
1673 1205 1798 1258 locis
1827 1217 1947 1258 con-

329 1293 686 1359 venientibus,
746 1305 910 1360 usque
957 1292 1026 1344 ad
1077 1291 1218 1346 1100
1283 1307 1498 1345 ann-um
1549 1295 1946 1351 incarnath

329 1385 612 1449 dominice,
643 1385 905 1438 chronicis
935 1385 1101 1452 ipsius
1131 1386 1472 1450 interserens,
1525 1384 1776 1438 similiter
1809 1391 1860 1439 et
1883 1386 1946 1441 de

326 1473 538 1542 regibus
564 1474 888 1540 Anglorum,
928 1473 992 1527 de
1008 1473 1201 1541 quibus
1249 1475 1463 1527 nullam
1507 1477 1835 1528 mentionem
1861 1476 1943 1542 fa-

2051 477 2246 544 lonem,
2277 481 2371 547 qui
2397 479 2508 544 fuit
2568 479 2794 534 ultimus
2830 485 3113 548 potentum
3142 496 3332 550 regum
3362 486 3676 551 Briton-um,

2049 573 2262 640 fuitque
2286 576 2442 639 pater
2499 568 2880 638 Gadwalladri,
2936 587 3094 641 quem
3163 567 3302 628 Beda
3357 576 3678 630 Cedwallam

2049 669 2220 718 vocat.
2249 665 2419 726 Quam
2445 663 2743 730 epistolam,
2793 665 2934 718 sicut
2983 667 3043 718 in
3099 679 3163 719 ea
3211 669 3500 736 reperitur,
3545 651 3679 722 cum

2050 756 2273 806 Romam
2297 751 2436 804 idem
2465 753 2724 805 Henricus
2761 759 3018 820 pergeret,
3067 769 3156 808 me
3207 758 3259 809 ei
3307 755 3560 824 prebente
3584 773 3676 812 co-

2047 845 2200 912 piam
2227 841 2550 910 exemplaris
2575 844 2738 896 totius
2783 844 3004 899 historie
3045 847 3348 914 Britonum,
3371 847 3517 916 apud
3544 851 3676 902 Bec-

2051 949 2177 988 cu-m
2203 935 2483 1002 excerpsit.

2122 1024 2296 1090 Igitur
2317 1024 2460 1076 sicut
2470 1024 2593 1090 jam
2617 1021 2823 1076 dictum
2851 1029 2950 1090 est,
3007 1027 3137 1093 quia
3181 1025 3454 1095 predictus
3500 1029 3671 1096 Sigis-

2047 1117 2454 1174 bertuscronica-
2478 1131 2580 1170 sua
2605 1119 2798 1185 incipit
2837 1117 2904 1171 ab
2955 1134 3102 1174 anno
3147 1122 3548 1175 incarnationis
3576 1121 3675 1176 d0-

2044 1203 2390 1260 miniece38-l.
2414 1211 2463 1258 et
2485 1205 2740 1273 perduxit
2765 1221 2886 1259 eam
2907 1222 3072 1276 usque
3103 1208 3174 1262 ad
3195 1223 3410 1264 annum
3433 1211 3674 1279 ejusdem

2044 1297 2224 1351 divine
2251 1299 2646 1351 incarnationis
2705 1295 2888 1352 1100:
2923 1313 3012 1367 ego
3065 1301 3278 1366 exinde,
3325 1305 3676 1370 permittente

2043 1397 2095 1443 et
2124 1391 2432 1444 auxiliante
2455 1393 2574 1456 Deo,
2605 1392 2722 1444 sine
2744 1405 2846 1458 quo
2871 1392 3009 1444 nihil
3037 1407 3318 1462 possumus
3345 1395 3545 1461 facere,
3575 1409 3676 1449 us-

2042 1499 2144 1553 que
2171 1485 2240 1539 ad
2274 1481 2406 1538 1182
2433 1484 2527 1517 ⁵⁸³*
2554 1500 2788 1551 annum,
2815 1501 2878 1540 ea
2901 1501 3002 1556 que
3023 1489 3083 1542 in
3111 1488 3332 1544 diversis
3353 1492 3671 1559 prouinciis,

329 1571 422 1634 cit,
452 1583 539 1622 me
565 1568 848 1633 facturum
876 1582 986 1621 non
1027 1567 1256 1634 despero.
1289 1569 1431 1630 Quod
1479 1574 1527 1621 et
1575 1568 1640 1622 de
1665 1570 1943 1623 Britonum

2054 1585 2099 1632 et
2123 1579 2362 1632 maxime
2386 1579 2445 1632 in
2461 1579 2804 1634 Normannia
2829 1585 2879 1634 et
2936 1581 3152 1649 Anglia,
3198 1589 3493 1637 evenerunt
3519 1588 3574 1638 et
3598 1584 3675 1638 ad

328 1656 540 1724 regibus
565 1655 974 1726 [proposueram
1013 1657 1212 1722 facere,
1259 1657 1308 1708 si
1363 1657 1736 1710 tantummodo
1795 1657 1943 1724 infra

2054 1689 2223 1728 meam
2247 1676 2505 1728 noticiam
2532 1682 2912 1742 pervenerunt,
2943 1675 3042 1731 sub
3064 1679 3228 1732 annis
3275 1677 3539 1733 dominice
3568 1681 3668 1733 in-

331 1753 546 1804 cronica
569 1749 844 1819 Sigisberti
895 1753 1252 1818 competenter
1291 1749 1405 1803 illos
1451 1750 1686 1803 valerem
1715 1764 1943 1818 compre-

2054 1747 2380 1818 carndtionis
2409 1763 2650 1830 colligere
2706 1764 3008 1832 aggrediar.
3032 1769 3093 1818 Et
3117 1767 3214 1820 hoc
3243 1747 3357 1822 ideo
3385 1766 3670 1838 libentius,

331 1843 578 1896 hendere.
607 1841 709 1896 Sed
734 1843 1092 1915 quiaﬂrutus
1117 1854 1372 1909 pronepos
1395 1844 1554 1906 Enee,
1593 1857 1627 1894 a
1655 1855 1758 1909 quo
1785 1847 1836 1894 et
1861 1843 1945 1894 in-

329 1933 452 1988 sula
475 1933 766 1986 Britannia
791 1938 976 1986 vocata
1004 1937 1100 1997 est,
1121 1934 1329 2000 primus
1369 1931 1446 1984 ibi
1468 1933 1736 2000 regnavit,
1768 1933 1818 1986 si
1842 1932 1946 1986 vel-

329 2025 434 2078 lem
455 2038 635 2080 omnes
663 2037 808 2092 reges
834 2023 938 2076 sibi
985 2022 1318 2076 succedentes
1371 2021 1558 2076 ordine
1595 2037 1829 2091 congruo
1853 2037 1948 2092 po-

327 2136 476 2186 nere,
501 2133 710 2174 necesse
736 2123 866 2172 esset
895 2119 1060 2174 michi
1074 2132 1184 2173 non
1234 2119 1408 2173 solum
1429 2132 1526 2187 per
1555 2118 1755 2174 librum
1783 2120 1949 2188 Sigis-

328 2210 482 2276 berti,
513 2212 877 2265 verumeliam
898 2224 995 2278 per
1036 2215 1209 2264 totum
1251 2225 1439 2279 corpus
1469 2211 1846 2265 chronicorum
1869 2214 1951 2265 Je-

324 2306 543 2358 ronimi.
579 2308 629 2356 et
649 2317 745 2371 per
771 2317 1034 2370 magnam
1069 2308 1282 2370 partem
1341 2303 1760 2370 chronographie
1785 2306 1952 2356 Euse-

329 2395 422 2462 bii,
450 2395 635 2448 eadem
685 2395 913 2449 nomina
939 2407 1208 2462 spargere.
1271 2396 1463 2446 Verum
1512 2395 1771 2461 quoniam
1794 2393 1948 2447 inde-

328 2501 452 2541 cens
474 2493 571 2552 est,
601 2487 814 2554 scriptis
843 2487 1085 2538 virorum
1143 2489 1312 2538 tantae
1335 2486 1703 2551 authoritatis,
1736 2483 1950 2539 Eusebii

327 2585 379 2632 et
406 2579 667 2632 Jeronimi
692 2577 828 2642 dico,
877 2577 1081 2644 aliquid
1135 2582 1460 2632 extraneum
1510 2577 1746 2643 addere;
1782 2583 1842 2632 ut
1865 2593 1950 2632 sa-

2044 1855 2172 1922 quia
2209 1853 2322 1907 volo
2347 1859 2492 1921 gesta
2522 1854 2690 1921 primi
2715 1855 2952 1919 Henrici,
2971 1857 3336 1910 strenuissimi
3363 1859 3502 1924 regis
3542 1859 3672 1912 An-

2045 1946 2254 2014 glorum
2279 1949 2330 1998 et
2368 1945 2517 2000 ducis
2545 1949 2998 2012 Normannorum,
3031 1962 3065 2001 a
3090 1963 3192 2016 quo
3216 1947 3381 2004 habeo
3410 1951 3667 2018 incipere,

2046 2037 2366 2088 summatim
2389 2049 2486 2101 per
2507 2035 2748 2100 singulos
2778 2049 2948 2090 annos
2979 2042 3263 2090 annotare.
3281 2037 3358 2090 Ad
3375 2037 3512 2106 quod
3535 2053 3671 2108 opus
3727 2101 3732 2106 ,

2047 2139 2134 2177 me
2157 2123 2496 2193 adjuvabunt
2519 2129 2572 2178 et
2597 2125 2842 2192 historia,
2884 2141 3063 2195 quam.
3104 2127 3166 2183 de
3187 2129 3298 2196 ipso
3321 2141 3443 2196 rege
3467 2129 3683 2183 nouiter

2049 2213 2469 2280 defuncto’edidi
2491 2219 2542 2268 et
2577 2215 2733 2282 gestis
2783 2214 2985 2270 ducum
3040 2218 3367 2272 Normannie
3396 2217 3588 2286 adjeci,
3620 2223 3678 2272 et

2051 2307 2272 2360 historia
2296 2305 2525 2374 predicti
2551 2308 2768 2360 Henrici
2816 2307 3201 2376 archidiaconi,
3265 2324 3432 2378 quam
3455 2323 3674 2379 compo-

2046 2396 2157 2449 suit
2184 2394 2246 2448 de
2272 2395 2428 2450 rebus
2459 2395 2668 2464 Anglic,
2697 2397 2958 2465 incipiens
3005 2411 3128 2451 eam
3157 2413 3190 2450 a
3209 2399 3354 2452 Julio
3383 2401 3590 2464 Cesare,
3616 2405 3676 2454 et

2051 2491 2232 2540 texens
2258 2485 2553 2540 ordinatim
2570 2499 2736 2554 usque
2763 2486 2834 2539 ad
2846 2492 3074 2541 mortem
3112 2487 3342 2556 predicti
3367 2490 3506 2557 regis
3518 2491 3667 2542 Hen-

2050 2577 2170 2641 rici,
2201 2575 2256 2628 id
2283 2581 2550 2643 estusque
2591 2573 2661 2628 ad
2718 2573 2850 2630 H33
2899 2591 3112 2632 annum
3162 2577 3428 2634 dominice
3472 2571 3678 2633 incar-P

331 2670 605 2734 tis/‘aciam
629 2669 875 2733 curiosis,
915 2669 1042 2721 huic
1067 2667 1278 2736 prologo
1305 2668 1594 2737 subjiciam
1625 2683 1798 2723 unam
1837 2671 1953 2738 epi-
2051 2668 2308 2720 nationis.

325 2760 521 2813 stolam
550 2759 774 2813 Henrico
799 2757 1184 2824 archidiaconi,
1239 2774 1299 2812 in
1341 2774 1448 2827 qua
1477 2758 1706 2814 breviter
1731 2774 1954 2814 enume-

1597 2857 1894 2914 EXPLICIT
1939 2853 2284 2911 PROLOGUS
2315 2853 2403 2908 5“.

577 3071 850 3136 INCIPIT
913 3073 1282 3137 EPISTOLA
1348 3070 1659 3134 HENBICI
1725 3025 2266 3138 ARCHIDIACONI
2338 3072 2440 3134 AD
2501 3071 2870 3135 WARINUM
2937 3073 3031 3134 DE
3093 3072 3411 3136 REGIBUS

1793 3179 2204 3244 BRITONUM.

397 3327 590 3394 Queris
619 3345 649 3385 a
674 3347 786 3400 me,
820 3329 1042 3386 Warine
1098 3329 1268 3397 Brito,
1327 3330 1414 3384 vir
1465 3331 1638 3386 comis
1665 3337 1720 3386 et
1749 3329 1944 3398 facete,
1968 3335 2018 3404 (ζ
2045 3347 2168 3388 cum
2201 3332 2270 3388 de
2301 3332 2495 3388 ordine
2525 3331 2755 3388 hiStorie
2808 3330 2879 3386 de
2919 3331 3143 3405 regibus
3173 3331 3472 3406 Anglorum
3503 3347 3533 3386 a
3577 3346 3673 3386 me

325 3433 424 3472 cur
449 3417 626 3489 patrie
655 3426 838 3475 nostre
898 3427 1052 3492 gesta
1091 3435 1338 3483 narrans,
1369 3436 1400 3474 a
1429 3419 1770 3491 temporibus
1814 3419 1943 3476 Julii

325 3507 540 3564 Cesaris
586 3510 914 3582 inceperim,
975 3517 1029 3566 et
1076 3509 1468 3567 ﬂorentissima
1523 3527 1711 3587 regna,
1772 3527 1882 3584 que
1912 3528 1943 3568 a

321 3596 488 3654 Bruto
515 3615 694 3672 usque
723 3600 791 3655 ad
818 3599 1023 3656 iulium
1055 3599 1298 3667 fuerunt,
1349 3601 1652 3657 omiserim.
1687 3601 1938 3672 Respon-

321 3689 427 3746 deo
447 3689 614 3762 igitur
650 3690 772 3758 tibi,
805 3692 953 3763 quod
1005 3707 1108 3748 nec
1160 3707 1294 3748 voce
1350 3707 1452 3748 nec
1502 3692 1708 3764 scripto
1741 3692 1938 3748 horum

323 3783 632 3847 temporum
697 3778 989 3848 sepissime
1074 3778 1323 3833 notitiam
1381 3795 1624 3850 querens
1692 3780 1939 3836 invenire

325 3867 499 3937 potui.
520 3867 691 3922 Tanta
711 3868 987 3936 pernicies
1017 3867 1316 3924 oblivionis
1343 3871 1655 3926 mortalium
1708 3872 1937 3945 gloriam

322 3971 580 4012 successu
613 3956 988 4012 diuturnitatis
1038 3956 1361 4015 obruinbrat
1405 3969 1461 4017 et
1503 3961 1794 4036 extinguit.
1828 3962 1940 4018 Hoc

324 4055 511 4104 tamen
541 4063 710 4114 anno,
737 4049 830 4120 qui
863 4057 948 4105 est
977 4050 1045 4104 ab
1103 4050 1482 4108 incarnatione
1528 4053 1745 4109 Domini
1795 4054 1938 4110 1129

321 4136 412 4204 5“,
444 4152 566 4191 cum
594 4135 817 4192 Romam
864 4137 1249 4208 proﬁciscerer
1306 4156 1430 4196 cum
1461 4141 1779 4200 Theobaldo
1803 4141 1940 4200 Cau-

325 4230 569 4286 tuarensi
622 4231 1063 4304 archiepiscopo,
1121 4234 1270 4304 apud
1324 4235 1582 4304 Beccum,
1629 4237 1727 4294 ubi
1789 4238 1936 4295 idem

325 4323 781 4397 archiepiscOpus
811 4326 982 4382 abbas
1035 4325 1231 4395 fuerat,
1284 4329 1486 4401 scripta
1538 4347 1716 4388 rerum
1751 4333 1939 4404 predi-

327 4420 538 4470 ctarum
563 4421 791 4485 stupens
845 4414 1052 4471 inveni.
1084 4415 1365 4488 Siquidem
1401 4418 1700 4476 Robertum
1733 4421 1801 4476 de
1831 4421 1938 4478 Το-

327 4501 566 4570 rinneio,
597 4502 844 4572 ejusdem
896 4503 1001 4559 loci
1061 4505 1410 4572 monachum,
1444 4507 1622 4564 virum
1652 4516 1759 4563 tam
1792 4509 1936 4564 divi-

326 4607 522 4648 norum
545 4610 707 4666 quam
762 4595 1093 4652 secularium
1149 4596 1412 4653 librorum
1469 4599 1851 4672 inquisitorem
1884 4609 1937 4658 et

2045 3423 2192 3478 edite
2248 3439 2336 3479 me
2375 3423 2758 3498 interrogaret,
2792 3429 2847 3478 et
2877 3423 2933 3478 id
2964 3423 3114 3495 quod
3141 3439 3172 3478 a
3229 3438 3318 3478 me
3373 3421 3668 3494 querebat,

2043 3512 2224 3568 libens
2253 3507 2497 3568 audisset
2530 3529 2542 3567 :
2575 3511 2777 3568 obtulit
2804 3512 2974 3567 michi
3021 3512 3221 3568 librum
3248 3512 3317 3567 ad
3361 3510 3664 3584 legendum

2042 3605 2112 3660 de
2135 3604 2361 3679 regibus
2391 3604 2693 3672 Britonum,
2725 3601 2818 3676 qui
2847 3613 2974 3660 ante
3001 3604 3206 3678 Anglos
3230 3611 3474 3660 nostram
3505 3603 3669 3658 insu-

2040 3695 2145 3752 lam
2185 3704 2482 3752 tenuerunt
2538 3715 2552 3763 ;
2611 3711 2848 3770 quorum
2907 3705 3186 3768 excerpta,
3245 3696 3391 3753 utin
3422 3695 3662 3767 epistola

2039 3786 2220 3856 decet,
2251 3786 2575 3843 brevissime
2627 3786 2856 3854 scilicet,
2891 3787 3014 3855 _tibi
3068 3787 3448 3850 dilectissime,
3479 3785 3662 3841 mitto.

2039 3877 2627 3950 Enea3——reperies
2670 3877 2822 3935 Vale.

2111 4023 2244 4079 Item
2275 4023 2343 4078 de
2373 4021 2568 4079 eadem
2595 4021 2858 4092 hystoria.
2898 4021 3090 4078 Adhuc
3119 4022 3185 4076 ad
3219 4022 3484 4093 majorem
3531 4021 3652 4077 evi-

2039 4113 2282 4170 dentiam
2314 4131 2496 4169 rerum
2553 4113 2821 4169 dicturum
2882 4126 2936 4170 et
2990 4113 3350 4170 dicendarum
3384 4129 3663 4184 ponemus

2038 4207 2316 4280 quandam
2364 4214 2573 4280 partem
2628 4205 2860 4261 historie
2903 4202 3552 4273 Henrici'archidiaconi,
3587 4207 3662 4261 de

2037 4317 2145 4372 qua
2167 4299 2280 4370 jam
2313 4299 2603 4372 epistolam
2642 4305 2770 4352 ante
2795 4299 3027 4369 positam
3077 4299 3476 4370 eXcerpsimus.
3512 4298 3660 4354 Dicit

2035 4389 2292 4463 itaquein
2326 4389 2506 4462 primo
2533 4387 2670 4444 libro
2700 4386 2948 4459 ejusdem
3003 4389 3267 4445 historic:
3315 4389 3438 4443 Erat
3467 4397 3653 4444 autem

2041 4477 2321 4533 Britannia
2335 4474 2698 4532 —in\lenitur.
3643 4487 3648 4493 ‘

2110 4603 2184 4660 Ex
2209 4604 2402 4661 eadem
2455 4607 2659 4677 ystoria
2715 4607 2785 4662 de
2837 4605 3122 4663 modernis
3160 4608 3366 4664 sanctis
3417 4607 3657 4682 Anglic:

326 4693 766 4743 coacervatorem
795 4687 1284 4758 studiosissimum,
1319 4689 1524 4748 ibidem
1547 4693 1800 4751 conveni.
1835 4693 1934 4759 Qui
1955 4669 2013 4738 D
2037 4693 2161 4765 quis
2183 4693 2471 4750 Cantuaric
2502 4725 2568 4736 —-
2609 4695 2923 4752 luculenter
2949 4697 3224 4754 erudiant.

1070 4931 1689 5030 INCIPIUNT
1769 4933 2287 5020 CBONICA
2366 4934 2924 5019 ROBERTI.

499 5124 862 5168 ROMANORUM:
1015 5127 1351 5170 FRANCORUM.
1502 5133 1792 5175 ANGLORUM

393 5201 588 5274 (Hum.
620 5203 740 5276 vn.)
771 5203 1058 5273 Henricus,
1087 5204 1233 5262 ﬁlius
1288 5207 1452 5278 primi
1493 5209 1761 5266 Willermi
1793 5212 1936 5288 regis

2036 5123 2332 5198 Anglorum
2365 5131 2418 5180 et
2457 5126 2612 5182 ducis
2659 5126 3118 5194 Normannorum,
3165 5125 3351 5182 occiso
3397 5125 3646 5184 secundo

2035 5213 2320 5272 Willermo
2349 5215 2518 5273 fratre
2543 5233 2642 5275 suo
2675 5235 2804 5293 rege
2834 5219 3154 5294 Anglorum,
3185 5225 3240 5274 et
3277 5218 3532 5290 sequenti
3561 5218 3652 5274 die

1665 5334 1888 5395 VARUE
1927 5339 2306 5400 LECTIONES.
2335 5406 2338 5408 γ

329 5426 493 5520 ηξῗί
505 5431 597 5520 fit}
624 5432 906 5520 ῃφριξζᾷξυῖ,
936 5436 1156 5520 postea,
1175 5435 1291 5520 allio.
1309 5438 1630 5505 atramento,
1663 5443 1900 5520 correxit
1913 5457 1943 5520 εί
1987 5446 2227 5520 primum
2253 5447 2442 5514 fuerat
2478 5449 2637 5505 MGL.
2669 5451 2812 5520 quod
2839 5450 3038 5506 habent
3065 5454 3230 5506 etiam
3259 5450 3310 5510 3.
3342 5452 3426 5506 τι).
3457 5449 3542 5508 8ἀ.
3587 5451 3660 5486 ⁵⁵⁸

318 5501 400 5597 ita
937 5503 1412 5597 Ilo:bw:ti:£ortasse
1433 5501 1624 5597 manu,
1648 5526 1768 5590 qua:
1787 5501 1946 5597 addit
1973 5501 2136 5597 etiam
2155 5533 2168 5597 ς
2190 5501 2647 5597 consequentia—ni
2675 5501 3657 5597 Eiiiansgriﬁinié'latiniiés'iﬁainea

319 5568 1404 5666 ggodgcimjgio‘l‘ioé‘l‘lieempiricus
1443 5568 1728 5666 scriptoris
1756 5584 2014 5666 quedam,
2043 5568 2174 5666 licet
2198 5568 2946 5666 36;?

316 5639 528 5734 libellus
565 5643 632 5734 de
669 5645 1278 5734 i'mmutatioitf.grd‘inis
1315 5639 1720 5734 monachorum.
1745 5639 1943 5712 -bdilus

2054 5639 2956 5734 Dianas}:sartagines
2981 5639 3650 5732 'ési'nz‘enta‘,'§."§::

319 5727 361 5766 ε.
393 5715 514 5781 post
541 5713 872 5784 chrom'con),
907 5715 976 5750 5‘5
1010 5716 1193 5772 MXXX
1214 5734 1394 5774 nonus
1425 5719 1482 5774 E.
