3916 6064
173 241 280 297 425

319 386 683 428 ROMANORUM.
834 387 1184 428 FRANCORUM.
1334 385 1648 425 ANGLORUM.

174 465 230 520 in
270 464 509 520 ecclesia
547 463 723 518 sancti
777 463 917 518 Petri
977 464 1126 534 apud
1180 463 1517 536 Winceastre
1557 462 1793 531 sepulto,

176 557 389 612 ibidem
451 556 509 610 in
541 571 728 626 regem
787 555 1016 621 electus,
1050 556 1204 609 dedit
1242 555 1622 624 episc0patnm
1647 552 1799 607 Win-

173 648 408 704 ceastrie
435 647 718 703 Willermo
749 644 970 701 Giﬁ'ard.
1005 647 1360 720 Pergensque
1427 645 1797 710 Lundoniam,

173 747 425 796 sacratus
463 747 547 794 est
587 738 662 793 ibi
695 756 726 793 a
773 737 1036 794 Mauricio
1096 737 1464 793 Londoniensi
1511 737 1798 807 episcolio,

175 831 566 887 melioratione
597 831 781 903 legum
834 839 889 884 et
942 829 1404 884 consuetudinum
1455 827 1683 898 Optahili
1715 844 1804 881 re-

174 922 472 994 promissa.
543 921 633 975 His
687 921 911 984 auditis,
977 921 1268 974 Anselmus
1319 917 1797 987 archiepiscopus,

179 1012 404 1066 rediens
430 1012 482 1064 in
515 1009 785 1082 Angliam,
847 1009 1200 1078 d03p0058\'lf.
1253 1007 1531 1060 Maiildem
1567 1005 1800 1075 puellam

181 1099 453 1162 nobilem,
497 1097 662 1151 ﬁliam
704 1096 898 1150 Melcol
959 1097 1102 1171 regis
1171 1096 1352 1149 Scotic
1410 1102 1464 1147 et
1519 1094 1802 1167 Margaritc

177 1193 392 1265 regine,
425 1188 654 1242 Henrico
687 1203 828 1243 novo
857 1188 993 1260 regi.
1028 1189 1108 1256 (ll.
1143 1188 1331 1254 Henr.)
1367 1188 1578 1250 Quante
1619 1193 1800 1236 autem

175 1278 484 1335 sanctitatis
514 1287 748 1348 utraque
790 1277 979 1351 regina
1040 1283 1092 1330 et
1131 1276 1362 1330 scientie
1397 1283 1571 1329 mater
1599 1280 1654 1326 et
1695 1270 1805 1325 ﬁlia

179 1371 411 1434 fuerint,
434 1370 576 1424 liber
605 1369 698 1440 qui
740 1368 810 1422 de
836 1368 946 1426 vita
987 1368 1226 1438 ipsarum
1275 1367 1512 1437 scriptus
1539 1373 1621 1420 est
1644 1363 1806 1433 plano

179 1476 441 1517 sermone
481 1458 769 1515 describit.
822 1458 1022 1513 Gennit
1071 1465 1254 1512 autem
1314 1473 1381 1510 ex
1422 1472 1488 1510 ea
1532 1455 1675 1509 idem
1712 1469 1804 1506 rex

179 1553 448 1607 Henricus
468 1551 641 1605 ﬁlium
673 1566 862 1615 unum,
890 1549 1117 1604 nomine
1151 1548 1522 1614 \Villcrmum,
1547 1555 1602 1601 et
1635 1545 1804 1599 filiam

177 1659 370 1706 nnam,
413 1641 555 1696 sicut
580 1639 829 1709 nomine,
863 1639 935 1694 ita
985 1640 1278 1694 honestate
1340 1647 1572 1692 matrem
1607 1651 1800 1706 repre-

176 1741 513 1788 sentantem.
549 1731 697 1786 Hanc
717 1729 959 1801 denique
973 1730 1244 1803 virginem
1275 1730 1362 1784 vix
1385 1729 1800 1800 quinquennem
1827 1696 1878 1764 Β

181 1825 452 1880 Henricus
478 1821 708 1895 quartus
765 1823 1068 1893 imperator
1124 1824 1496 1878 Romanorum
1532 1827 1800 1892 angustus

180 1915 234 1968 in
264 1914 560 1986 conjugem
593 1928 692 1982 per
731 1911 1088 1966 honorabiles
1149 1912 1361 1984 legatos
1406 1909 1711 1981 requisivit,
1742 1914 1796 1961 et

176 2015 408 2058 uxorem
434 2000 666 2071 accepit.
711 2000 895 2070 (Huxr.
929 2003 1053 2072 vn.)
1087 2001 1253 2071 Capta
1287 2000 1421 2054 urbe
1470 1997 1798 2063 Jerusalem,

1038 238 1383 296 canonum.
1426 268 1495 278 -—
1535 236 1914 292 AUCTARIUM
1958 239 2239 297 ROBERTI
2283 242 2363 296 DE
2409 242 2652 301 MONTE.

3421 257 3526 312 426

1823 379 1872 446 Α
1899 371 2180 427 consulem
2209 375 2609 446 nequissimum
2668 385 2723 431 et
2777 377 3074 448 perﬁdum,
3105 382 3402 441 Robertum
3444 389 3517 443 de

1903 462 2171 530 Belesme,
2215 465 2339 532 jure
2397 466 2453 519 in
2494 483 2618 521 eum
2677 483 2951 543 exurgens
2978 472 3243 530 exulavit.
3301 475 3527 532 Obsedit

1903 570 2146 643 namque
2198 557 2351 627 prius
2379 557 2660 613 castellum
2721 561 2962 616 Arundel
2998 581 3012 630 ;
3050 567 3197 635 quod
3243 583 3365 623 cum
3397 586 3524 643 gra-

1902 642 2186 698 vissimum
2231 653 2380 701 esset
2437 648 2504 701 ad
2574 649 3040 720 conquirendum,
3096 656 3339 710 castellis
3394 642 3523 713 ante

1905 732 2037 786 illud
2069 736 2415 802 constructis,
2460 736 2555 792 ivit
2585 745 2639 792 et
2697 737 2918 794 obsedit
2975 743 3176 815 Bruge,
3226 760 3523 818 quousque

1905 825 2191 878 castellum
2218 825 2490 881 redditum
2522 838 2607 882 est
2634 830 2705 884 ei.
2742 830 2805 884 Et
2845 831 3116 888 liobertus
3146 834 3215 889 de
3275 837 3525 893 Belesme

1903 917 2285 988 gemebundus
2310 919 2364 972 in
2396 920 2784 976 Normanniam
2842 925 3112 999 migravit.
3151 927 3352 984 Eodem
3376 946 3527 986 anno

1907 1006 1971 1057 ad
2003 1006 2194 1059 festum
2236 1010 2409 1062 sancti
2464 1010 2746 1065 Michaelis
2787 1014 2964 1068 tenuit
3019 1017 3312 1071 Anselmus
3341 1021 3528 1073 archi-

1907 1098 2202 1168 episc0pus
2235 1102 2526 1156 concilium
2551 1105 2692 1173 apud
2730 1106 3068 1162 Lundoniam
3097 1110 3307 1181 ;inquo
3341 1113 3529 1181 prohi-

1909 1189 2025 1243 bllll
2056 1208 2254 1246 uxores
2293 1195 2676 1250 sacerdotibus
2709 1198 3008 1272 Anglorum
3049 1210 3206 1256 antea
3243 1218 3351 1257 non
3386 1219 3520 1274 pro-

1911 1279 2130 1333 hibitas.
2158 1281 2285 1348 (1b.)
2318 1283 2470 1346 Quod
2521 1284 2847 1354 quihusdam
2883 1290 3311 1345 mundissimum
3343 1293 3522 1347 visum

1909 1377 2010 1433 est,
2066 1370 2396 1440 quibusdam
2427 1374 2819 1443 periculosum.
2880 1375 2978 1443 Ne,
3029 1378 3158 1433 dum
3219 1382 3531 1436 mundicias

1908 1462 2117 1517 viribus
2149 1463 2383 1534 majores
2435 1474 2781 1536 appeterent,
2841 1467 2894 1521 in
2934 1468 3319 1527 immundicias
3349 1473 3531 1530 horri-

1912 1558 2050 1612 biles
2079 1560 2148 1613 ad
2187 1559 2504 1628 christianis
2531 1562 2773 1616 nominis
2801 1579 3078 1620 summum
3111 1565 3357 1622 dedecus
3390 1569 3530 1624 inci-

1905 1646 2118 1702 derent.
2155 1650 2214 1702 In
2273 1649 2364 1704 illo
2403 1659 2584 1704 autem
2649 1651 2885 1706 concilio
2941 1653 3098 1708 multi
3151 1655 3400 1722 abbates,
3433 1658 3528 1728 qui

1903 1736 2316 1808 adquisiverant
2345 1740 2593 1795 abbatias
2634 1739 2777 1796 sicut
2814 1743 2957 1798 Dens
2989 1744 3186 1812 noluit,
3220 1745 3529 1801 amiserunt

1903 1845 1997 1884 eas
2043 1830 2185 1883 sicut
2235 1831 2378 1884 Deus
2424 1832 2615 1887 voluit.
2661 1833 2877 1903 (SIGEB.)
2938 1835 3179 1892 Roherto
3220 1837 3527 1894 Flandren-

1903 1921 2043 1974 sium
2066 1921 2267 1975 comite
2297 1921 2491 1975 urbem
2525 1922 2880 1979 Cameracum
2905 1926 3218 1994 obsidente,
3259 1928 3522 1985 Henricus

1904 2008 2201 2079 imperator
2251 2016 2442 2064 contra
2491 2025 2616 2064 eum
2676 2011 3065 2080 proﬁciscitur,
3128 2022 3184 2070 et
3243 2016 3526 2088 aliquibus

179 2103 238 2150 ut
267 2093 532 2159 diximus,
565 2100 620 2147 et
653 2091 859 2165 ingenti
891 2093 1064 2163 prclio
1130 2100 1322 2162 postea
1380 2090 1675 2146 victoriose
1703 2105 1802 2160 pa-
1902 2099 2021 2167 ejus
2045 2099 2288 2154 castellis
2317 2101 2668 2173 expugnatis,
2694 2102 2989 2172 asperitate
3053 2105 3307 2161 instantis
3334 2107 3530 2162 hiemis

183 2196 326 2245 trato
358 2194 549 2243 contra
616 2189 915 2243 exercitum
973 2185 1205 2240 amiralii
1272 2182 1582 2244 Babilonie,
1640 2180 1802 2236 rediit

185 2282 462 2338 Robertus
489 2283 599 2338 dux
652 2283 706 2336 in
759 2281 1147 2337 Normanniam
1207 2296 1400 2335 mense
1446 2281 1711 2354 Augusto,
1753 2285 1807 2332 et

184 2393 308 2433 cum
332 2378 518 2432 leticia
547 2383 838 2448 susceptus
877 2383 958 2432 est
1024 2375 1092 2430 ab
1123 2375 1272 2430 omni
1313 2374 1541 2445 populo.
1574 2373 1807 2428 Thomas

185 2469 549 2525 Eboracensis
578 2468 1052 2539 archiepiscopus,
1083 2467 1167 2521 vir
1207 2465 1413 2539 ingenii
1472 2463 1721 2519 florentis
1751 2470 1806 2517 et

186 2559 464 2616 Musarum
493 2576 524 2615 a
547 2560 794 2622 secretis,
831 2558 1153 2614 hominibus
1182 2571 1449 2627 apparere
1488 2554 1672 2610 desiit.
1709 2552 1803 2607 Cui

186 2649 456 2705 successit
480 2648 740 2703 Girardus
780 2656 973 2703 cantor
999 2645 1484 2718 ltothomagensis,

259 2743 422 2796 MOI.
525 2743 785 2796 Henricus
834 2740 922 2795 45.
1002 2739 1275 2807 Philippus
1304 2738 1393 2790 4i.
1471 2738 1731 2791 Henricus
1761 2733 1802 2787 1.

260 2837 343 2904 (Ib
373 2835 386 2902 )
418 2835 684 2890 Henricus
725 2851 815 2889 rex
876 2833 1189 2906 Anglorum,
1233 2848 1354 2886 cum
1385 2831 1452 2886 ad
1509 2830 1690 2884 natale
1723 2837 1806 2883 te-

190 2925 404 2979 nuisset
432 2924 638 2979 curiam
665 2938 821 2978 suam
855 2921 1001 2992 apud
1055 2921 1384 2985 Wemoster,
1418 2931 1474 2975 et
1500 2920 1569 2974 ad
1610 2919 1812 2989 pascha

188 3010 338 3082 apud
379 3009 739 3075 Winceastre,
790 3008 1050 3064 commoti
1107 3016 1235 3063 sunt
1285 3008 1566 3079 principes
1619 3007 1813 3080 Anglie

189 3119 323 3174 erga
354 3101 768 3176 regem,'causa
790 3099 972 3155 fratris
1027 3099 1112 3154 sui
1159 3100 1382 3155 Roberti
1416 3115 1538 3155 cum
1567 3099 1812 3153 exercitu

193 3189 570 3244 advenientis.
606 3189 751 3244 Misit
782 3188 949 3262 igitur
976 3204 1065 3242 rex
1093 3188 1149 3243 in
1171 3204 1325 3242 mare
1355 3189 1546 3242 navale
1578 3187 1811 3258 prelium

199 3294 459 3360 gesturos
489 3293 680 3339 contra
711 3282 892 3337 fratris
922 3283 1008 3337 sui
1043 3283 1338 3338 adventum
1373 3301 1387 3350 ;
1448 3283 1545 3338 sed
1577 3282 1813 3353 quedam

196 3392 329 3448 pars
358 3391 546 3431 eorum
587 3375 838 3430 subdidit
868 3391 927 3429 se
960 3374 1493 3430 Robertovenienti.
1527 3375 1657 3430 Cum
1681 3390 1813 3448 ergo

194 3465 508 3536 appulisset
535 3463 681 3535 apud
712 3463 1092 3520 Portesmuthe
1119 3469 1245 3517 ante
1269 3463 1537 3518 Kalendas
1568 3463 1814 3536 Augusti,

196 3566 252 3614 et
283 3575 380 3613 rex
407 3557 660 3612 tenderet
705 3563 897 3612 contra
953 3572 1077 3610 eum
1119 3572 1243 3611 cum
1294 3555 1548 3610 maximis
1585 3555 1761 3626 c0piis
1802 3572 1815 3608 :

197 3649 758 3722 principesutrinque
791 3647 1018 3703 fratrum
1060 3651 1266 3706 bellum
1327 3667 1435 3706 non
1457 3648 1817 3720 perferentes,

196 3740 495 3796 concordie
519 3738 680 3794 fedus
710 3739 854 3793 inter
885 3738 1008 3794 illos
1033 3751 1347 3796 statuerunt
1379 3757 1446 3797 eo
1481 3740 1822 3811 pacto,quod

196 3831 476 3886 Robertus
503 3844 840 3901 unoquoque
869 3843 1016 3883 anno
1042 3828 1183 3884 3000
1233 3845 1445 3884 marcas
1471 3829 1684 3902 argenti
1717 3830 1822 3883 ha-

198 3920 361 3974 beret
390 3917 460 3972 ab
493 3917 708 3993 Anglia,
743 3925 796 3972 et
826 3918 917 3989 qui
953 3917 1165 3971 diutius
1227 3917 1460 3986 viveret,
1496 3917 1655 3972 heres
1684 3934 1832 3983 esset

199 4010 449 4074 alterius,
481 4009 527 4064 si
558 4010 697 4064 alter
722 4009 929 4080 absque
957 4008 1069 4063 ﬁlio
1103 4015 1431 4065 moreretur.
1506 4009 1620 4063 Hoc
1651 4011 1832 4059 autem

197 4104 528 4172 iuraverunt
553 4099 847 4156 duodecim
878 4099 1175 4155 eximiores
1203 4115 1493 4170 procerum
1549 4097 1831 4168 utrinque-

207 4195 486 4251 Robertus
520 4193 685 4267 igitur
725 4192 778 4246 in
823 4207 960 4262 pace
1012 4192 1398 4262 perendinavit
1449 4206 1625 4262 usque
1656 4190 1724 4244 ad
1757 4189 1837 4243 fe-

206 4295 352 4342 stum
382 4285 557 4340 sancti
589 4283 870 4339 Michaelis
902 4282 957 4338 in
991 4299 1163 4358 regno
1197 4283 1376 4338 fratris
1407 4284 1514 4352 sui,
1545 4291 1598 4338 et
1626 4282 1692 4337 ad
1717 4295 1840 4352 pro.

211 4381 331 4452 pria
389 4379 573 4434 rediit.
609 4378 918 4434 Rannulfus
957 4385 1139 4434 autem
1189 4395 1481 4450 perversns
1537 4378 1834 4449 episcopus

215 4473 527 4537 Dunelmie,
546 4488 709 4544 quem
736 4488 828 4528 rex
878 4473 1143 4528 Henricus
1198 4481 1455 4545 posuerat
1484 4474 1539 4528 in
1573 4473 1830 4540 vinculis,

219 4569 458 4626 concilio
477 4568 659 4640 gentis
686 4569 1006 4641 Anglorum,
1059 4585 1180 4624 cum
1212 4586 1243 4624 a
1297 4586 1518 4625 carcere
1549 4569 1833 4632 evasisset,

218 4660 580 4718 clamdestine
615 4669 933 4732 perrexerat
983 4661 1033 4714 in
1086 4661 1495 4727 Normanniam,
1529 4661 1762 4716 consilio
1785 4666 1838 4714 et

217 4749 618 4806 ammonitione
666 4765 766 4804 sua
812 4749 1110 4806 Robertum
1166 4750 1364 4806 ducem
1406 4766 1740 4822 promovens
1780 4749 1834 4802 in

221 4841 449 4896 fratrem
480 4856 662 4895 suum.
698 4839 916 4912 ($1033.)
976 4841 1258 4896 Conradns
1315 4841 1462 4896 ﬁlius
1493 4841 1708 4896 chrici
1739 4839 1846 4894 im-

223 4928 515 5000 peratoris,
545 4929 726 4983 adhuc
768 4929 906 4999 patri
976 4929 1218 4993 rebellis,
1262 4929 1316 4983 in
1376 4929 1536 4984 Italia
1591 4929 1840 4984 moritur.

225 5014 806 5088 llenricusimperator
829 5017 1118 5073 Henricum
1141 5017 1621 5091 .Lemburgensem
1650 5019 1849 5073 adver-

223 5117 439 5164 santem
469 5107 575 5162 sibi
625 5107 889 5176 debellat,
946 5114 1000 5162 et
1051 5107 1380 5182 expugnatis
1423 5108 1544 5176 ejus
1582 5107 1845 5171 castellis,

224 5214 354 5254 eum
385 5196 453 5250 ad
495 5195 844 5251 dedicionem
887 5196 1034 5269 cogit
1065 5215 1080 5259 ς
1112 5195 1209 5249 sed
1238 5195 1542 5266 imperator
1582 5196 1632 5251 ei
1678 5197 1849 5250 multa

226 5307 445 5347 summa
501 5289 730 5364 gratiam
788 5305 942 5344 suam
997 5289 1312 5357 redimenti,
1364 5289 1530 5343 etiam
1588 5289 1848 5344 ducatum

227 5381 586 5454 Lotharingie
609 5380 660 5434 ei
697 5381 884 5448 donat,
919 5389 973 5435 et
1004 5380 1084 5435 sic
1116 5379 1494 5451 paciﬁcantur.
1533 5381 1804 5452 (FULCHER
1835 5382 1850 5453 )

231 5473 399 5546 Capta
425 5481 512 5528 est
540 5471 675 5526 urbs
701 5471 930 5527 Cesarca
960 5489 991 5527 a
1017 5471 1350 5528 christianis.

301 5559 463 5616 1102.
825 5559 916 5613 46.
1351 5561 1442 5617 42.
1793 5563 1846 5618 2.

304 5650 501 5721 (Hum.
563 5654 684 5721 vn.)
737 5651 1008 5708 Henricus
1055 5669 1147 5710 rex
1217 5653 1512 5728 Anglorum
1574 5654 1852 5723 quendam

569 5763 868 5829 PATROL.
925 5763 1121 5828 CLX.

1906 2189 2085 2243 redire
2114 2189 2482 2259 compellitur.
2528 2189 2843 2262 (Fumusm)
2898 2192 3120 2246 Occisus
3175 2202 3260 2248 est
3287 2195 3521 2266 Stepha-

1909 2293 2012 2332 nus
2074 2294 2262 2334 comes
2305 2278 2580 2333 Blesensis
2645 2281 2729 2335 15.
2799 2279 3069 2336 Kalendas
3117 2283 3345 2357 Augusti
3380 2285 3526 2356 apud

1908 2369 2210 2424 Ramnlam.
2244 2370 2486 2427 Mortuus
2533 2379 2617 2427 est
2654 2379 2709 2428 et
2765 2372 2917 2445 fingo
2957 2373 3186 2448 Magnus
3219 2374 3368 2446 apud
3396 2375 3530 2431 Tar-

1905 2474 2023 2512 sum
2058 2479 2074 2523 ;
2107 2460 2498 2515 etsucccssitei
2528 2461 2796 2516 Rodulfus
2826 2461 2975 2518 ﬁlius
3006 2465 3146 2535 ejus.

1909 2552 2045 2620 1103
2481 2553 2570 2609 47.
2969 2555 3056 2611 43.
3472 2557 3526 2615 3.

1979 2640 2144 2710 (Hum
2205 2645 2322 2711 vn.)
2385 2641 2654 2698 Robertus
2711 2643 2818 2698 dux
2885 2645 3327 2702 Normannorum
3381 2646 3533 2704 venit

1909 2732 1963 2786 in
1991 2732 2262 2807 Angliam,
2295 2741 2348 2789 et
2377 2734 2558 2789 causis
2587 2735 3259 2804 variisintercedentibus,
3289 2746 3346 2795 et
3373 2745 3532 2797 cauta

1908 2826 2055 2900 regis
2085 2827 2378 2896 prudentia
2433 2827 2767 2884 condonavit
2821 2829 2870 2883 ei
2930 2829 3072 2886 3000
3113 2832 3365 2886 marchas
3394 2848 3534 2905 quas

1912 2933 2004 2971 rex
2027 2918 2266 2974 debebat
2294 2919 2343 2973 ei
2378 2935 2474 2991 per
2524 2936 2751 2975 annum.
2803 2919 3008 2976 Eodem
3047 2936 3192 2977 anno
3252 2921 3406 2977 visus
3442 2928 3529 2977 est

1912 3013 2135 3085 sanguis
2156 3013 2391 3068 ebullire
2444 3031 2475 3069 a
2523 3021 2667 3070 terra
2720 3015 2776 3070 in
2830 3016 3108 3087 Beschyre
3165 3016 3313 3087 apud
3343 3015 3536 3072 Hams-

1842 3065 1891 3134 Ο
1913 3065 2046 3158 tud:
2069 3104 2296 3173 (Summ)
2331 3105 2600 3161 Robertus
2647 3121 2836 3162 comes
2863 3065 3283 3163 Flandrensium
3317 3107 3375 3163 in
3400 3121 3528 3182 gra-

1911 3193 2040 3247 tiam
2069 3194 2418 3264 imperatoris
2467 3195 2730 3265 recipitur
2789 3197 3091 3267 (Ρυιίιιιειι.)
3147 3197 3315 3267 Capta
3363 3204 3451 3253 est
3495 3212 3528 3250 a

1913 3287 2228 3342 christianis
2282 3288 2412 3342 urbs
2458 3289 2699 3355 Acchon,
2748 3305 2858 3360 que
2890 3289 3196 3361 antiquitus
3245 3288 3538 3346 dicebatur

1916 3375 2318 3441 Ptholomaida,
2347 3392 2509 3448 quam
2567 3377 2790 3447 quidam
2842 3384 3036 3446 putant
3101 3392 3222 3432 esse
3261 3379 3532 3444 Accaron,

1916 3465 2012 3519 sed
2044 3481 2152 3521 non
2183 3474 2282 3521 est.
2328 3466 2426 3519 illa
2466 3466 2614 3520 enim
2673 3465 2972 3522 Philistea:
3017 3467 3122 3521 ista
3150 3481 3280 3521 vero
3314 3466 3542 3522 Ptholo-

1919 3554 2098 3608 maida
2126 3553 2327 3609 dicitur
2395 3555 2638 3610 Accaron
2696 3555 2831 3609 urbs
2889 3563 2972 3610 est
3023 3555 3308 3623 Philistea,
3365 3570 3540 3626 prope

1920 3646 2241 3701 Ascalonem
2276 3647 2508 3711 ;Accon
2573 3660 2726 3713 vero,
2787 3645 2842 3699 id
2895 3653 2978 3702 est
3023 3645 3426 3713 Ptholomaida,
3465 3646 3535 3702 ab

1923 3743 2108 3790 austro
2140 3734 2306 3789 habet
2329 3735 2558 3789 Carmeli
2590 3741 2852 3790 montem.
2879 3735 3231 3791 Boamundus
3257 3750 3536 3792 commen-

1930 3822 2080 3879 davit
2107 3823 2477 3894 principatum
2529 3824 2820 3880 Antiochie
2868 3824 3148 3881 Tancredo
3199 3823 3390 3895 nepoti
3415 3839 3537 3892 suo,

1932 3926 1989 3972 et
2020 3919 2136 3990 ipse
2157 3918 2436 3990 navigavit
2460 3918 2513 3972 in
2546 3919 2819 3996 Apuliam,
2871 3920 3072 3974 deinde
3101 3920 3253 3975 venit
3287 3919 3340 3975 in
3373 3921 3547 3976 Fran-

1934 4007 2096 4063 ciam.
2131 4007 2468 4063 Ebremadus
2523 4008 2792 4064 successit
2823 4009 3084 4064 Daiberto
3115 4010 3296 4080 primo
3319 4011 3552 4081 patriar-

1937 4100 2373 4155 cheJerusalem.

1941 4194 2097 4250 1104.
2497 4196 2585 4251 48.
2978 4197 3067 4250 44.
3494 4199 3548 4252 4.

2013 4282 2226 4352 (Ηυκτ.)
2287 4283 2553 4338 Henricus
2608 4300 2700 4338 rex
2748 4284 3067 4358 Anglorum,
3129 4290 3185 4338 et
3224 4283 3392 4340 frater
3416 4300 3550 4341 suus

1942 4374 2212 4431 Robertus
2236 4375 2343 4430 dux
2383 4377 2803 4441 Normanorum,
2857 4376 3038 4431 causis
3082 4375 3554 4432 intercedentibus

1936 4464 2230 4519 discordati
2260 4473 2406 4520 sunt.
2433 4465 2577 4519 Misit
2605 4465 2770 4538 igitur
2799 4479 2891 4517 rex
2931 4463 3136 4517 milites
3193 4463 3248 4517 in
3285 4462 3554 4519 Norman-

1937 4555 2106 4622 niam,
2138 4556 2232 4626 qui
2271 4572 2300 4610 a
2341 4555 2718 4627 proditoribus
2774 4553 2930 4608 ducis
2960 4554 3190 4624 recepti,
3247 4555 3450 4626 praedis
3498 4561 3558 4612 et

1937 4649 2412 4705 combustionibus
2442 4665 2552 4704 non
2584 4648 2866 4702 minimam
2912 4646 3126 4702 cladem
3157 4647 3326 4705 rebus
3353 4665 3554 4707 consu-

1941 4743 2148 4799 laribus
2175 4743 2528 4815 ingesserunt
2573 4741 2885 4796 Willermus
2915 4757 3046 4797 vero
3077 4743 3271 4799 consul
3305 4743 3555 4800 Moretuil

1943 4854 2108 4894 causa
2138 4836 2370 4908 perﬁdie
2417 4837 2486 4891 ab
2533 4837 2726 4909 Anglia
2779 4837 3212 4907 exhereditatns,
3254 4856 3286 4895 a
3343 4857 3474 4916 rege
3499 4839 3557 4895 in

1943 4928 2334 4985 Normanniam
2363 4927 2677 4994 discedens,
2711 4928 2895 4984 animo
2923 4928 3169 5000 perfecto
3199 4937 3253 4985 et
3283 4932 3558 4987 exercicio

1945 5017 2176 5073 ferventi
2202 5017 2283 5073 vir
2313 5017 2672 5087 probissimus
2713 5018 2908 5073 indixit
2955 5027 3009 5074 et
3075 5018 3251 5074 inﬁxit
3282 5018 3560 5093 regalibus

1947 5105 2142 5162 turmis
2171 5120 2398 5160 werram
2457 5105 2764 5162 calamitate
2834 5106 3113 5163 refertam.
3165 5109 3559 5178 Apparuerunt

1951 5198 2096 5254 circa
2121 5199 2293 5254 solem
2334 5197 2387 5252 in
2418 5197 2653 5253 meridie
2716 5205 2950 5272 quatuor
2995 5199 3186 5255 circuli
3219 5197 3327 5252 albi
3360 5197 3563 5254 coloris

1954 5288 2029 5343 rei
2053 5287 2273 5361 signum
2311 5295 2560 5344 venture.

1955 5380 2110 5435 1105.
2504 5380 2593 5434 49.
3025 5380 3115 5436 45.
3509 5378 3566 5435 5.

2026 5471 2145 5544 (1b.)
2175 5471 2440 5528 Henricus
2464 5488 2556 5528 rex
2587 5472 2885 5546 Anglorum
2945 5472 3186 5544 perrexit
3217 5473 3269 5527 in
3299 5471 3568 5529 Norman-

1952 5565 2101 5620 niam
2130 5570 2321 5619 contra
2358 5563 2582 5620 fratrem
2621 5579 2783 5620 suum
2836 5573 3146 5621 certaturus
3182 5583 3196 5620 :
3231 5564 3571 5636 conquisivit

1956 5655 2120 5728 igitur
2158 5654 2452 5713 Cadomnm
2483 5656 2740 5728 pecunia,
2775 5656 3028 5724 Bajocum
3063 5657 3234 5716 armis
3260 5661 3314 5712 et
3370 5655 3571 5712 auxilio

3179 5769 3258 5832 14
