3930 6068
341 220 446 277 427

485 362 836 408 ROMANORUM.
994 363 1334 403 FBANCORUM.
1492 363 1801 403 ANGLOHUM.

342 444 598 500 Fnlconis
622 439 1313 515 consulisAndegavensis.
1358 439 1513 511 Cepit
1538 455 1758 512 quoque
1798 440 1955 510 plura

341 534 445 589 alia
471 538 666 599 castra,
696 538 962 587 etomnes
1002 530 1113 585 fere
1144 530 1425 601 principes
1467 529 1800 584 Normannie
1834 528 1953 601 regi

339 640 399 678 se
426 622 746 679 subdidere.
780 620 871 675 His
891 621 1048 686 actis,
1080 636 1269 676 mense
1300 625 1542 693 Augusto
1566 619 1730 674 rediit
1756 620 1812 672 in
1843 620 1954 671 An-

340 715 526 789 gliam.
560 714 783 786 (SIGEB.)
837 713 1204 769 Jerosolimite
1272 711 1730 767 innumerabilem
1786 726 1955 783 paga-

343 823 540 864 norum
597 804 1011 860 multitudinem
1054 801 1296 878 gloriosa
1345 800 1578 856 victoria
1633 806 1947 855 conterunt.

339 894 508 951 Filius
541 891 888 965 imperatoris
947 890 1164 946 Henrici
1208 906 1239 944 a
1288 897 1446 961 patre
1499 904 1747 955 aversus,
1782 904 1955 959 quos—

340 998 559 1056 cunque
591 988 769 1054 potest
788 981 857 1037 ab
888 996 956 1036 eo
1009 980 1227 1047 avertit,
1260 987 1316 1034 et
1346 979 1447 1033 sub
1498 978 1728 1033 obtentu
1757 977 1956 1032 melio-

338 1073 512 1127 rande
568 1071 647 1126 rei
684 1069 905 1142 publice
941 1075 996 1124 et
1042 1068 1401 1123 restaurande
1465 1065 1702 1121 ecclesie
1740 1065 1795 1118 in
1826 1080 1952 1119 eum

335 1162 593 1236 insurgit.

340 1252 497 1307 nos.
529 1254 794 1307 Henricus
813 1248 901 1305 so.
1008 1248 1282 1317 Philippus
1301 1245 1389 1301 te.
1483 1246 1744 1299 Henricus
1774 1247 1799 1296 1
1827 1241 1879 1297 6.

413 1344 599 1415 (Hum.
657 1344 772 1410 vn.)
830 1339 1103 1396 Bobertus
1155 1338 1266 1393 dux
1315 1337 1753 1392 Normannorum
1800 1333 1951 1388 venit

337 1442 624 1515 adjregem
657 1437 950 1493 Henricum
1012 1434 1235 1489 fratrem
1285 1449 1470 1499 suum,
1515 1431 1663 1503 apud
1702 1429 1954 1484 Norban-

341 1543 497 1603 tune,
529 1533 896 1591 amicabiliter
922 1531 990 1586 ab
1020 1545 1087 1586 eo
1116 1537 1316 1601 petens
1368 1535 1429 1583 ut
1481 1527 1662 1582 ablata
1690 1524 1799 1579 sibi
1838 1522 1953 1578 fra-

1563 212 1906 269 SlGEBERTl
1947 211 2456 269 GEMBLACENSIS.

1974 352 2029 420 Α
2058 344 2198 400 Rufo
2227 361 2460 421 regnum
2487 342 2701 416 Anglic,
2735 342 2884 399 unde
2935 347 2991 398 et
3017 341 3308 413 epistolam
3339 341 3413 397 de
3444 355 3512 397 eo
3543 356 3674 416 rege

3564 213 3673 268 428

2058 435 2442 491 constituendo
2496 449 2596 505 per
2642 433 2882 488 eundem
2920 432 3068 488 misit
3124 431 3426 488 Lanfranco
3491 432 3678 488 archi-

2055 528 2244 598 episco
2277 545 2289 580 :
2326 527 2589 581 Henricus
2628 543 2751 582 cum
2779 526 3021 581 lacrimis
3050 525 3119 579 ad
3151 532 3360 596 patrem
3391 525 3559 582 dixit:
3596 529 3675 581 Et

2052 619 2205 685 mihi,
2235 624 2410 688 pater,
2443 620 2579 688 quid
2603 616 2844 672 tribuis?
2873 616 2965 671 Cui
2996 633 3089 672 rex
3111 617 3187 671 ait
3216 618 3495 688 ;Quinque
3514 620 3673 672 milia

2052 712 2226 766 libras
2251 714 2466 778 argenti
2493 712 2558 765 de
2587 712 2839 765 thesauro
2863 725 2976 765 meo
3016 711 3117 765 tibi
3143 710 3228 764 do.
3283 710 3362 764 Ad
3392 711 3494 765 hec
3521 711 3669 765 Hen-

2053 799 2200 854 ricus
2240 800 2393 855 dixit.
2420 800 2564 866 Quid
2599 802 2800 866 faciam
2826 799 2891 854 de
2919 800 3191 866 thesauro,
3234 801 3284 854 si
3312 800 3483 854 locum
3512 801 3674 855 habi-

2056 894 2278 947 tationis
2330 908 2437 948 non
2473 893 2710 947 habuero
2743 890 2771 944 ?
2805 891 2901 946 Cui
2943 898 3099 963 pater
3132 909 3144 945 :
3177 894 3500 962 Equam'mis
3538 896 3671 960 esto,

2054 986 2158 1053 ﬁli,
2184 988 2234 1039 et
2271 985 2576 1051 confortare
2621 986 2681 1038 in
2706 986 2949 1039 Domino.
2987 986 3208 1054 Paciﬁce
3232 990 3443 1053 patere,
3467 989 3529 1040 ut
3557 1001 3676 1039 ma-

2050 1079 2197 1148 jores
2223 1081 2429 1147 fratres
2450 1081 2533 1134 tui
2556 1079 2846 1149 precedent
2875 1084 2942 1134 te.
2966 1080 3226 1136 Robertus
3244 1081 3667 1146 Normanniam,

2062 1171 2372 1226 Willermus
2408 1187 2531 1227 vero
2583 1174 2747 1226 totius
2798 1172 2991 1240 Anglic
3018 1172 3390 1226 monarchiam
3429 1172 3675 1226 habebit.

2060 1261 2139 1315 Tu
2166 1265 2344 1314 autem
2371 1263 2608 1330 tempore
2663 1264 2756 1315 tuo
2812 1264 2982 1315 totum
3045 1261 3324 1327 honorem,
3366 1276 3520 1331 quem
3577 1275 3673 1326 ego

2050 1354 2240 1404 nactus
2268 1364 2407 1415 sum,
2439 1350 2698 1415 habebis;
2729 1354 2780 1405 et
2805 1351 3077 1418 fratribus
3115 1353 3222 1406 tuis
3254 1351 3481 1417 divitiis
3506 1356 3556 1404 et
3567 1365 3676 1419 po-

2052 1446 2238 1496 testate
2260 1443 2571 1512 prastabis.
2637 1442 2865 1513 (810153.)
2921 1442 3123 1507 Quarto
3154 1442 3336 1497 Nonas
3382 1442 3668 1498 Februarii

2052 1534 2213 1588 stella
2239 1550 2339 1605 per
2367 1534 2511 1589 diem
2533 1535 2647 1589 visa
2695 1541 2777 1590 est
2805 1535 2861 1588 in
2890 1534 3033 1603 celo,
3075 1535 3302 1609 longum
3326 1551 3392 1589 ex
3416 1551 3475 1589 se
3497 1535 3660 1590 emit-

340 1636 495 1685 terna
524 1627 783 1684 redderet
837 1623 1033 1700 gratia.
1073 1622 1207 1678 Cum
1237 1636 1369 1678 vero
1424 1621 1566 1675 Deus
1595 1634 1786 1674 eorum
1815 1631 1953 1672 con-
1977 1687 2023 1700 ἢ
2054 1631 2177 1678 iens
2203 1623 2437 1687 radium,
2469 1624 2538 1678 ab
2572 1624 2703 1679 hora
2755 1624 2809 1678 3.
2857 1638 3033 1695 usque
3081 1623 3151 1678 ad
3183 1623 3373 1680 horam
3402 1625 3457 1691 9,
3500 1624 3658 1696 quasi

342 1717 532 1775 cordie
552 1731 665 1773 non
708 1687 1021 1780 assebtiret,
1053 1711 1163 1768 dux
1206 1712 1376 1766 iratus
1428 1708 1670 1781 perrexit
1720 1707 1774 1760 in
1823 1704 1941 1759 Nor-

2049 1716 2238 1771 cubito
2278 1715 2541 1771 distansa
2597 1716 2732 1772 sole.
2795 1687 3060 1772 Henricus
3106 1714 3255 1772 ﬁlius
3312 1687 3666 1787 imperatoris

340 1806 621 1862 manniam
655 1813 747 1860 :et
770 1819 865 1860 rex
907 1808 1035 1857 ante
1073 1803 1375 1875 Augustum
1436 1803 1658 1853 secutus
1686 1801 1772 1850 est
1799 1809 1947 1849 eum.

340 1899 474 1954 Cum
533 1913 665 1974 ergo
725 1912 820 1952 rex
879 1893 1192 1950 obsedisset
1230 1898 1466 1947 castrum
1521 1884 1948 1951 Tenerchebrai,

339 1991 628 2064 veniﬁdux
684 1989 1148 2053 Normannorum,
1204 1990 1258 2042 et
1313 2000 1438 2039 cum
1481 1997 1548 2038 eo
1579 1980 1852 2037 Robertus
1882 1977 1952 2032 de

342 2081 616 2149 Belesme,
648 2085 704 2135 et
732 2077 927 2135 consul
958 2077 1026 2132 de
1082 2074 1353 2139 Moretuil,
1385 2080 1439 2130 et
1490 2087 1684 2128 omnes
1711 2069 1954 2125 fautores

340 2171 480 2240 ejus.
507 2170 618 2225 Rex
649 2183 785 2224 vero
813 2181 1003 2223 secum
1053 2180 1249 2222 omnes
1299 2179 1558 2235 proceres
1595 2157 1950 2223 Normannie,

343 2268 398 2317 et
416 2259 587 2316 robur
617 2257 808 2333 Anglie
836 2263 893 2312 et
921 2253 1232 2328 Andegavis
1293 2260 1347 2308 et
1393 2250 1697 2317 Britannic,
1730 2263 1841 2304 non
1866 2247 1953 2300 in-

338 2354 602 2428 providus
621 2351 877 2407 habebat.
906 2348 1079 2423 Igitur
1100 2363 1225 2404 cum
1264 2360 1469 2403 cornua
1488 2358 1654 2399 rauco
1681 2339 1953 2412 strepuis-

337 2454 462 2504 sent
491 2451 675 2512 cantu,
718 2444 828 2498 dux
888 2440 1223 2497 Normannia
1253 2454 1379 2495 cum
1419 2435 1609 2510 paucis
1640 2433 1809 2490 multo
1841 2448 1947 2487 au-

337 2537 637 2593 dacissime
653 2548 949 2609 aggressus
977 2539 1079 2586 est.
1115 2531 1486 2600 Assuetusque
1552 2525 1711 2580 bellis
1729 2524 1950 2579 Jcroso-

2050 1805 2348 1873 contrajus
2376 1815 2571 1861 nature
2602 1813 2657 1861 et
2693 1805 2774 1861 fas
2796 1806 2980 1881 legum
3013 1805 3071 1861 in
3095 1814 3309 1877 patrem
3337 1806 3666 1879 insurgens,

2051 1910 2215 1964 quam
2240 1895 2467 1969 indigne
2492 1911 2619 1951 eum
2649 1897 2981 1964 tractaverit,
3035 1897 3280 1955 declarat
3341 1899 3576 1971 epistola
3601 1914 3669 1953 ex

2053 2003 2149 2042 ore
2176 1987 2349 2058 ipsius
2376 1988 2549 2059 patris
2577 1987 2780 2060 scripta
2804 1989 2873 2045 ad
2917 1989 3227 2063 Philippum
3276 2006 3464 2065 regem
3496 1991 3674 2046 Fran-

2054 2092 2263 2135 corum.
2298 2081 2637 2151 Imperatore
2699 2081 2933 2138 Henrico
2980 2090 3231 2138 morante
3284 2083 3473 2150 Leodi,
3522 2081 3671 2137 ﬁlius

2056 2171 2176 2241 ejus
2192 2172 2596 2248 Aquisgranum
2645 2173 2820 2242 venit,
2850 2180 2906 2230 et
2960 2174 3153 2231 volens
3190 2176 3382 2232 venire
3404 2175 3669 2232 Leodium

2052 2269 2242 2317 contra
2275 2269 2483 2332 patrem
2528 2279 2711 2330 suum,
2767 2262 2960 2336 quinta
3004 2263 3143 2320 feria
3192 2264 3472 2321 dominice
3500 2280 3664 2331 cene,

2054 2353 2309 2422 premisit
2346 2369 2480 2408 suos
2517 2368 2897 2426 preoccupare
2927 2359 3152 2425 pontem
3201 2355 3349 2425 apud
3376 2354 3667 2422 Wisatum,

2054 2456 2122 2497 ne
2148 2442 2276 2513 quis
2300 2442 2405 2497 sibi
2438 2444 2682 2499 venienti
2725 2443 2988 2498 obstaret.
3048 2441 3158 2499 Sed
3188 2442 3459 2499 militibus
3495 2444 3669 2515 patris

2053 2531 2510 2587 concurrentibus
2557 2532 2626 2586 ad
2685 2531 3140 2604 exoccupandum
3181 2538 3429 2603 pontem,
3470 2531 3675 2589 milites

336 2631 623 2697 limitanis,
646 2630 820 2685 aciem
850 2626 1093 2701 regalem
1151 2624 1364 2682 fortiter
1393 2631 1449 2678 et
1495 2621 1740 2688 horride,
1778 2628 1839 2673 ut
1869 2617 1950 2674 vir
2054 2621 2152 2677 ﬁlii
2180 2639 2211 2679 a
2248 2631 2415 2694 ponte
2440 2625 2799 2696 repelluntur,
2837 2624 2962 2679 aliis
3001 2640 3190 2680 eorum
3223 2625 3416 2696 captis,
3444 2624 3569 2679 aliis
3616 2625 3673 2680 in

333 2722 657 2780 admiranda
688 2727 744 2776 et
760 2714 1652 2790 jamdudumprobateprobitatis,
1686 2712 1947 2767 audacter
2052 2712 2280 2770 Morsam
2322 2716 2598 2783 dimersis,
2649 2716 2770 2771 aliis
2813 2716 3049 2783 occisis;
3111 2716 3256 2772 inter
3302 2730 3443 2788 quos
3498 2716 3662 2772 etiam

333 2815 594 2889 reppulit.
650 2813 965 2869 Willermus
1029 2825 1252 2882 quoque
1305 2809 1497 2863 consul
1537 2806 1606 2861 de
1659 2803 1944 2861 Moretolio
2045 2808 2227 2866 Bruno
2257 2826 2444 2868 comes
2487 2812 2705 2869 occisus
2751 2821 2856 2868 est.
2914 2812 3002 2870 Sic
3054 2812 3198 2870 ﬁlius
3225 2821 3417 2873 contra
3446 2823 3657 2886 patrem

331 2913 505 2968 aciem
536 2909 834 2982 Anglorum
858 2908 927 2961 de
964 2905 1087 2961 loco
1139 2904 1195 2959 in
1254 2904 1433 2959 locum
1466 2903 1692 2958 turbans
1721 2915 1944 2972 promo-
2044 2896 2297 2967 veniens,
2323 2898 2487 2954 rediit
2517 2899 2809 2975 inglorius.
2836 2900 3264 2958 Coloniensibus
3287 2900 3455 2959 ﬁdem
3485 2904 3663 2975 impe—

327 3003 422 3057 vit.
444 3003 597 3057 Tunc
623 3000 772 3056 acies
796 2998 1070 3071 equestris
1118 2996 1504 3051 Britannorum
1528 3025 1561 3033 ρ
1582 3010 1675 3048 rex
1705 3007 1943 3063 namque
1977 3058 2015 3071 Π
2044 2985 2210 3042 ratOri
2254 2988 2621 3056 servantibus,
2674 2995 2730 3044 at
2782 3005 2974 3046 eorum
3026 2990 3445 3063 archiepiscopo
3477 2990 3655 3046 ﬁlium

330 3101 384 3149 et
412 3093 521 3150 dux
552 3099 608 3148 et
630 3091 777 3148 acies
799 3058 982 3146 cetere
1039 3089 1257 3161 pedites
1309 3094 1485 3154 erant,
1510 3093 1570 3141 ut
1601 3084 1943 3141 constantius
1968 3058 2017 3126 (ἶ
2045 3072 2393 3144 ίῐηβθτὸίοΐίδ
2421 3083 2611 3133 contra
2641 3084 2853 3148 Patrem
2902 3094 3061 3134 suum
3091 3079 3393 3148 animante,
3432 3078 3661 3135 (ἷοῙοΠίδ

328 3191 641 3259 pugnarent
700 3213 766 3225 —-
805 3181 977 3237 aciem
1028 3180 1187 3236 ducis
1245 3196 1311 3236 ex
1366 3180 1597 3235 adverso
1652 3193 1940 3249 proruens,

328 3276 511 3332 subito
539 3272 741 3330 difﬁdit
781 3291 796 3340 ;
827 3279 882 3328 et
911 3272 1057 3328 mole
1081 3269 1486 3346 magnitudinis
1517 3269 1572 3324 in
1624 3268 1778 3323 brevi
1810 3267 1943 3322 satis

328 3364 506 3438 spatio
531 3380 671 3439 gens
696 3362 852 3418 ducis
908 3375 1195 3432 oppressa,
1253 3357 1523 3413 dissoluta
1577 3362 1660 3413 est
1696 3365 1752 3412 et
1775 3356 1938 3412 victa.

328 3455 461 3510 Mira
489 3451 610 3507 res!
642 3450 732 3507 cui
762 3449 1052 3521 paterejus
1082 3446 1460 3511 maledixerat,
1493 3453 1548 3503 et
1580 3447 1676 3518 qui
1709 3461 1941 3520 regnum

329 3542 633 3600 Jerusalem
663 3545 941 3608 renuerat,
1007 3538 1204 3593 durare
1257 3552 1369 3593 non
1421 3535 1620 3606 potuit.
1674 3537 1943 3592 Robertus

330 3650 461 3692 vero
491 3634 561 3688 de
589 3631 839 3687 Belesme
867 3628 1032 3684 simul
1079 3628 1183 3684 hoc
1239 3626 1472 3699 aspexit,
1526 3626 1654 3698 fuga
1681 3626 1785 3681 sibi
1809 3641 1944 3682 con-

331 3723 516 3779 suluit.
552 3722 747 3792 Captus
772 3717 1042 3792 estigitur
1085 3717 1195 3771 dux
1234 3715 1564 3771 fortissimus
1594 3716 1941 3770 Normanno—

2044 3167 2272 3221 obsessa
2326 3176 2697 3243 Oppugnatur,
2744 3170 2845 3226 sed
2902 3186 3015 3227 non
3068 3178 3435 3245 expugnatur.
3491 3170 3660 3245 Igitur

2047 3262 2308 3318 Henricus
2334 3263 2631 3333 imperator
2682 3266 2847 3322 Leodi
2905 3266 3155 3334 moritur,
3173 3266 3406 3338 ejusque
3434 3264 3580 3321 ﬁlius
3604 3265 3658 3321 ei

2043 3355 2309 3411 Henricus
2333 3357 2582 3413 succedit
2612 3375 2626 3423 ;
2660 3358 2750 3429 qui
2787 3364 2981 3428 postea
3010 3358 3167 3413 duxit
3186 3357 3484 3413 Maltildem
3511 3357 3669 3429 puel-

2044 3447 2151 3503 lam
2180 3450 2445 3517 nobilem,
2476 3449 2566 3504 vix
2620 3449 3060 3522 quinquennem,
3119 3448 3265 3524 regis
3299 3448 3518 3505 Henrici
3544 3435 3659 3503 An-

2042 3538 2256 3613 glorum
2287 3537 2481 3593 ﬁliam.
2520 3538 2637 3592 Dux
2666 3538 2952 3606 Henricus,
2981 3538 3076 3611 qui
3106 3538 3177 3594 ab
3230 3538 3563 3610 imperatore
3591 3536 3661 3592 ad

2046 3626 2217 3682 ﬁlium
2245 3627 2366 3696 ejus
2420 3627 2607 3683 animo
2659 3628 2956 3695 transiens,
3032 3643 3160 3684 eum
3217 3637 3409 3684 contra
3447 3634 3659 3699 patrem

2043 3735 2202 3773 suum
2234 3719 2468 3775 consilio
2497 3735 2597 3775 suo
2619 3720 2869 3785 armavit,
2925 3726 2979 3776 et
3002 3736 3034 3775 a
3078 3718 3195 3777 ﬁlio
3226 3720 3297 3775 ad
3327 3728 3536 3791 patrem
3566 3735 3659 3776 re-

328 3832 470 3882 rum,
510 3821 566 3868 et
589 3810 784 3868 consul
826 3809 898 3863 de
934 3807 1208 3864 Moretuil.
1260 3808 1630 3880 Reddiditque
1670 3807 1940 3877 Dominus
2039 3810 2222 3877 diens,
2246 3816 2429 3880 partes
2458 3808 2558 3864 ﬁlii
2588 3809 3162 3867 debellavit:mortuo
3189 3810 3547 3881 imperatore,
3591 3826 3651 3866 se

323 3903 501 3959 vicem
519 3899 647 3956 duci
675 3898 915 3954 Roberto
948 3910 964 3963 ;
1004 3897 1132 3968 quia
1183 3912 1307 3951 cum
1336 3896 1637 3969 gloriosum
1662 3896 1939 3951 reddidis-
2036 3909 2097 3956 ut
2123 3917 2277 3956 reum
2298 3901 2370 3935 5“
2398 3900 2703 3969 majestatis
2751 3900 2864 3957 ﬁlio
2903 3902 3052 3976 regis
3098 3901 3312 3957 dedidit
3347 3918 3361 3956 :
3402 3909 3459 3957 et
3486 3900 3556 3957 ab
3584 3917 3653 3958 eo

325 4003 411 4053 set
435 4009 561 4050 eum
617 3991 674 4045 in
721 3989 936 4045 actibus
978 3987 1462 4052 Jerosolimitanis,
1495 4005 1725 4065 regnum
1775 3991 1935 4046 Jeru—
2034 3992 2489 4065 captuscustodie
2516 3992 2769 4050 traditur.
2797 3993 2874 4049 De
2903 4009 3014 4065 qua
3044 3993 3164 4064 ipse
3194 4008 3295 4065 per
3321 3992 3652 4049 industriam

324 4086 499 4141 salem
529 4081 637 4138 sibi
658 4080 906 4137 oblatum
947 4077 1155 4148 renuit,
1202 4078 1378 4153 magis
1414 4078 1628 4155 eligens
1677 4078 1850 4151 quieti
1878 4088 1934 4134 et
2038 4097 2192 4136 suam
2224 4081 2416 4146 evasit,
2439 4080 2672 4136 ducatus
2714 4097 2843 4137 vero
2882 4081 3004 4151 ejus
3048 4081 3210 4137 datus
3247 4089 3333 4139 est
3353 4081 3653 4140 Godefrido

324 4176 538 4234 desidia
567 4176 621 4230 in
650 4170 985 4230 Normannia
1013 4171 1294 4227 deservire
1308 4188 1474 4244 quam
1499 4171 1730 4228 Domino
1746 4189 1937 4246 regum
2038 4170 2459 4228 Lovaniensium
2484 4169 2694 4228 comiti.

317 4271 376 4326 in
397 4275 586 4325 sancta
604 4266 826 4324 civitate
872 4264 1163 4320 desudare.
1218 4265 1543 4335 Dampnavit
1595 4264 1762 4339 igitur
1806 4280 1931 4321 eum

2109 4266 2266 4324 1107.
2624 4268 2676 4324 1.
3098 4268 3189 4322 47.
3596 4269 3649 4324 7.

319 4362 586 4419 Dominus
615 4358 831 4436 desidia
878 4357 1149 4429 perhenni
1214 4363 1269 4411 et
1318 4372 1536 4412 carcere
1567 4358 1927 4429 sempiterno.
1961 4328 2016 4396 D
2108 4362 2293 4433 (Henr.
2325 4380 2398 4416 vn
2429 4361 2445 4434 )
2474 4361 2740 4418 Henricus
2793 4377 2888 4418 rex
2918 4362 3239 4438 Anglorum,
3273 4378 3421 4432 cum,
3452 4363 3652 4420 deletis

322 4455 589 4527 Hujusrei
618 4454 838 4528 signum
882 4453 941 4507 in
981 4452 1179 4508 eodem
1231 4466 1378 4507 anno
1408 4459 1623 4508 cometa
1653 4470 1931 4525 apparue-
2030 4454 2396 4524 velsubjectis
2415 4454 2691 4520 hostibus,
2752 4454 3143 4510 Normanniam
3179 4471 3281 4527 pro
3311 4456 3474 4511 libitu
3524 4456 3650 4513 dis-.-

319 4555 424 4605 rat.
449 4548 581 4605 Vise
598 4552 725 4603 sunt
763 4545 925 4602 etiam
958 4545 1013 4600 in
1035 4560 1173 4601 cena
1201 4544 1420 4601 Domini
1448 4545 1558 4601 due
1584 4547 1712 4602 lune
1740 4547 1924 4617 plene,

320 4655 432 4695 una
451 4640 520 4694 ad
550 4638 820 4694 orientem
860 4645 917 4693 et
960 4637 1068 4693 alia
1096 4636 1164 4692 ad
1212 4637 1580 4693 occidentem.
1636 4636 1783 4704 (0rd.
1812 4640 1925 4695 Vn.

320 4744 415 4795 vn,
437 4727 582 4797 659.)
615 4726 726 4782 Hoc
770 4741 917 4783 anno
959 4727 1249 4799 impletum
1295 4733 1379 4782 est
1431 4727 1581 4799 quod
1610 4727 1930 4784 Willermus

318 4832 433 4883 rex,
466 4815 645 4888 pridie
686 4830 850 4886 quam
885 4821 1211 4881 moreretur,
1281 4815 1497 4871 dixerat
1555 4814 1668 4871 ﬁlio
1700 4832 1801 4872 suo
1824 4817 1923 4886 ju-

318 4910 462 4967 niori
521 4908 774 4976 Henrico,
802 4907 872 4963 de
926 4923 1037 4981 quo
1087 4909 1144 4964 in
1174 4908 1419 4981 presenti
1450 4908 1743 4981 loquimur.
1795 4909 1925 4967 Cum

315 5003 463 5059 enim
496 5017 592 5057 rex
643 5000 1060 5073 potentissimus
1098 5001 1385 5058 thesauros
1421 5016 1553 5057 suos
1590 5003 1844 5059 ecclesiis
1869 5011 1925 5060 et

314 5090 652 5165 pauperibus
668 5090 884 5147 dandos
912 5096 1038 5145 ante
1078 5105 1138 5144 se
1167 5105 1200 5144 a
1228 5090 1461 5146 notariis
1491 5090 1808 5147 describere
1842 5091 1924 5148 fa-

310 5187 479 5249 ceret,
494 5188 550 5237 et
576 5181 724 5237 clero
754 5178 1096 5234 Medantensi
1124 5178 1359 5249 supplex
1417 5178 1664 5255 ingentia
1695 5196 1923 5238 munera

310 5274 728 5339 transmitteret,
756 5279 819 5328 ut
848 5271 975 5328 inde
1022 5277 1462 5329 restaurarentur
1509 5275 1746 5331 ecclesie
1785 5293 1923 5349 quas

2030 4548 2324 4619 posuisset,
2348 4548 2513 4604 rediit
2539 4547 2595 4603 in
2648 4547 2896 4622 Angliam
2929 4566 2944 4614 ;
2977 4547 3314 4623 fratremque
3340 4567 3500 4607 suum
3535 4552 3650 4607 du—

2031 4657 2149 4697 cem
2181 4639 2556 4714 magniﬁcum,
2598 4647 2655 4695 et
2700 4641 2986 4697 consulem
3013 4642 3083 4697 de
3112 4641 3366 4699 Moretuil
3396 4660 3650 4701 carcera-

2033 4731 2179 4788 libus
2208 4731 2439 4806 ingessit
2489 4730 2757 4787 tenebris.
2818 4732 2996 4808 Igitur
3046 4732 3399 4804 victoriosus,
3441 4745 3497 4791 et
3517 4743 3652 4792 tunc

2029 4824 2263 4895 primum
2292 4839 2384 4878 rex
2443 4822 2621 4889 fortis,
2650 4823 2832 4880 tenuit
2887 4825 3097 4881 curiam
3129 4842 3285 4882 suam
3314 4826 3382 4883 ad
3435 4828 3647 4899 pascha

2025 4914 2170 4985 apud
2203 4913 2610 4981 Winleshores;
2645 4914 2699 4969 in
2718 4931 2828 4987 qua
2858 4931 3118 4988 proceres
3160 4917 3354 4994 Anglic
3391 4917 3556 4973 simul
3588 4925 3647 4974 et

2027 5004 2359 5061 Normannie
2388 5020 2515 5060 cum
2536 5005 2734 5061 timore
2765 5013 2821 5062 et
2870 5015 3111 5064 tremore
3136 5006 3432 5064 affuerunt.
3468 5010 3646 5064 Antea

2026 5114 2285 5171 namque,
2339 5108 2397 5153 et
2452 5100 2584 5155 dum
2622 5099 2846 5168 juvenis
2876 5101 3073 5157 fuisset
3123 5109 3177 5158 et
3225 5109 3514 5174 postquam
3552 5118 3647 5158 rex

2023 5191 2218 5257 fuerat,
2235 5191 2293 5246 in
2309 5192 2546 5249 maximo
2574 5192 2883 5249 habebatur
2902 5194 3165 5267 despectu
3197 5214 3211 5260 ;
3231 5196 3332 5251 sed
3356 5196 3645 5261 Dominus,

2021 5282 2116 5355 qui
2144 5281 2311 5356 longe
2340 5283 2500 5339 aliter
2531 5284 2745 5353 judicat
2803 5301 2970 5357 quam
3024 5284 3123 5341 ﬁlii
3179 5286 3489 5354 hominum,
3546 5286 3644 5358 qui

311 5364 1044 5435 conbuxerat;etRoberto
1083 5364 1456 5441 primogenita
1485 5366 1745 5425 ducatum
1774 5369 1918 5426 Nor-
2020 5375 2221 5430 exaltat
2276 5375 2513 5432 humiles
2556 5384 2612 5433 et
2687 5377 2949 5448 deprimit
3002 5384 3278 5449 potentes,
3340 5378 3644 5434 Robertum

312 5462 560 5530 mannie,
589 5462 720 5520 licet
772 5461 1012 5533 absenti,
1067 5461 1403 5538 designaret,
1448 5463 1735 5522 Willermo
1788 5481 1919 5523 vero
2018 5469 2265 5525 omnium
2301 5469 2483 5528 favore
2538 5472 2958 5529 celeberrimum
3020 5473 3394 5545 deposuitlet
3426 5467 3645 5529 Henrici

1664 5572 1884 5630 VAHIZE
1911 5573 2286 5633 LECTIONES.

383 5639 454 5676 “5
474 5652 657 5696 rerum
698 5641 763 5695 E.
