  <div class='ocr_page' id='page_1' title='image "/cluster/home/n/w/nwhite01/storage/ocr_20150623/160/hvd.32044054760186/220.png"; bbox 0 0 3930 6068; ppageno 0'>
   <div class='ocr_carea' id='block_1_1' title="bbox 269 230 376 286">
    <p class='ocr_par' dir='ltr' id='par_1_1' title="bbox 269 230 376 286">
     <span class='ocr_line' id='line_1_1' title="bbox 269 230 376 286; baseline 0.009 -1"><span class='ocrx_word' id='word_1_1' title='bbox 269 230 376 286; x_wconf 71' lang='grc'>429</span> 
     </span>
    </p>
   </div>
   <div class='ocr_carea' id='block_1_2' title="bbox 443 366 1712 410">
    <p class='ocr_par' dir='ltr' id='par_1_2' title="bbox 443 366 1712 410">
     <span class='ocr_line' id='line_1_2' title="bbox 443 366 1712 410; baseline -0.005 0"><span class='ocrx_word' id='word_1_2' title='bbox 443 367 800 410; x_wconf 71' lang='lat' dir='ltr'>ROMANORUM.</span> <span class='ocrx_word' id='word_1_3' title='bbox 951 367 1289 408; x_wconf 73' lang='lat' dir='ltr'>FBANCORUM.</span> <span class='ocrx_word' id='word_1_4' title='bbox 1403 366 1712 406; x_wconf 76' lang='lat' dir='ltr'>ANGLORUM.</span> 
     </span>
    </p>
   </div>
   <div class='ocr_carea' id='block_1_3' title="bbox 273 441 1885 516">
    <p class='ocr_par' dir='ltr' id='par_1_3' title="bbox 273 441 1885 516">
     <span class='ocr_line' id='line_1_3' title="bbox 273 441 1885 516; baseline -0.002 -17"><span class='ocrx_word' id='word_1_5' title='bbox 273 445 521 516; x_wconf 88' lang='lat' dir='ltr'>despecti</span> <span class='ocrx_word' id='word_1_6' title='bbox 553 443 752 498; x_wconf 86' lang='lat' dir='ltr'>famam</span> <span class='ocrx_word' id='word_1_7' title='bbox 782 458 882 515; x_wconf 89' lang='lat' dir='ltr'>per</span> <span class='ocrx_word' id='word_1_8' title='bbox 910 443 1101 498; x_wconf 89' lang='lat' dir='ltr'>orbem</span> <span class='ocrx_word' id='word_1_9' title='bbox 1136 450 1401 499; x_wconf 87' lang='lat' dir='ltr'>terrarum</span> <span class='ocrx_word' id='word_1_10' title='bbox 1442 441 1746 496; x_wconf 84' lang='lat' dir='ltr'>clarescere</span> <span class='ocrx_word' id='word_1_11' title='bbox 1785 457 1885 496; x_wconf 80' lang='lat' dir='ltr'>vo-</span> 
     </span>
    </p>
   </div>
   <div class='ocr_carea' id='block_1_4' title="bbox 269 533 1889 609">
    <p class='ocr_par' dir='ltr' id='par_1_4' title="bbox 269 533 1889 609">
     <span class='ocr_line' id='line_1_4' title="bbox 269 533 1889 609; baseline -0.004 -17"><span class='ocrx_word' id='word_1_12' title='bbox 269 538 389 592; x_wconf 96' lang='lat' dir='ltr'>luit.</span> <span class='ocrx_word' id='word_1_13' title='bbox 447 537 714 608; x_wconf 89' lang='lat' dir='ltr'>Deditque</span> <span class='ocrx_word' id='word_1_14' title='bbox 756 536 927 609; x_wconf 80' lang='lat' dir='ltr'>gratis</span> <span class='ocrx_word' id='word_1_15' title='bbox 969 536 1020 591; x_wconf 89' lang='lat' dir='ltr'>ei</span> <span class='ocrx_word' id='word_1_16' title='bbox 1061 536 1165 590; x_wconf 93' lang='lat' dir='ltr'>tria</span> <span class='ocrx_word' id='word_1_17' title='bbox 1213 535 1479 591; x_wconf 88' lang='lat' dir='ltr'>Dominus</span> <span class='ocrx_word' id='word_1_18' title='bbox 1535 533 1889 604; x_wconf 90' lang='lat' dir='ltr'>omnipotens</span> 
     </span>
    </p>
   </div>
   <div class='ocr_carea' id='block_1_5' title="bbox 270 622 1890 698">
    <p class='ocr_par' dir='ltr' id='par_1_5' title="bbox 270 622 1890 698">
     <span class='ocr_line' id='line_1_5' title="bbox 270 622 1890 698; baseline -0.003 -17"><span class='ocrx_word' id='word_1_19' title='bbox 270 644 526 694; x_wconf 90' lang='lat' dir='ltr'>munera,</span> <span class='ocrx_word' id='word_1_20' title='bbox 567 626 920 698; x_wconf 75' lang='lat' dir='ltr'>sapientiam,</span> <span class='ocrx_word' id='word_1_21' title='bbox 961 625 1274 691; x_wconf 77' lang='lat' dir='ltr'>victoriam,</span> <span class='ocrx_word' id='word_1_22' title='bbox 1308 624 1555 689; x_wconf 85' lang='lat' dir='ltr'>divitias;</span> <span class='ocrx_word' id='word_1_23' title='bbox 1589 623 1789 694; x_wconf 86' lang='lat' dir='ltr'>quibus</span> <span class='ocrx_word' id='word_1_24' title='bbox 1821 622 1890 676; x_wconf 91' lang='lat' dir='ltr'>ad</span> 
     </span>
    </p>
   </div>
   <div class='ocr_carea' id='block_1_6' title="bbox 270 721 1888 791">
    <p class='ocr_par' dir='ltr' id='par_1_6' title="bbox 270 721 1888 791">
     <span class='ocr_line' id='line_1_6' title="bbox 270 721 1888 791; baseline -0.004 -17"><span class='ocrx_word' id='word_1_25' title='bbox 270 721 456 774; x_wconf 87' lang='lat' dir='ltr'>omnia</span> <span class='ocrx_word' id='word_1_26' title='bbox 487 734 842 791; x_wconf 90' lang='lat' dir='ltr'>prosperans,</span> <span class='ocrx_word' id='word_1_27' title='bbox 869 731 1066 772; x_wconf 89' lang='lat' dir='ltr'>omnes</span> <span class='ocrx_word' id='word_1_28' title='bbox 1095 730 1225 771; x_wconf 91' lang='lat' dir='ltr'>suos</span> <span class='ocrx_word' id='word_1_29' title='bbox 1251 721 1626 770; x_wconf 85' lang='lat' dir='ltr'>antecessores</span> <span class='ocrx_word' id='word_1_30' title='bbox 1657 729 1888 785; x_wconf 88' lang='lat' dir='ltr'>preces-</span> 
     </span>
    </p>
   </div>
   <div class='ocr_carea' id='block_1_7' title="bbox 268 805 1889 881">
    <p class='ocr_par' dir='ltr' id='par_1_7' title="bbox 268 805 1889 881">
     <span class='ocr_line' id='line_1_7' title="bbox 268 805 1889 881; baseline -0.002 -19"><span class='ocrx_word' id='word_1_31' title='bbox 268 811 362 866; x_wconf 88' lang='lat' dir='ltr'>sit.</span> <span class='ocrx_word' id='word_1_32' title='bbox 395 809 561 878; x_wconf 84' lang='lat' dir='ltr'>Cujus</span> <span class='ocrx_word' id='word_1_33' title='bbox 589 807 856 865; x_wconf 85' lang='lat' dir='ltr'>bonitatis</span> <span class='ocrx_word' id='word_1_34' title='bbox 888 814 943 862; x_wconf 90' lang='lat' dir='ltr'>et</span> <span class='ocrx_word' id='word_1_35' title='bbox 980 805 1448 881; x_wconf 80' lang='lat' dir='ltr'>magnanimitatis</span> <span class='ocrx_word' id='word_1_36' title='bbox 1487 805 1629 859; x_wconf 90' lang='lat' dir='ltr'>fama</span> <span class='ocrx_word' id='word_1_37' title='bbox 1674 805 1729 858; x_wconf 89' lang='lat' dir='ltr'>in</span> <span class='ocrx_word' id='word_1_38' title='bbox 1770 821 1889 860; x_wconf 88' lang='lat' dir='ltr'>om-</span> 
     </span>
    </p>
   </div>
   <div class='ocr_carea' id='block_1_8' title="bbox 269 894 1891 973">
    <p class='ocr_par' dir='ltr' id='par_1_8' title="bbox 269 894 1891 973">
     <span class='ocr_line' id='line_1_8' title="bbox 269 894 1891 973; baseline -0.003 -20"><span class='ocrx_word' id='word_1_39' title='bbox 269 899 437 953; x_wconf 89' lang='lat' dir='ltr'>nibus</span> <span class='ocrx_word' id='word_1_40' title='bbox 471 914 614 969; x_wconf 90' lang='lat' dir='ltr'>pene</span> <span class='ocrx_word' id='word_1_41' title='bbox 644 896 908 973; x_wconf 82' lang='lat' dir='ltr'>gentibus</span> <span class='ocrx_word' id='word_1_42' title='bbox 933 895 1108 968; x_wconf 89' lang='lat' dir='ltr'>patuit</span> <span class='ocrx_word' id='word_1_43' title='bbox 1143 895 1385 949; x_wconf 88' lang='lat' dir='ltr'>dilatata.</span> <span class='ocrx_word' id='word_1_44' title='bbox 1419 894 1563 948; x_wconf 90' lang='lat' dir='ltr'>Obiit</span> <span class='ocrx_word' id='word_1_45' title='bbox 1603 894 1891 948; x_wconf 83' lang='lat' dir='ltr'>Mauricius</span> 
     </span>
    </p>
   </div>
   <div class='ocr_carea' id='block_1_9' title="bbox 269 990 1893 1064">
    <p class='ocr_par' dir='ltr' id='par_1_9' title="bbox 269 990 1893 1064">
     <span class='ocr_line' id='line_1_9' title="bbox 269 990 1893 1064; baseline 0 -18"><span class='ocrx_word' id='word_1_46' title='bbox 269 994 522 1064; x_wconf 88' lang='lat' dir='ltr'>inceptor</span> <span class='ocrx_word' id='word_1_47' title='bbox 548 993 956 1048; x_wconf 86' lang='lat' dir='ltr'>Londoniensis</span> <span class='ocrx_word' id='word_1_48' title='bbox 984 991 1236 1047; x_wconf 88' lang='lat' dir='ltr'>ecclesie.</span> <span class='ocrx_word' id='word_1_49' title='bbox 1273 998 1329 1046; x_wconf 91' lang='lat' dir='ltr'>et</span> <span class='ocrx_word' id='word_1_50' title='bbox 1364 990 1606 1064; x_wconf 87' lang='lat' dir='ltr'>Edgarus</span> <span class='ocrx_word' id='word_1_51' title='bbox 1637 1006 1727 1045; x_wconf 87' lang='lat' dir='ltr'>rex</span> <span class='ocrx_word' id='word_1_52' title='bbox 1759 991 1893 1046; x_wconf 90' lang='lat' dir='ltr'>Sco-</span> 
     </span>
    </p>
   </div>
   <div class='ocr_carea' id='block_1_10' title="bbox 273 1081 1894 1150">
    <p class='ocr_par' dir='ltr' id='par_1_10' title="bbox 273 1081 1894 1150">
     <span class='ocr_line' id='line_1_10' title="bbox 273 1081 1894 1150; baseline -0.004 -11"><span class='ocrx_word' id='word_1_53' title='bbox 273 1084 368 1150; x_wconf 90' lang='lat' dir='ltr'>tie,</span> <span class='ocrx_word' id='word_1_54' title='bbox 419 1084 508 1138; x_wconf 90' lang='lat' dir='ltr'>cui</span> <span class='ocrx_word' id='word_1_55' title='bbox 550 1083 819 1139; x_wconf 84' lang='lat' dir='ltr'>successit</span> <span class='ocrx_word' id='word_1_56' title='bbox 862 1081 1175 1138; x_wconf 82' lang='lat' dir='ltr'>Alexander</span> <span class='ocrx_word' id='word_1_57' title='bbox 1218 1081 1387 1136; x_wconf 82' lang='lat' dir='ltr'>frater</span> <span class='ocrx_word' id='word_1_58' title='bbox 1429 1097 1582 1146; x_wconf 87' lang='lat' dir='ltr'>suus,</span> <span class='ocrx_word' id='word_1_59' title='bbox 1626 1095 1894 1135; x_wconf 90' lang='lat' dir='ltr'>concessu</span> 
     </span>
    </p>
   </div>
   <div class='ocr_carea' id='block_1_11' title="bbox 271 1173 1894 1253">
    <p class='ocr_par' dir='ltr' id='par_1_11' title="bbox 271 1173 1894 1253">
     <span class='ocr_line' id='line_1_11' title="bbox 271 1173 1894 1253; baseline -0.004 -19"><span class='ocrx_word' id='word_1_60' title='bbox 271 1180 418 1253; x_wconf 86' lang='lat' dir='ltr'>regis</span> <span class='ocrx_word' id='word_1_61' title='bbox 442 1179 678 1235; x_wconf 89' lang='lat' dir='ltr'>Henriei.</span> <span class='ocrx_word' id='word_1_62' title='bbox 717 1180 937 1250; x_wconf 77' lang='lat' dir='ltr'>(SIGEB.)</span> <span class='ocrx_word' id='word_1_63' title='bbox 975 1178 1330 1234; x_wconf 90' lang='lat' dir='ltr'>Boamundus</span> <span class='ocrx_word' id='word_1_64' title='bbox 1363 1175 1625 1231; x_wconf 86' lang='lat' dir='ltr'>remeavit</span> <span class='ocrx_word' id='word_1_65' title='bbox 1656 1175 1724 1229; x_wconf 91' lang='lat' dir='ltr'>de</span> <span class='ocrx_word' id='word_1_66' title='bbox 1770 1173 1894 1228; x_wconf 90' lang='lat' dir='ltr'>Gal-</span> 
     </span>
    </p>
   </div>
   <div class='ocr_carea' id='block_1_12' title="bbox 273 1267 1894 1346">
    <p class='ocr_par' dir='ltr' id='par_1_12' title="bbox 273 1267 1894 1346">
     <span class='ocr_line' id='line_1_12' title="bbox 273 1267 1894 1346; baseline -0.003 -21"><span class='ocrx_word' id='word_1_67' title='bbox 273 1272 347 1326; x_wconf 85' lang='lat' dir='ltr'>lia</span> <span class='ocrx_word' id='word_1_68' title='bbox 375 1271 433 1326; x_wconf 93' lang='lat' dir='ltr'>in</span> <span class='ocrx_word' id='word_1_69' title='bbox 459 1271 716 1343; x_wconf 83' lang='lat' dir='ltr'>Apuliam</span> <span class='ocrx_word' id='word_1_70' title='bbox 746 1288 870 1328; x_wconf 88' lang='lat' dir='ltr'>eum</span> <span class='ocrx_word' id='word_1_71' title='bbox 899 1287 1096 1346; x_wconf 87' lang='lat' dir='ltr'>magno</span> <span class='ocrx_word' id='word_1_72' title='bbox 1139 1270 1400 1333; x_wconf 87' lang='lat' dir='ltr'>exercitu,</span> <span class='ocrx_word' id='word_1_73' title='bbox 1423 1273 1478 1323; x_wconf 92' lang='lat' dir='ltr'>et</span> <span class='ocrx_word' id='word_1_74' title='bbox 1506 1267 1653 1338; x_wconf 89' lang='lat' dir='ltr'>cepit</span> <span class='ocrx_word' id='word_1_75' title='bbox 1682 1273 1894 1321; x_wconf 85' lang='lat' dir='ltr'>vastare</span> 
     </span>
    </p>
   </div>
   <div class='ocr_carea' id='block_1_13' title="bbox 273 1356 1894 1434">
    <p class='ocr_par' dir='ltr' id='par_1_13' title="bbox 273 1356 1894 1434">
     <span class='ocr_line' id='line_1_13' title="bbox 273 1356 1894 1434; baseline -0.004 -17"><span class='ocrx_word' id='word_1_76' title='bbox 273 1372 470 1418; x_wconf 89' lang='lat' dir='ltr'>terram</span> <span class='ocrx_word' id='word_1_77' title='bbox 500 1362 675 1417; x_wconf 86' lang='lat' dir='ltr'>Alexii</span> <span class='ocrx_word' id='word_1_78' title='bbox 735 1363 1084 1434; x_wconf 89' lang='lat' dir='ltr'>imperatoris</span> <span class='ocrx_word' id='word_1_79' title='bbox 1114 1360 1429 1416; x_wconf 84' lang='lat' dir='ltr'>Grecorum.</span> <span class='ocrx_word' id='word_1_80' title='bbox 1477 1356 1743 1412; x_wconf 88' lang='lat' dir='ltr'>Henricus</span> <span class='ocrx_word' id='word_1_81' title='bbox 1798 1371 1894 1411; x_wconf 89' lang='lat' dir='ltr'>ex-</span> 
     </span>
    </p>
   </div>
   <div class='ocr_carea' id='block_1_14' title="bbox 275 1451 1891 1527">
    <p class='ocr_par' dir='ltr' id='par_1_14' title="bbox 275 1451 1891 1527">
     <span class='ocr_line' id='line_1_14' title="bbox 275 1451 1891 1527; baseline -0.004 -16"><span class='ocrx_word' id='word_1_82' title='bbox 275 1457 383 1511; x_wconf 86' lang='lat' dir='ltr'>dux</span> <span class='ocrx_word' id='word_1_83' title='bbox 425 1456 690 1512; x_wconf 78' lang='lat' dir='ltr'>aﬁ‘ectans</span> <span class='ocrx_word' id='word_1_84' title='bbox 728 1464 978 1527; x_wconf 87' lang='lat' dir='ltr'>repetere</span> <span class='ocrx_word' id='word_1_85' title='bbox 1009 1456 1292 1522; x_wconf 83' lang='lat' dir='ltr'>ducatum,</span> <span class='ocrx_word' id='word_1_86' title='bbox 1334 1459 1567 1524; x_wconf 89' lang='lat' dir='ltr'>occupat</span> <span class='ocrx_word' id='word_1_87' title='bbox 1624 1451 1891 1523; x_wconf 90' lang='lat' dir='ltr'>oppidum</span> 
     </span>
    </p>
   </div>
   <div class='ocr_carea' id='block_1_15' title="bbox 273 1544 1893 1624">
    <p class='ocr_par' dir='ltr' id='par_1_15' title="bbox 273 1544 1893 1624">
     <span class='ocr_line' id='line_1_15' title="bbox 273 1544 1893 1624; baseline -0.007 -15"><span class='ocrx_word' id='word_1_88' title='bbox 273 1551 603 1624; x_wconf 85' lang='lat' dir='ltr'>Aquisgrani</span> <span class='ocrx_word' id='word_1_89' title='bbox 634 1554 825 1606; x_wconf 90' lang='lat' dir='ltr'>contra</span> <span class='ocrx_word' id='word_1_90' title='bbox 863 1547 1216 1604; x_wconf 88' lang='lat' dir='ltr'>Godefridum</span> <span class='ocrx_word' id='word_1_91' title='bbox 1256 1546 1474 1602; x_wconf 89' lang='lat' dir='ltr'>ducem.</span> <span class='ocrx_word' id='word_1_92' title='bbox 1506 1544 1613 1599; x_wconf 90' lang='lat' dir='ltr'>Sed</span> <span class='ocrx_word' id='word_1_93' title='bbox 1647 1544 1753 1599; x_wconf 88' lang='lat' dir='ltr'>hoc</span> <span class='ocrx_word' id='word_1_94' title='bbox 1782 1559 1893 1598; x_wconf 92' lang='lat' dir='ltr'>non</span> 
     </span>
    </p>
   </div>
   <div class='ocr_carea' id='block_1_16' title="bbox 271 1637 1894 1713">
    <p class='ocr_par' dir='ltr' id='par_1_16' title="bbox 271 1637 1894 1713">
     <span class='ocr_line' id='line_1_16' title="bbox 271 1637 1894 1713; baseline -0.005 -15"><span class='ocrx_word' id='word_1_95' title='bbox 271 1643 462 1699; x_wconf 84' lang='lat' dir='ltr'>ferens</span> <span class='ocrx_word' id='word_1_96' title='bbox 494 1643 842 1708; x_wconf 85' lang='lat' dir='ltr'>Godefridus,</span> <span class='ocrx_word' id='word_1_97' title='bbox 877 1641 1142 1713; x_wconf 84' lang='lat' dir='ltr'>Oppidum</span> <span class='ocrx_word' id='word_1_98' title='bbox 1173 1642 1428 1712; x_wconf 80' lang='lat' dir='ltr'>Aquense</span> <span class='ocrx_word' id='word_1_99' title='bbox 1453 1638 1728 1694; x_wconf 89' lang='lat' dir='ltr'>violenter</span> <span class='ocrx_word' id='word_1_100' title='bbox 1751 1637 1894 1691; x_wconf 85' lang='lat' dir='ltr'>irru-</span> 
     </span>
    </p>
   </div>
   <div class='ocr_carea' id='block_1_17' title="bbox 1139 224 2751 285">
    <p class='ocr_par' dir='ltr' id='par_1_17' title="bbox 1139 224 2751 285">
     <span class='ocr_line' id='line_1_17' title="bbox 1139 224 2751 285; baseline -0.001 0"><span class='ocrx_word' id='word_1_101' title='bbox 1139 226 1489 285; x_wconf 75' lang='lat' dir='ltr'>C‘HRONICA.</span> <span class='ocrx_word' id='word_1_102' title='bbox 1532 257 1594 267; x_wconf 93' lang='lat'>—</span> <span class='ocrx_word' id='word_1_103' title='bbox 1638 225 2016 282; x_wconf 79' lang='lat' dir='ltr'>AUCTARIUM</span> <span class='ocrx_word' id='word_1_104' title='bbox 2058 224 2340 281; x_wconf 82' lang='lat' dir='ltr'>ROBERTI</span> <span class='ocrx_word' id='word_1_105' title='bbox 2383 225 2466 281; x_wconf 86' lang='lat' dir='ltr'>DE</span> <span class='ocrx_word' id='word_1_106' title='bbox 2507 225 2751 283; x_wconf 84' lang='lat' dir='ltr'><strong>MONTE.</strong></span> 
     </span>
    </p>
   </div>
   <div class='ocr_carea' id='block_1_18' title="bbox 1912 349 3616 424">
    <p class='ocr_par' dir='ltr' id='par_1_18' title="bbox 1912 349 3616 424">
     <span class='ocr_line' id='line_1_18' title="bbox 1912 349 3616 424; baseline 0.008 -22"><span class='ocrx_word' id='word_1_107' title='bbox 1912 354 1962 421; x_wconf 85' lang='grc' dir='ltr'>Α</span> <span class='ocrx_word' id='word_1_108' title='bbox 1990 349 2093 417; x_wconf 92' lang='lat' dir='ltr'>nit,</span> <span class='ocrx_word' id='word_1_109' title='bbox 2135 357 2189 404; x_wconf 92' lang='lat' dir='ltr'>et</span> <span class='ocrx_word' id='word_1_110' title='bbox 2219 350 2369 421; x_wconf 91' lang='lat' dir='ltr'>quod</span> <span class='ocrx_word' id='word_1_111' title='bbox 2397 367 2525 406; x_wconf 89' lang='lat' dir='ltr'>vera</span> <span class='ocrx_word' id='word_1_112' title='bbox 2566 350 2704 406; x_wconf 87' lang='lat' dir='ltr'>ﬁdes</span> <span class='ocrx_word' id='word_1_113' title='bbox 2733 353 2800 408; x_wconf 91' lang='lat' dir='ltr'>de</span> <span class='ocrx_word' id='word_1_114' title='bbox 2833 354 2944 409; x_wconf 93' lang='lat' dir='ltr'>Deo</span> <span class='ocrx_word' id='word_1_115' title='bbox 2967 355 3151 424; x_wconf 90' lang='lat' dir='ltr'>sentit,</span> <span class='ocrx_word' id='word_1_116' title='bbox 3187 357 3493 415; x_wconf 86' lang='lat' dir='ltr'>invincibili</span> <span class='ocrx_word' id='word_1_117' title='bbox 3526 376 3616 416; x_wconf 88' lang='lat' dir='ltr'>ra-</span> 
     </span>
    </p>
   </div>
   <div class='ocr_carea' id='block_1_19' title="bbox 3506 237 3614 294">
    <p class='ocr_par' dir='ltr' id='par_1_19' title="bbox 3506 237 3614 294">
     <span class='ocr_line' id='line_1_19' title="bbox 3506 237 3614 294; baseline 0 -1"><span class='ocrx_word' id='word_1_118' title='bbox 3506 237 3614 294; x_wconf 81' lang='grc'>430</span> 
     </span>
    </p>
   </div>
   <div class='ocr_carea' id='block_1_20' title="bbox 1992 441 3614 518">
    <p class='ocr_par' dir='ltr' id='par_1_20' title="bbox 1992 441 3614 518">
     <span class='ocr_line' id='line_1_20' title="bbox 1992 441 3614 518; baseline 0.009 -25"><span class='ocrx_word' id='word_1_119' title='bbox 1992 441 2144 495; x_wconf 88' lang='lat' dir='ltr'>tione</span> <span class='ocrx_word' id='word_1_120' title='bbox 2201 441 2280 496; x_wconf 93' lang='lat' dir='ltr'>sic</span> <span class='ocrx_word' id='word_1_121' title='bbox 2328 458 2430 497; x_wconf 89' lang='lat' dir='ltr'>nec</span> <span class='ocrx_word' id='word_1_122' title='bbox 2459 443 2620 498; x_wconf 90' lang='lat' dir='ltr'>aliter</span> <span class='ocrx_word' id='word_1_123' title='bbox 2664 460 2785 499; x_wconf 90' lang='lat' dir='ltr'>esse</span> <span class='ocrx_word' id='word_1_124' title='bbox 2847 461 3010 517; x_wconf 89' lang='lat' dir='ltr'>posse</span> <span class='ocrx_word' id='word_1_125' title='bbox 3064 447 3259 518; x_wconf 88' lang='lat' dir='ltr'>probat</span> <span class='ocrx_word' id='word_1_126' title='bbox 3304 457 3359 505; x_wconf 91' lang='lat' dir='ltr'>et</span> <span class='ocrx_word' id='word_1_127' title='bbox 3397 451 3614 507; x_wconf 86' lang='lat' dir='ltr'>astruit.</span> 
     </span>
    </p>
   </div>
   <div class='ocr_carea' id='block_1_21' title="bbox 1994 532 3613 613">
    <p class='ocr_par' dir='ltr' id='par_1_21' title="bbox 1994 532 3613 613">
     <span class='ocr_line' id='line_1_21' title="bbox 1994 532 3613 613; baseline 0.007 -27"><span class='ocrx_word' id='word_1_128' title='bbox 1994 532 2309 604; x_wconf 86' lang='lat' dir='ltr'>Composuit</span> <span class='ocrx_word' id='word_1_129' title='bbox 2361 534 2524 590; x_wconf 91' lang='lat' dir='ltr'>etiam</span> <span class='ocrx_word' id='word_1_130' title='bbox 2584 536 2785 592; x_wconf 91' lang='lat' dir='ltr'>librum</span> <span class='ocrx_word' id='word_1_131' title='bbox 2833 545 3066 606; x_wconf 91' lang='lat' dir='ltr'>sextum,</span> <span class='ocrx_word' id='word_1_132' title='bbox 3122 541 3250 596; x_wconf 90' lang='lat' dir='ltr'>licet</span> <span class='ocrx_word' id='word_1_133' title='bbox 3300 542 3613 613; x_wconf 86' lang='lat' dir='ltr'>parvulum,</span> 
     </span>
    </p>
   </div>
   <div class='ocr_carea' id='block_1_22' title="bbox 1993 622 3615 702">
    <p class='ocr_par' dir='ltr' id='par_1_22' title="bbox 1993 622 3615 702">
     <span class='ocr_line' id='line_1_22' title="bbox 1993 622 3615 702; baseline 0.007 -26"><span class='ocrx_word' id='word_1_134' title='bbox 1993 622 2090 677; x_wconf 88' lang='lat' dir='ltr'>sed</span> <span class='ocrx_word' id='word_1_135' title='bbox 2150 626 2546 680; x_wconf 90' lang='lat' dir='ltr'>sententiarum</span> <span class='ocrx_word' id='word_1_136' title='bbox 2604 643 2666 681; x_wconf 91' lang='lat' dir='ltr'>ac</span> <span class='ocrx_word' id='word_1_137' title='bbox 2713 627 3071 684; x_wconf 88' lang='lat' dir='ltr'>subtilissime</span> <span class='ocrx_word' id='word_1_138' title='bbox 3130 633 3615 702; x_wconf 87' lang='lat' dir='ltr'>contemplationis</span> 
     </span>
    </p>
   </div>
   <div class='ocr_carea' id='block_1_23' title="bbox 1995 715 3612 791">
    <p class='ocr_par' dir='ltr' id='par_1_23' title="bbox 1995 715 3612 791">
     <span class='ocr_line' id='line_1_23' title="bbox 1995 715 3612 791; baseline 0.007 -23"><span class='ocrx_word' id='word_1_139' title='bbox 1995 715 2243 784; x_wconf 91' lang='lat' dir='ltr'>pondere</span> <span class='ocrx_word' id='word_1_140' title='bbox 2273 733 2556 788; x_wconf 85' lang='lat' dir='ltr'>magnum,</span> <span class='ocrx_word' id='word_1_141' title='bbox 2592 736 2754 790; x_wconf 91' lang='lat' dir='ltr'>quem</span> <span class='ocrx_word' id='word_1_142' title='bbox 2785 723 3086 791; x_wconf 80' lang='lat' dir='ltr'>proslogion</span> <span class='ocrx_word' id='word_1_143' title='bbox 3109 723 3431 781; x_wconf 90' lang='lat' dir='ltr'>nominavit.</span> <span class='ocrx_word' id='word_1_144' title='bbox 3459 725 3612 780; x_wconf 84' lang='lat' dir='ltr'>Allo-</span> 
     </span>
    </p>
   </div>
   <div class='ocr_carea' id='block_1_24' title="bbox 1994 809 3590 888">
    <p class='ocr_par' dir='ltr' id='par_1_24' title="bbox 1994 809 3590 888">
     <span class='ocr_line' id='line_1_24' title="bbox 1994 809 3590 888; baseline 0.006 -24"><span class='ocrx_word' id='word_1_145' title='bbox 1994 809 2181 880; x_wconf 90' lang='lat' dir='ltr'>quitur</span> <span class='ocrx_word' id='word_1_146' title='bbox 2229 813 2374 866; x_wconf 92' lang='lat' dir='ltr'>enim</span> <span class='ocrx_word' id='word_1_147' title='bbox 2408 813 2462 867; x_wconf 92' lang='lat' dir='ltr'>in</span> <span class='ocrx_word' id='word_1_148' title='bbox 2520 829 2586 869; x_wconf 90' lang='lat' dir='ltr'>eo</span> <span class='ocrx_word' id='word_1_149' title='bbox 2623 831 2791 885; x_wconf 86' lang='lat' dir='ltr'>Opere</span> <span class='ocrx_word' id='word_1_150' title='bbox 2821 822 2912 870; x_wconf 92' lang='lat' dir='ltr'>aut</span> <span class='ocrx_word' id='word_1_151' title='bbox 2958 832 3016 872; x_wconf 92' lang='lat' dir='ltr'>se</span> <span class='ocrx_word' id='word_1_152' title='bbox 3056 817 3233 888; x_wconf 86' lang='lat' dir='ltr'>ipsum</span> <span class='ocrx_word' id='word_1_153' title='bbox 3268 826 3360 874; x_wconf 93' lang='lat' dir='ltr'>aut</span> <span class='ocrx_word' id='word_1_154' title='bbox 3417 820 3590 874; x_wconf 92' lang='lat' dir='ltr'>Deum</span> 
     </span>
    </p>
   </div>
   <div class='ocr_carea' id='block_1_25' title="bbox 1992 898 3612 976">
    <p class='ocr_par' dir='ltr' id='par_1_25' title="bbox 1992 898 3612 976">
     <span class='ocr_line' id='line_1_25' title="bbox 1992 898 3612 976; baseline 0.007 -25"><span class='ocrx_word' id='word_1_155' title='bbox 1992 898 2220 969; x_wconf 90' lang='lat' dir='ltr'>Scripsit</span> <span class='ocrx_word' id='word_1_156' title='bbox 2251 907 2304 955; x_wconf 92' lang='lat' dir='ltr'>et</span> <span class='ocrx_word' id='word_1_157' title='bbox 2339 903 2638 972; x_wconf 90' lang='lat' dir='ltr'>septimum</span> <span class='ocrx_word' id='word_1_158' title='bbox 2670 905 2869 959; x_wconf 92' lang='lat' dir='ltr'>librum</span> <span class='ocrx_word' id='word_1_159' title='bbox 2911 907 3264 976; x_wconf 89' lang='lat' dir='ltr'>epistolarum</span> <span class='ocrx_word' id='word_1_160' title='bbox 3319 909 3384 962; x_wconf 88' lang='lat' dir='ltr'>ad</span> <span class='ocrx_word' id='word_1_161' title='bbox 3422 909 3612 963; x_wconf 90' lang='lat' dir='ltr'>diver-</span> 
     </span>
    </p>
   </div>
   <div class='ocr_carea' id='block_1_26' title="bbox 1993 992 3614 1074">
    <p class='ocr_par' dir='ltr' id='par_1_26' title="bbox 1993 992 3614 1074">
     <span class='ocr_line' id='line_1_26' title="bbox 1993 992 3614 1074; baseline 0.007 -30"><span class='ocrx_word' id='word_1_162' title='bbox 1993 1006 2103 1058; x_wconf 90' lang='lat' dir='ltr'>sos,</span> <span class='ocrx_word' id='word_1_163' title='bbox 2139 992 2370 1048; x_wconf 88' lang='lat' dir='ltr'>diversis</span> <span class='ocrx_word' id='word_1_164' title='bbox 2401 1011 2591 1051; x_wconf 90' lang='lat' dir='ltr'>eorum</span> <span class='ocrx_word' id='word_1_165' title='bbox 2627 998 2864 1071; x_wconf 87' lang='lat' dir='ltr'>negotiis</span> <span class='ocrx_word' id='word_1_166' title='bbox 2890 999 3256 1070; x_wconf 86' lang='lat' dir='ltr'>respondens,</span> <span class='ocrx_word' id='word_1_167' title='bbox 3289 1001 3376 1057; x_wconf 86' lang='lat' dir='ltr'>vel</span> <span class='ocrx_word' id='word_1_168' title='bbox 3414 1017 3478 1056; x_wconf 91' lang='lat' dir='ltr'>ea</span> <span class='ocrx_word' id='word_1_169' title='bbox 3508 1017 3614 1074; x_wconf 90' lang='lat' dir='ltr'>que</span> 
     </span>
    </p>
   </div>
   <div class='ocr_carea' id='block_1_27' title="bbox 1994 1085 3612 1160">
    <p class='ocr_par' dir='ltr' id='par_1_27' title="bbox 1994 1085 3612 1160">
     <span class='ocr_line' id='line_1_27' title="bbox 1994 1085 3612 1160; baseline 0.008 -22"><span class='ocrx_word' id='word_1_170' title='bbox 1994 1100 2093 1140; x_wconf 93' lang='lat' dir='ltr'>sua</span> <span class='ocrx_word' id='word_1_171' title='bbox 2126 1085 2428 1142; x_wconf 88' lang='lat' dir='ltr'>intererant</span> <span class='ocrx_word' id='word_1_172' title='bbox 2458 1107 2752 1160; x_wconf 88' lang='lat' dir='ltr'>procurare</span> <span class='ocrx_word' id='word_1_173' title='bbox 2783 1094 3072 1149; x_wconf 90' lang='lat' dir='ltr'>mandans.</span> <span class='ocrx_word' id='word_1_174' title='bbox 3110 1095 3259 1150; x_wconf 89' lang='lat' dir='ltr'>Fecit</span> <span class='ocrx_word' id='word_1_175' title='bbox 3288 1105 3342 1151; x_wconf 96' lang='lat' dir='ltr'>et</span> <span class='ocrx_word' id='word_1_176' title='bbox 3362 1106 3612 1151; x_wconf 73' lang='lat' dir='ltr'>octavum</span> 
     </span>
    </p>
   </div>
   <div class='ocr_carea' id='block_1_28' title="bbox 1995 1176 3613 1260">
    <p class='ocr_par' dir='ltr' id='par_1_28' title="bbox 1995 1176 3613 1260">
     <span class='ocr_line' id='line_1_28' title="bbox 1995 1176 3613 1260; baseline 0.009 -31"><span class='ocrx_word' id='word_1_177' title='bbox 1995 1176 2064 1231; x_wconf 90' lang='lat' dir='ltr'>de</span> <span class='ocrx_word' id='word_1_178' title='bbox 2094 1177 2473 1236; x_wconf 89' lang='lat' dir='ltr'>incarnatione</span> <span class='ocrx_word' id='word_1_179' title='bbox 2515 1183 2702 1250; x_wconf 86' lang='lat' dir='ltr'>Verbi;</span> <span class='ocrx_word' id='word_1_180' title='bbox 2753 1184 2902 1255; x_wconf 90' lang='lat' dir='ltr'>quod</span> <span class='ocrx_word' id='word_1_181' title='bbox 2942 1200 3084 1258; x_wconf 88' lang='lat' dir='ltr'>opus</span> <span class='ocrx_word' id='word_1_182' title='bbox 3135 1187 3418 1258; x_wconf 90' lang='lat' dir='ltr'>epistolari</span> <span class='ocrx_word' id='word_1_183' title='bbox 3473 1188 3613 1260; x_wconf 78' lang='lat' dir='ltr'>style</span> 
     </span>
    </p>
   </div>
   <div class='ocr_carea' id='block_1_29' title="bbox 1993 1272 3615 1352">
    <p class='ocr_par' dir='ltr' id='par_1_29' title="bbox 1993 1272 3615 1352">
     <span class='ocr_line' id='line_1_29' title="bbox 1993 1272 3615 1352; baseline 0.007 -29"><span class='ocrx_word' id='word_1_184' title='bbox 1993 1272 2384 1342; x_wconf 91' lang='lat' dir='ltr'>conscriptum,</span> <span class='ocrx_word' id='word_1_185' title='bbox 2427 1281 2613 1331; x_wconf 89' lang='lat' dir='ltr'>sancte</span> <span class='ocrx_word' id='word_1_186' title='bbox 2654 1275 2898 1332; x_wconf 85' lang='lat' dir='ltr'>Romane</span> <span class='ocrx_word' id='word_1_187' title='bbox 2938 1279 3172 1334; x_wconf 89' lang='lat' dir='ltr'>eeclesie</span> <span class='ocrx_word' id='word_1_188' title='bbox 3230 1294 3444 1336; x_wconf 90' lang='lat' dir='ltr'>summo</span> <span class='ocrx_word' id='word_1_189' title='bbox 3474 1295 3615 1352; x_wconf 88' lang='lat' dir='ltr'>pon-</span> 
     </span>
    </p>
   </div>
   <div class='ocr_carea' id='block_1_30' title="bbox 1994 1357 3614 1433">
    <p class='ocr_par' dir='ltr' id='par_1_30' title="bbox 1994 1357 3614 1433">
     <span class='ocr_line' id='line_1_30' title="bbox 1994 1357 3614 1433; baseline 0.007 -20"><span class='ocrx_word' id='word_1_190' title='bbox 1994 1357 2126 1414; x_wconf 86' lang='lat' dir='ltr'>tifici</span> <span class='ocrx_word' id='word_1_191' title='bbox 2159 1359 2375 1418; x_wconf 92' lang='lat' dir='ltr'>Urbano</span> <span class='ocrx_word' id='word_1_192' title='bbox 2409 1364 2630 1433; x_wconf 88' lang='lat' dir='ltr'>dicavit,</span> <span class='ocrx_word' id='word_1_193' title='bbox 2663 1365 2981 1422; x_wconf 86' lang='lat' dir='ltr'>destinavit.</span> <span class='ocrx_word' id='word_1_194' title='bbox 3024 1368 3238 1424; x_wconf 84' lang='lat' dir='ltr'>Nonum</span> <span class='ocrx_word' id='word_1_195' title='bbox 3268 1370 3468 1426; x_wconf 87' lang='lat' dir='ltr'>librum</span> <span class='ocrx_word' id='word_1_196' title='bbox 3492 1370 3614 1426; x_wconf 90' lang='lat' dir='ltr'>edi-</span> 
     </span>
    </p>
   </div>
   <div class='ocr_carea' id='block_1_31' title="bbox 1995 1452 3613 1532">
    <p class='ocr_par' dir='ltr' id='par_1_31' title="bbox 1995 1452 3613 1532">
     <span class='ocr_line' id='line_1_31' title="bbox 1995 1452 3613 1532; baseline 0.009 -26"><span class='ocrx_word' id='word_1_197' title='bbox 1995 1452 2095 1522; x_wconf 87' lang='lat' dir='ltr'>dit,</span> <span class='ocrx_word' id='word_1_198' title='bbox 2148 1473 2310 1527; x_wconf 86' lang='lat' dir='ltr'>quem</span> <span class='ocrx_word' id='word_1_199' title='bbox 2342 1461 2450 1513; x_wconf 85' lang='lat' dir='ltr'>Cur</span> <span class='ocrx_word' id='word_1_200' title='bbox 2471 1464 2607 1514; x_wconf 80' lang='lat' dir='ltr'>Deus</span> <span class='ocrx_word' id='word_1_201' title='bbox 2658 1462 2809 1515; x_wconf 88' lang='lat' dir='ltr'>homo</span> <span class='ocrx_word' id='word_1_202' title='bbox 2832 1461 3160 1532; x_wconf 66' lang='lat' dir='ltr'>:appellavit,</span> <span class='ocrx_word' id='word_1_203' title='bbox 3222 1464 3502 1519; x_wconf 91' lang='lat' dir='ltr'>Decimum</span> <span class='ocrx_word' id='word_1_204' title='bbox 3546 1463 3613 1520; x_wconf 88' lang='lat' dir='ltr'>de</span> 
     </span>
    </p>
   </div>
   <div class='ocr_carea' id='block_1_32' title="bbox 1995 1550 3614 1625">
    <p class='ocr_par' dir='ltr' id='par_1_32' title="bbox 1995 1550 3614 1625">
     <span class='ocr_line' id='line_1_32' title="bbox 1995 1550 3614 1625; baseline 0.009 -25"><span class='ocrx_word' id='word_1_205' title='bbox 1995 1558 2264 1618; x_wconf 89' lang='lat' dir='ltr'>conceptu</span> <span class='ocrx_word' id='word_1_206' title='bbox 2299 1550 2583 1625; x_wconf 90' lang='lat' dir='ltr'>Virginali.</span> <span class='ocrx_word' id='word_1_207' title='bbox 2620 1552 2983 1608; x_wconf 89' lang='lat' dir='ltr'>Undecimum</span> <span class='ocrx_word' id='word_1_208' title='bbox 3017 1555 3087 1609; x_wconf 89' lang='lat' dir='ltr'>de</span> <span class='ocrx_word' id='word_1_209' title='bbox 3117 1555 3460 1612; x_wconf 88' lang='lat' dir='ltr'>orationibus</span> <span class='ocrx_word' id='word_1_210' title='bbox 3480 1573 3614 1613; x_wconf 90' lang='lat' dir='ltr'>con-</span> 
     </span>
    </p>
   </div>
   <div class='ocr_carea' id='block_1_33' title="bbox 1995 1638 3613 1715">
    <p class='ocr_par' dir='ltr' id='par_1_33' title="bbox 1995 1638 3613 1715">
     <span class='ocr_line' id='line_1_33' title="bbox 1995 1638 3613 1715; baseline 0.009 -25"><span class='ocrx_word' id='word_1_211' title='bbox 1995 1638 2347 1708; x_wconf 89' lang='lat' dir='ltr'>templavitis,</span> <span class='ocrx_word' id='word_1_212' title='bbox 2382 1658 2544 1713; x_wconf 91' lang='lat' dir='ltr'>quem</span> <span class='ocrx_word' id='word_1_213' title='bbox 2594 1644 2818 1715; x_wconf 91' lang='lat' dir='ltr'>plurimi</span> <span class='ocrx_word' id='word_1_214' title='bbox 2862 1647 3233 1703; x_wconf 76' lang='lat' dir='ltr'>meditationes</span> <span class='ocrx_word' id='word_1_215' title='bbox 3271 1656 3502 1715; x_wconf 88' lang='lat' dir='ltr'>vocant;</span> <span class='ocrx_word' id='word_1_216' title='bbox 3558 1650 3613 1704; x_wconf 92' lang='lat' dir='ltr'>in</span> 
     </span>
    </p>
   </div>
   <div class='ocr_carea' id='block_1_34' title="bbox 271 1703 3614 1808">
    <p class='ocr_par' dir='ltr' id='par_1_34' title="bbox 271 1703 3614 1808">
     <span class='ocr_line' id='line_1_34' title="bbox 271 1703 3614 1808; baseline 0.001 -17"><span class='ocrx_word' id='word_1_217' title='bbox 271 1737 372 1807; x_wconf 87' lang='lat' dir='ltr'>pit,</span> <span class='ocrx_word' id='word_1_218' title='bbox 411 1735 726 1807; x_wconf 89' lang='lat' dir='ltr'>oppidanos</span> <span class='ocrx_word' id='word_1_219' title='bbox 776 1703 1034 1790; x_wconf 35' lang='lat' dir='ltr'>a&#39;favore</span> <span class='ocrx_word' id='word_1_220' title='bbox 1067 1703 1286 1790; x_wconf 76' lang='lat' dir='ltr'>Henriei</span> <span class='ocrx_word' id='word_1_221' title='bbox 1344 1731 1573 1788; x_wconf 91' lang='lat' dir='ltr'>exdueis</span> <span class='ocrx_word' id='word_1_222' title='bbox 1603 1731 1890 1797; x_wconf 84' lang='lat' dir='ltr'>exterruit,</span> <span class='ocrx_word' id='word_1_223' title='bbox 1921 1703 2200 1797; x_wconf 81' lang='lat' dir='ltr'>Bquibus</span> <span class='ocrx_word' id='word_1_224' title='bbox 2253 1703 2568 1803; x_wconf 75' lang='lat' dir='ltr'>legentibus</span> <span class='ocrx_word' id='word_1_225' title='bbox 2594 1703 2787 1789; x_wconf 45' lang='lat' dir='ltr'>.facile</span> <span class='ocrx_word' id='word_1_226' title='bbox 2845 1745 3075 1806; x_wconf 89' lang='lat' dir='ltr'>apparet</span> <span class='ocrx_word' id='word_1_227' title='bbox 3114 1744 3321 1808; x_wconf 92' lang='lat' dir='ltr'>quanta</span> <span class='ocrx_word' id='word_1_228' title='bbox 3379 1703 3614 1794; x_wconf 74' lang='lat' dir='ltr'>dulcedo</span> 
     </span>
    </p>
   </div>
   <div class='ocr_carea' id='block_1_35' title="bbox 271 1821 1884 1897">
    <p class='ocr_par' dir='ltr' id='par_1_35' title="bbox 271 1821 1884 1897">
     <span class='ocr_line' id='line_1_35' title="bbox 271 1821 1884 1897; baseline -0.001 -18"><span class='ocrx_word' id='word_1_229' title='bbox 271 1825 488 1897; x_wconf 87' lang='lat' dir='ltr'>aliquos</span> <span class='ocrx_word' id='word_1_230' title='bbox 516 1831 769 1896; x_wconf 90' lang='lat' dir='ltr'>potentes</span> <span class='ocrx_word' id='word_1_231' title='bbox 815 1824 1048 1880; x_wconf 90' lang='lat' dir='ltr'>comites</span> <span class='ocrx_word' id='word_1_232' title='bbox 1078 1830 1134 1878; x_wconf 91' lang='lat' dir='ltr'>et</span> <span class='ocrx_word' id='word_1_233' title='bbox 1182 1823 1386 1878; x_wconf 91' lang='lat' dir='ltr'>multos</span> <span class='ocrx_word' id='word_1_234' title='bbox 1445 1821 1664 1878; x_wconf 89' lang='lat' dir='ltr'>nobiles</span> <span class='ocrx_word' id='word_1_235' title='bbox 1719 1824 1884 1893; x_wconf 90' lang='lat' dir='ltr'>cepit.</span> 
     </span>
    </p>
   </div>
   <div class='ocr_carea' id='block_1_36' title="bbox 269 1913 1886 1988">
    <p class='ocr_par' dir='ltr' id='par_1_36' title="bbox 269 1913 1886 1988">
     <span class='ocr_line' id='line_1_36' title="bbox 269 1913 1886 1988; baseline -0.001 -18"><span class='ocrx_word' id='word_1_236' title='bbox 269 1916 396 1988; x_wconf 88' lang='lat' dir='ltr'>Ipse</span> <span class='ocrx_word' id='word_1_237' title='bbox 426 1916 691 1972; x_wconf 83' lang='lat' dir='ltr'>Henricus</span> <span class='ocrx_word' id='word_1_238' title='bbox 719 1931 842 1972; x_wconf 91' lang='lat' dir='ltr'>cum</span> <span class='ocrx_word' id='word_1_239' title='bbox 873 1914 1001 1970; x_wconf 82' lang='lat' dir='ltr'>filiis</span> <span class='ocrx_word' id='word_1_240' title='bbox 1050 1914 1168 1969; x_wconf 90' lang='lat' dir='ltr'>suis</span> <span class='ocrx_word' id='word_1_241' title='bbox 1205 1915 1294 1969; x_wconf 89' lang='lat' dir='ltr'>vix</span> <span class='ocrx_word' id='word_1_242' title='bbox 1347 1914 1474 1986; x_wconf 86' lang='lat' dir='ltr'>fuga</span> <span class='ocrx_word' id='word_1_243' title='bbox 1512 1914 1704 1969; x_wconf 89' lang='lat' dir='ltr'>evasit.</span> <span class='ocrx_word' id='word_1_244' title='bbox 1748 1913 1886 1970; x_wconf 89' lang='lat' dir='ltr'>Uxo-</span> 
     </span>
    </p>
   </div>
   <div class='ocr_carea' id='block_1_37' title="bbox 269 2006 1888 2082">
    <p class='ocr_par' dir='ltr' id='par_1_37' title="bbox 269 2006 1888 2082">
     <span class='ocr_line' id='line_1_37' title="bbox 269 2006 1888 2082; baseline -0.001 -19"><span class='ocrx_word' id='word_1_245' title='bbox 269 2024 382 2064; x_wconf 88' lang='lat' dir='ltr'>rem</span> <span class='ocrx_word' id='word_1_246' title='bbox 419 2009 539 2076; x_wconf 84' lang='lat' dir='ltr'>ejus</span> <span class='ocrx_word' id='word_1_247' title='bbox 576 2023 776 2080; x_wconf 89' lang='lat' dir='ltr'>capere</span> <span class='ocrx_word' id='word_1_248' title='bbox 834 2007 945 2063; x_wconf 92' lang='lat' dir='ltr'>dux</span> <span class='ocrx_word' id='word_1_249' title='bbox 984 2007 1272 2082; x_wconf 85' lang='lat' dir='ltr'>indignum</span> <span class='ocrx_word' id='word_1_250' title='bbox 1328 2006 1501 2062; x_wconf 90' lang='lat' dir='ltr'>duxit.</span> <span class='ocrx_word' id='word_1_251' title='bbox 1562 2006 1795 2062; x_wconf 90' lang='lat' dir='ltr'>Comites</span> <span class='ocrx_word' id='word_1_252' title='bbox 1833 2014 1888 2062; x_wconf 91' lang='lat' dir='ltr'>et</span> 
     </span>
    </p>
   </div>
   <div class='ocr_carea' id='block_1_38' title="bbox 268 2097 1887 2170">
    <p class='ocr_par' dir='ltr' id='par_1_38' title="bbox 268 2097 1887 2170">
     <span class='ocr_line' id='line_1_38' title="bbox 268 2097 1887 2170; baseline 0 -18"><span class='ocrx_word' id='word_1_253' title='bbox 268 2098 658 2155; x_wconf 87' lang='lat' dir='ltr'>honoratiores</span> <span class='ocrx_word' id='word_1_254' title='bbox 688 2113 878 2153; x_wconf 89' lang='lat' dir='ltr'>eorum</span> <span class='ocrx_word' id='word_1_255' title='bbox 931 2113 1072 2169; x_wconf 92' lang='lat' dir='ltr'>quos</span> <span class='ocrx_word' id='word_1_256' title='bbox 1113 2106 1356 2170; x_wconf 88' lang='lat' dir='ltr'>ceperat,</span> <span class='ocrx_word' id='word_1_257' title='bbox 1386 2112 1485 2169; x_wconf 90' lang='lat' dir='ltr'>per</span> <span class='ocrx_word' id='word_1_258' title='bbox 1512 2097 1887 2153; x_wconf 91' lang='lat' dir='ltr'>conditionem</span> 
     </span>
    </p>
   </div>
   <div class='ocr_carea' id='block_1_39' title="bbox 267 2189 1886 2258">
    <p class='ocr_par' dir='ltr' id='par_1_39' title="bbox 267 2189 1886 2258">
     <span class='ocr_line' id='line_1_39' title="bbox 267 2189 1886 2258; baseline 0.001 -13"><span class='ocrx_word' id='word_1_259' title='bbox 267 2191 372 2246; x_wconf 87' lang='lat' dir='ltr'>sub</span> <span class='ocrx_word' id='word_1_260' title='bbox 398 2207 458 2247; x_wconf 90' lang='lat' dir='ltr'>se</span> <span class='ocrx_word' id='word_1_261' title='bbox 481 2189 752 2246; x_wconf 87' lang='lat' dir='ltr'>militandi</span> <span class='ocrx_word' id='word_1_262' title='bbox 784 2191 890 2246; x_wconf 91' lang='lat' dir='ltr'>sibi</span> <span class='ocrx_word' id='word_1_263' title='bbox 922 2190 1265 2258; x_wconf 89' lang='lat' dir='ltr'>conciliatos,</span> <span class='ocrx_word' id='word_1_264' title='bbox 1298 2190 1365 2246; x_wconf 91' lang='lat' dir='ltr'>ad</span> <span class='ocrx_word' id='word_1_265' title='bbox 1390 2189 1711 2246; x_wconf 84' lang='lat' dir='ltr'>ﬁdelitatem</span> <span class='ocrx_word' id='word_1_266' title='bbox 1733 2208 1886 2246; x_wconf 90' lang='lat' dir='ltr'>suam</span> 
     </span>
    </p>
   </div>
   <div class='ocr_carea' id='block_1_40' title="bbox 269 2281 514 2337">
    <p class='ocr_par' dir='ltr' id='par_1_40' title="bbox 269 2281 514 2337">
     <span class='ocr_line' id='line_1_40' title="bbox 269 2281 514 2337; baseline 0 -1"><span class='ocrx_word' id='word_1_267' title='bbox 269 2281 514 2337; x_wconf 67' lang='lat' dir='ltr'>adduxu.</span> 
     </span>
    </p>
   </div>
   <div class='ocr_carea' id='block_1_41' title="bbox 341 2371 1882 2442">
    <p class='ocr_par' dir='ltr' id='par_1_41' title="bbox 341 2371 1882 2442">
     <span class='ocr_line' id='line_1_41' title="bbox 341 2371 1882 2442; baseline -0.003 -12"><span class='ocrx_word' id='word_1_268' title='bbox 341 2373 499 2430; x_wconf 85' lang='grc'>1108.</span> <span class='ocrx_word' id='word_1_269' title='bbox 548 2375 812 2428; x_wconf 75' lang='lat' dir='ltr'>Henricus</span> <span class='ocrx_word' id='word_1_270' title='bbox 845 2373 903 2427; x_wconf 76' lang='grc'>2.</span> <span class='ocrx_word' id='word_1_271' title='bbox 973 2373 1246 2442; x_wconf 76' lang='lat' dir='ltr'>Philippus</span> <span class='ocrx_word' id='word_1_272' title='bbox 1286 2372 1374 2428; x_wconf 75' lang='grc'>48.</span> <span class='ocrx_word' id='word_1_273' title='bbox 1430 2374 1692 2427; x_wconf 81' lang='lat' dir='ltr'>Henricus</span> <span class='ocrx_word' id='word_1_274' title='bbox 1745 2376 1773 2425; x_wconf 90' lang='grc' dir='ltr'><em>Ι</em></span> <span class='ocrx_word' id='word_1_275' title='bbox 1830 2371 1882 2425; x_wconf 91' lang='grc'>8.</span> 
     </span>
    </p>
   </div>
   <div class='ocr_carea' id='block_1_42' title="bbox 341 2459 1886 2536">
    <p class='ocr_par' dir='ltr' id='par_1_42' title="bbox 341 2459 1886 2536">
     <span class='ocr_line' id='line_1_42' title="bbox 341 2459 1886 2536; baseline -0.001 -21"><span class='ocrx_word' id='word_1_276' title='bbox 341 2462 533 2533; x_wconf 72' lang='lat' dir='ltr'>(Hum.</span> <span class='ocrx_word' id='word_1_277' title='bbox 578 2462 689 2529; x_wconf 87' lang='lat' dir='ltr'>vn.)</span> <span class='ocrx_word' id='word_1_278' title='bbox 726 2460 989 2516; x_wconf 89' lang='lat' dir='ltr'>Henricus</span> <span class='ocrx_word' id='word_1_279' title='bbox 1024 2478 1117 2516; x_wconf 89' lang='lat' dir='ltr'>rex</span> <span class='ocrx_word' id='word_1_280' title='bbox 1138 2461 1436 2536; x_wconf 82' lang='lat' dir='ltr'>Anglorum</span> <span class='ocrx_word' id='word_1_281' title='bbox 1515 2476 1638 2515; x_wconf 88' lang='lat' dir='ltr'>eum</span> <span class='ocrx_word' id='word_1_282' title='bbox 1690 2459 1886 2515; x_wconf 83' lang='lat' dir='ltr'>deces-</span> 
     </span>
    </p>
   </div>
   <div class='ocr_carea' id='block_1_43' title="bbox 265 2552 1885 2624">
    <p class='ocr_par' dir='ltr' id='par_1_43' title="bbox 265 2552 1885 2624">
     <span class='ocr_line' id='line_1_43' title="bbox 265 2552 1885 2624; baseline -0.001 -16"><span class='ocrx_word' id='word_1_283' title='bbox 265 2553 429 2609; x_wconf 87' lang='lat' dir='ltr'>sisset</span> <span class='ocrx_word' id='word_1_284' title='bbox 458 2553 742 2624; x_wconf 88' lang='lat' dir='ltr'>Philippus</span> <span class='ocrx_word' id='word_1_285' title='bbox 772 2570 866 2608; x_wconf 89' lang='lat' dir='ltr'>rex</span> <span class='ocrx_word' id='word_1_286' title='bbox 899 2553 1252 2620; x_wconf 85' lang='lat' dir='ltr'>Francorum,</span> <span class='ocrx_word' id='word_1_287' title='bbox 1287 2553 1500 2607; x_wconf 88' lang='lat' dir='ltr'>transiit</span> <span class='ocrx_word' id='word_1_288' title='bbox 1530 2553 1585 2606; x_wconf 90' lang='lat' dir='ltr'>in</span> <span class='ocrx_word' id='word_1_289' title='bbox 1614 2552 1885 2607; x_wconf 90' lang='lat' dir='ltr'>Norman-</span> 
     </span>
    </p>
   </div>
   <div class='ocr_carea' id='block_1_44' title="bbox 267 2644 1880 2719">
    <p class='ocr_par' dir='ltr' id='par_1_44' title="bbox 267 2644 1880 2719">
     <span class='ocr_line' id='line_1_44' title="bbox 267 2644 1880 2719; baseline -0.002 -19"><span class='ocrx_word' id='word_1_290' title='bbox 267 2646 440 2712; x_wconf 88' lang='lat' dir='ltr'>niam,</span> <span class='ocrx_word' id='word_1_291' title='bbox 496 2652 685 2700; x_wconf 91' lang='lat' dir='ltr'>contra</span> <span class='ocrx_word' id='word_1_292' title='bbox 749 2644 1086 2700; x_wconf 87' lang='lat' dir='ltr'>Ludovicum</span> <span class='ocrx_word' id='word_1_293' title='bbox 1137 2644 1310 2699; x_wconf 88' lang='lat' dir='ltr'>filium</span> <span class='ocrx_word' id='word_1_294' title='bbox 1382 2645 1638 2715; x_wconf 88' lang='lat' dir='ltr'>Philippi,</span> <span class='ocrx_word' id='word_1_295' title='bbox 1695 2660 1880 2719; x_wconf 89' lang='lat' dir='ltr'>regem</span> 
     </span>
    </p>
   </div>
   <div class='ocr_carea' id='block_1_45' title="bbox 266 2733 1884 2806">
    <p class='ocr_par' dir='ltr' id='par_1_45' title="bbox 266 2733 1884 2806">
     <span class='ocr_line' id='line_1_45' title="bbox 266 2733 1884 2806; baseline -0.001 -17"><span class='ocrx_word' id='word_1_296' title='bbox 266 2750 471 2792; x_wconf 88' lang='lat' dir='ltr'>novum</span> <span class='ocrx_word' id='word_1_297' title='bbox 506 2733 757 2802; x_wconf 87' lang='lat' dir='ltr'>Francie,</span> <span class='ocrx_word' id='word_1_298' title='bbox 787 2750 1021 2790; x_wconf 85' lang='lat' dir='ltr'>werram</span> <span class='ocrx_word' id='word_1_299' title='bbox 1063 2749 1394 2806; x_wconf 90' lang='lat' dir='ltr'>promovens</span> <span class='ocrx_word' id='word_1_300' title='bbox 1435 2735 1745 2789; x_wconf 82' lang='lat' dir='ltr'>maximam.</span> <span class='ocrx_word' id='word_1_301' title='bbox 1777 2733 1884 2788; x_wconf 88' lang='lat' dir='ltr'>Ge-</span> 
     </span>
    </p>
   </div>
   <div class='ocr_carea' id='block_1_46' title="bbox 267 2823 1885 2895">
    <p class='ocr_par' dir='ltr' id='par_1_46' title="bbox 267 2823 1885 2895">
     <span class='ocr_line' id='line_1_46' title="bbox 267 2823 1885 2895; baseline -0.001 -15"><span class='ocrx_word' id='word_1_302' title='bbox 267 2827 430 2881; x_wconf 88' lang='lat' dir='ltr'>rardo</span> <span class='ocrx_word' id='word_1_303' title='bbox 471 2823 798 2880; x_wconf 88' lang='lat' dir='ltr'>Eboracensi</span> <span class='ocrx_word' id='word_1_304' title='bbox 829 2824 1248 2895; x_wconf 89' lang='lat' dir='ltr'>archiepiscopo</span> <span class='ocrx_word' id='word_1_305' title='bbox 1307 2825 1591 2890; x_wconf 90' lang='lat' dir='ltr'>defuncto,</span> <span class='ocrx_word' id='word_1_306' title='bbox 1649 2824 1885 2878; x_wconf 89' lang='lat' dir='ltr'>Thomas</span> 
     </span>
    </p>
   </div>
   <div class='ocr_carea' id='block_1_47' title="bbox 269 2915 1886 2990">
    <p class='ocr_par' dir='ltr' id='par_1_47' title="bbox 269 2915 1886 2990">
     <span class='ocr_line' id='line_1_47' title="bbox 269 2915 1886 2990; baseline -0.002 -17"><span class='ocrx_word' id='word_1_307' title='bbox 269 2926 462 2990; x_wconf 90' lang='lat' dir='ltr'>postea</span> <span class='ocrx_word' id='word_1_308' title='bbox 500 2918 784 2973; x_wconf 86' lang='lat' dir='ltr'>successit.</span> <span class='ocrx_word' id='word_1_309' title='bbox 818 2915 1044 2988; x_wconf 79' lang='lat' dir='ltr'>(SIGEB.)</span> <span class='ocrx_word' id='word_1_310' title='bbox 1075 2915 1339 2972; x_wconf 91' lang='lat' dir='ltr'>Henricus</span> <span class='ocrx_word' id='word_1_311' title='bbox 1370 2918 1668 2988; x_wconf 90' lang='lat' dir='ltr'>imperator</span> <span class='ocrx_word' id='word_1_312' title='bbox 1695 2923 1886 2972; x_wconf 90' lang='lat' dir='ltr'>contra</span> 
     </span>
    </p>
   </div>
   <div class='ocr_carea' id='block_1_48' title="bbox 266 3009 1886 3082">
    <p class='ocr_par' dir='ltr' id='par_1_48' title="bbox 266 3009 1886 3082">
     <span class='ocr_line' id='line_1_48' title="bbox 266 3009 1886 3082; baseline -0.001 -17"><span class='ocrx_word' id='word_1_313' title='bbox 266 3011 566 3066; x_wconf 80' lang='lat' dir='ltr'>Hobertum</span> <span class='ocrx_word' id='word_1_314' title='bbox 608 3009 997 3064; x_wconf 87' lang='lat' dir='ltr'>Flandrensem</span> <span class='ocrx_word' id='word_1_315' title='bbox 1036 3009 1204 3078; x_wconf 86' lang='lat' dir='ltr'>vadit,</span> <span class='ocrx_word' id='word_1_316' title='bbox 1237 3018 1292 3063; x_wconf 89' lang='lat' dir='ltr'>et</span> <span class='ocrx_word' id='word_1_317' title='bbox 1329 3016 1489 3080; x_wconf 90' lang='lat' dir='ltr'>pacto</span> <span class='ocrx_word' id='word_1_318' title='bbox 1529 3009 1681 3080; x_wconf 85' lang='lat' dir='ltr'>pacis</span> <span class='ocrx_word' id='word_1_319' title='bbox 1712 3009 1886 3082; x_wconf 89' lang='lat' dir='ltr'>magis</span> 
     </span>
    </p>
   </div>
   <div class='ocr_carea' id='block_1_49' title="bbox 264 3102 1886 3176">
    <p class='ocr_par' dir='ltr' id='par_1_49' title="bbox 264 3102 1886 3176">
     <span class='ocr_line' id='line_1_49' title="bbox 264 3102 1886 3176; baseline -0.002 -17"><span class='ocrx_word' id='word_1_320' title='bbox 264 3105 524 3176; x_wconf 90' lang='lat' dir='ltr'>utrinque</span> <span class='ocrx_word' id='word_1_321' title='bbox 579 3102 836 3159; x_wconf 89' lang='lat' dir='ltr'>simulato</span> <span class='ocrx_word' id='word_1_322' title='bbox 867 3119 1030 3175; x_wconf 90' lang='lat' dir='ltr'>quam</span> <span class='ocrx_word' id='word_1_323' title='bbox 1063 3102 1390 3173; x_wconf 90' lang='lat' dir='ltr'>composito,</span> <span class='ocrx_word' id='word_1_324' title='bbox 1433 3118 1576 3172; x_wconf 89' lang='lat' dir='ltr'>pene</span> <span class='ocrx_word' id='word_1_325' title='bbox 1630 3102 1886 3157; x_wconf 74' lang='lat' dir='ltr'>inefficax</span> 
     </span>
    </p>
   </div>
   <div class='ocr_carea' id='block_1_50' title="bbox 267 3191 1884 3263">
    <p class='ocr_par' dir='ltr' id='par_1_50' title="bbox 267 3191 1884 3263">
     <span class='ocr_line' id='line_1_50' title="bbox 267 3191 1884 3263; baseline -0.002 -14"><span class='ocrx_word' id='word_1_326' title='bbox 267 3194 453 3250; x_wconf 87' lang='lat' dir='ltr'>rediit.</span> <span class='ocrx_word' id='word_1_327' title='bbox 489 3192 843 3249; x_wconf 88' lang='lat' dir='ltr'>Boamundus</span> <span class='ocrx_word' id='word_1_328' title='bbox 881 3192 992 3246; x_wconf 91' lang='lat' dir='ltr'>dux</span> <span class='ocrx_word' id='word_1_329' title='bbox 1039 3191 1234 3263; x_wconf 84' lang='lat' dir='ltr'>Apulie</span> <span class='ocrx_word' id='word_1_330' title='bbox 1274 3198 1552 3247; x_wconf 88' lang='lat' dir='ltr'>contracto</span> <span class='ocrx_word' id='word_1_331' title='bbox 1598 3192 1884 3248; x_wconf 87' lang='lat' dir='ltr'>undecun-</span> 
     </span>
    </p>
   </div>
   <div class='ocr_carea' id='block_1_51' title="bbox 267 3283 1887 3360">
    <p class='ocr_par' dir='ltr' id='par_1_51' title="bbox 267 3283 1887 3360">
     <span class='ocr_line' id='line_1_51' title="bbox 267 3283 1887 3360; baseline -0.001 -19"><span class='ocrx_word' id='word_1_332' title='bbox 267 3304 378 3360; x_wconf 90' lang='lat' dir='ltr'>que</span> <span class='ocrx_word' id='word_1_333' title='bbox 416 3286 656 3342; x_wconf 85' lang='lat' dir='ltr'>exercitu</span> <span class='ocrx_word' id='word_1_334' title='bbox 696 3285 1006 3357; x_wconf 85' lang='lat' dir='ltr'>accingitur</span> <span class='ocrx_word' id='word_1_335' title='bbox 1052 3284 1120 3339; x_wconf 90' lang='lat' dir='ltr'>ad</span> <span class='ocrx_word' id='word_1_336' title='bbox 1161 3283 1532 3340; x_wconf 88' lang='lat' dir='ltr'>invadendum</span> <span class='ocrx_word' id='word_1_337' title='bbox 1573 3284 1887 3340; x_wconf 89' lang='lat' dir='ltr'>Constanti-</span> 
     </span>
    </p>
   </div>
   <div class='ocr_carea' id='block_1_52' title="bbox 269 3377 1002 3451">
    <p class='ocr_par' dir='ltr' id='par_1_52' title="bbox 269 3377 1002 3451">
     <span class='ocr_line' id='line_1_52' title="bbox 269 3377 1002 3451; baseline -0.004 -17"><span class='ocrx_word' id='word_1_338' title='bbox 269 3380 651 3451; x_wconf 91' lang='lat' dir='ltr'>n0politanum</span> <span class='ocrx_word' id='word_1_339' title='bbox 691 3377 1002 3450; x_wconf 91' lang='lat' dir='ltr'>imperium.</span> 
     </span>
    </p>
   </div>
   <div class='ocr_carea' id='block_1_53' title="bbox 341 3467 1564 3526">
    <p class='ocr_par' dir='ltr' id='par_1_53' title="bbox 341 3467 1564 3526">
     <span class='ocr_line' id='line_1_53' title="bbox 341 3467 1564 3526; baseline -0.003 -1"><span class='ocrx_word' id='word_1_340' title='bbox 341 3473 365 3525; x_wconf 87' lang='grc'>1</span> <span class='ocrx_word' id='word_1_341' title='bbox 388 3470 497 3526; x_wconf 88' lang='grc'>109.</span> <span class='ocrx_word' id='word_1_342' title='bbox 791 3467 848 3525; x_wconf 89' lang='grc'>3.</span> <span class='ocrx_word' id='word_1_343' title='bbox 1136 3468 1224 3523; x_wconf 71' lang='lat'>49.</span> <span class='ocrx_word' id='word_1_344' title='bbox 1511 3468 1564 3522; x_wconf 89' lang='lat'>9.</span> 
     </span>
    </p>
   </div>
   <div class='ocr_carea' id='block_1_54' title="bbox 344 3561 1890 3634">
    <p class='ocr_par' dir='ltr' id='par_1_54' title="bbox 344 3561 1890 3634">
     <span class='ocr_line' id='line_1_54' title="bbox 344 3561 1890 3634; baseline 0 -16"><span class='ocrx_word' id='word_1_345' title='bbox 344 3563 533 3634; x_wconf 73' lang='lat' dir='ltr'>(Hum.</span> <span class='ocrx_word' id='word_1_346' title='bbox 562 3565 680 3633; x_wconf 83' lang='lat' dir='ltr'>vn.)</span> <span class='ocrx_word' id='word_1_347' title='bbox 706 3562 855 3617; x_wconf 85' lang='lat' dir='ltr'>Missi</span> <span class='ocrx_word' id='word_1_348' title='bbox 885 3570 1016 3618; x_wconf 92' lang='lat' dir='ltr'>sunt</span> <span class='ocrx_word' id='word_1_349' title='bbox 1069 3578 1099 3617; x_wconf 93' lang='lat' dir='ltr'>a</span> <span class='ocrx_word' id='word_1_350' title='bbox 1131 3561 1366 3617; x_wconf 86' lang='lat' dir='ltr'>Henrico</span> <span class='ocrx_word' id='word_1_351' title='bbox 1420 3562 1750 3633; x_wconf 91' lang='lat' dir='ltr'>imperatore</span> <span class='ocrx_word' id='word_1_352' title='bbox 1780 3561 1890 3618; x_wconf 85' lang='lat' dir='ltr'>Ro-</span> 
     </span>
    </p>
   </div>
   <div class='ocr_carea' id='block_1_55' title="bbox 271 3654 1890 3726">
    <p class='ocr_par' dir='ltr' id='par_1_55' title="bbox 271 3654 1890 3726">
     <span class='ocr_line' id='line_1_55' title="bbox 271 3654 1890 3726; baseline -0.002 -14"><span class='ocrx_word' id='word_1_353' title='bbox 271 3673 438 3713; x_wconf 90' lang='lat' dir='ltr'>mano</span> <span class='ocrx_word' id='word_1_354' title='bbox 470 3655 672 3722; x_wconf 87' lang='lat' dir='ltr'>nuntii,</span> <span class='ocrx_word' id='word_1_355' title='bbox 713 3655 860 3712; x_wconf 91' lang='lat' dir='ltr'>mole</span> <span class='ocrx_word' id='word_1_356' title='bbox 891 3655 1136 3726; x_wconf 90' lang='lat' dir='ltr'>corporis</span> <span class='ocrx_word' id='word_1_357' title='bbox 1174 3663 1228 3710; x_wconf 90' lang='lat' dir='ltr'>et</span> <span class='ocrx_word' id='word_1_358' title='bbox 1269 3654 1448 3709; x_wconf 87' lang='lat' dir='ltr'>cultus</span> <span class='ocrx_word' id='word_1_359' title='bbox 1497 3654 1890 3726; x_wconf 90' lang='lat' dir='ltr'>splendoribus</span> 
     </span>
    </p>
   </div>
   <div class='ocr_carea' id='block_1_56' title="bbox 272 3744 1885 3820">
    <p class='ocr_par' dir='ltr' id='par_1_56' title="bbox 272 3744 1885 3820">
     <span class='ocr_line' id='line_1_56' title="bbox 272 3744 1885 3820; baseline -0.003 -17"><span class='ocrx_word' id='word_1_360' title='bbox 272 3747 630 3811; x_wconf 90' lang='lat' dir='ltr'>excellentes,</span> <span class='ocrx_word' id='word_1_361' title='bbox 659 3745 828 3801; x_wconf 77' lang='lat' dir='ltr'>filiam</span> <span class='ocrx_word' id='word_1_362' title='bbox 855 3747 1004 3819; x_wconf 83' lang='lat' dir='ltr'>regis</span> <span class='ocrx_word' id='word_1_363' title='bbox 1028 3745 1328 3820; x_wconf 80' lang='lat' dir='ltr'>Anglorum</span> <span class='ocrx_word' id='word_1_364' title='bbox 1356 3744 1572 3800; x_wconf 86' lang='lat' dir='ltr'>Henrici</span> <span class='ocrx_word' id='word_1_365' title='bbox 1590 3745 1644 3798; x_wconf 94' lang='lat' dir='ltr'>in</span> <span class='ocrx_word' id='word_1_366' title='bbox 1675 3745 1885 3801; x_wconf 92' lang='lat' dir='ltr'>domini</span> 
     </span>
    </p>
   </div>
   <div class='ocr_carea' id='block_1_57' title="bbox 271 3834 1883 3910">
    <p class='ocr_par' dir='ltr' id='par_1_57' title="bbox 271 3834 1883 3910">
     <span class='ocr_line' id='line_1_57' title="bbox 271 3834 1883 3910; baseline -0.002 -19"><span class='ocrx_word' id='word_1_367' title='bbox 271 3837 359 3891; x_wconf 89' lang='lat' dir='ltr'>sui</span> <span class='ocrx_word' id='word_1_368' title='bbox 406 3834 725 3909; x_wconf 84' lang='lat' dir='ltr'>conjugium</span> <span class='ocrx_word' id='word_1_369' title='bbox 776 3835 1139 3906; x_wconf 86' lang='lat' dir='ltr'>postulantes.</span> <span class='ocrx_word' id='word_1_370' title='bbox 1187 3835 1403 3890; x_wconf 88' lang='lat' dir='ltr'>Tenens</span> <span class='ocrx_word' id='word_1_371' title='bbox 1460 3834 1629 3909; x_wconf 88' lang='lat' dir='ltr'>igitur</span> <span class='ocrx_word' id='word_1_372' title='bbox 1679 3834 1883 3910; x_wconf 80' lang='lat' dir='ltr'>curiam</span> 
     </span>
    </p>
   </div>
   <div class='ocr_carea' id='block_1_58' title="bbox 269 3925 1884 3999">
    <p class='ocr_par' dir='ltr' id='par_1_58' title="bbox 269 3925 1884 3999">
     <span class='ocr_line' id='line_1_58' title="bbox 269 3925 1884 3999; baseline -0.001 -17"><span class='ocrx_word' id='word_1_373' title='bbox 269 3928 419 3999; x_wconf 88' lang='lat' dir='ltr'>apud</span> <span class='ocrx_word' id='word_1_374' title='bbox 450 3927 814 3994; x_wconf 90' lang='lat' dir='ltr'>Londoniam,</span> <span class='ocrx_word' id='word_1_375' title='bbox 857 3943 965 3998; x_wconf 88' lang='lat' dir='ltr'>qua</span> <span class='ocrx_word' id='word_1_376' title='bbox 1014 3942 1294 3998; x_wconf 88' lang='lat' dir='ltr'>nunquam</span> <span class='ocrx_word' id='word_1_377' title='bbox 1331 3925 1766 3996; x_wconf 86' lang='lat' dir='ltr'>splendidiorem</span> <span class='ocrx_word' id='word_1_378' title='bbox 1800 3933 1884 3981; x_wconf 87' lang='lat' dir='ltr'>te-</span> 
     </span>
    </p>
   </div>
   <div class='ocr_carea' id='block_1_59' title="bbox 263 4015 1886 4087">
    <p class='ocr_par' dir='ltr' id='par_1_59' title="bbox 263 4015 1886 4087">
     <span class='ocr_line' id='line_1_59' title="bbox 263 4015 1886 4087; baseline -0.001 -15"><span class='ocrx_word' id='word_1_379' title='bbox 263 4023 482 4085; x_wconf 88' lang='lat' dir='ltr'>nuerat,</span> <span class='ocrx_word' id='word_1_380' title='bbox 514 4025 858 4073; x_wconf 87' lang='lat' dir='ltr'>sacramenta</span> <span class='ocrx_word' id='word_1_381' title='bbox 899 4015 1260 4086; x_wconf 88' lang='lat' dir='ltr'>depostulans</span> <span class='ocrx_word' id='word_1_382' title='bbox 1298 4015 1367 4070; x_wconf 92' lang='lat' dir='ltr'>ab</span> <span class='ocrx_word' id='word_1_383' title='bbox 1423 4015 1772 4087; x_wconf 84' lang='lat' dir='ltr'>imperatoris</span> <span class='ocrx_word' id='word_1_384' title='bbox 1800 4032 1886 4071; x_wconf 92' lang='lat' dir='ltr'>re-</span> 
     </span>
    </p>
   </div>
   <div class='ocr_carea' id='block_1_60' title="bbox 263 4107 1888 4185">
    <p class='ocr_par' dir='ltr' id='par_1_60' title="bbox 263 4107 1888 4185">
     <span class='ocr_line' id='line_1_60' title="bbox 263 4107 1888 4185; baseline -0.002 -20"><span class='ocrx_word' id='word_1_385' title='bbox 263 4109 415 4181; x_wconf 88' lang='lat' dir='ltr'>cepit</span> <span class='ocrx_word' id='word_1_386' title='bbox 466 4109 664 4185; x_wconf 88' lang='lat' dir='ltr'>legatis</span> <span class='ocrx_word' id='word_1_387' title='bbox 713 4109 780 4164; x_wconf 92' lang='lat' dir='ltr'>ad</span> <span class='ocrx_word' id='word_1_388' title='bbox 820 4115 1202 4181; x_wconf 89' lang='lat' dir='ltr'>pentecosten.</span> <span class='ocrx_word' id='word_1_389' title='bbox 1238 4110 1459 4177; x_wconf 82' lang='lat' dir='ltr'>(Gemm.</span> <span class='ocrx_word' id='word_1_390' title='bbox 1510 4124 1588 4176; x_wconf 73' lang='lat' dir='ltr'>vn,</span> <span class='ocrx_word' id='word_1_391' title='bbox 1637 4109 1716 4179; x_wconf 83' lang='lat'>9.)</span> <span class='ocrx_word' id='word_1_392' title='bbox 1744 4107 1888 4163; x_wconf 92' lang='lat' dir='ltr'>Obiit</span> 
     </span>
    </p>
   </div>
   <div class='ocr_carea' id='block_1_61' title="bbox 265 4199 1888 4258">
    <p class='ocr_par' dir='ltr' id='par_1_61' title="bbox 265 4199 1888 4258">
     <span class='ocr_line' id='line_1_61' title="bbox 265 4199 1888 4258; baseline -0.001 -2"><span class='ocrx_word' id='word_1_393' title='bbox 265 4202 603 4257; x_wconf 87' lang='lat' dir='ltr'>venerabilis</span> <span class='ocrx_word' id='word_1_394' title='bbox 623 4201 888 4258; x_wconf 88' lang='lat' dir='ltr'>memorie</span> <span class='ocrx_word' id='word_1_395' title='bbox 920 4201 1138 4257; x_wconf 91' lang='lat' dir='ltr'>donnus</span> <span class='ocrx_word' id='word_1_396' title='bbox 1159 4201 1449 4256; x_wconf 87' lang='lat' dir='ltr'>Anselmus</span> <span class='ocrx_word' id='word_1_397' title='bbox 1480 4199 1888 4255; x_wconf 89' lang='lat' dir='ltr'>Cantuariensis</span> 
     </span>
    </p>
   </div>
   <div class='ocr_carea' id='block_1_62' title="bbox 263 4288 1883 4364">
    <p class='ocr_par' dir='ltr' id='par_1_62' title="bbox 263 4288 1883 4364">
     <span class='ocr_line' id='line_1_62' title="bbox 263 4288 1883 4364; baseline -0.001 -18"><span class='ocrx_word' id='word_1_398' title='bbox 263 4292 721 4364; x_wconf 88' lang='lat' dir='ltr'>archiepiscopus</span> <span class='ocrx_word' id='word_1_399' title='bbox 763 4291 851 4347; x_wconf 86' lang='grc'>11.</span> <span class='ocrx_word' id='word_1_400' title='bbox 910 4290 1182 4346; x_wconf 84' lang='lat' dir='ltr'>Kalendas</span> <span class='ocrx_word' id='word_1_401' title='bbox 1245 4290 1391 4358; x_wconf 84' lang='lat' dir='ltr'>Maii,</span> <span class='ocrx_word' id='word_1_402' title='bbox 1449 4288 1586 4344; x_wconf 84' lang='lat' dir='ltr'>feria</span> <span class='ocrx_word' id='word_1_403' title='bbox 1643 4289 1697 4354; x_wconf 74' lang='grc'>4,</span> <span class='ocrx_word' id='word_1_404' title='bbox 1757 4294 1883 4344; x_wconf 89' lang='lat' dir='ltr'>ante</span> 
     </span>
    </p>
   </div>
   <div class='ocr_carea' id='block_1_63' title="bbox 264 4379 1888 4453">
    <p class='ocr_par' dir='ltr' id='par_1_63' title="bbox 264 4379 1888 4453">
     <span class='ocr_line' id='line_1_63' title="bbox 264 4379 1888 4453; baseline -0.002 -16"><span class='ocrx_word' id='word_1_405' title='bbox 264 4398 458 4437; x_wconf 84' lang='lat' dir='ltr'>cenam</span> <span class='ocrx_word' id='word_1_406' title='bbox 490 4382 727 4438; x_wconf 91' lang='lat' dir='ltr'>Domini.</span> <span class='ocrx_word' id='word_1_407' title='bbox 760 4382 886 4453; x_wconf 87' lang='lat' dir='ltr'>Ipso</span> <span class='ocrx_word' id='word_1_408' title='bbox 927 4395 1072 4436; x_wconf 90' lang='lat' dir='ltr'>anno</span> <span class='ocrx_word' id='word_1_409' title='bbox 1099 4379 1201 4435; x_wconf 90' lang='lat' dir='ltr'>fuit</span> <span class='ocrx_word' id='word_1_410' title='bbox 1241 4379 1493 4434; x_wconf 90' lang='lat' dir='ltr'>ultimum</span> <span class='ocrx_word' id='word_1_411' title='bbox 1527 4380 1751 4451; x_wconf 88' lang='lat' dir='ltr'>pascha,</span> <span class='ocrx_word' id='word_1_412' title='bbox 1784 4379 1888 4434; x_wconf 92' lang='lat' dir='ltr'>hoc</span> 
     </span>
    </p>
   </div>
   <div class='ocr_carea' id='block_1_64' title="bbox 264 4471 1888 4544">
    <p class='ocr_par' dir='ltr' id='par_1_64' title="bbox 264 4471 1888 4544">
     <span class='ocr_line' id='line_1_64' title="bbox 264 4471 1888 4544; baseline -0.002 -15"><span class='ocrx_word' id='word_1_413' title='bbox 264 4475 406 4529; x_wconf 74' lang='lat' dir='ltr'>est?</span> <span class='ocrx_word' id='word_1_414' title='bbox 442 4473 554 4528; x_wconf 83' lang='lat' dir='ltr'>Kal.</span> <span class='ocrx_word' id='word_1_415' title='bbox 589 4473 714 4527; x_wconf 88' lang='lat' dir='ltr'>Mai.</span> <span class='ocrx_word' id='word_1_416' title='bbox 770 4471 998 4544; x_wconf 89' lang='lat' dir='ltr'>Scripsit</span> <span class='ocrx_word' id='word_1_417' title='bbox 1044 4487 1176 4527; x_wconf 91' lang='lat' dir='ltr'>vero</span> <span class='ocrx_word' id='word_1_418' title='bbox 1224 4471 1370 4526; x_wconf 91' lang='lat' dir='ltr'>idem</span> <span class='ocrx_word' id='word_1_419' title='bbox 1421 4471 1504 4526; x_wconf 87' lang='lat' dir='ltr'>vir</span> <span class='ocrx_word' id='word_1_420' title='bbox 1553 4471 1888 4528; x_wconf 87' lang='lat' dir='ltr'>reverendus</span> 
     </span>
    </p>
   </div>
   <div class='ocr_carea' id='block_1_65' title="bbox 267 4566 1888 4642">
    <p class='ocr_par' dir='ltr' id='par_1_65' title="bbox 267 4566 1888 4642">
     <span class='ocr_line' id='line_1_65' title="bbox 267 4566 1888 4642; baseline -0.003 -18"><span class='ocrx_word' id='word_1_421' title='bbox 267 4569 543 4625; x_wconf 89' lang='lat' dir='ltr'>nonnulla</span> <span class='ocrx_word' id='word_1_422' title='bbox 571 4566 840 4622; x_wconf 89' lang='lat' dir='ltr'>memorie</span> <span class='ocrx_word' id='word_1_423' title='bbox 869 4566 1059 4642; x_wconf 85' lang='lat' dir='ltr'>digna,</span> <span class='ocrx_word' id='word_1_424' title='bbox 1093 4582 1202 4639; x_wconf 90' lang='lat' dir='ltr'>que</span> <span class='ocrx_word' id='word_1_425' title='bbox 1231 4566 1428 4622; x_wconf 88' lang='lat' dir='ltr'>subtus</span> <span class='ocrx_word' id='word_1_426' title='bbox 1467 4575 1764 4621; x_wconf 89' lang='lat' dir='ltr'>annectere</span> <span class='ocrx_word' id='word_1_427' title='bbox 1788 4581 1888 4620; x_wconf 90' lang='lat' dir='ltr'>cu-</span> 
     </span>
    </p>
   </div>
   <div class='ocr_carea' id='block_1_66' title="bbox 265 4659 1888 4731">
    <p class='ocr_par' dir='ltr' id='par_1_66' title="bbox 265 4659 1888 4731">
     <span class='ocr_line' id='line_1_66' title="bbox 265 4659 1888 4731; baseline -0.001 -16"><span class='ocrx_word' id='word_1_428' title='bbox 265 4661 531 4717; x_wconf 89' lang='lat' dir='ltr'>ravimus.</span> <span class='ocrx_word' id='word_1_429' title='bbox 566 4662 702 4716; x_wconf 91' lang='lat' dir='ltr'>Dum</span> <span class='ocrx_word' id='word_1_430' title='bbox 732 4659 913 4718; x_wconf 90' lang='lat' dir='ltr'>adhuc</span> <span class='ocrx_word' id='word_1_431' title='bbox 942 4660 1094 4731; x_wconf 88' lang='lat' dir='ltr'>prior</span> <span class='ocrx_word' id='word_1_432' title='bbox 1119 4665 1264 4715; x_wconf 88' lang='lat' dir='ltr'>esset</span> <span class='ocrx_word' id='word_1_433' title='bbox 1313 4659 1367 4713; x_wconf 90' lang='lat' dir='ltr'>in</span> <span class='ocrx_word' id='word_1_434' title='bbox 1417 4659 1679 4714; x_wconf 90' lang='lat' dir='ltr'>Beccensi</span> <span class='ocrx_word' id='word_1_435' title='bbox 1717 4673 1888 4714; x_wconf 80' lang='lat' dir='ltr'>ceno—</span> 
     </span>
    </p>
   </div>
   <div class='ocr_carea' id='block_1_67' title="bbox 263 4750 1886 4823">
    <p class='ocr_par' dir='ltr' id='par_1_67' title="bbox 263 4750 1886 4823">
     <span class='ocr_line' id='line_1_67' title="bbox 263 4750 1886 4823; baseline -0.002 -15"><span class='ocrx_word' id='word_1_436' title='bbox 263 4754 385 4821; x_wconf 89' lang='lat' dir='ltr'>bio,</span> <span class='ocrx_word' id='word_1_437' title='bbox 444 4752 662 4823; x_wconf 89' lang='lat' dir='ltr'>scripsit</span> <span class='ocrx_word' id='word_1_438' title='bbox 707 4758 974 4808; x_wconf 89' lang='lat' dir='ltr'>tractatus</span> <span class='ocrx_word' id='word_1_439' title='bbox 1013 4760 1150 4807; x_wconf 90' lang='lat' dir='ltr'>tres:</span> <span class='ocrx_word' id='word_1_440' title='bbox 1212 4751 1451 4822; x_wconf 89' lang='lat' dir='ltr'>primum</span> <span class='ocrx_word' id='word_1_441' title='bbox 1508 4751 1578 4806; x_wconf 92' lang='lat' dir='ltr'>de</span> <span class='ocrx_word' id='word_1_442' title='bbox 1635 4750 1886 4818; x_wconf 88' lang='lat' dir='ltr'>veritate,</span> 
     </span>
    </p>
   </div>
   <div class='ocr_carea' id='block_1_68' title="bbox 263 4841 1888 4908">
    <p class='ocr_par' dir='ltr' id='par_1_68' title="bbox 263 4841 1888 4908">
     <span class='ocr_line' id='line_1_68' title="bbox 263 4841 1888 4908; baseline -0.002 -9"><span class='ocrx_word' id='word_1_443' title='bbox 263 4845 570 4901; x_wconf 89' lang='lat' dir='ltr'>secundum</span> <span class='ocrx_word' id='word_1_444' title='bbox 613 4844 681 4898; x_wconf 90' lang='lat' dir='ltr'>de</span> <span class='ocrx_word' id='word_1_445' title='bbox 713 4844 964 4899; x_wconf 89' lang='lat' dir='ltr'>libertate</span> <span class='ocrx_word' id='word_1_446' title='bbox 986 4843 1219 4908; x_wconf 90' lang='lat' dir='ltr'>arbitrii,</span> <span class='ocrx_word' id='word_1_447' title='bbox 1246 4844 1475 4898; x_wconf 90' lang='lat' dir='ltr'>tercium</span> <span class='ocrx_word' id='word_1_448' title='bbox 1509 4842 1576 4896; x_wconf 92' lang='lat' dir='ltr'>de</span> <span class='ocrx_word' id='word_1_449' title='bbox 1604 4858 1734 4896; x_wconf 91' lang='lat' dir='ltr'>casu</span> <span class='ocrx_word' id='word_1_450' title='bbox 1765 4841 1888 4896; x_wconf 84' lang='lat' dir='ltr'>dia-</span> 
     </span>
    </p>
   </div>
   <div class='ocr_carea' id='block_1_69' title="bbox 262 4932 1890 5004">
    <p class='ocr_par' dir='ltr' id='par_1_69' title="bbox 262 4932 1890 5004">
     <span class='ocr_line' id='line_1_69' title="bbox 262 4932 1890 5004; baseline -0.001 -16"><span class='ocrx_word' id='word_1_451' title='bbox 262 4934 401 4989; x_wconf 85' lang='lat' dir='ltr'>boli.</span> <span class='ocrx_word' id='word_1_452' title='bbox 432 4934 663 5004; x_wconf 87' lang='lat' dir='ltr'>Scripsit</span> <span class='ocrx_word' id='word_1_453' title='bbox 695 4939 748 4988; x_wconf 92' lang='lat' dir='ltr'>et</span> <span class='ocrx_word' id='word_1_454' title='bbox 775 4939 1049 5004; x_wconf 88' lang='lat' dir='ltr'>quartum,</span> <span class='ocrx_word' id='word_1_455' title='bbox 1093 4948 1257 5004; x_wconf 89' lang='lat' dir='ltr'>quem</span> <span class='ocrx_word' id='word_1_456' title='bbox 1299 4932 1533 4987; x_wconf 89' lang='lat' dir='ltr'>titulavit</span> <span class='ocrx_word' id='word_1_457' title='bbox 1583 4937 1654 4986; x_wconf 79' lang='lat' dir='ltr'>De</span> <span class='ocrx_word' id='word_1_458' title='bbox 1709 4947 1890 5002; x_wconf 76' lang='lat' dir='ltr'>gram-</span> 
     </span>
    </p>
   </div>
   <div class='ocr_carea' id='block_1_70' title="bbox 264 5021 1884 5094">
    <p class='ocr_par' dir='ltr' id='par_1_70' title="bbox 264 5021 1884 5094">
     <span class='ocr_line' id='line_1_70' title="bbox 264 5021 1884 5094; baseline -0.002 -16"><span class='ocrx_word' id='word_1_459' title='bbox 264 5028 496 5090; x_wconf 84' lang='lat' dir='ltr'>matico;</span> <span class='ocrx_word' id='word_1_460' title='bbox 531 5022 584 5076; x_wconf 90' lang='lat' dir='ltr'>in</span> <span class='ocrx_word' id='word_1_461' title='bbox 617 5037 725 5093; x_wconf 91' lang='lat' dir='ltr'>quo</span> <span class='ocrx_word' id='word_1_462' title='bbox 750 5021 1046 5092; x_wconf 91' lang='lat' dir='ltr'>discipulo,</span> <span class='ocrx_word' id='word_1_463' title='bbox 1098 5038 1263 5094; x_wconf 90' lang='lat' dir='ltr'>quem</span> <span class='ocrx_word' id='word_1_464' title='bbox 1295 5037 1482 5077; x_wconf 88' lang='lat' dir='ltr'>secum</span> <span class='ocrx_word' id='word_1_465' title='bbox 1514 5021 1884 5092; x_wconf 88' lang='lat' dir='ltr'>disputantem</span> 
     </span>
    </p>
   </div>
   <div class='ocr_carea' id='block_1_71' title="bbox 262 5111 1886 5182">
    <p class='ocr_par' dir='ltr' id='par_1_71' title="bbox 262 5111 1886 5182">
     <span class='ocr_line' id='line_1_71' title="bbox 262 5111 1886 5182; baseline -0.002 -14"><span class='ocrx_word' id='word_1_466' title='bbox 262 5113 589 5176; x_wconf 90' lang='lat' dir='ltr'>introducit,</span> <span class='ocrx_word' id='word_1_467' title='bbox 622 5111 934 5182; x_wconf 87' lang='lat' dir='ltr'>respondit,</span> <span class='ocrx_word' id='word_1_468' title='bbox 975 5119 1030 5167; x_wconf 93' lang='lat' dir='ltr'>et</span> <span class='ocrx_word' id='word_1_469' title='bbox 1059 5113 1258 5167; x_wconf 89' lang='lat' dir='ltr'>multas</span> <span class='ocrx_word' id='word_1_470' title='bbox 1307 5111 1624 5167; x_wconf 89' lang='lat' dir='ltr'>dialecticas</span> <span class='ocrx_word' id='word_1_471' title='bbox 1653 5111 1720 5147; x_wconf 71' lang='lat'>5‘7</span> <span class='ocrx_word' id='word_1_472' title='bbox 1751 5125 1886 5182; x_wconf 88' lang='lat' dir='ltr'>que-</span> 
     </span>
    </p>
   </div>
   <div class='ocr_carea' id='block_1_72' title="bbox 259 5201 1886 5275">
    <p class='ocr_par' dir='ltr' id='par_1_72' title="bbox 259 5201 1886 5275">
     <span class='ocr_line' id='line_1_72' title="bbox 259 5201 1886 5275; baseline -0.002 -16"><span class='ocrx_word' id='word_1_473' title='bbox 259 5204 478 5260; x_wconf 88' lang='lat' dir='ltr'>stiones</span> <span class='ocrx_word' id='word_1_474' title='bbox 496 5203 756 5275; x_wconf 89' lang='lat' dir='ltr'>proponit</span> <span class='ocrx_word' id='word_1_475' title='bbox 777 5203 1024 5259; x_wconf 90' lang='lat' dir='ltr'>etsolvit.</span> <span class='ocrx_word' id='word_1_476' title='bbox 1049 5203 1433 5274; x_wconf 86' lang='lat' dir='ltr'>Fecitquoque</span> <span class='ocrx_word' id='word_1_477' title='bbox 1454 5201 1703 5256; x_wconf 90' lang='lat' dir='ltr'>libellum</span> <span class='ocrx_word' id='word_1_478' title='bbox 1723 5201 1886 5273; x_wconf 89' lang='lat' dir='ltr'>quin-</span> 
     </span>
    </p>
   </div>
   <div class='ocr_carea' id='block_1_73' title="bbox 261 5292 1886 5366">
    <p class='ocr_par' dir='ltr' id='par_1_73' title="bbox 261 5292 1886 5366">
     <span class='ocr_line' id='line_1_73' title="bbox 261 5292 1886 5366; baseline -0.001 -16"><span class='ocrx_word' id='word_1_479' title='bbox 261 5303 405 5361; x_wconf 91' lang='lat' dir='ltr'>tum,</span> <span class='ocrx_word' id='word_1_480' title='bbox 435 5310 598 5366; x_wconf 91' lang='lat' dir='ltr'>quem</span> <span class='ocrx_word' id='word_1_481' title='bbox 655 5293 1347 5366; x_wconf 84' lang='lat' dir='ltr'>monologionappellavit;</span> <span class='ocrx_word' id='word_1_482' title='bbox 1403 5292 1556 5348; x_wconf 89' lang='lat' dir='ltr'>solus</span> <span class='ocrx_word' id='word_1_483' title='bbox 1607 5294 1755 5347; x_wconf 91' lang='lat' dir='ltr'>enim</span> <span class='ocrx_word' id='word_1_484' title='bbox 1820 5308 1886 5348; x_wconf 91' lang='lat' dir='ltr'>eo</span> 
     </span>
    </p>
   </div>
   <div class='ocr_carea' id='block_1_74' title="bbox 257 5381 1891 5455">
    <p class='ocr_par' dir='ltr' id='par_1_74' title="bbox 257 5381 1891 5455">
     <span class='ocr_line' id='line_1_74' title="bbox 257 5381 1891 5455; baseline -0.001 -16"><span class='ocrx_word' id='word_1_485' title='bbox 257 5390 316 5439; x_wconf 87' lang='lat' dir='ltr'>et</span> <span class='ocrx_word' id='word_1_486' title='bbox 343 5398 532 5437; x_wconf 90' lang='lat' dir='ltr'>secum</span> <span class='ocrx_word' id='word_1_487' title='bbox 556 5383 821 5455; x_wconf 86' lang='lat' dir='ltr'>loquitur,</span> <span class='ocrx_word' id='word_1_488' title='bbox 855 5399 919 5440; x_wconf 92' lang='lat' dir='ltr'>ac</span> <span class='ocrx_word' id='word_1_489' title='bbox 951 5382 1115 5438; x_wconf 91' lang='lat' dir='ltr'>tacita</span> <span class='ocrx_word' id='word_1_490' title='bbox 1141 5381 1292 5438; x_wconf 93' lang='lat' dir='ltr'>omni</span> <span class='ocrx_word' id='word_1_491' title='bbox 1342 5381 1670 5437; x_wconf 87' lang='lat' dir='ltr'>auctoritate</span> <span class='ocrx_word' id='word_1_492' title='bbox 1704 5381 1891 5438; x_wconf 90' lang='lat' dir='ltr'>divine</span> 
     </span>
    </p>
   </div>
   <div class='ocr_carea' id='block_1_75' title="bbox 257 5469 1889 5546">
    <p class='ocr_par' dir='ltr' id='par_1_75' title="bbox 257 5469 1889 5546">
     <span class='ocr_line' id='line_1_75' title="bbox 257 5469 1889 5546; baseline -0.002 -16"><span class='ocrx_word' id='word_1_493' title='bbox 257 5473 562 5545; x_wconf 86' lang='lat' dir='ltr'>scripture,</span> <span class='ocrx_word' id='word_1_494' title='bbox 595 5472 747 5546; x_wconf 92' lang='lat' dir='ltr'>quod</span> <span class='ocrx_word' id='word_1_495' title='bbox 772 5473 916 5529; x_wconf 92' lang='lat' dir='ltr'>Deus</span> <span class='ocrx_word' id='word_1_496' title='bbox 946 5471 1036 5540; x_wconf 88' lang='lat' dir='ltr'>sit,</span> <span class='ocrx_word' id='word_1_497' title='bbox 1064 5471 1184 5528; x_wconf 87' lang='lat' dir='ltr'>sola</span> <span class='ocrx_word' id='word_1_498' title='bbox 1205 5469 1420 5526; x_wconf 87' lang='lat' dir='ltr'>ratione</span> <span class='ocrx_word' id='word_1_499' title='bbox 1441 5471 1696 5542; x_wconf 90' lang='lat' dir='ltr'>queritet</span> <span class='ocrx_word' id='word_1_500' title='bbox 1726 5471 1889 5528; x_wconf 87' lang='lat' dir='ltr'>inve-</span> 
     </span>
    </p>
   </div>
   <div class='ocr_carea' id='block_1_76' title="bbox 1991 1829 3610 1901">
    <p class='ocr_par' dir='ltr' id='par_1_76' title="bbox 1991 1829 3610 1901">
     <span class='ocr_line' id='line_1_76' title="bbox 1991 1829 3610 1901; baseline 0.009 -27"><span class='ocrx_word' id='word_1_501' title='bbox 1991 1837 2361 1892; x_wconf 88' lang='lat' dir='ltr'>supernorum</span> <span class='ocrx_word' id='word_1_502' title='bbox 2399 1833 2642 1881; x_wconf 91' lang='lat' dir='ltr'>mentem</span> <span class='ocrx_word' id='word_1_503' title='bbox 2689 1829 2811 1897; x_wconf 90' lang='lat' dir='ltr'>ejus</span> <span class='ocrx_word' id='word_1_504' title='bbox 2854 1831 3182 1901; x_wconf 89' lang='lat' dir='ltr'>repleverat.</span> <span class='ocrx_word' id='word_1_505' title='bbox 3222 1831 3610 1901; x_wconf 88' lang='lat' dir='ltr'>Duodecimus,</span> 
     </span>
    </p>
   </div>
   <div class='ocr_carea' id='block_1_77' title="bbox 1989 1909 3611 1992">
    <p class='ocr_par' dir='ltr' id='par_1_77' title="bbox 1989 1909 3611 1992">
     <span class='ocr_line' id='line_1_77' title="bbox 1989 1909 3611 1992; baseline 0.007 -28"><span class='ocrx_word' id='word_1_506' title='bbox 1989 1909 2083 1981; x_wconf 91' lang='lat' dir='ltr'>qui</span> <span class='ocrx_word' id='word_1_507' title='bbox 2141 1919 2196 1966; x_wconf 92' lang='lat' dir='ltr'>et</span> <span class='ocrx_word' id='word_1_508' title='bbox 2233 1912 2458 1968; x_wconf 90' lang='lat' dir='ltr'>ultimus</span> <span class='ocrx_word' id='word_1_509' title='bbox 2501 1915 2579 1969; x_wconf 88' lang='lat' dir='ltr'>illi</span> <span class='ocrx_word' id='word_1_510' title='bbox 2635 1923 2897 1973; x_wconf 91' lang='lat' dir='ltr'>tractatus</span> <span class='ocrx_word' id='word_1_511' title='bbox 2947 1919 3068 1988; x_wconf 90' lang='lat' dir='ltr'>fuit,</span> <span class='ocrx_word' id='word_1_512' title='bbox 3124 1921 3195 1976; x_wconf 88' lang='lat' dir='ltr'>de</span> <span class='ocrx_word' id='word_1_513' title='bbox 3256 1921 3611 1992; x_wconf 89' lang='lat' dir='ltr'>processione</span> 
     </span>
    </p>
   </div>
   <div class='ocr_carea' id='block_1_78' title="bbox 1989 1999 3612 2070">
    <p class='ocr_par' dir='ltr' id='par_1_78' title="bbox 1989 1999 3612 2070">
     <span class='ocr_line' id='line_1_78' title="bbox 1989 1999 3612 2070; baseline 0.008 -18"><span class='ocrx_word' id='word_1_514' title='bbox 1989 1999 2222 2070; x_wconf 92' lang='lat' dir='ltr'>Spiritus</span> <span class='ocrx_word' id='word_1_515' title='bbox 2254 2004 2448 2060; x_wconf 90' lang='lat' dir='ltr'>sancti.</span> <span class='ocrx_word' id='word_1_516' title='bbox 2492 2003 2878 2062; x_wconf 84' lang='lat' dir='ltr'>Confutaverat</span> <span class='ocrx_word' id='word_1_517' title='bbox 2926 2009 3075 2063; x_wconf 90' lang='lat' dir='ltr'>enim</span> <span class='ocrx_word' id='word_1_518' title='bbox 3140 2009 3340 2065; x_wconf 88' lang='lat' dir='ltr'>Grecos</span> <span class='ocrx_word' id='word_1_519' title='bbox 3402 2011 3457 2064; x_wconf 92' lang='lat' dir='ltr'>in</span> <span class='ocrx_word' id='word_1_520' title='bbox 3507 2013 3612 2065; x_wconf 90' lang='lat' dir='ltr'>Ba-</span> 
     </span>
    </p>
   </div>
   <div class='ocr_carea' id='block_1_79' title="bbox 1991 2094 3611 2170">
    <p class='ocr_par' dir='ltr' id='par_1_79' title="bbox 1991 2094 3611 2170">
     <span class='ocr_line' id='line_1_79' title="bbox 1991 2094 3611 2170; baseline 0.007 -24"><span class='ocrx_word' id='word_1_521' title='bbox 1991 2094 2136 2147; x_wconf 88' lang='lat' dir='ltr'>rensi</span> <span class='ocrx_word' id='word_1_522' title='bbox 2189 2095 2446 2163; x_wconf 91' lang='lat' dir='ltr'>concilio,</span> <span class='ocrx_word' id='word_1_523' title='bbox 2506 2106 2770 2170; x_wconf 86' lang='lat' dir='ltr'>negantes</span> <span class='ocrx_word' id='word_1_524' title='bbox 2810 2099 3073 2169; x_wconf 91' lang='lat' dir='ltr'>Spiritum</span> <span class='ocrx_word' id='word_1_525' title='bbox 3115 2109 3365 2157; x_wconf 90' lang='lat' dir='ltr'>sanctum</span> <span class='ocrx_word' id='word_1_526' title='bbox 3399 2119 3427 2156; x_wconf 94' lang='lat' dir='ltr'>a</span> <span class='ocrx_word' id='word_1_527' title='bbox 3475 2102 3611 2157; x_wconf 90' lang='lat' dir='ltr'>Filio</span> 
     </span>
    </p>
   </div>
   <div class='ocr_carea' id='block_1_80' title="bbox 1991 2187 3610 2267">
    <p class='ocr_par' dir='ltr' id='par_1_80' title="bbox 1991 2187 3610 2267">
     <span class='ocr_line' id='line_1_80' title="bbox 1991 2187 3610 2267; baseline 0.006 -28"><span class='ocrx_word' id='word_1_528' title='bbox 1991 2187 2319 2256; x_wconf 88' lang='lat' dir='ltr'>procedere;</span> <span class='ocrx_word' id='word_1_529' title='bbox 2345 2189 2493 2246; x_wconf 88' lang='lat' dir='ltr'>unde</span> <span class='ocrx_word' id='word_1_530' title='bbox 2513 2199 2732 2261; x_wconf 91' lang='lat' dir='ltr'>sumpta</span> <span class='ocrx_word' id='word_1_531' title='bbox 2750 2193 2998 2258; x_wconf 88' lang='lat' dir='ltr'>materia,</span> <span class='ocrx_word' id='word_1_532' title='bbox 3028 2202 3220 2267; x_wconf 89' lang='lat' dir='ltr'>rogatu</span> <span class='ocrx_word' id='word_1_533' title='bbox 3247 2193 3511 2249; x_wconf 88' lang='lat' dir='ltr'>lldeberti</span> <span class='ocrx_word' id='word_1_534' title='bbox 3540 2196 3610 2232; x_wconf 71' lang='grc'>⁵⁸⁸</span> 
     </span>
    </p>
   </div>
   <div class='ocr_carea' id='block_1_81' title="bbox 1992 2276 3608 2356">
    <p class='ocr_par' dir='ltr' id='par_1_81' title="bbox 1992 2276 3608 2356">
     <span class='ocr_line' id='line_1_81' title="bbox 1992 2276 3608 2356; baseline 0.006 -23"><span class='ocrx_word' id='word_1_535' title='bbox 1992 2276 2417 2335; x_wconf 89' lang='lat' dir='ltr'>Cinomanorum</span> <span class='ocrx_word' id='word_1_536' title='bbox 2459 2283 2706 2354; x_wconf 87' lang='lat' dir='ltr'>episcopi</span> <span class='ocrx_word' id='word_1_537' title='bbox 2751 2283 2899 2339; x_wconf 89' lang='lat' dir='ltr'>hunc</span> <span class='ocrx_word' id='word_1_538' title='bbox 2943 2283 3146 2338; x_wconf 88' lang='lat' dir='ltr'>librum</span> <span class='ocrx_word' id='word_1_539' title='bbox 3185 2287 3515 2356; x_wconf 88' lang='lat' dir='ltr'>composuit.</span> <span class='ocrx_word' id='word_1_540' title='bbox 3552 2288 3608 2342; x_wconf 90' lang='lat' dir='ltr'>Si</span> 
     </span>
    </p>
   </div>
   <div class='ocr_carea' id='block_1_82' title="bbox 1991 2371 3609 2450">
    <p class='ocr_par' dir='ltr' id='par_1_82' title="bbox 1991 2371 3609 2450">
     <span class='ocr_line' id='line_1_82' title="bbox 1991 2371 3609 2450; baseline 0.006 -25"><span class='ocrx_word' id='word_1_541' title='bbox 1991 2371 2060 2427; x_wconf 88' lang='lat' dir='ltr'>de</span> <span class='ocrx_word' id='word_1_542' title='bbox 2092 2374 2316 2430; x_wconf 88' lang='lat' dir='ltr'>natione</span> <span class='ocrx_word' id='word_1_543' title='bbox 2345 2375 2486 2443; x_wconf 88' lang='lat' dir='ltr'>ejus,</span> <span class='ocrx_word' id='word_1_544' title='bbox 2527 2375 2638 2430; x_wconf 90' lang='lat' dir='ltr'>vita</span> <span class='ocrx_word' id='word_1_545' title='bbox 2687 2383 2740 2430; x_wconf 87' lang='lat' dir='ltr'>et</span> <span class='ocrx_word' id='word_1_546' title='bbox 2771 2375 3019 2431; x_wconf 93' lang='lat' dir='ltr'>moribus</span> <span class='ocrx_word' id='word_1_547' title='bbox 3048 2376 3256 2448; x_wconf 89' lang='lat' dir='ltr'>queris,</span> <span class='ocrx_word' id='word_1_548' title='bbox 3288 2377 3609 2450; x_wconf 87' lang='lat' dir='ltr'>aliquantu-</span> 
     </span>
    </p>
   </div>
   <div class='ocr_carea' id='block_1_83' title="bbox 1988 2461 3606 2539">
    <p class='ocr_par' dir='ltr' id='par_1_83' title="bbox 1988 2461 3606 2539">
     <span class='ocr_line' id='line_1_83' title="bbox 1988 2461 3606 2539; baseline 0.005 -24"><span class='ocrx_word' id='word_1_549' title='bbox 1988 2461 2096 2516; x_wconf 92' lang='lat' dir='ltr'>lum</span> <span class='ocrx_word' id='word_1_550' title='bbox 2152 2470 2296 2518; x_wconf 90' lang='lat' dir='ltr'>retro</span> <span class='ocrx_word' id='word_1_551' title='bbox 2338 2463 2606 2517; x_wconf 89' lang='lat' dir='ltr'>invenies.</span> <span class='ocrx_word' id='word_1_552' title='bbox 2652 2464 2867 2533; x_wconf 65' lang='lat'>(51638.)</span> <span class='ocrx_word' id='word_1_553' title='bbox 2901 2466 2961 2519; x_wconf 84' lang='lat' dir='ltr'>In</span> <span class='ocrx_word' id='word_1_554' title='bbox 3009 2465 3301 2536; x_wconf 87' lang='lat' dir='ltr'>parrochia</span> <span class='ocrx_word' id='word_1_555' title='bbox 3354 2467 3606 2539; x_wconf 87' lang='lat' dir='ltr'>Legiensi</span> 
     </span>
    </p>
   </div>
   <div class='ocr_carea' id='block_1_84' title="bbox 1988 2552 3606 2621">
    <p class='ocr_par' dir='ltr' id='par_1_84' title="bbox 1988 2552 3606 2621">
     <span class='ocr_line' id='line_1_84' title="bbox 1988 2552 3606 2621; baseline 0.004 -17"><span class='ocrx_word' id='word_1_556' title='bbox 1988 2566 2151 2620; x_wconf 91' lang='lat' dir='ltr'>porca</span> <span class='ocrx_word' id='word_1_557' title='bbox 2179 2552 2338 2605; x_wconf 86' lang='lat' dir='ltr'>enixa</span> <span class='ocrx_word' id='word_1_558' title='bbox 2378 2559 2460 2605; x_wconf 88' lang='lat' dir='ltr'>est</span> <span class='ocrx_word' id='word_1_559' title='bbox 2496 2552 2798 2621; x_wconf 91' lang='lat' dir='ltr'>porcellum</span> <span class='ocrx_word' id='word_1_560' title='bbox 2849 2553 3147 2608; x_wconf 89' lang='lat' dir='ltr'>habentem</span> <span class='ocrx_word' id='word_1_561' title='bbox 3190 2554 3387 2609; x_wconf 89' lang='lat' dir='ltr'>faciem</span> <span class='ocrx_word' id='word_1_562' title='bbox 3423 2556 3606 2611; x_wconf 86' lang='lat' dir='ltr'>homi-</span> 
     </span>
    </p>
   </div>
   <div class='ocr_carea' id='block_1_85' title="bbox 1986 2645 3606 2720">
    <p class='ocr_par' dir='ltr' id='par_1_85' title="bbox 1986 2645 3606 2720">
     <span class='ocr_line' id='line_1_85' title="bbox 1986 2645 3606 2720; baseline 0.006 -24"><span class='ocrx_word' id='word_1_563' title='bbox 1986 2660 2087 2697; x_wconf 81' lang='lat' dir='ltr'>nis.</span> <span class='ocrx_word' id='word_1_564' title='bbox 2133 2645 2298 2698; x_wconf 89' lang='lat' dir='ltr'>Natus</span> <span class='ocrx_word' id='word_1_565' title='bbox 2329 2652 2408 2699; x_wconf 91' lang='lat' dir='ltr'>est</span> <span class='ocrx_word' id='word_1_566' title='bbox 2438 2645 2602 2699; x_wconf 92' lang='lat' dir='ltr'>etiam</span> <span class='ocrx_word' id='word_1_567' title='bbox 2641 2646 2823 2716; x_wconf 89' lang='lat' dir='ltr'>pullus</span> <span class='ocrx_word' id='word_1_568' title='bbox 2862 2645 3069 2720; x_wconf 90' lang='lat' dir='ltr'>galline</span> <span class='ocrx_word' id='word_1_569' title='bbox 3111 2647 3448 2719; x_wconf 90' lang='lat' dir='ltr'>quadrupes.</span> <span class='ocrx_word' id='word_1_570' title='bbox 3495 2651 3606 2705; x_wconf 88' lang='lat' dir='ltr'>Im-</span> 
     </span>
    </p>
   </div>
   <div class='ocr_carea' id='block_1_86' title="bbox 1986 2733 3606 2807">
    <p class='ocr_par' dir='ltr' id='par_1_86' title="bbox 1986 2733 3606 2807">
     <span class='ocr_line' id='line_1_86' title="bbox 1986 2733 3606 2807; baseline 0.007 -23"><span class='ocrx_word' id='word_1_571' title='bbox 1986 2738 2208 2802; x_wconf 90' lang='lat' dir='ltr'>perator</span> <span class='ocrx_word' id='word_1_572' title='bbox 2239 2733 2504 2788; x_wconf 85' lang='lat' dir='ltr'>Henricus</span> <span class='ocrx_word' id='word_1_573' title='bbox 2535 2743 2727 2789; x_wconf 90' lang='lat' dir='ltr'>contra</span> <span class='ocrx_word' id='word_1_574' title='bbox 2768 2735 3052 2807; x_wconf 88' lang='lat' dir='ltr'>Hungaros</span> <span class='ocrx_word' id='word_1_575' title='bbox 3106 2736 3280 2804; x_wconf 89' lang='lat' dir='ltr'>vadit,</span> <span class='ocrx_word' id='word_1_576' title='bbox 3331 2738 3429 2793; x_wconf 92' lang='lat' dir='ltr'>sed</span> <span class='ocrx_word' id='word_1_577' title='bbox 3463 2738 3606 2795; x_wconf 90' lang='lat' dir='ltr'>facto</span> 
     </span>
    </p>
   </div>
   <div class='ocr_carea' id='block_1_87' title="bbox 1977 2825 3602 2900">
    <p class='ocr_par' dir='ltr' id='par_1_87' title="bbox 1977 2825 3602 2900">
     <span class='ocr_line' id='line_1_87' title="bbox 1977 2825 3602 2900; baseline 0.006 -23"><span class='ocrx_word' id='word_1_578' title='bbox 1977 2832 2146 2894; x_wconf 18' lang='lat' dir='ltr'>[pacto</span> <span class='ocrx_word' id='word_1_579' title='bbox 2174 2825 2356 2880; x_wconf 90' lang='lat' dir='ltr'>rediit.</span> <span class='ocrx_word' id='word_1_580' title='bbox 2391 2826 2534 2881; x_wconf 89' lang='lat' dir='ltr'>Obiit</span> <span class='ocrx_word' id='word_1_581' title='bbox 2563 2827 2804 2882; x_wconf 90' lang='lat' dir='ltr'>domnus</span> <span class='ocrx_word' id='word_1_582' title='bbox 2829 2827 2978 2900; x_wconf 90' lang='lat' dir='ltr'>Hugo</span> <span class='ocrx_word' id='word_1_583' title='bbox 3005 2828 3173 2882; x_wconf 89' lang='lat' dir='ltr'>abbas</span> <span class='ocrx_word' id='word_1_584' title='bbox 3209 2828 3602 2895; x_wconf 86' lang='lat' dir='ltr'>Cluniacensis,</span> 
     </span>
    </p>
   </div>
   <div class='ocr_carea' id='block_1_88' title="bbox 1988 2916 3602 2996">
    <p class='ocr_par' dir='ltr' id='par_1_88' title="bbox 1988 2916 3602 2996">
     <span class='ocr_line' id='line_1_88' title="bbox 1988 2916 3602 2996; baseline 0.005 -26"><span class='ocrx_word' id='word_1_585' title='bbox 1988 2916 2076 2970; x_wconf 94' lang='lat' dir='ltr'>cui</span> <span class='ocrx_word' id='word_1_586' title='bbox 2108 2918 2369 2972; x_wconf 75' lang='lat' dir='ltr'>successit</span> <span class='ocrx_word' id='word_1_587' title='bbox 2403 2918 2646 2974; x_wconf 89' lang='lat' dir='ltr'>Pontius.</span> <span class='ocrx_word' id='word_1_588' title='bbox 2705 2920 2817 2975; x_wconf 90' lang='lat' dir='ltr'>Hoc</span> <span class='ocrx_word' id='word_1_589' title='bbox 2865 2936 3010 2975; x_wconf 88' lang='lat' dir='ltr'>anno</span> <span class='ocrx_word' id='word_1_590' title='bbox 3052 2936 3208 2976; x_wconf 86' lang='lat' dir='ltr'>sacro</span> <span class='ocrx_word' id='word_1_591' title='bbox 3263 2921 3387 2996; x_wconf 86' lang='lat' dir='ltr'>igne</span> <span class='ocrx_word' id='word_1_592' title='bbox 3447 2924 3602 2980; x_wconf 91' lang='lat' dir='ltr'>multi</span> 
     </span>
    </p>
   </div>
   <div class='ocr_carea' id='block_1_89' title="bbox 1987 3005 3604 3087">
    <p class='ocr_par' dir='ltr' id='par_1_89' title="bbox 1987 3005 3604 3087">
     <span class='ocr_line' id='line_1_89' title="bbox 1987 3005 3604 3087; baseline 0.007 -30"><span class='ocrx_word' id='word_1_593' title='bbox 1987 3005 2383 3072; x_wconf 91' lang='lat' dir='ltr'>accenduntur,</span> <span class='ocrx_word' id='word_1_594' title='bbox 2416 3007 2682 3062; x_wconf 88' lang='lat' dir='ltr'>membris</span> <span class='ocrx_word' id='word_1_595' title='bbox 2713 3008 2884 3063; x_wconf 91' lang='lat' dir='ltr'>instar</span> <span class='ocrx_word' id='word_1_596' title='bbox 2933 3009 3235 3066; x_wconf 89' lang='lat' dir='ltr'>carbonum</span> <span class='ocrx_word' id='word_1_597' title='bbox 3281 3012 3604 3087; x_wconf 88' lang='lat' dir='ltr'>nigrescen-</span> 
     </span>
    </p>
   </div>
   <div class='ocr_carea' id='block_1_90' title="bbox 1987 3093 3604 3165">
    <p class='ocr_par' dir='ltr' id='par_1_90' title="bbox 1987 3093 3604 3165">
     <span class='ocr_line' id='line_1_90' title="bbox 1987 3093 3604 3165; baseline 0.005 -20"><span class='ocrx_word' id='word_1_598' title='bbox 1987 3093 2156 3147; x_wconf 90' lang='lat' dir='ltr'>tibus.</span> <span class='ocrx_word' id='word_1_599' title='bbox 2208 3094 2496 3165; x_wconf 87' lang='lat' dir='ltr'>Philippus</span> <span class='ocrx_word' id='word_1_600' title='bbox 2555 3113 2649 3150; x_wconf 85' lang='lat' dir='ltr'>rex</span> <span class='ocrx_word' id='word_1_601' title='bbox 2703 3097 3032 3153; x_wconf 89' lang='lat' dir='ltr'>Francorum</span> <span class='ocrx_word' id='word_1_602' title='bbox 3083 3099 3236 3164; x_wconf 87' lang='lat' dir='ltr'>obit;</span> <span class='ocrx_word' id='word_1_603' title='bbox 3293 3098 3604 3156; x_wconf 87' lang='lat' dir='ltr'>Ludovicus</span> 
     </span>
    </p>
   </div>
   <div class='ocr_carea' id='block_1_91' title="bbox 1987 3187 3458 3269">
    <p class='ocr_par' dir='ltr' id='par_1_91' title="bbox 1987 3187 3458 3269">
     <span class='ocr_line' id='line_1_91' title="bbox 1987 3187 3458 3269; baseline 0.005 -27"><span class='ocrx_word' id='word_1_604' title='bbox 1987 3187 2133 3244; x_wconf 85' lang='lat' dir='ltr'>ﬁlius</span> <span class='ocrx_word' id='word_1_605' title='bbox 2163 3189 2284 3256; x_wconf 89' lang='lat' dir='ltr'>ejus</span> <span class='ocrx_word' id='word_1_606' title='bbox 2309 3199 2431 3261; x_wconf 91' lang='lat' dir='ltr'>post</span> <span class='ocrx_word' id='word_1_607' title='bbox 2461 3207 2586 3247; x_wconf 91' lang='lat' dir='ltr'>eum</span> <span class='ocrx_word' id='word_1_608' title='bbox 2609 3199 2802 3266; x_wconf 82' lang='lat' dir='ltr'>regnat</span> <span class='ocrx_word' id='word_1_609' title='bbox 2823 3195 2982 3248; x_wconf 93' lang='lat' dir='ltr'>annis</span> <span class='ocrx_word' id='word_1_610' title='bbox 3013 3193 3206 3269; x_wconf 89' lang='lat' dir='ltr'>viginti</span> <span class='ocrx_word' id='word_1_611' title='bbox 3240 3209 3458 3251; x_wconf 87' lang='lat' dir='ltr'>novem.</span> 
     </span>
    </p>
   </div>
   <div class='ocr_carea' id='block_1_92' title="bbox 2058 3277 3338 3338">
    <p class='ocr_par' dir='ltr' id='par_1_92' title="bbox 2058 3277 3338 3338">
     <span class='ocr_line' id='line_1_92' title="bbox 2058 3277 3338 3338; baseline 0.005 -7"><span class='ocrx_word' id='word_1_612' title='bbox 2058 3277 2220 3334; x_wconf 90' lang='grc'>1110.</span> <span class='ocrx_word' id='word_1_613' title='bbox 2411 3281 2463 3334; x_wconf 74' lang='grc'>4.</span> <span class='ocrx_word' id='word_1_614' title='bbox 2648 3282 2938 3337; x_wconf 82' lang='lat' dir='ltr'>Ludovicus</span> <span class='ocrx_word' id='word_1_615' title='bbox 2977 3282 3028 3335; x_wconf 90' lang='grc'>1.</span> <span class='ocrx_word' id='word_1_616' title='bbox 3251 3283 3338 3338; x_wconf 89' lang='grc'>10.</span> 
     </span>
    </p>
   </div>
   <div class='ocr_carea' id='block_1_93' title="bbox 2059 3369 3608 3448">
    <p class='ocr_par' dir='ltr' id='par_1_93' title="bbox 2059 3369 3608 3448">
     <span class='ocr_line' id='line_1_93' title="bbox 2059 3369 3608 3448; baseline 0.006 -26"><span class='ocrx_word' id='word_1_617' title='bbox 2059 3369 2246 3437; x_wconf 72' lang='lat' dir='ltr'>(Hum.</span> <span class='ocrx_word' id='word_1_618' title='bbox 2310 3371 2427 3443; x_wconf 83' lang='lat' dir='ltr'>vn.)</span> <span class='ocrx_word' id='word_1_619' title='bbox 2469 3372 2602 3428; x_wconf 89' lang='lat' dir='ltr'>Data</span> <span class='ocrx_word' id='word_1_620' title='bbox 2635 3381 2720 3428; x_wconf 90' lang='lat' dir='ltr'>est</span> <span class='ocrx_word' id='word_1_621' title='bbox 2750 3371 2864 3428; x_wconf 87' lang='lat' dir='ltr'>ﬁlia</span> <span class='ocrx_word' id='word_1_622' title='bbox 2895 3374 3042 3448; x_wconf 91' lang='lat' dir='ltr'>regis</span> <span class='ocrx_word' id='word_1_623' title='bbox 3080 3374 3398 3446; x_wconf 82' lang='lat' dir='ltr'>Anglorum,</span> <span class='ocrx_word' id='word_1_624' title='bbox 3460 3375 3608 3432; x_wconf 84' lang='lat' dir='ltr'>Mati-</span> 
     </span>
    </p>
   </div>
   <div class='ocr_carea' id='block_1_94' title="bbox 1990 3460 3605 3536">
    <p class='ocr_par' dir='ltr' id='par_1_94' title="bbox 1990 3460 3605 3536">
     <span class='ocr_line' id='line_1_94' title="bbox 1990 3460 3605 3536; baseline 0.005 -22"><span class='ocrx_word' id='word_1_625' title='bbox 1990 3460 2075 3515; x_wconf 93' lang='lat' dir='ltr'>dis</span> <span class='ocrx_word' id='word_1_626' title='bbox 2119 3462 2364 3530; x_wconf 90' lang='lat' dir='ltr'>nomine,</span> <span class='ocrx_word' id='word_1_627' title='bbox 2408 3463 2728 3535; x_wconf 90' lang='lat' dir='ltr'>imperatori</span> <span class='ocrx_word' id='word_1_628' title='bbox 2771 3465 3028 3533; x_wconf 89' lang='lat' dir='ltr'>Henrico,</span> <span class='ocrx_word' id='word_1_629' title='bbox 3086 3475 3146 3520; x_wconf 91' lang='lat' dir='ltr'>ut</span> <span class='ocrx_word' id='word_1_630' title='bbox 3188 3467 3339 3521; x_wconf 90' lang='lat' dir='ltr'>brevi</span> <span class='ocrx_word' id='word_1_631' title='bbox 3403 3467 3605 3536; x_wconf 91' lang='lat' dir='ltr'>dicam,</span> 
     </span>
    </p>
   </div>
   <div class='ocr_carea' id='block_1_95' title="bbox 1991 3554 3602 3631">
    <p class='ocr_par' dir='ltr' id='par_1_95' title="bbox 1991 3554 3602 3631">
     <span class='ocr_line' id='line_1_95' title="bbox 1991 3554 3602 3631; baseline 0.004 -23"><span class='ocrx_word' id='word_1_632' title='bbox 1991 3554 2132 3609; x_wconf 84' lang='lat' dir='ltr'>sicut</span> <span class='ocrx_word' id='word_1_633' title='bbox 2159 3554 2364 3612; x_wconf 90' lang='lat' dir='ltr'>decuit.</span> <span class='ocrx_word' id='word_1_634' title='bbox 2398 3556 2546 3610; x_wconf 87' lang='lat' dir='ltr'>idem</span> <span class='ocrx_word' id='word_1_635' title='bbox 2577 3573 2672 3611; x_wconf 90' lang='lat' dir='ltr'>rex</span> <span class='ocrx_word' id='word_1_636' title='bbox 2702 3558 2998 3631; x_wconf 88' lang='lat' dir='ltr'>Anglorum</span> <span class='ocrx_word' id='word_1_637' title='bbox 3028 3557 3294 3613; x_wconf 89' lang='lat' dir='ltr'>Henricus</span> <span class='ocrx_word' id='word_1_638' title='bbox 3342 3559 3491 3630; x_wconf 92' lang='lat' dir='ltr'>cepit</span> <span class='ocrx_word' id='word_1_639' title='bbox 3535 3561 3602 3614; x_wconf 89' lang='lat' dir='ltr'>ab</span> 
     </span>
    </p>
   </div>
   <div class='ocr_carea' id='block_1_96' title="bbox 1991 3647 3604 3721">
    <p class='ocr_par' dir='ltr' id='par_1_96' title="bbox 1991 3647 3604 3721">
     <span class='ocr_line' id='line_1_96' title="bbox 1991 3647 3604 3721; baseline 0.002 -20"><span class='ocrx_word' id='word_1_640' title='bbox 1991 3662 2325 3718; x_wconf 79' lang='lat' dir='ltr'>unaquaque</span> <span class='ocrx_word' id='word_1_641' title='bbox 2350 3647 2480 3701; x_wconf 90' lang='lat' dir='ltr'>hida</span> <span class='ocrx_word' id='word_1_642' title='bbox 2507 3647 2695 3717; x_wconf 82' lang='lat' dir='ltr'>Anglic</span> <span class='ocrx_word' id='word_1_643' title='bbox 2729 3656 2837 3702; x_wconf 90' lang='lat' dir='ltr'>tres</span> <span class='ocrx_word' id='word_1_644' title='bbox 2864 3648 3090 3703; x_wconf 90' lang='lat' dir='ltr'>solidos.</span> <span class='ocrx_word' id='word_1_645' title='bbox 3128 3647 3370 3721; x_wconf 90' lang='lat' dir='ltr'>Cumque</span> <span class='ocrx_word' id='word_1_646' title='bbox 3398 3650 3604 3704; x_wconf 89' lang='lat' dir='ltr'>curiam</span> 
     </span>
    </p>
   </div>
   <div class='ocr_carea' id='block_1_97' title="bbox 1986 3741 3608 3814">
    <p class='ocr_par' dir='ltr' id='par_1_97' title="bbox 1986 3741 3608 3814">
     <span class='ocr_line' id='line_1_97' title="bbox 1986 3741 3608 3814; baseline 0.001 -16"><span class='ocrx_word' id='word_1_647' title='bbox 1986 3757 2137 3798; x_wconf 87' lang='lat' dir='ltr'>suam</span> <span class='ocrx_word' id='word_1_648' title='bbox 2169 3741 2436 3796; x_wconf 89' lang='lat' dir='ltr'>tenuisset</span> <span class='ocrx_word' id='word_1_649' title='bbox 2461 3742 2529 3796; x_wconf 90' lang='lat' dir='ltr'>ad</span> <span class='ocrx_word' id='word_1_650' title='bbox 2562 3749 2922 3812; x_wconf 91' lang='lat' dir='ltr'>pentecosten</span> <span class='ocrx_word' id='word_1_651' title='bbox 2954 3742 3097 3814; x_wconf 92' lang='lat' dir='ltr'>apud</span> <span class='ocrx_word' id='word_1_652' title='bbox 3140 3759 3336 3799; x_wconf 88' lang='lat' dir='ltr'>novam</span> <span class='ocrx_word' id='word_1_653' title='bbox 3367 3742 3608 3800; x_wconf 85' lang='lat' dir='ltr'>Winles-</span> 
     </span>
    </p>
   </div>
   <div class='ocr_carea' id='block_1_98' title="bbox 1989 3829 3606 3906">
    <p class='ocr_par' dir='ltr' id='par_1_98' title="bbox 1989 3829 3606 3906">
     <span class='ocr_line' id='line_1_98' title="bbox 1989 3829 3606 3906; baseline 0.002 -21"><span class='ocrx_word' id='word_1_654' title='bbox 1989 3832 2173 3898; x_wconf 87' lang='lat' dir='ltr'>heres,</span> <span class='ocrx_word' id='word_1_655' title='bbox 2215 3846 2376 3902; x_wconf 91' lang='lat' dir='ltr'>quam</span> <span class='ocrx_word' id='word_1_656' title='bbox 2409 3831 2528 3902; x_wconf 91' lang='lat' dir='ltr'>ipse</span> <span class='ocrx_word' id='word_1_657' title='bbox 2557 3829 2929 3900; x_wconf 85' lang='lat' dir='ltr'>edifieaverat,</span> <span class='ocrx_word' id='word_1_658' title='bbox 2963 3832 3364 3888; x_wconf 89' lang='lat' dir='ltr'>exhereditavit</span> <span class='ocrx_word' id='word_1_659' title='bbox 3394 3849 3491 3888; x_wconf 89' lang='lat' dir='ltr'>eos</span> <span class='ocrx_word' id='word_1_660' title='bbox 3511 3835 3606 3906; x_wconf 93' lang='lat' dir='ltr'>qui</span> 
     </span>
    </p>
   </div>
   <div class='ocr_carea' id='block_1_99' title="bbox 1987 3922 3607 3995">
    <p class='ocr_par' dir='ltr' id='par_1_99' title="bbox 1987 3922 3607 3995">
     <span class='ocr_line' id='line_1_99' title="bbox 1987 3922 3607 3995; baseline 0.002 -19"><span class='ocrx_word' id='word_1_661' title='bbox 1987 3922 2037 3977; x_wconf 89' lang='lat' dir='ltr'>ei</span> <span class='ocrx_word' id='word_1_662' title='bbox 2059 3930 2386 3990; x_wconf 91' lang='lat' dir='ltr'>nocuerant,</span> <span class='ocrx_word' id='word_1_663' title='bbox 2419 3923 2639 3978; x_wconf 90' lang='lat' dir='ltr'>scilicet</span> <span class='ocrx_word' id='word_1_664' title='bbox 2669 3923 2980 3995; x_wconf 87' lang='lat' dir='ltr'>Philippum</span> <span class='ocrx_word' id='word_1_665' title='bbox 3024 3923 3092 3978; x_wconf 91' lang='lat' dir='ltr'>de</span> <span class='ocrx_word' id='word_1_666' title='bbox 3125 3925 3351 3993; x_wconf 90' lang='lat' dir='ltr'>Branse,</span> <span class='ocrx_word' id='word_1_667' title='bbox 3384 3932 3439 3981; x_wconf 90' lang='lat' dir='ltr'>et</span> <span class='ocrx_word' id='word_1_668' title='bbox 3468 3925 3607 3982; x_wconf 86' lang='lat' dir='ltr'>Wil-</span> 
     </span>
    </p>
   </div>
   <div class='ocr_carea' id='block_1_100' title="bbox 1986 4013 3606 4081">
    <p class='ocr_par' dir='ltr' id='par_1_100' title="bbox 1986 4013 3606 4081">
     <span class='ocr_line' id='line_1_100' title="bbox 1986 4013 3606 4081; baseline 0.004 -13"><span class='ocrx_word' id='word_1_669' title='bbox 1986 4015 2224 4069; x_wconf 88' lang='lat' dir='ltr'>lermum</span> <span class='ocrx_word' id='word_1_670' title='bbox 2257 4013 2437 4081; x_wconf 88' lang='lat' dir='ltr'>Malet,</span> <span class='ocrx_word' id='word_1_671' title='bbox 2493 4020 2547 4069; x_wconf 92' lang='lat' dir='ltr'>et</span> <span class='ocrx_word' id='word_1_672' title='bbox 2577 4014 2923 4070; x_wconf 91' lang='lat' dir='ltr'>Willermum</span> <span class='ocrx_word' id='word_1_673' title='bbox 2958 4015 3210 4072; x_wconf 90' lang='lat' dir='ltr'>Bainard.</span> <span class='ocrx_word' id='word_1_674' title='bbox 3247 4017 3427 4073; x_wconf 88' lang='lat' dir='ltr'>Helias</span> <span class='ocrx_word' id='word_1_675' title='bbox 3474 4035 3606 4074; x_wconf 90' lang='lat' dir='ltr'>vero</span> 
     </span>
    </p>
   </div>
   <div class='ocr_carea' id='block_1_101' title="bbox 1989 4107 3606 4184">
    <p class='ocr_par' dir='ltr' id='par_1_101' title="bbox 1989 4107 3606 4184">
     <span class='ocr_line' id='line_1_101' title="bbox 1989 4107 3606 4184; baseline 0.002 -21"><span class='ocrx_word' id='word_1_676' title='bbox 1989 4109 2189 4163; x_wconf 88' lang='lat' dir='ltr'>consul</span> <span class='ocrx_word' id='word_1_677' title='bbox 2230 4107 2586 4174; x_wconf 89' lang='lat' dir='ltr'>Cenomanie,</span> <span class='ocrx_word' id='word_1_678' title='bbox 2623 4108 2718 4179; x_wconf 92' lang='lat' dir='ltr'>qui</span> <span class='ocrx_word' id='word_1_679' title='bbox 2747 4124 2866 4163; x_wconf 90' lang='lat' dir='ltr'>eam</span> <span class='ocrx_word' id='word_1_680' title='bbox 2899 4109 3001 4163; x_wconf 91' lang='lat' dir='ltr'>sub</span> <span class='ocrx_word' id='word_1_681' title='bbox 3035 4109 3268 4165; x_wconf 88' lang='lat' dir='ltr'>Henrico</span> <span class='ocrx_word' id='word_1_682' title='bbox 3294 4126 3424 4184; x_wconf 88' lang='lat' dir='ltr'>rege</span> <span class='ocrx_word' id='word_1_683' title='bbox 3451 4117 3606 4166; x_wconf 87' lang='lat' dir='ltr'>tene-</span> 
     </span>
    </p>
   </div>
   <div class='ocr_carea' id='block_1_102' title="bbox 1989 4195 3604 4272">
    <p class='ocr_par' dir='ltr' id='par_1_102' title="bbox 1989 4195 3604 4272">
     <span class='ocr_line' id='line_1_102' title="bbox 1989 4195 3604 4272; baseline 0.005 -24"><span class='ocrx_word' id='word_1_684' title='bbox 1989 4195 2101 4261; x_wconf 90' lang='lat' dir='ltr'>bat,</span> <span class='ocrx_word' id='word_1_685' title='bbox 2129 4196 2239 4252; x_wconf 89' lang='lat' dir='ltr'>vita</span> <span class='ocrx_word' id='word_1_686' title='bbox 2270 4196 2512 4266; x_wconf 88' lang='lat' dir='ltr'>privatus</span> <span class='ocrx_word' id='word_1_687' title='bbox 2543 4203 2644 4251; x_wconf 91' lang='lat' dir='ltr'>est.</span> <span class='ocrx_word' id='word_1_688' title='bbox 2668 4197 2731 4251; x_wconf 84' lang='lat' dir='ltr'>At</span> <span class='ocrx_word' id='word_1_689' title='bbox 2759 4197 2954 4251; x_wconf 91' lang='lat' dir='ltr'>consul</span> <span class='ocrx_word' id='word_1_690' title='bbox 2979 4198 3390 4272; x_wconf 88' lang='lat' dir='ltr'>Andegavensis</span> <span class='ocrx_word' id='word_1_691' title='bbox 3419 4199 3604 4265; x_wconf 90' lang='lat' dir='ltr'>Fulco,</span> 
     </span>
    </p>
   </div>
   <div class='ocr_carea' id='block_1_103' title="bbox 1987 4286 3608 4357">
    <p class='ocr_par' dir='ltr' id='par_1_103' title="bbox 1987 4286 3608 4357">
     <span class='ocr_line' id='line_1_103' title="bbox 1987 4286 3608 4357; baseline 0.002 -17"><span class='ocrx_word' id='word_1_692' title='bbox 1987 4294 2141 4357; x_wconf 88' lang='lat' dir='ltr'>pater</span> <span class='ocrx_word' id='word_1_693' title='bbox 2190 4286 2456 4354; x_wconf 89' lang='lat' dir='ltr'>Gaufridi,</span> <span class='ocrx_word' id='word_1_694' title='bbox 2511 4287 2756 4357; x_wconf 91' lang='lat' dir='ltr'>suscepit</span> <span class='ocrx_word' id='word_1_695' title='bbox 2814 4286 3241 4342; x_wconf 87' lang='lat' dir='ltr'>Conomanniam</span> <span class='ocrx_word' id='word_1_696' title='bbox 3310 4305 3433 4344; x_wconf 93' lang='lat' dir='ltr'>cum</span> <span class='ocrx_word' id='word_1_697' title='bbox 3495 4290 3608 4345; x_wconf 82' lang='lat' dir='ltr'>filia</span> 
     </span>
    </p>
   </div>
   <div class='ocr_carea' id='block_1_104' title="bbox 1989 4379 3610 4454">
    <p class='ocr_par' dir='ltr' id='par_1_104' title="bbox 1989 4379 3610 4454">
     <span class='ocr_line' id='line_1_104' title="bbox 1989 4379 3610 4454; baseline 0.003 -21"><span class='ocrx_word' id='word_1_698' title='bbox 1989 4379 2132 4448; x_wconf 92' lang='lat' dir='ltr'>ejus,</span> <span class='ocrx_word' id='word_1_699' title='bbox 2180 4383 2236 4433; x_wconf 91' lang='lat' dir='ltr'>et</span> <span class='ocrx_word' id='word_1_700' title='bbox 2277 4380 2454 4434; x_wconf 92' lang='lat' dir='ltr'>tenuit</span> <span class='ocrx_word' id='word_1_701' title='bbox 2481 4396 2600 4434; x_wconf 89' lang='lat' dir='ltr'>eam</span> <span class='ocrx_word' id='word_1_702' title='bbox 2630 4385 2821 4435; x_wconf 92' lang='lat' dir='ltr'>contra</span> <span class='ocrx_word' id='word_1_703' title='bbox 2853 4395 3037 4452; x_wconf 84' lang='lat' dir='ltr'>regem</span> <span class='ocrx_word' id='word_1_704' title='bbox 3073 4380 3388 4437; x_wconf 89' lang='lat' dir='ltr'>Henricum.</span> <span class='ocrx_word' id='word_1_705' title='bbox 3434 4383 3610 4454; x_wconf 84' lang='lat' dir='ltr'>Appa-</span> 
     </span>
    </p>
   </div>
   <div class='ocr_carea' id='block_1_105' title="bbox 1990 4465 3608 4539">
    <p class='ocr_par' dir='ltr' id='par_1_105' title="bbox 1990 4465 3608 4539">
     <span class='ocr_line' id='line_1_105' title="bbox 1990 4465 3608 4539; baseline -0.001 -17"><span class='ocrx_word' id='word_1_706' title='bbox 1990 4467 2098 4523; x_wconf 91' lang='lat' dir='ltr'>ruit</span> <span class='ocrx_word' id='word_1_707' title='bbox 2130 4467 2368 4539; x_wconf 89' lang='lat' dir='ltr'>quedam</span> <span class='ocrx_word' id='word_1_708' title='bbox 2417 4475 2628 4524; x_wconf 89' lang='lat' dir='ltr'>cometa</span> <span class='ocrx_word' id='word_1_709' title='bbox 2677 4482 2828 4522; x_wconf 90' lang='lat' dir='ltr'>more</span> <span class='ocrx_word' id='word_1_710' title='bbox 2881 4466 3122 4522; x_wconf 91' lang='lat' dir='ltr'>insolito.</span> <span class='ocrx_word' id='word_1_711' title='bbox 3184 4465 3314 4522; x_wconf 91' lang='lat' dir='ltr'>Cum</span> <span class='ocrx_word' id='word_1_712' title='bbox 3349 4483 3496 4522; x_wconf 82' lang='lat' dir='ltr'>enim</span> <span class='ocrx_word' id='word_1_713' title='bbox 3539 4468 3608 4523; x_wconf 88' lang='lat' dir='ltr'>ab</span> 
     </span>
    </p>
   </div>
   <div class='ocr_carea' id='block_1_106' title="bbox 1989 4560 3610 4635">
    <p class='ocr_par' dir='ltr' id='par_1_106' title="bbox 1989 4560 3610 4635">
     <span class='ocr_line' id='line_1_106' title="bbox 1989 4560 3610 4635; baseline -0.001 -17"><span class='ocrx_word' id='word_1_714' title='bbox 1989 4561 2201 4618; x_wconf 91' lang='lat' dir='ltr'>oriente</span> <span class='ocrx_word' id='word_1_715' title='bbox 2235 4562 2526 4635; x_wconf 87' lang='lat' dir='ltr'>insurgens</span> <span class='ocrx_word' id='word_1_716' title='bbox 2557 4562 2609 4615; x_wconf 91' lang='lat' dir='ltr'>in</span> <span class='ocrx_word' id='word_1_717' title='bbox 2657 4560 3066 4615; x_wconf 83' lang='lat' dir='ltr'>ﬁrmamentum</span> <span class='ocrx_word' id='word_1_718' title='bbox 3121 4561 3480 4628; x_wconf 89' lang='lat' dir='ltr'>ascendisset,</span> <span class='ocrx_word' id='word_1_719' title='bbox 3522 4576 3610 4618; x_wconf 85' lang='lat' dir='ltr'>re-</span> 
     </span>
    </p>
   </div>
   <div class='ocr_carea' id='block_1_107' title="bbox 1988 4651 3604 4729">
    <p class='ocr_par' dir='ltr' id='par_1_107' title="bbox 1988 4651 3604 4729">
     <span class='ocr_line' id='line_1_107' title="bbox 1988 4651 3604 4729; baseline 0.001 -21"><span class='ocrx_word' id='word_1_720' title='bbox 1988 4653 2144 4729; x_wconf 87' lang='lat' dir='ltr'>gredi</span> <span class='ocrx_word' id='word_1_721' title='bbox 2170 4653 2478 4709; x_wconf 89' lang='lat' dir='ltr'>videbatur.</span> <span class='ocrx_word' id='word_1_722' title='bbox 2530 4655 2622 4721; x_wconf 83' lang='lat' dir='ltr'>(A.</span> <span class='ocrx_word' id='word_1_723' title='bbox 2674 4655 2824 4708; x_wconf 80' lang='lat' dir='ltr'>Roth.</span> <span class='ocrx_word' id='word_1_724' title='bbox 2858 4651 3049 4723; x_wconf 86' lang='grc'>1109.)</span> <span class='ocrx_word' id='word_1_725' title='bbox 3078 4651 3222 4708; x_wconf 91' lang='lat' dir='ltr'>Obiit</span> <span class='ocrx_word' id='word_1_726' title='bbox 3269 4653 3604 4720; x_wconf 87' lang='lat' dir='ltr'>Willermus,</span> 
     </span>
    </p>
   </div>
   <div class='ocr_carea' id='block_1_108' title="bbox 1991 4745 3611 4810">
    <p class='ocr_par' dir='ltr' id='par_1_108' title="bbox 1991 4745 3611 4810">
     <span class='ocr_line' id='line_1_108' title="bbox 1991 4745 3611 4810; baseline 0.001 -9"><span class='ocrx_word' id='word_1_727' title='bbox 1991 4753 2045 4801; x_wconf 90' lang='lat' dir='ltr'>et</span> <span class='ocrx_word' id='word_1_728' title='bbox 2082 4747 2348 4802; x_wconf 88' lang='lat' dir='ltr'>successit</span> <span class='ocrx_word' id='word_1_729' title='bbox 2380 4745 2669 4800; x_wconf 86' lang='lat' dir='ltr'>Gaufridus</span> <span class='ocrx_word' id='word_1_730' title='bbox 2686 4745 3157 4801; x_wconf 90' lang='lat' dir='ltr'>Cenomannensis</span> <span class='ocrx_word' id='word_1_731' title='bbox 3189 4745 3452 4810; x_wconf 89' lang='lat' dir='ltr'>decanus,</span> <span class='ocrx_word' id='word_1_732' title='bbox 3481 4747 3611 4802; x_wconf 73' lang='grc' dir='ltr'><strong>49ιιε</strong></span> 
     </span>
    </p>
   </div>
   <div class='ocr_carea' id='block_1_109' title="bbox 1991 4838 3612 4911">
    <p class='ocr_par' dir='ltr' id='par_1_109' title="bbox 1991 4838 3612 4911">
     <span class='ocr_line' id='line_1_109' title="bbox 1991 4838 3612 4911; baseline 0.002 -19"><span class='ocrx_word' id='word_1_733' title='bbox 1991 4839 2442 4909; x_wconf 89' lang='lat' dir='ltr'>archiepiscopus</span> <span class='ocrx_word' id='word_1_734' title='bbox 2472 4838 2948 4911; x_wconf 79' lang='lat' dir='ltr'>Rothomagensis.</span> <span class='ocrx_word' id='word_1_735' title='bbox 2979 4839 3299 4911; x_wconf 67' lang='lat' dir='ltr'>(FULcuan</span> <span class='ocrx_word' id='word_1_736' title='bbox 3333 4840 3444 4895; x_wconf 83' lang='lat' dir='ltr'>Hex</span> <span class='ocrx_word' id='word_1_737' title='bbox 3488 4840 3612 4895; x_wconf 84' lang='lat' dir='ltr'>Bal-</span> 
     </span>
    </p>
   </div>
   <div class='ocr_carea' id='block_1_110' title="bbox 1992 4924 3611 4996">
    <p class='ocr_par' dir='ltr' id='par_1_110' title="bbox 1992 4924 3611 4996">
     <span class='ocr_line' id='line_1_110' title="bbox 1992 4924 3611 4996; baseline 0.002 -17"><span class='ocrx_word' id='word_1_738' title='bbox 1992 4925 2194 4980; x_wconf 90' lang='lat' dir='ltr'>duinus</span> <span class='ocrx_word' id='word_1_739' title='bbox 2224 4924 2703 4980; x_wconf 85' lang='lat' dir='ltr'>Jerosolimitanus</span> <span class='ocrx_word' id='word_1_740' title='bbox 2756 4925 2904 4996; x_wconf 90' lang='lat' dir='ltr'>cepit</span> <span class='ocrx_word' id='word_1_741' title='bbox 2957 4927 3124 4982; x_wconf 90' lang='lat' dir='ltr'>urbes</span> <span class='ocrx_word' id='word_1_742' title='bbox 3161 4927 3426 4993; x_wconf 89' lang='lat' dir='ltr'>Beritum,</span> <span class='ocrx_word' id='word_1_743' title='bbox 3458 4927 3611 4983; x_wconf 85' lang='lat' dir='ltr'>Sido-</span> 
     </span>
    </p>
   </div>
   <div class='ocr_carea' id='block_1_111' title="bbox 1994 5013 3606 5087">
    <p class='ocr_par' dir='ltr' id='par_1_111' title="bbox 1994 5013 3606 5087">
     <span class='ocr_line' id='line_1_111' title="bbox 1994 5013 3606 5087; baseline 0.002 -19"><span class='ocrx_word' id='word_1_744' title='bbox 1994 5019 2139 5069; x_wconf 83' lang='lat' dir='ltr'>nem.</span> <span class='ocrx_word' id='word_1_745' title='bbox 2205 5014 2492 5069; x_wconf 87' lang='lat' dir='ltr'>Gibelinus</span> <span class='ocrx_word' id='word_1_746' title='bbox 2532 5013 2593 5069; x_wconf 85' lang='lat' dir='ltr'>ﬁt</span> <span class='ocrx_word' id='word_1_747' title='bbox 2652 5014 2854 5070; x_wconf 91' lang='lat' dir='ltr'>tercius</span> <span class='ocrx_word' id='word_1_748' title='bbox 2911 5017 3224 5087; x_wconf 88' lang='lat' dir='ltr'>patriarcha</span> <span class='ocrx_word' id='word_1_749' title='bbox 3276 5015 3606 5071; x_wconf 87' lang='lat' dir='ltr'>Jerusalem.</span> 
     </span>
    </p>
   </div>
   <div class='ocr_carea' id='block_1_112' title="bbox 1991 5107 3610 5181">
    <p class='ocr_par' dir='ltr' id='par_1_112' title="bbox 1991 5107 3610 5181">
     <span class='ocr_line' id='line_1_112' title="bbox 1991 5107 3610 5181; baseline -0.001 -19"><span class='ocrx_word' id='word_1_750' title='bbox 1991 5107 2214 5178; x_wconf 70' lang='grc' dir='ltr'>(διοεθ.)</span> <span class='ocrx_word' id='word_1_751' title='bbox 2245 5109 2302 5161; x_wconf 92' lang='lat' dir='ltr'>ln</span> <span class='ocrx_word' id='word_1_752' title='bbox 2347 5124 2537 5163; x_wconf 89' lang='lat' dir='ltr'>mense</span> <span class='ocrx_word' id='word_1_753' title='bbox 2577 5107 2741 5162; x_wconf 89' lang='lat' dir='ltr'>Junio</span> <span class='ocrx_word' id='word_1_754' title='bbox 2787 5116 3038 5165; x_wconf 89' lang='lat' dir='ltr'>cometea</span> <span class='ocrx_word' id='word_1_755' title='bbox 3090 5109 3366 5181; x_wconf 86' lang='lat' dir='ltr'>apparuit,</span> <span class='ocrx_word' id='word_1_756' title='bbox 3424 5107 3610 5164; x_wconf 87' lang='lat' dir='ltr'>radios</span> 
     </span>
    </p>
   </div>
   <div class='ocr_carea' id='block_1_113' title="bbox 1989 5199 3611 5273">
    <p class='ocr_par' dir='ltr' id='par_1_113' title="bbox 1989 5199 3611 5273">
     <span class='ocr_line' id='line_1_113' title="bbox 1989 5199 3611 5273; baseline 0.001 -19"><span class='ocrx_word' id='word_1_757' title='bbox 1989 5199 2231 5272; x_wconf 88' lang='lat' dir='ltr'>dirigens</span> <span class='ocrx_word' id='word_1_758' title='bbox 2257 5200 2326 5255; x_wconf 90' lang='lat' dir='ltr'>ad</span> <span class='ocrx_word' id='word_1_759' title='bbox 2351 5208 2618 5268; x_wconf 90' lang='lat' dir='ltr'>austrum,</span> <span class='ocrx_word' id='word_1_760' title='bbox 2643 5200 2830 5255; x_wconf 90' lang='lat' dir='ltr'>multis</span> <span class='ocrx_word' id='word_1_761' title='bbox 2859 5201 3278 5267; x_wconf 90' lang='lat' dir='ltr'>conitientibus,</span> <span class='ocrx_word' id='word_1_762' title='bbox 3311 5200 3415 5254; x_wconf 89' lang='lat' dir='ltr'>hoc</span> <span class='ocrx_word' id='word_1_763' title='bbox 3450 5199 3611 5273; x_wconf 89' lang='lat' dir='ltr'>signo</span> 
     </span>
    </p>
   </div>
   <div class='ocr_carea' id='block_1_114' title="bbox 1993 5287 3609 5363">
    <p class='ocr_par' dir='ltr' id='par_1_114' title="bbox 1993 5287 3609 5363">
     <span class='ocr_line' id='line_1_114' title="bbox 1993 5287 3609 5363; baseline -0.001 -19"><span class='ocrx_word' id='word_1_764' title='bbox 1993 5288 2248 5360; x_wconf 88' lang='lat' dir='ltr'>portendi</span> <span class='ocrx_word' id='word_1_765' title='bbox 2280 5288 2518 5345; x_wconf 88' lang='lat' dir='ltr'>futuram</span> <span class='ocrx_word' id='word_1_766' title='bbox 2550 5290 2697 5363; x_wconf 88' lang='lat' dir='ltr'>regis</span> <span class='ocrx_word' id='word_1_767' title='bbox 2727 5287 2944 5345; x_wconf 91' lang='lat' dir='ltr'>Henrici</span> <span class='ocrx_word' id='word_1_768' title='bbox 2962 5289 3374 5362; x_wconf 90' lang='lat' dir='ltr'>expeditionem</span> <span class='ocrx_word' id='word_1_769' title='bbox 3398 5287 3609 5344; x_wconf 89' lang='lat' dir='ltr'>Italiam</span> 
     </span>
    </p>
   </div>
   <div class='ocr_carea' id='block_1_115' title="bbox 1993 5400 2208 5440">
    <p class='ocr_par' dir='ltr' id='par_1_115' title="bbox 1993 5400 2208 5440">
     <span class='ocr_line' id='line_1_115' title="bbox 1993 5400 2208 5440; baseline 0.009 -2"><span class='ocrx_word' id='word_1_770' title='bbox 1993 5400 2208 5440; x_wconf 85' lang='lat' dir='ltr'>versus.</span> 
     </span>
    </p>
   </div>
   <div class='ocr_carea' id='block_1_116' title="bbox 1627 5595 2266 5654">
    <p class='ocr_par' dir='ltr' id='par_1_116' title="bbox 1627 5595 2266 5654">
     <span class='ocr_line' id='line_1_116' title="bbox 1627 5595 2266 5654; baseline 0.003 -6"><span class='ocrx_word' id='word_1_771' title='bbox 1627 5595 1848 5651; x_wconf 73' lang='lat' dir='ltr'>VARUE</span> <span class='ocrx_word' id='word_1_772' title='bbox 1885 5595 2266 5654; x_wconf 82' lang='lat' dir='ltr'>LECTIONES.</span> 
     </span>
    </p>
   </div>
   <div class='ocr_carea' id='block_1_117' title="bbox 342 5665 1345 5724">
    <p class='ocr_par' dir='ltr' id='par_1_117' title="bbox 342 5665 1345 5724">
     <span class='ocr_line' id='line_1_117' title="bbox 342 5665 1345 5724; baseline 0 -2"><span class='ocrx_word' id='word_1_773' title='bbox 342 5669 410 5704; x_wconf 64' lang='lat'>5‘7</span> <span class='ocrx_word' id='word_1_774' title='bbox 443 5667 736 5724; x_wconf 90' lang='lat' dir='ltr'>Dialeticas</span> <span class='ocrx_word' id='word_1_775' title='bbox 760 5672 821 5722; x_wconf 86' lang='lat' dir='ltr'>E.</span> <span class='ocrx_word' id='word_1_776' title='bbox 919 5667 987 5701; x_wconf 69' lang='lat'>5‘3</span> <span class='ocrx_word' id='word_1_777' title='bbox 1017 5665 1254 5723; x_wconf 88' lang='lat' dir='ltr'>ldeberti</span> <span class='ocrx_word' id='word_1_778' title='bbox 1283 5671 1345 5722; x_wconf 87' lang='lat' dir='ltr'>E.</span> 
     </span>
    </p>
   </div>
  </div>
