3930 6068
325 268 423 323 431

481 415 832 458 ROMANORUM.
979 414 1298 455 FRANCORUI
1466 413 1778 455 ANGLORUM.

393 491 554 546 1111.
597 492 874 544 Henricus.
907 487 961 541 5.
1040 488 1349 544 Ludovicus.
1376 487 1429 542 2.
1506 491 1768 543 Henricus
1793 490 1822 541 Ι
1846 486 1929 541 ll.

392 578 574 648 (Hum.
604 580 724 647 vn.)
754 576 1017 631 Henricus
1063 592 1156 630 rex
1187 576 1487 648 Anglorum
1533 583 1587 631 et
1619 575 1727 631 dux
1792 576 1930 630 Nor-

318 681 668 733 mannorum,
697 679 957 739 pergens,
986 663 1043 718 in
1076 664 1463 720 Normanniam
1512 673 1702 720 contra
1728 679 1933 720 consu-

318 761 424 815 lem
447 759 900 833 Andegavensem
939 758 1256 825 Fulconem,
1297 760 1392 831 qui
1444 754 1835 815 Cenomaniam
1862 774 1929 814 eo

321 852 545 910 tenebat
577 851 772 918 invito,
817 866 993 907 werre
1017 851 1170 925 leges
1213 850 1269 905 in
1303 867 1429 907 eum
1463 850 1608 909 ferro
1635 860 1690 908 et
1718 851 1936 907 ﬂamma

318 951 640 1000 constanter
671 941 1198 998 exercuit.Decessit
1226 949 1408 997 autem
1442 941 1714 998 Robertus
1743 941 1936 998 consul

319 1036 592 1098 Flandrie,
646 1034 740 1106 qui
779 1033 1225 1089 Jerosolimitano
1256 1033 1594 1089 clarissimus
1617 1031 1936 1089 interfuerat

317 1130 497 1186 itineri
555 1129 710 1184 Unde
737 1127 1006 1183 memoria
1032 1128 1153 1196 ejus
1196 1144 1308 1185 non
1341 1128 1672 1199 pertransiet
1711 1129 1764 1182 in
1797 1136 1937 1184 eter-

315 1237 466 1276 num.
500 1219 627 1275 Post
654 1234 818 1290 quem
854 1217 1169 1280 Balduinus,
1205 1217 1351 1272 filius
1402 1216 1542 1286 ejus,
1572 1216 1767 1273 consul
1799 1216 1932 1272 effe-

314 1320 431 1368 ctus
485 1309 835 1379 est,juvenis
886 1309 1113 1365 omnino
1162 1316 1420 1364 strenuus
1469 1309 1635 1363 armis
1696 1309 1925 1381 (SIGEB)

314 1404 576 1459 Henricus
604 1403 901 1474 imperator
928 1401 1150 1457 Romam
1184 1400 1331 1456 vadit
1359 1406 1588 1472 propter
1618 1400 1920 1456 sedandam

314 1492 670 1558 discordiam,
698 1507 809 1562 que
838 1496 955 1544 erat
976 1490 1121 1546 inter
1170 1505 1403 1563 regnum
1438 1497 1493 1544 et
1535 1489 1923 1545 sacerdotium.

316 1585 429 1649 Que
460 1592 668 1652 ceptaa
708 1582 868 1637 beato
908 1581 1172 1656 Gregorio
1209 1582 1443 1652 septimo
1474 1598 1616 1653 papa
1656 1581 1922 1647 Romano,

313 1677 476 1749 quiet
500 1674 921 1741 Hildebrandus,
945 1681 1000 1729 et
1017 1674 1285 1747 exagitata
1306 1689 1337 1727 a
1368 1674 1783 1730 successoribus
1809 1674 1929 1745 ejus

312 1768 527 1823 Victore
571 1775 625 1822 et
647 1766 886 1832 Urbano,
906 1774 961 1821 et
984 1782 1078 1841 pre
1101 1765 1360 1823 omnibus
1378 1781 1408 1819 a
1437 1765 1709 1833 Paschali,
1732 1782 1931 1841 magna

310 1859 571 1915 seandalo
611 1864 728 1914 erat
758 1856 856 1913 toti
898 1837 1124 1913 mundo.
1163 1857 1276 1912 Rex
1307 1856 1452 1911 enim
1484 1857 1561 1910 uti
1595 1856 1786 1912 volens
1828 1872 1929 1913 au-

310 1954 560 2011 ctoritate
588 1960 642 2009 et
679 1951 1084 2008 consuetudine
1116 1961 1170 2007 et
1227 1951 1598 2007 auctoralibus
1627 1952 1929 2028 privilegiis

308 2050 725 2120 imperatorum,
765 2047 858 2119 qui
900 2063 931 2100 a
963 2045 1162 2102 Karolo
1202 2044 1420 2118 Magno,
1474 2046 1568 2118 qui
1609 2047 1820 2117 primus
1857 2047 1926 2103 de

310 2139 533 2212 regibus
564 2137 890 2191 Francorum
925 2133 1217 2205 imperavit
1248 2134 1528 2199 Romanis,
1552 2135 1665 2205 jam
1700 2144 1927 2207 pertre-

305 2236 497 2285 centos
526 2237 581 2283 et
616 2243 683 2283 eo
713 2226 950 2298 amplius
974 2241 1153 2281 annos
1196 2226 1601 2297 imperaverunt
1626 2227 1727 2282 sub
1758 2244 1922 2284 sexa-

304 2321 457 2396 ginta
484 2318 661 2375 tribus
696 2318 1039 2389 apostolicis,
1072 2317 1239 2373 dabat
1286 2317 1436 2373 licite
1476 2318 1833 2392 episcopatus
1872 2328 1925 2375 et

304 2413 576 2479 abbatias,
610 2417 664 2466 et
696 2426 793 2482 per
821 2410 1047 2465 anulum
1077 2419 1130 2465 et
1162 2427 1260 2481 per
1290 2410 1517 2485 virgam.
1556 2412 1754 2467 contra
1786 2413 1925 2468 hanc

305 2509 575 2577 majorum
599 2505 980 2561 auctoritatem
1020 2505 1325 2561 censebant
1371 2522 1513 2578 pape
1543 2508 1795 2578 synodali
1822 2510 1921 2580 ju-

305 2600 470 2664 dicio,
504 2614 609 2653 nec
637 2612 796 2667 posse
837 2613 942 2652 nec
968 2596 1174 2651 debere
1205 2597 1321 2651 dari
1347 2613 1446 2668 per
1469 2598 1677 2671 virgam
1709 2600 1794 2655 vel
1827 2617 1927 2671 per

303 2694 529 2750 anulum
551 2692 932 2764 episcOpatum
964 2699 1057 2746 aut
1087 2690 1325 2762 aliquam
1365 2692 1791 2748 ecclesiasticam
1834 2692 1921 2747 in-

301 2786 624 2842 vestituram
652 2801 684 2839 a
717 2781 897 2838 laicali
937 2798 1122 2837 manu.
1159 2782 1221 2836 At
1250 2781 1568 2854 quicunque
1602 2784 1673 2838 ita
1702 2784 1917 2855 episco-

1534 267 1875 322 SIGEBERTI
1927 267 2435 327 GEMBLACENSIS.

3547 284 3653 342 432

1960 403 2007 469 Α
2033 399 2406 458 celebratione
2436 404 2607 460 misse
2637 407 2877 461 traderet
2914 408 2965 462 ei
3001 425 3206 480 corpus
3238 417 3292 465 et
3331 411 3656 484 sanguinem

2033 490 2248 545 Domini
2282 493 2452 548 nostri
2500 495 2632 550 Jesu
2664 496 2891 553 Christi:
2925 504 3145 555 Damine
3202 504 3515 571 imperator,
3565 507 3661 560 hoc

2031 599 2218 653 corpus
2262 590 2476 641 Domini
2504 596 2700 644 natum
2727 605 2795 644 ex
2846 594 3017 647 Maria
3048 596 3275 661 virgine,
3327 611 3552 664 passam
3601 600 3661 651 in

2031 691 2188 731 cruce
2221 692 2319 746 pro
2346 679 2516 745 nobis,
2564 682 2704 734 sicut
2730 689 2925 737 sancta
2949 689 3000 737 et
3046 684 3335 752 apostolica
3386 690 3528 741 tenet
3573 702 3661 742 ec-

2037 771 2215 837 cfesia,
2247 771 2439 827 damus
2467 774 2565 828 tibi
2600 777 2661 828 in
2698 777 3164 841 conﬁrmationem
3193 792 3314 833 vere
3339 782 3490 848 pacis
3516 783 3660 835 inter

2035 874 2122 915 me
2143 867 2195 914 et
2221 867 2287 915 te.
2322 862 2510 917 Datum
2551 870 2635 918 est
2665 864 2795 920 ldus
2826 866 3045 937 Aprilis,
3080 866 3387 923 indictione
3418 869 3471 926 4.

2181 952 2339 1007 1112.
2593 956 2627 1010 6
2902 958 2956 1013 3.
3216 960 3305 1015 12.

2107 1041 2427 1111 (FULCHER.)
2459 1043 2701 1100 Mortuus
2730 1054 2814 1100 est
2844 1047 3200 1102 Tanchredus
3230 1049 3394 1104 miles
3423 1049 3656 1108 fortissi-

2036 1154 2177 1201 mus,
2211 1139 2304 1209 qui
2344 1144 2548 1194 tantam
2577 1142 2725 1196 auxit
2756 1142 3125 1213 principatum
3170 1144 3569 1201 Antiochenam
3602 1155 3657 1202 et

2036 1226 2299 1294 dilatavit,
2334 1230 2484 1301 quod
2520 1245 2715 1285 omnes
2763 1248 3113 1288 successores
3155 1234 3529 1306 nequiverunt
3568 1253 3659 1292 re-

2033 1315 2232 1385 tinere,
2265 1320 2414 1390 quod
2441 1319 2532 1374 ille
2562 1321 2875 1393 acquisivit.
2916 1322 3049 1379 Huic
3086 1324 3352 1380 successit
3391 1325 3657 1397 Rogerius

2031 1408 2175 1463 filius
2206 1409 2446 1479 Ricardi,
2476 1414 2823 1486 propinquus
2857 1400 2997 1483 ejus.
3024 1414 3249 1481 (Sicca)
3275 1416 3386 1472 Deo
3415 1418 3656 1488 peccatis

2028 1496 2313 1554 hominum
2346 1500 2579 1569 offenso,
2612 1504 2846 1559 ecclesia
2878 1506 3053 1559 sancti
3086 1505 3369 1561 Michaelis
3396 1506 3465 1562 de
3495 1507 3648 1579 peri-

2027 1587 2151 1643 culo
2194 1590 2362 1643 maris
2409 1589 2680 1662 fulgurata
2736 1592 3001 1648 divinitus
3053 1594 3188 1649 arsit
3245 1610 3369 1650 cum
3416 1593 3653 1650 ediﬁciis

1956 1726 2007 1794 Β
2029 1682 2306 1738 omnibus.
2337 1683 2525 1739 (Hum.
2565 1686 2695 1757 vir.)
2736 1687 2848 1742 Rex
2874 1688 3172 1762 Anglorum
3219 1688 3488 1745 Henricus
3521 1706 3654 1746 exu-

2510 1776 2575 1794 m
2631 1779 2670 1794 ,.
2977 1788 2986 1794 .
3040 1780 3163 1794 τη...
3443 1782 3473 1794 ι.
3510 1784 3522 1794 .
3602 1784 3614 1794 .

2031 1774 2161 1829 lavit
2187 1775 2466 1831 consulem
2509 1776 2897 1834 Ebroicensem
2940 1788 2993 1835 et
3040 1780 3383 1836 Willermum
3438 1782 3649 1855 Crispi-

2031 1883 2161 1922 num
2202 1867 2555 1937 Normannia,
2610 1871 2869 1943 cepitque
2922 1872 3218 1928 Robertum
3279 1873 3349 1929 de
3380 1873 3649 1944 Belesme,

2029 1956 2097 2011 de
2128 1971 2237 2029 qno
2265 1973 2429 2028 supra
2457 1957 2714 2013 diximus.
2764 1960 2990 2032 (SIGEB.)
3019 1960 3302 2017 Valdricus
3353 1963 3651 2034 episcopus

2031 2049 2427 2117 Laudunensis,
2460 2050 2609 2105 cives
2650 2050 2826 2122 ipsius
2870 2051 3026 2107 urbis
3057 2068 3088 2108 a
3138 2062 3483 2111 sacramento
3514 2070 3649 2126 per-

2029 2158 2215 2213 peram
2242 2141 2428 2210 jurate
2458 2143 2868 2199 communionis
2925 2160 3181 2201 revocare
3212 2146 3385 2215 nisus,
3432 2164 3464 2202 a
3501 2148 3655 2203 sedi-

2027 2236 2183 2290 tiosis
2208 2235 2275 2289 ad
2292 2252 2443 2290 arma
2472 2237 2933 2292 concurrentibus
2974 2238 3144 2310 (quod
3176 2239 3327 2295 dictu
3365 2240 3521 2295 nefas
3548 2241 3652 2311 est)

2026 2326 2211 2399 gladio
2239 2325 2531 2381 confossus
2558 2327 2789 2395 interiit,
2824 2328 2961 2384 feria
2993 2330 3041 2383 5.
3078 2329 3389 2385 ebdomade
3422 2332 3654 2403 pascha-

2026 2415 2093 2469 lis
2137 2417 2187 2469 7.
2256 2414 2367 2469 Kal.
2404 2415 2528 2482 Mai,
2592 2416 2647 2469 in
2718 2416 2921 2471 letania
2979 2417 3203 2487 majore.
3263 2418 3652 2476 Tumultuante

2027 2503 2188 2558 etiam
2234 2503 2445 2574 impetu
2477 2502 2706 2559 confuse
2746 2505 3137 2571 multitudinis,
3180 2506 3378 2561 domus
3405 2509 3655 2580 episcopi

2025 2596 2404 2663 succenditur;
2443 2595 2590 2652 unde
2621 2597 2787 2652 etiam
2818 2598 2937 2668 ipsa
2980 2605 3158 2654 mater
3195 2599 3432 2656 ecclesia
3462 2608 3653 2657 sancte

2024 2689 2209 2744 Mario.
2240 2695 2294 2743 et
2318 2688 2493 2742 sancti
2526 2688 2793 2743 Johannis
2820 2689 3057 2760 baptiste
3086 2690 3320 2745 ecclesia
3349 2690 3404 2745 in
3431 2692 3652 2748 abbatia

2019 2775 2543 2836 sanctimonialium.
2575 2793 2697 2831 cum
2727 2778 2851 2832 aliis
2889 2778 3145 2833 ccclesiis
3171 2780 3433 2835 omnibus
3486 2797 3517 2836 e
3555 2781 3645 2837 vi-

301 2889 488 2951 patum
516 2886 609 2934 aut
638 2876 802 2933 aliam
834 2874 1189 2931 ecclesiastici
1230 2875 1370 2943 juris
1412 2875 1792 2932 investituram
1825 2894 1918 2933 ac-
2017 2869 2143 2926 οῖηο
2170 2868 2638 2941 appendenlibnS,
2671 2877 3110 2927 concremantur.
3150 2872 3206 2925 In
3235 2881 3449 2928 actores
3478 2873 3638 2929 sedi-

298 2971 601 3042 cipiebant,
643 2966 1282 3025 excommunicabantur.
1337 2965 1567 3036 PrOpter
1598 2967 1737 3022 hanc
1784 2984 1913 3038 pre-

296 3060 457 3129 cipue
498 3073 720 3112 causam
759 3056 1061 3126 imperator
1077 3054 1305 3109 Romam
1333 3054 1614 3109 tendebat.
1653 3056 1711 3109 Et
1740 3056 1785 3109 si
1816 3056 1909 3128 qui

296 3148 783 3224 Langobardorum
813 3161 1037 3218 quoquo
1066 3146 1232 3200 modo
1264 3146 1314 3200 ei
1347 3145 1601 3201 resistere
1632 3147 1913 3215 volebant,

295 3244 552 3311 potenter
577 3252 675 3292 eos
728 3233 1067 3307 proterebat.
1115 3235 1174 3287 In
1208 3235 1662 3290 reconciliatione
1704 3244 1913 3303 autem,

293 3342 401 3399 que
456 3324 596 3381 facta
628 3334 712 3380 est
750 3324 896 3378 inter
936 3322 1325 3394 imperatorem
1368 3332 1422 3379 et
1460 3340 1659 3396 papam
1697 3356 1751 3364 -
1787 3343 1912 3380 nam

292 3420 473 3492 ipsum
504 3434 702 3491 papam
737 3433 859 3473 cum
880 3415 1162 3487 episc0pis
1201 3426 1256 3471 et
1284 3416 1663 3471 cardinalibus
1692 3427 1914 3490 ceperat

291 3544 362 3555 --
412 3512 504 3566 die
543 3511 751 3583 pasche
797 3507 1030 3564 Henrico
1074 3508 1129 3562 in
1185 3508 1575 3579 imperatorem
1630 3518 1915 3575 coronato,

294 3610 423 3676 post
460 3603 660 3658 lectum
692 3599 1056 3675 ewangelium
1088 3599 1315 3654 tradidit
1356 3601 1406 3655 ei
1441 3616 1585 3671 papa
1615 3601 1913 3667 Paschalis,

295 3692 389 3765 qui
423 3701 479 3747 et
507 3690 851 3766 Raginerius,
885 3696 1012 3743 ante
1042 3689 1213 3743 altare
1245 3690 1621 3759 apostolorum
1665 3691 1804 3745 Petri
1860 3703 1915 3747 et

294 3782 447 3837 Pauli
480 3782 537 3835 in
567 3779 742 3836 oculis
783 3778 1029 3834 omnium
1074 3776 1409 3847 principum,
1452 3779 1803 3851 privilegium
1838 3780 1908 3835 de

1943 3097 1991 3166 (ἶ

2016 2962 2181 3016 tionis
2220 2978 2248 3015 a
2290 2977 2418 3033 rege
2450 2961 2777 3015 Francorum
2815 2967 2922 3015 tam
2948 2977 3137 3017 severe
3167 2971 3250 3018 est
3279 2963 3643 3034 vindicatum,

2014 3058 2073 3105 ut
2114 3058 2220 3105 tam
2254 3060 2541 3121 presentes
2570 3067 2732 3121 quam
2776 3050 2991 3107 futuros
3019 3069 3050 3107 a
3080 3052 3247 3108 simili
3281 3055 3493 3111 scelere
3534 3056 3638 3111 de-

2019 3150 2224 3199 terrere
2261 3144 2434 3215 possit
2458 3144 2771 3216 exemplum
2801 3146 2890 3201 ⁵⁸⁸.

2160 3231 2302 3286 1113
2577 3232 2630 3287 7.
2885 3233 2941 3286 4.
3197 3233 3284 3291 13.

2088 3323 2273 3391 (Hum.
2306 3340 2379 3377 vn
2407 3324 2420 3394 )
2446 3323 2601 3379 Anno
2632 3325 2905 3395 sequenti.
2940 3339 3051 3380 non
3083 3325 3351 3396 presenti,
3383 3325 3644 3383 Henricus

2016 3432 2109 3470 rex
2141 3416 2434 3490 Anglorum
2458 3414 2613 3469 dedit
2641 3416 3182 3487 archiepiscopatum
3206 3418 3497 3474 Cantuarie
3528 3418 3639 3475 Ro-

2019 3504 2170 3559 dulfo
2210 3504 2472 3575 episcopo
2523 3504 2925 3560 Roveceastrie.
2967 3506 3119 3561 Tunc
3158 3522 3382 3579 quoque
3431 3508 3639 3563 Thoma

2020 3599 2353 3656 Eboracensi
2401 3599 2820 3670 archiepiscopo
2871 3598 3154 3667 defuncto,
3196 3602 3471 3657 Tustanus
3509 3618 3639 3658 suc-

2016 3692 2212 3756 cessit;
2249 3691 2393 3745 inter
2424 3688 2716 3745 Rodulfum
2756 3704 2886 3744 vero
2913 3696 2967 3744 et
3017 3690 3312 3744 Tustanum
3353 3690 3636 3762 archiepi-

2013 3798 2211 3854 scepos
2241 3790 2359 3837 orta
2399 3788 2482 3835 est
2519 3796 2716 3856 magna
2772 3781 3069 3845 dissensio,
3112 3781 3241 3852 quia
3271 3781 3638 3837 Eboracensis

292 3873 614 3928 investitura
659 3869 1078 3941 episcopatuum
1124 3868 1212 3923 vel
1273 3868 1635 3935 abbatiarum,
1668 3879 1775 3924 tam
1810 3888 1910 3942 per
2011 3868 2393 3930 Cantuariensi
2433 3870 2504 3924 de
2544 3883 2695 3924 more
2729 3869 2929 3939 subjici
2955 3868 3198 3925 nolebat.
3250 3870 3423 3926 Causa
3452 3877 3632 3925 autem

291 3963 518 4017 anulum
549 3975 710 4031 quam
742 3973 840 4030 per
869 3958 1097 4028 virgam,
1121 3955 1336 4011 scilicet
1359 3966 1418 4011 ut
1449 3957 1605 4031 regni
1635 3959 1754 4025 ejus
1777 3960 1906 4031 epi-
2008 3978 2140 4033 sepe
2161 3978 2343 4017 coram
2368 3976 2518 4033 rege,
2542 3977 2675 4031 sepe
2696 3976 2876 4016 coram
2901 3960 3206 4032 apostolico
3228 3962 3491 4017 ventilata
3528 3970 3632 4029 est,

290 4051 473 4123 scepis
497 4051 583 4105 vel
609 4047 916 4109 abbatibus,
958 4045 1131 4100 libere
1165 4053 1352 4117 preter
1381 4046 1701 4102 violentiam
1734 4057 1789 4104 et
1827 4051 1906 4105 si-
2008 4054 2106 4108 sed
2138 4052 2375 4107 necdum
2410 4049 2656 4105 definita.
2695 4050 2960 4106 Henricus
2993 4066 3084 4105 rex
3126 4051 3423 4127 Anglorum
3480 4052 3636 4107 duxit

288 4140 528 4197 moniam
560 4137 775 4203 electis,
804 4135 1186 4192 investituram
1219 4135 1371 4210 virge
1431 4143 1485 4190 ct
1533 4137 1683 4191 anuli
1716 4137 1907 4194 confe—
2007 4141 2307 4198 exercitum
2336 4141 2391 4195 in
2419 4140 2672 4206 Waliam,
2706 4147 2760 4194 et
2782 4139 3071 4194 Walenses
3095 4139 3306 4194 subditi
3324 4149 3453 4195 sunt
3473 4141 3523 4195 ei
3545 4157 3636 4195 se-

291 4243 402 4301 rat;
433 4244 555 4307 post
577 4232 941 4288 investionem
973 4245 1103 4285 vero
1131 4230 1397 4285 canonice
1427 4233 1903 4290 consecrationem
2005 4234 2247 4289 cundum
2277 4231 2739 4306 magnificentiam
2760 4231 2951 4286 libitus
2972 4230 3078 4285 sui.
3104 4231 3327 4286 Cometa
3352 4232 3552 4308 ingens
3574 4233 3629 4288 in

289 4328 527 4400 accipiat
552 4327 622 4381 ab
647 4324 935 4397 episc0po,
963 4323 1029 4377 ad
1058 4339 1223 4395 quem
1250 4323 1574 4394 pertinuerit
1601 4324 1901 4383 confirma-
2006 4329 2116 4386 fine
2146 4329 2248 4385 Mai
2275 4328 2549 4399 apparuit.
2583 4327 2695 4381 Rex
2723 4342 2852 4382 vero
2879 4326 3091 4381 transiit
3120 4326 3174 4380 in
3210 4327 3621 4382 Normanniam.

290 4425 368 4483 tio
400 4423 552 4496 pacis
580 4422 722 4476 inter
745 4418 1110 4491 apostolicum
1152 4424 1205 4473 et
1240 4418 1648 4489 imperatorem,
1682 4421 1812 4477 dum
1845 4424 1899 4478 in
1919 4402 1978 4473 D
1999 4426 2147 4497 (Ass.
2179 4422 2407 4490 Canae.)
2439 4418 2620 4473 Mense
2654 4418 2791 4473 Maio
2819 4418 3083 4493 siligenes
3120 4425 3175 4473 et
3202 4417 3431 4474 arbores
3471 4428 3632 4473 sacro

1634 4530 1855 4586 VARUE
1900 4529 2275 4589 LECTIONES.

361 4632 431 4667 ⁸⁵⁸
459 4637 593 4706 Ijost
632 4630 847 4706 hac}.
896 4630 1096 4706 a_ddit:_
1123 4628 1237 4706 Hoc
1283 4636 1533 4706 tempore
1578 4631 1844 4706 magister
1880 4704 1887 4706 A
1919 4634 2275 4706 Guillelmus_
2304 4629 2376 4706 de
2446 4627 2742 4706 Campellis
2827 4629 2921 4701 qui
3000 4627 3180 4685 fuerat
3278 4629 3624 4706 archidiaco-

361 4648 431 4667 ’θ’
459 4648 579 4687 rost
632 4648 744 4686 nare
791 4648 847 4685 τ.
896 4648 1077 4685 aaau:
1124 4648 1237 4684 noc
1283 4648 1391 4685 tem
1437 4648 1533 4687 ore
1578 4648 1842 4706 magister
1919 4648 2241 4690 uuitletmus
2304 4648 2376 4684 ae
2446 4648 2742 4699 uampems
2827 4648 2921 4701 qui
3000 4648 3180 4685 ruerat
3278 4648 3624 4686 arcniuiaco-

290 4719 425 4783 niis.
477 4701 850 4783 Parisiensisa
889 4701 971 4755 vir
1024 4700 1357 4783 admodum.
1398 4648 1689 4783 litteratus,
1761 4704 2010 4783 habitum
2081 4701 2335 4783 canonici
2403 4701 2674 4783 regularis
2736 4716 3028 4783 assumens
3064 4743 3091 4782 _.
3158 4716 3285 4783 cum
3352 4701 3631 4783 aliquibus

291 4773 587 4847 discipulis
614 4773 731 4826 suis
769 4778 921 4847 extra
956 4773 1146 4847 urbem
1169 4772 1448 4847 _Parisius,
1504 4774 1560 4828 in
1618 4774 1738 4830 loco
1785 4777 1881 4830 ubi
1942 4784 2059 4832 erat
2116 4774 2356 4847 quedam
2397 4771 2612 4847 capella
2658 4772 2833 4847 sancti
2878 4772 3109 4847 Victoris
3149 4771 3629 4847 martyris—cepit

290 4841 688 4924 monasterium
746 4841 1381 4924 edificareclericorum
1452 4847 1745 4924 Assumpto
1798 4853 1980 4924 autem
2050 4841 2149 4903 illo
2202 4846 2272 4900 ad
2326 4841 2709 4924 episcoPatum
2745 4842 3211 4924 _Catalanensium
3247 4841 3621 4924 ,O'venerabi-

292 4916 363 4970 lis
394 4914 1115 4995 Qelduvinus._.discip_ulus
1139 4914 1265 4995 ejus
1302 4915 1531 4995 primus,
1585 4913 1760 4995 abbas
1804 4918 1881 4995 ibi
1921 4918 2124 4995 factus
2147 4925 2254 4995 est,
2309 4913 2414 4995 sub
2443 4913 2601 4983 cujus
2644 4913 2915 4995 regimine
2966 4915 3121 4969 multi
3157 4913 3345 4995 clerici
3386 4913 3623 4995 nobiles,

289 4986 633 5066 secularibus
660 4995 717 5040 et
754 4984 1183 5066 divinislitteris
1213 4985 1486 5066 instructi,
1532 4987 1786 5066 ad_illur_n
1820 4991 1998 5044 locum
2042 4986 2351 5066 habitaturi
2384 4984 3124 5066 convenerunt._lnter_quos
3155 4985 3418 5066 magister
3470 4985 3623 5057 Hugo

291 5057 669 5133 Lothariensis
718 5063 772 5110 et
793 5056 1025 5133 s_cie_ntia
1048 5056 1351 5133 litterarum
1374 5063 1429 5110 et
1457 5057 1648 5133 humili
1684 5061 1954 5133 religione
1994 5060 2232 5133 maxime
2264 5057 2543 5121 efﬂoruit;
2576 5055 3090 5133 hic‘multoslibros
3120 5055 3315 5111 edidit.
3359 5055 3620 5111 Hocanno

289 5130 452 5185 etiam
484 5127 767 5185 exordium
803 5127 1081 5201 Savigneji
1122 5126 1242 5181 fuit.
1277 5131 1417 5193 Haec,
1447 5131 1631 5182 omnia
1654 5126 1884 5201 exceptis
1917 5133 2143 5187 ultimis.
2180 5131 2292 5185 Hoc
2320 5144 2370 5182 a.
2400 5143 2451 5181 e.
2493 5143 2544 5180 e.
2579 5127 2635 5181 S.
2667 5127 2790 5191 fuit,
2843 5128 2913 5182 ad
2959 5128 3183 5201 verbum
3228 5134 3447 5197 excepta
3490 5135 3624 5183 sunt

288 5217 358 5256 ex
386 5203 594 5256 Roberti
617 5202 787 5255 nostri
812 5200 945 5254 libro
971 5201 1035 5253 de
1055 5201 1436 5253 immutatione
1461 5201 1664 5256 ordinis
1688 5199 2079 5259 monachorum
2107 5206 2169 5257 in
2207 5201 2562 5256 Normannia.
2600 5203 2735 5253 Cum
2785 5202 2868 5254 his
2912 5200 2981 5255 ad
3008 5199 3232 5255 verbum
3259 5201 3613 5267 conveniunt,

288 5289 406 5352 quae
432 5272 1124 5352 insere/eteeeﬂitene
1146 5271 1838 5352 ,ποιηρπξαθθηείδρρετιιηι
1859 5279 1922 5352 .S-
1957 5276 2195 5352 Ηλςιρρηίε
2248 5273 2386 5352 anei
2426 5270 2596 5352 1648-
2639 5273 2951 5352 απςτῖιιῖτιμν
3094 5286 3364 5352 “magno
3390 5271 3619 5352 ςμράαηξ

287 5338 744 5421 Qemmet_icens-i:_
777 5340 889 5421 Sub
920 5338 1161 5421 tlilduini
1192 5338 1461 5413 regimine
1499 5338 1660 5421 multi
1685 5342 1870 5398 clerici
1894 5338 2551 5421 __nobil_es,_secularibus_
2609 5338 2922 5421 etgdivinis
2980 5340 3177 5421 litteris
3229 5338 3503 5421 instructi,
3550 5341 3620 5421 ad

291 5414 481 5488 istum
510 5415 689 5488 locum
732 5411 1028 5488 habitaturi
1080 5410 1477 5488 convenerunt.
1532 5412 1678 5488 Inter
1713 5429 1854 5488 quos
1894 5413 2471 5488 HugogiLothariensis.
2505 5412 2586 5466 sic
2640 5411 2821 5488 dictus
2872 5428 2903 5465 a
2939 5410 3182 5488 conﬁnio
3231 5412 3506 5488 saxonite,
3567 5418 3624 5467 et

288 5485 522 5540 scientia
552 5484 856 5538 litterarum
884 5491 938 5537 et
966 5481 1160 5536 humili
1196 5481 1474 5564 religione.
1489 5485 1720 5564 maxime
1735 5481 2009 5564 'eftloruitl
2047 5486 2151 5564 llic_
2172 5486 2375 5564 multos
2403 5483 3001 5564 libros_edidit,‘qu_os,_
3028 5484 3161 5555 quia
3199 5483 3373 5564 vulgo
3409 5483 3621 5564 haben-

291 5566 399 5621 tur,
431 5571 539 5610 non
571 5561 789 5625 oportet
837 5553 1497 5625 commemorareCQuivis
1530 5557 1692 5623 videt,
1746 5558 1859 5612 haec
1883 5572 1992 5612 esse
2038 5558 2199 5613 verba
2231 5561 2500 5612 tractatus
2538 5556 2683 5608 illius
2727 5553 3019 5621 Robertini,
3049 5553 3412 5624 'exceptis'sic
3440 5553 3623 5609 dictus

289 5642 321 5680 a
358 5624 623 5682 confinio
658 5624 934 5693 Saxoniaz,
983 5640 1102 5694 quae
1144 5624 1325 5690 verba,
1354 5640 1515 5680 sensu
1558 5631 1824 5696 carentia,
1868 5643 2172 5697 anonymus
2215 5632 2314 5683 iste
2348 5629 2775 5683 Gemmcticensis
2820 5625 2884 5679 de
2925 5640 3023 5680 suo
3074 5626 3337 5681 addidisse
3380 5625 3612 5681 videtur.

290 5701 384 5753 Hic
413 5700 583 5768 ibitur
608 5710 914 5765 anonymus
939 5698 1082 5750 inter
1120 5698 1425 5751 testimonia
1452 5697 1517 5750 de
1538 5702 1724 5766 patria
1755 5702 1809 5753 S.
1841 5703 2077 5769 Hagonis
2096 5700 2290 5755 haberi
2310 5702 2407 5753 via:
2425 5702 2617 5766 potest,
2638 5697 2832 5769 quilgus
2855 5710 2983 5769 eum
3008 5703 3382 5769 annumerant
3410 5712 3613 5769 omnes,

286 5773 380 5838 qui
406 5766 470 5824 ea
514 5770 578 5823 de
615 5782 675 5823 re
700 5769 1051 5835 scripserunt,
1080 5773 1134 5821 et
1180 5769 1541 5823 recentissimo
1580 5772 1746 5825 etiam
1792 5766 2010 5825 Liebner
2060 5775 2119 5825 in
2144 5771 2309 5825 libro:
2348 5768 2500 5841 Hugo
2550 5782 2679 5823 von.
2731 5766 2812 5822 St.
2854 5766 3037 5821 Victor
3076 5770 3210 5835 Lips.
3245 5767 3383 5822 1832
3437 5784 3492 5837 p.
3525 5768 3614 5822 18.
