3916 6064
288 332 398 388 633

425 471 782 515 ΕΟΜΔΝΟκυι.

927 481 1270 522 FRANCORUI.
1416 481 1726 524 ANGLORUI.

1148 335 1493 390 CHRONICA.
1534 365 1604 376 —
1645 333 2031 391 AUCTARIUM
2073 333 2354 390 ROBEBTI
2395 333 2478 387 DE
2518 331 2756 386 MONTE.

1929 469 1980 538 Α
2009 480 2144 520 auro
2191 471 2246 519 et
2287 469 2518 536 argento
2569 469 2626 516 et
2667 460 2903 535 gemmis
2967 461 3321 524 choruscum,
3373 463 3635 530 presente

3531 330 3640 386 434

285 552 417 627 igne
446 552 664 619 aduste,
686 553 895 609 fructus
919 562 1005 610 sui
1034 576 1190 627 δρριῃ
1216 570 1344 620 sum
1373 564 1636 630 mentite;
1677 572 1733 620 ει
1763 579 1910 636 que-
2011 551 2323 607 Alexandro
2363 550 2626 620 episcopo
2676 547 3033 614 Lincoliensi,
3067 563 3213 603 anno
3259 547 3358 602 29.
3411 546 3628 602 Henrici

283 641 414 699 dam
438 643 822 716 silveinsuper
847 646 1106 704 arefacta.
1135 649 1486 722 Subsequuta
1507 665 1590 713 es;
1618 657 1906 714 hominum
2011 644 2178 719 regis.
2212 644 2308 700 Hic
2351 650 2436 698 est
2479 640 2592 698 Offa
2622 656 2715 696 rex
2747 641 2843 712 qui
2873 639 3028 695 dedit
3058 639 3263 696 vicario
3290 639 3438 694 beati
3487 638 3632 694 Petri

279 729 527 788 valitudo
555 733 740 805 gravis
767 739 823 788 et
850 733 1115 790 diuturna
1143 751 1267 792 cum
1302 738 1572 808 proﬂuvio
1610 745 1820 802 ventris
1851 755 1908 804 et

2009 735 2254 791 Romane
2299 734 2454 789 urbis
2499 731 2748 805 pontiﬁci
2803 731 3080 787 redditum
3135 738 3420 798 statutum,
3475 729 3628 802 quod

282 818 636 876 mortalitate.
683 821 876 892 (llum.
921 825 1036 891 vn.)
1081 824 1191 880 Hoc
1249 842 1394 882 anno
1449 844 1547 884 rex
1600 829 1902 905 Anglorum

284 913 554 970 Henricus
593 916 815 972 rediens
865 917 920 973 in
967 920 1239 995 Angliam,
1270 923 1454 994 posuit
1503 924 1803 982 Robertum
1831 927 1901 984 de

284 1003 536 1060 Belesme
562 1004 619 1060 in
643 1021 916 1062 carcerem
939 1009 1280 1079 perbennem
1306 1012 1453 1083 apud
1481 1013 1738 1070 Warhan.
1764 1015 1900 1086 (AN-

281 1095 460 1159 saLu.)
491 1091 637 1148 Obiit
673 1094 1012 1168 Sigisbertus
1035 1099 1374 1154 venerabilis
1401 1104 1706 1158 monachus
1737 1104 1901 1160 Gem-

281 1181 560 1254 blacensis
598 1186 841 1254 cenobii,
885 1189 968 1243 vir
1005 1189 1062 1243 in
1092 1191 1241 1246 omni
1295 1192 1530 1248 scientia
1587 1195 1896 1252 litterarum

277 1273 719 1347 incomparibilis
751 1277 984 1353 ingenii,
1017 1281 1328 1354 descriptor
1365 1284 1422 1340 in
1453 1285 1558 1342 hoc
1585 1285 1731 1342 libro
1770 1304 1902 1359 pre-

278 1366 598 1424 cedentium
637 1375 969 1442 temporum,
1019 1374 1068 1430 3.
1105 1375 1288 1431 Nonas
1334 1376 1616 1444 Octobris;
1676 1386 1732 1435 et
1784 1381 1902 1437 suis

275 1456 669 1529 gravissimum
701 1461 950 1516 absentie
979 1478 1078 1517 sue
1111 1463 1337 1536 reliquit
1356 1465 1629 1523 dolorem.

354 1546 410 1601 11
425 1546 514 1602 14.
534 1552 794 1605 [Imzricus
814 1549 866 1606 8.
944 1553 1234 1609 Ludovicus
1262 1553 1314 1609 5.
1359 1560 1618 1614 Henricus
1641 1561 1673 1614 Ι
1694 1560 1783 1616 14.

352 1639 471 1698 (Αη.
504 1639 687 1710 1107.)
731 1639 945 1697 Mortuo
979 1643 1214 1700 Ricardo
1239 1645 1353 1702 tilio
1387 1647 1628 1716 Ricardi,
1662 1647 1758 1705 ﬁlii
1799 1667 1897 1710 co-

273 1725 430 1781 mitis
455 1725 766 1796 Gisleberti,
798 1732 1070 1786 monacho
1101 1733 1394 1799 Beccensi,
1423 1737 1518 1807 qui
1542 1736 1645 1792 fuit
1669 1739 1895 1795 ultimus

753 1785 765 1796 ,
1048 1785 1059 1786 κ
1104 1785 1125 1786 κ
1428 1785 1518 1807 γ-
1543 1785 1644 1792 --η
1673 1785 1895 1795 unum-

273 1813 452 1868 abbas
481 1815 538 1869 in
569 1815 746 1873 insula
777 1817 1197 1887 Heli,Henricus
1229 1839 1325 1878 rex
1355 1827 1640 1881 constituit
1669 1827 1747 1882 ibi
1781 1829 1893 1900 pri-
1922 1785 1972 1854 Β

271 1917 427 1958 mum
458 1905 780 1977 episc0pum
829 1907 1098 1964 Hervcum
1132 1913 1243 1982 (an.
1281 1912 1459 1984 1108).
1497 1915 1556 1970 Et
1601 1917 1894 1974 comitatus

272 2007 420 2046 unus
483 1993 696 2051 scilicet
767 1997 1231 2072 Cantebrigesire,
1267 2003 1576 2059 subtractus
1629 2007 1892 2078 episcopo

271 2078 631 2151 Lincoliensi,
679 2083 934 2141 subditus
959 2095 1042 2142 cst
1073 2089 1201 2144 huic
1231 2105 1376 2146 novo
1426 2093 1710 2164 episcopo.
1764 2095 1891 2150 Lin-

271 2169 508 2226 coliensi
555 2189 686 2229 vero
744 2188 1130 2232 remanserunt
1190 2179 1372 2235 adhuc
1429 2189 1552 2238 octo
1603 2185 1898 2242 comitatus

268 2258 390 2314 sive
453 2261 758 2332 provincie,
800 2264 856 2319 id
895 2275 979 2323 est
1025 2267 1382 2338 Lincolesire,
1445 2271 1892 2343 Lciceastresire,

271 2350 654 2421 Hantonesire,
690 2355 1194 2429 Huntendonesire,
1248 2361 1649 2430 lierefordsire,
1707 2367 1892 2422 Bede-

270 2444 526 2514 fordsire,
553 2448 1043 2522 llucingehansire,
1068 2453 1508 2512 Oxinefordesire
1539 2458 1700 2530 (564).
1735 2461 1886 2528 (an.

268 2540 384 2596 Vir.
413 2559 505 2598 xu.
538 2544 688 2616 840.)
723 2545 1032 2604 Decedente
1063 2549 1228 2604 etiam
1259 2551 1318 2606 in
1341 2551 1674 2608 Normannia
1703 2553 1887 2611 Gisle—

269 2628 428 2686 berto
459 2632 571 2688 viro
601 2633 877 2707 religioso,
912 2636 1232 2694 Ebroiccnsi
1284 2640 1569 2712 episcopo,
1621 2645 1888 2714 successit

269 2721 322 2776 ei
353 2722 648 2780 Audoenus
681 2725 762 2780 vir
789 2742 988 2802 magne
1011 2730 1320 2786 sanctitatis
1349 2731 1496 2800 (563)
1563 2734 1884 2808 (FotcnenJ

266 2810 586 2868 Terremotu
623 2831 750 2884 pars
776 2817 930 2871 urbis
960 2817 1256 2876 Mamistrie
1285 2820 1512 2890 corruit,
1545 2831 1600 2878 et
1655 2825 1766 2881 duo
1795 2841 1890 2882 ca-

266 2903 430 2958 stella
484 2906 618 2962 haut
667 2909 856 2979 procul
913 2909 984 2965 ab
1027 2911 1336 2968 Antiochia.
1368 2911 1662 2971 Mariscum
1693 2917 1890 2973 ei'l‘ri-

266 2994 506 3068 phalecb
541 2997 630 3052 55°.

416 3089 573 3144 1115.
791 3092 845 3147 9.
1101 3095 1157 3153 6.
1411 3098 1500 3152 15.

343 3181 534 3248 (Henr.
566 3183 688 3254 vu,)
747 3183 1012 3241 Henricus
1040 3202 1135 3241 rex
1165 3187 1464 3262 Anglorum
1518 3188 1650 3245 fecit
1695 3207 1891 3248 omnes

266 3287 530 3344 proceres
557 3274 734 3346 patrie
772 3275 1094 3332 fidelitatem
1128 3278 1354 3334 domino
1383 3281 1628 3337 debitam
1659 3282 1887 3338 Willer-

265 3381 358 3421 mo
389 3365 504 3422 filio
531 3384 632 3424 suo
655 3368 871 3438 jurare;
905 3379 960 3426 et
982 3371 1038 3425 in
1065 3373 1315 3446 Angliam
1348 3373 1532 3430 rediit.
1563 3375 1886 3449 (Fumanm)

265 3455 521 3512 Desolata
567 3465 656 3513 est
709 3458 1008 3515 Mamistria
1059 3461 1254 3530 majori
1311 3469 1631 3519 terrcmotu.
1680 3465 1886 3520 Eodem

265 3562 416 3611 anno
459 3548 718 3620 deposito
757 3549 983 3606 Arnnlfo
1027 3551 1341 3623 patriarcha
1389 3554 1448 3606 4°
1513 3569 1615 3624 per
1646 3555 1886 3630 legatum

265 3639 652 3710 apostolicum,
697 3640 844 3697 idem
877 3642 1185 3712 patriarcha
1232 3644 1458 3698 Romam
1497 3644 1655 3717 adiit,
1687 3653 1741 3702 et
1789 3661 1889 3718 per

267 3731 590 3787 Paschalem
620 3747 818 3804 papam
849 3733 1161 3801 restitutus,
1193 3735 1420 3806 pallium
1451 3735 1520 3790 ab
1550 3751 1616 3792 eo
1651 3739 1882 3810 accepit.

410 3819 571 3876 1116.
794 3820 878 3875 10.
1095 3823 1150 3876 7.
1375 3823 1459 3878 16.

337 3912 526 3981 (Hum.
564 3913 678 3982 vn.)
702 3912 966 3970 Henricus
995 3929 1089 3970 rex
1135 3915 1434 3991 Anglorum
1472 3917 1543 3972 ad
1575 3919 1758 3974 natale
1797 3919 1888 3975 in-

199 4063 208 4078 ι
260 4003 454 4059 tcrfuit
473 4003 811 4060 dedicationi
841 4006 1081 4062 ecclesie
1121 4007 1298 4062 sancti
1328 4009 1543 4076 Albani,
1575 4025 1747 4081 quam
1777 4011 1884 4067 de-

257 4091 468 4148 dicavit
500 4091 771 4148 Robertus
799 4093 1136 4148 venerabilis
1179 4093 1543 4152 Lincoliensis
1565 4097 1884 4170 episcopus,

263 4199 368 4256 per
396 4183 685 4240 Ricardum
727 4183 1142 4240 memorabilem
1177 4187 1428 4258 ejusdem
1469 4187 1573 4244 loci
1604 4189 1882 4246 abbatem.

265 4270 384 4328 Offa
426 4287 556 4329 vero
610 4287 702 4327 rex
751 4271 948 4340 Meroe,
1017 4273 1103 4328 vir
1164 4274 1476 4347 religiosus,
1534 4277 1887 4334 transtulerat

263 4364 545 4435 quondam
584 4364 834 4434 ejusdem
867 4366 1118 4437 martyris
1147 4383 1348 4439 corpus
1384 4367 1438 4422 in
1471 4368 1643 4440 priori
1691 4386 1884 4427 mona-

1913 3107 1963 3176 C

2003 833 2230 882 vocatur
2261 827 2572 893 Romescot,
2595 825 2664 880 de
2692 823 2930 898 singulis
2960 823 3218 880 domibus
3265 823 3416 897 regni
3447 823 3532 877 sui
3569 822 3632 876 in

2002 919 2276 966 eternum.
2319 914 2484 968 Erant
2514 921 2700 968 autem
2745 913 2840 968 illo
2902 921 3157 984 tempore
3189 913 3241 966 in
3280 912 3474 985 Anglia
3526 927 3625 967 sa-

2003 999 2259 1054 cerdotes
2286 999 2425 1054 adeo
2447 999 2516 1054 ab
2541 1000 2768 1056 avaritia
2799 1000 3097 1066 immunes,
3132 1005 3192 1054 ut
3225 1015 3328 1054 nec
3355 999 3632 1055 territoria

2003 1091 2069 1146 ad
2111 1091 2483 1148 construenda
2507 1093 2864 1160 monasteria,
2888 1091 2992 1148 nisi
3035 1093 3232 1161 coacti,
3275 1093 3626 1162 acciperent,

2001 1195 2162 1254 reges
2201 1179 2256 1234 in
2288 1187 2502 1234 tantum
2539 1180 2824 1254 religionis
2875 1187 3153 1236 amatores
3205 1188 3384 1248 erant,
3417 1188 3480 1236 ut
3537 1187 3632 1236 aut

2002 1271 2342 1327 monasteria
2371 1271 2713 1342 amplissima
2741 1273 2942 1328 devote
2973 1271 3318 1338 edificarent,
3347 1273 3630 1328 autetiam

2003 1362 2302 1418 salubriter
2355 1363 2625 1417 mundum
2653 1363 3017 1419 declinarent.
3051 1365 3205 1420 Sicut
3249 1364 3502 1420 fecerunt
3541 1381 3632 1420 re-

2001 1471 2100 1528 ges
2153 1454 2490 1521 Westsesxe,
2548 1454 2819 1510 Cedwalla
2876 1463 2932 1510 et
3002 1457 3138 1510 Ine:
3194 1471 3430 1528 quorum
3479 1457 3632 1528 prior

1999 1561 2123 1600 cum
2155 1545 2375 1601 duobus
2401 1547 2562 1601 annis
2592 1552 2852 1617 potenter
2879 1553 3188 1618 regnasset,
3236 1563 3466 1621 regnum
3517 1556 3630 1603 ter-

1999 1649 2193 1688 renum
2225 1633 2567 1706 relinquens,
2598 1635 2827 1690 Romam
2875 1635 3135 1706 perrexit,
3177 1643 3232 1692 et
3267 1637 3488 1692 ibidem
3521 1638 3624 1690 ba-

1999 1722 2255 1794 ptizatus,
2287 1723 2342 1776 in
2371 1723 2514 1778 albis
2543 1730 2792 1779 mortuus
2823 1730 2906 1778 est
2937 1740 3084 1780 anno
3147 1724 3214 1779 ab
3249 1725 3628 1782 incarnatione

1999 1811 2214 1866 Domini
2243 1811 2367 1868 688.
2399 1811 2651 1884 Sequens
2698 1827 2829 1868 vero
2859 1829 2984 1867 cum
3019 1811 3088 1869 36
3116 1814 3282 1868 annis
3322 1821 3447 1885 post
3477 1813 3620 1870 Ced-

1994 1903 2209 1957 wallam
2238 1910 2542 1977 regnasset,
2575 1918 2810 1978 regnum
2841 1903 3165 1976 relinquens
3211 1905 3484 1962 Ahelardo
3514 1921 3618 1963 co-

1993 2001 2161 2068 gnato
2185 2010 2310 2060 suo,
2329 1995 2554 2050 Romam
2587 1994 2768 2065 petiit,
2796 2002 2852 2050 et
2885 1995 2964 2048 ibi
2994 2011 3094 2067 pro
3122 1996 3218 2052 Dei
3245 2012 3435 2054 amore
3466 2014 3622 2070 pere-

1991 2089 2186 2169 grinus
2203 2089 2364 2145 obiit.
2399 2089 2506 2144 Hos
2549 2089 2716 2145 etiam
2765 2089 3004 2145 insecuti
3051 2097 3180 2146 sunt
3209 2092 3320 2147 duo
3371 2093 3618 2168 contigui

2001 2193 2159 2250 reges
2177 2177 2355 2234 Meroe
2377 2178 2629 2245 Edelred,
2654 2184 2729 2246 et,
2753 2178 2848 2250 qui
2875 2179 2924 2234 ei
2949 2179 3240 2246 successit,
3265 2179 3503 2236 Chinred
3519 2197 3620 2238 co-

1995 2274 2197 2341 gnatus
2223 2268 2360 2339 ejus.
2397 2267 2682 2339 Siquidem
2712 2284 2858 2324 anno
2889 2268 2958 2322 ab
2991 2269 3374 2326 incarnatione
3395 2271 3616 2326 Domini

1994 2360 2119 2426 700,
2172 2361 2404 2416 Edelred
2445 2361 2594 2416 ﬁlius
2627 2360 2812 2416 Pende
2844 2361 3022 2417 factus
3069 2368 3152 2417 est
3193 2363 3496 2418 monachus
3519 2364 3612 2421 29.

1992 2463 2138 2503 anno
2155 2449 2309 2523 regni
2331 2449 2438 2514 sui,
2471 2455 2528 2504 et
2547 2448 2801 2520 sepultus
2821 2457 2904 2504 est
2926 2448 3072 2520 apud
3095 2449 3418 2506 Bardencie.
3449 2450 3613 2519 Cujus

1990 2554 2278 2594 successor
2329 2537 2568 2593 Chinred
2609 2555 2733 2594 cum
2790 2539 3040 2612 quinque
3090 2540 3252 2595 annis
3303 2550 3608 2614 regnasset,

1977 2625 2217 2686 Romam
2264 2646 2504 2706 pergens
2541 2631 2848 2687 monachus
2889 2631 2966 2685 ibi
3012 2631 3264 2700 effectus,
3320 2649 3498 2704 usque
3543 2635 3611 2690 ad

1987 2731 2224 2780 mortem
2257 2723 2396 2778 inibi
2427 2724 2820 2794 perseveravit.
2857 2723 2988 2779 Cum
3015 2740 3126 2796 quo
3169 2725 3333 2781 etiam
3381 2725 3514 2795 Ofi‘a,
3556 2727 3618 2782 fi-

1991 2815 2098 2872 lius
2127 2815 2304 2892 Sigeri
2349 2815 2497 2890 regis
2535 2815 2888 2872 orientalium
2929 2817 3231 2885 Saxonum,
3281 2833 3374 2873 rex
3419 2819 3468 2874 si
3525 2835 3617 2875 re-

1988 2908 2282 2964 mansisset
2314 2907 2553 2975 futurus,
2600 2908 2718 2980 pari
2776 2909 3070 2964 devotione
3111 2909 3336 2965 Romam
3393 2910 3514 2979 ivit,
3555 2918 3614 2968 et

1987 2997 2375 3054 monachatum
2405 2996 2670 3068 suscepit.
2703 2995 2980 3053 Celvulfus
3009 2997 3174 3053 etiam
3206 3014 3302 3054 rex
3333 2997 3610 3054 Norhum-

1987 3087 2106 3144 bre.
2139 3089 2208 3142 ad
2246 3103 2408 3160 quem
2469 3087 2614 3142 Beda
2669 3087 2955 3144 historiam
3015 3088 3314 3161 Anglorum
3364 3091 3612 3162 scripsit,

1991 3198 2114 3238 cum
2178 3190 2466 3257 regnasset
2515 3189 2640 3239 octo
2697 3182 2880 3250 annis,
2912 3198 3060 3239 anno
3113 3183 3183 3239 ab
3225 3183 3608 3241 incarnatione

1992 3273 2206 3330 Domini
2237 3274 2362 3342 738,
2407 3274 2670 3330 videlicet
2694 3275 2859 3330 tertio
2898 3289 3044 3330 anno
3075 3284 3202 3346 post
3239 3285 3473 3334 mortem
3507 3277 3610 3333 Be-

1991 3369 2082 3436 de,
2109 3369 2413 3425 monachus
2453 3367 2630 3423 factus
2659 3375 2760 3423 est.
2806 3367 3135 3423 Edbrichtus
3179 3385 3310 3426 vero
3344 3380 3613 3443 cognatus

1989 3462 2130 3528 ejus,
2159 3459 2252 3530 qui
2282 3458 2332 3513 ei
2362 3457 2652 3524 successit,
2677 3473 2824 3514 anno
2867 3458 3022 3528 regni
3053 3459 3137 3514 sui
3167 3459 3256 3512 21.
3288 3459 3480 3514 itidem
3521 3460 3601 3515 fa-

1987 3555 2106 3604 ctus
2133 3555 2215 3602 est
2245 3547 2568 3602 monachus.
2595 3547 2688 3601 Cui
2708 3547 2764 3602 in
2791 3547 2988 3610 eodem
3018 3564 3192 3622 regno
3219 3557 3611 3606 successerunt

1987 3645 2110 3696 octo
2129 3653 2308 3712 reges,
2348 3635 2443 3708 qui
2483 3651 2676 3692 omncs
2704 3653 2737 3691 a
2769 3634 2996 3706 perfidis
3039 3636 3470 3707 provincialibus
3513 3647 3612 3694 aut

1987 3727 2212 3800 proditi,
2252 3733 2346 3781 aut
2382 3725 2597 3796 expulsi
2635 3735 2730 3781 aut
2755 3725 2924 3781 occisi
2951 3732 3097 3781 sunt.
3129 3725 3380 3781 Sibertus
3409 3724 3609 3782 simili-

1986 3829 2070 3879 ter
2097 3839 2192 3878 rex
2223 3821 2500 3894 Estangle,
2527 3820 2622 3893 qui
2660 3827 2910 3876 sanctum
2942 3819 3202 3876 Furseum
3236 3820 3307 3876 de
3345 3820 3605 3876 Hibernia

1986 3915 2300 3971 venientem
2329 3911 2627 3970 honorifice
2655 3913 2924 3986 suscepit,
2953 3912 3114 3984 cujus
3137 3913 3287 3970 dono
3319 3922 3376 3969 et
3400 3913 3606 3970 auxilio

1987 4008 2136 4064 idem
2165 4015 2391 4062 sanctus
2429 4005 2828 4062 monasterium
2870 4005 3004 4062 fecit
3033 4006 3089 4062 in
3129 4011 3312 4062 castro
3350 4005 3608 4062 Cnobhe-

1988 4097 2164 4165 ribuc,
2197 4097 2350 4170 quod
2387 4097 2592 4153 deinde
2639 4098 2795 4154 Anna
2849 4115 2942 4154 rex
2982 4105 3038 4154 et
3084 4097 3305 4154 nobiles
3358 4099 3608 4171 quinque

1987 4187 2393 4260 ampliaverunt
2421 4217 2488 4228 ——
2521 4187 2632 4255 hic,
2662 4186 2912 4260 inquam,
2943 4187 3271 4262 Sigebertus
3301 4189 3609 4244 monachus

1986 4276 2182 4341 factus,
2220 4292 2455 4350 regnum
2504 4292 2664 4332 suum
2692 4285 2928 4352 c0gnato
2958 4291 3058 4332 suo
3089 4276 3330 4351 Ecgnico
3362 4275 3606 4348 reliquit.

1983 4367 2112 4423 Post
2137 4367 2340 4424 multos
2370 4383 2546 4423 annos
2575 4375 2876 4440 coegerunt
2903 4383 3030 4422 eum
3079 4367 3234 4422 exire
3270 4373 3462 4422 contra
3516 4381 3606 4422 re-

257 4455 458 4524 sterio,
479 4457 628 4529 quod
657 4457 862 4512 ibidem
889 4465 1290 4527 construxerat,
1331 4460 1627 4532 multisque
1667 4461 1882 4520 ditave-
1904 4528 1945 4536 ῃ
1981 4477 2106 4536 gem
2133 4461 2398 4517 Pendam.
2442 4461 2538 4516 ille
2566 4470 2747 4516 tamen
2791 4476 2902 4517 non
2935 4460 3041 4516 nisi
3080 4459 3292 4534 virgam
3337 4459 3393 4514 in
3433 4475 3602 4516 manu

263 4552 347 4600 rat
399 4528 568 4618 (566).
614 4547 813 4603 Paulus
875 4554 1058 4604 autem
1133 4550 1438 4606 monachus
1503 4528 1878 4622 cadomensis,
1904 4528 2219 4608 Dhabebat
2240 4553 2294 4607 in
2328 4551 2524 4623 prelio,
2554 4551 2651 4606 ubi
2673 4558 2728 4607 et
2753 4551 2973 4606 occisus
3004 4557 3087 4606 est
3124 4528 3246 4606 cum
3289 4565 3420 4622 rege
3461 4550 3602 4624 Ecg-

261 4653 429 4709 quem
460 4637 796 4694 Lanfrancus
825 4639 1280 4712 archiepiscopus
1309 4641 1665 4698 ordinaverat
1709 4645 1884 4701 abba-

259 4738 397 4798 tem,
457 4747 624 4804 opere
665 4733 862 4803 majori
909 4733 1306 4789 monasterium
1367 4735 1512 4790 idem
1572 4737 1880 4796 renovavit.

260 4823 420 4890 Quod
439 4839 730 4904 successor
758 4824 880 4894 ejus
903 4825 1172 4881 Ricardus
1202 4842 1233 4880 a
1265 4825 1510 4882 Ruberto
1541 4825 1880 4886 Lincoliensi

233 4914 551 4988 ,episcopo,
611 4923 868 4988 presente
935 4917 1166 4973 Henrico
1216 4933 1366 4992 rege,
1427 4917 1556 4976 fecit
1607 4920 1872 4978 dedicari.

261 5001 561 5060 Gaufridus
641 5019 819 5069 vero,
901 5021 1192 5060 successor
1274 5021 1462 5061 eorum
1497 5049 1512 5074 ,
1599 5010 1882 5066 transtulit

257 5109 468 5167 corpus
519 5094 754 5166 predicti
803 5096 1060 5169 martyris
1118 5096 1174 5152 in
1230 5096 1494 5154 feretrum
1560 5101 1884 5158 mirabiliter

1984 4643 2107 4700 nice
2163 4651 2219 4699 et
2283 4643 2548 4699 exercitu.
2621 4642 2791 4698 Sebbi
2868 4641 3033 4698 etiam
3081 4658 3176 4698 rex
3245 4641 3597 4700 orientalium

1983 4737 2280 4804 Saxonum,
2311 4735 2567 4792 monachi
2611 4735 2860 4791 habitum
2893 4751 2964 4790 ex
2996 4735 3294 4792 devotione
3325 4751 3599 4794 consecu-

1983 4834 2091 4893 tus,
2124 4826 2180 4881 in
2211 4824 2446 4882 ecclesia
2474 4823 2646 4880 sancti
2681 4824 2834 4880 Pauli
2867 4824 3152 4882 Londonie
3190 4835 3276 4882 est
3325 4827 3596 4899 sepultus.

1981 4915 2071 4970 lsti
2113 4930 2246 4988 ergo
2276 4923 2400 4971 octo
2436 4932 2598 4992 reges
2629 4933 2801 4992 regna
2828 4933 2928 4972 sua
2981 4933 3082 4989 pro
3131 4917 3348 4975 Christo
3396 4925 3600 4990 Sponte

1981 5010 2328 5066 dimiserunt.
2365 5011 2426 5066 Et
2472 5018 2532 5066 ut
2567 5011 2636 5066 ad
2665 5011 2802 5068 illud
2834 5012 2984 5068 unde
3027 5012 3314 5086 digressus
3343 5027 3464 5066 sum
3504 5025 3600 5066 re-

1983 5101 2180 5168 deam;
2220 5100 2346 5159 ideo
2376 5101 2607 5160 fortasse
2639 5103 3040 5160 monasterium
3070 5103 3246 5160 sancti
3287 5100 3481 5157 Albani
3531 5101 3602 5155 ab

1609 5227 1830 5283 VARLE
1875 5226 2258 5283 LECTIONES.

333 5325 534 5406 “°_Hic
557 5325 610 5381 5.
644 5325 726 5378 7b.
759 5327 838 5384 86.
868 5329 1086 5406 addunt
1105 5329 1328 5385 Alexius
1355 5330 1653 5401 imperator
1679 5333 2318 5406 Constantinopolitanus
2345 5334 2506 5404 obiit,
2533 5343 2588 5392 et
2612 5336 2880 5394 successit
2899 5335 2951 5391 ei
2977 5335 3262 5392 Johannes
3291 5331 3434 5402 ejus.
3454 5331 3606 5388 Idem

1827 5477 2038 5532 NOTIE.

255 5398 319 5451 2.
346 5397 448 5453 sub
479 5413 626 5452 anno
655 5402 901 5470 sequenti
934 5402 1168 5457 exhibet.

334 5568 623 5650 (SQQLDe
645 5575 914 5650 tempore
937 5570 1008 5650 cf.
1053 5571 1305 5650 E_admeri
1347 5573 1796 5650 Cist._Novorum
1826 5596 1880 5650 p.

253 5641 348 5765 1ζό.
559 5641 650 5696 od.
693 5639 917 5697 Seldcni
976 5643 1032 5697 in
1079 5642 1153 5700 fol
1355 5645 1414 5700 in
1481 5644 1625 5700 Actis
1666 5647 1761 5704 SS.
1823 5639 1883 5704 ἐι

256 5751 268 5766 .
305 5727 398 5780 pri
428 5728 500 5766 IS.

2065 5578 2212 5648 (565)
2245 5579 2305 5633 Λ.
2343 5580 2480 5639 1112
2505 5579 2712 5636 factum
2735 5578 2898 5637 tradit
2927 5575 3238 5635 0rdericus.

2073 5648 2223 5718 (566)
2261 5650 2321 5706 A.
2353 5652 2476 5708 793.
