3916 6064
325 333 430 388 435

471 477 828 522 ROMANORUM.
980 473 1323 515 FRANCORUM.
1471 470 1786 512 ANGLORUM.

321 557 602 615 exactione
647 550 884 625 predicti
930 565 1130 605 census
1159 548 1308 620 quod
1367 555 1593 604 vocatur
1619 545 1932 606 Romescot,

319 651 632 705 absolutum
681 653 737 700 et
764 645 1012 716 quietum
1067 648 1170 707 est,
1206 641 1334 713 quia
1377 641 1523 695 idern
1556 654 1670 704 rex,
1719 636 1933 692 scilicet

321 737 456 805 Offa,
502 745 555 791 et
585 732 981 791 monasterium
1024 730 1179 803 prius
1231 727 1530 794 edificavit,
1589 734 1643 781 et
1701 740 1932 780 censum

317 828 561 884 Romane
593 824 828 880 ecclesie
885 819 1206 894 assignavit.
1253 819 1421 883 Quem
1463 824 1655 888 postea
1705 827 1932 870 censum

317 919 558 974 Canutus
599 933 691 972 rex
731 915 895 971 totius
926 912 1116 986 Anglie
1146 919 1201 966 et
1230 911 1380 966 Datie
1423 923 1663 980 pergens
1703 905 1932 960 Romam

318 1024 462 1064 anno
492 1003 887 1062 incarnationis
922 1001 1199 1057 dominice
1246 999 1406 1064 1030,
1438 997 1508 1052 de
1561 994 1710 1052 omni
1758 1008 1931 1066 regno

317 1098 511 1173 Anglic
529 1103 715 1151 sancte
743 1095 988 1148 Romane
1017 1090 1252 1146 ecclesie
1291 1087 1601 1152 concessit;
1647 1103 1770 1141 cum
1822 1083 1935 1140 Offa

323 1186 703 1245 tantummodo
726 1184 795 1237 de
826 1195 997 1254 regno
1026 1194 1148 1240 suo,
1196 1178 1250 1231 id
1281 1184 1367 1232 est
1404 1177 1472 1231 de
1519 1176 1611 1230 illa
1640 1182 1791 1246 parte
1822 1176 1935 1230 An-

322 1280 433 1354 glic
459 1294 567 1352 que
596 1277 772 1332 Merce
803 1273 1022 1337 dicitur,
1051 1271 1207 1326 illum
1236 1285 1462 1325 censum
1492 1268 1644 1339 prius
1666 1266 1931 1322 dedisset.

321 1373 659 1437 (Humana)
719 1367 850 1421 Cum
903 1371 1088 1419 autem
1138 1379 1233 1417 rex
1289 1361 1557 1416 Henricus
1601 1361 1670 1416 ad
1731 1364 1935 1432 pascha

323 1463 730 1520 transfretasset
758 1459 814 1514 in
868 1454 1280 1520 Normanniam,
1350 1452 1454 1507 fuit
1507 1453 1743 1508 maxima
1793 1456 1936 1511 inter

326 1570 451 1608 eum
500 1549 775 1606 discordia
850 1554 904 1602 et
961 1561 1146 1618 regem
1199 1543 1528 1598 Francorum
1588 1545 1941 1600 Ludovicum.

327 1641 497 1696 Causa
531 1646 712 1694 autem
755 1638 855 1691 hec
906 1640 1053 1696 erat;
1097 1631 1370 1687 Tebaldus
1411 1633 1606 1687 consul
1651 1633 1942 1699 Blesensis,

1537 323 1879 380 SIGEBERTI
1929 323 2450 382 GEMBLACENSIS.

1955 456 2013 525 Α
2037 469 2181 508 mam
2212 453 2473 524 perrexit.
2515 456 2582 512 At
2620 457 2698 512 illi
2742 457 3006 514 durantes
3050 459 3106 514 in
3143 457 3366 510 malicia
3387 431 3514 525 sua,
3543 460 3661 516 ele-

3556 347 3662 400 436

2033 551 2236 616 gerunt
2291 545 2348 599 in
2401 545 2656 603 abbatem
2698 548 2963 615 Ugonem,
3020 544 3262 615 priorem
3320 547 3655 608 Marciniaci.

2033 637 2149 702 Quo
2179 635 2441 693 defuncto
2488 634 2628 688 infra
2660 634 2904 704 primum
2955 651 3163 692 annum
3224 639 3312 694 sui
3346 641 3653 713 regiminis,

2031 730 2322 798 elegerunt
2341 725 2616 796 quendam
2645 733 2872 783 strenue
2927 728 3230 785 nobilitatis
3264 731 3528 799 juvenem
3555 751 3655 792 no-

2032 814 2180 869 mine
2234 815 2473 869 Petrum.
2516 815 2802 880 Quomodo
2858 825 3041 873 autem
3099 821 3384 890 predictus
3431 823 3658 881 Pontius

2034 903 2102 958 de
2128 903 2468 959 Jerosolimis
2522 905 2762 972 rediens,
2809 907 3013 962 iterum
3053 907 3299 976 abbatie,
3335 911 3423 966 cui
3455 929 3659 970 renun-

2031 1000 2278 1063 tiaverat,
2322 1016 2544 1071 preesse
2569 1001 2762 1068 voluit,
2797 1009 2852 1056 et
2884 1005 3164 1075 quomodo
3198 1005 3455 1063 scismate
3512 1008 3658 1066 facto

2030 1091 2085 1145 in
2130 1091 2326 1146 eodem
2379 1093 2735 1157 monasterio,
2786 1093 3019 1148 multum
3075 1095 3304 1150 humani
3361 1099 3658 1170 sanguinis

2030 1182 2261 1238 effusum
2294 1192 2396 1248 est,
2429 1185 2602 1254 pudet
2630 1185 2836 1240 dicere.
2891 1186 3175 1242 Remansit
3207 1196 3393 1244 tamen
3423 1206 3660 1246 venera-

2030 1279 2128 1333 bili
2187 1280 2341 1336 Petro
2389 1281 2637 1353 regimen
2688 1282 3009 1337 monasterii
3064 1282 3446 1340 Cluniacensis
3505 1287 3656 1357 quod

2032 1371 2211 1425 adhuc
2237 1371 2498 1442 disponit,
2536 1373 2826 1428 transactis
2857 1373 3060 1428 exinde
3099 1374 3168 1428 32
3217 1376 3396 1430 annis.
3433 1377 3662 1432 Pontius

2032 1478 2161 1517 vero
2194 1463 2250 1516 in
2279 1465 2632 1527 monasterio,
2683 1465 2831 1535 quod
2863 1474 3090 1520 vocatur
3131 1464 3306 1522 Cavea
3365 1468 3530 1539 (568).,
3591 1469 3658 1523 ad

2044 1551 2299 1605 ultimum
2357 1559 2606 1606 mortuus
2667 1559 2767 1607 est.
2819 1552 3066 1607 Mortuus
3119 1560 3204 1608 est
3257 1562 3438 1609 autem
3495 1555 3661 1610 etiam

2044 1642 2150 1697 hoc
2178 1659 2322 1698 anno
2351 1644 2496 1714 (569)
2526 1645 2610 1699 vir
2655 1644 2948 1717 religiosus
2990 1650 3044 1698 et
3075 1660 3274 1719 magne
3355 1645 3661 1709 literature,

325 1750 502 1806 nepos
551 1731 697 1805 regis
752 1729 1051 1802 Anglorum
1107 1724 1346 1790 Henrici,
1410 1736 1602 1779 00mm
1657 1725 1942 1780 donlimlm
1977 1783 2018 1806 μ
2050 1735 2140 1788 lvo
2181 1734 2532 1790 Carnotensis
2561 1734 2879 1805 episcopus.
2932 1733 3027 1787 Hic
3077 1733 3210 1788 dum
3268 1741 3412 1788 esset
3443 1735 3666 1802 juvenis

325 1844 486 1884 suum
530 1842 714 1899 regem
747 1825 1079 1878 Francorum
1113 1835 1263 1874 arma
1293 1828 1670 1890 promoverat;
1711 1818 1765 1872 in
1790 1820 1947 1888 cujus

327 1920 588 1976 auxilium
622 1935 714 1973 rex
745 1914 1043 1988 Anglorum
1085 1912 1254 1966 duces
1281 1927 1411 1966 suos
1441 1911 1804 1985 militiamque
1839 1912 1947 1967 mi-

325 2013 419 2079 sit,
452 2021 508 2066 et
535 2025 717 2082 regem
752 2023 862 2062 non
896 2004 1248 2061 mediocriter
1275 2002 1485 2057 afﬂixit.

398 2103 558 2159 1117.
591 2104 854 2158 Henricus
889 2100 966 2154 11.
1001 2099 1293 2153 Ludovicus
1319 2097 1372 2152 8.
1403 2100 1665 2152 Henricus
1697 2099 1718 2152 1
1749 2097 1836 2151 17.

403 2191 520 2263 (11).)
571 2191 803 2246 Henrico
867 2187 1168 2264 Anglorum
1207 2187 1323 2260 regi
1378 2186 1732 2259 gravissimus
1787 2186 1944 2242 labor

328 2281 643 2339 insurrexit.
677 2280 1007 2335 Juraverunt
1049 2291 1288 2347 namque
1337 2291 1430 2329 rex
1476 2275 1804 2331 Francorum
1839 2275 1944 2330 Lu-

327 2375 576 2440 dovicus,
610 2380 664 2428 et
694 2387 880 2428 comes
911 2369 1265 2424 Flandrensis
1296 2367 1616 2423 Balduinus.
1645 2375 1699 2422 et
1749 2370 1944 2422 consul

329 2464 742 2542 Andegavensis
784 2463 969 2529 Fulco,
1019 2479 1077 2516 se
1109 2461 1496 2517 Normanniam
1547 2460 1660 2534 regi
1709 2461 1943 2516 Henrico

327 2557 628 2618 ablaturos,
659 2563 714 2608 et
744 2552 1030 2606 Willermo
1059 2551 1172 2606 ﬁlio
1205 2549 1428 2606 Roberti
1477 2550 1633 2605 ducis
1679 2549 1948 2605 Norman-

330 2648 421 2704 nie
453 2663 570 2703 eam
602 2644 847 2700 daturos.
883 2641 1036 2696 Multi
1067 2641 1232 2694 etiam
1265 2655 1555 2711 procerum
1603 2641 1751 2714 regis
1793 2641 1943 2694 flen-

329 2738 428 2792 rici
471 2739 823 2791 recesserunt
857 2731 926 2786 ab
959 2746 1049 2797 eo,
1080 2729 1230 2800 quod
1263 2729 1499 2784 maximo
1532 2730 1585 2783 ei
1643 2730 1744 2785 fuit
1773 2730 1949 2784 detri-

331 2832 536 2881 mento.
569 2823 666 2889 Qui
699 2831 882 2876 tamen
915 2835 1025 2874 non
1083 2818 1444 2889 improvidus,
1496 2819 1552 2872 in
1584 2819 1788 2873 auxilio
1846 2833 1947 2874 suo

331 2915 587 2972 comitem
624 2911 927 2966 Tebaldum
985 2907 1294 2980 predictum
1355 2916 1612 2977 nepotem
1671 2924 1851 2975 suum,
1894 2917 1950 2965 et

333 3004 612 3060 consulem
637 3003 1048 3057 Brittannorum
1077 2998 1361 3054 Conanum
1381 2997 1638 3053 habebat.
1670 2999 1950 3055 Venerunt

332 3099 504 3172 igitur
529 3113 621 3152 rex
653 3096 983 3150 Francorum
1011 3101 1068 3148 et
1105 3094 1218 3147 dux
1251 3092 1604 3148 Flandrensis
1635 3110 1758 3149 cum
1790 3111 1950 3150 exer-

2001 1816 2022 1847 ’
2048 1826 2256 1880 audivit
2310 1826 2632 1902 magistrum
2682 1827 3047 1880 Lanfrancum
3091 1825 3332 1895 priorem
3390 1826 3546 1881 Becci
3595 1827 3665 1880 de

2049 1918 2390 1974 secularibus
2438 1925 2492 1973 et
2522 1917 2726 1974 divinis
2767 1918 2966 1972 litteris
2999 1924 3325 1972 tractantem
3378 1917 3433 1970 in
3467 1917 3562 1972 illa
3587 1919 3669 1973 fa-

2050 2021 2203 2060 mosa
2259 2007 2409 2062 scola
2460 2023 2622 2078 quam
2683 2007 2839 2062 Becci
2871 2005 3082 2072 tenuit;
3139 2006 3197 2060 in
3248 2020 3357 2076 qua
3398 2005 3554 2062 multi
3614 2014 3673 2062 et

2051 2093 2342 2148 nobilitate
2383 2095 2618 2148 seculari
2674 2095 2965 2150 honestate
3015 2109 3234 2149 morum
3293 2101 3674 2149 convenerunt

2044 2182 2143 2236 viri
2170 2182 2394 2252 prediti,
2451 2190 2505 2237 et
2536 2183 2630 2254 qui
2663 2191 2857 2253 postea
2885 2183 2952 2237 ad
2995 2198 3269 2237 summum
3328 2182 3543 2252 apicem
3570 2198 3670 2239 ec-

2045 2273 2353 2328 clesiastice
2383 2274 2668 2345 dignitatis
2697 2283 2752 2329 et
2773 2275 3059 2347 religionis
3089 2275 3408 2349 attigerunt.
3467 2275 3662 2331 Postea

2043 2379 2174 2418 vero
2216 2363 2362 2417 idem
2408 2364 2498 2418 [vo
2542 2363 2863 2436 aliquandiu
2895 2363 3099 2435 prefuit
3136 2364 3433 2419 conventui
3491 2380 3663 2420 cano-

2049 2458 2297 2512 nicorum
2321 2459 2654 2532 regularium
2686 2459 2862 2514 sancti
2901 2459 3146 2523 Quintini
3179 2459 3534 2514 Belvacensis
3589 2460 3669 2515 Ad

2047 2551 2299 2606 ultimum
2353 2552 2654 2622 episcopus
2688 2551 2883 2619 factus,
2929 2547 3065 2606 r'exit
3101 2551 3395 2607 ecclesiam
3452 2552 3667 2607 Carno-

2047 2644 2263 2694 tensem
2293 2639 2526 2694 viriliter
2547 2645 2599 2694 et
2626 2640 2884 2713 religiose
2914 2640 3032 2696 fere
3059 2656 3161 2712 per
3191 2657 3372 2696 annos
3399 2642 3491 2695 23.
3530 2641 3675 2696 Reli-

2049 2734 2373 2805 quitautem
2398 2735 2574 2790 multa
2603 2735 2943 2790 monimenta
2977 2736 3254 2791 industrie
3294 2752 3413 2803 sue,
3447 2735 3677 2811 religio-

2050 2825 2135 2878 nis
2161 2834 2216 2880 et
2243 2825 2537 2896 sapientie,
2572 2823 2885 2882 edificaudo
2916 2827 3129 2882 scilicet
3156 2826 3551 2882 monasterium
3578 2843 3677 2882 ca-

2051 2915 2378 2971 nonicorum
2407 2916 2580 2971 sancti
2612 2917 2879 2972 Johannis
2909 2918 2980 2972 de
3001 2918 3147 2973 Valle
3174 2919 3340 2986 (570,)
3366 2918 3421 2971 in
3467 2933 3578 2989 quo
3619 2928 3679 2974 et

2050 3007 2300 3078 sepultus
2329 3016 2434 3076 est,
2478 3017 2532 3063 et
2564 3009 2758 3066 domos
2784 3009 3053 3080 cpiSCOpii
3102 3009 3377 3077 faciendo,
3417 3021 3471 3066 et
3499 3027 3530 3065 a
3560 3027 3681 3066 ma-

2051 3100 2117 3154 lis
2146 3101 2651 3156 consuetudinibus
2677 3112 2732 3158 et
2777 3102 3158 3158 exactionibus
3205 3103 3424 3158 comitis
3481 3103 3685 3159 Carno-

332 3189 446 3246 citu
476 3187 532 3242 in
561 3184 969 3242 Normanniam.
1001 3185 1059 3238 ln
1083 3199 1192 3256 qua
1223 3199 1346 3238 cum
1369 3199 1478 3238 una
1506 3189 1666 3238 nocte
1692 3182 1946 3253 fuissent,
1979 3161 2028 3230 Ο
2051 3189 2229 3244 tensis
2257 3190 2405 3245 idem
2437 3191 2780 3262 episcopium
2822 3191 3134 3260 liberando,
3193 3202 3250 3248 et
3305 3193 3478 3248 multa
3525 3193 3685 3250 utilia

335 3281 694 3339 formidantes
720 3279 1014 3333 adventum
1067 3276 1214 3349 regis
1254 3276 1472 3330 Henrici
1527 3292 1648 3331 cum
1680 3277 1867 3352 Anglis
1899 3286 1955 3334 et

333 3376 664 3436 Normannis
694 3384 748 3430 et
797 3373 1094 3440 Britannis,
1148 3373 1216 3427 ad
1267 3389 1368 3427 sua
1397 3371 1519 3427 sine
1566 3373 1714 3428 bello
1747 3379 1952 3432 reversi

331 3477 481 3526 sunt.
518 3471 628 3526 Hoc
669 3469 863 3523 eodem
893 3481 1040 3521 anno
1069 3479 1168 3536 pro
1205 3464 1533 3520 necessitate
1564 3465 1718 3539 regia
1747 3465 1956 3540 geldris

330 3561 682 3620 creberrimis
719 3567 773 3615 et
811 3557 1197 3614 exactionibus
1217 3557 1383 3613 variis
1413 3557 1604 3629 Anglia
1630 3573 1948 3628 compressa

331 3659 430 3709 est.
462 3653 723 3708 Tonitrua
751 3665 882 3705 vero
904 3655 957 3703 et
980 3646 1347 3720 grandinesin
1370 3645 1594 3701 Kalend.
1628 3646 1948 3702 Decembris

331 3744 627 3810 affuerunt,
660 3748 714 3797 et
744 3741 800 3796 in
832 3741 1028 3795 eodem
1081 3755 1274 3793 mense
1327 3740 1507 3794 celum
1568 3740 1797 3810 rubens,
1836 3743 1947 3797 acsi

333 3837 566 3898 arderet,
611 3833 882 3904 apparuit.
929 3831 1128 3905 Vigilia
1167 3832 1314 3885 enim
1374 3832 1673 3888 nativitatis
1730 3835 1946 3890 Domini

334 3929 507 3983 factus
545 3934 628 3979 est
657 3929 852 3979 ventus
880 3922 1202 3989 vehemens,
1235 3922 1398 3977 silvas
1429 3924 1716 3980 eradicans
1744 3933 1803 3980 et
1850 3928 1950 3983 do-

334 4032 454 4071 mos
485 4021 798 4072 conterens.
849 4013 1013 4067 Passa
1045 4019 1128 4066 est
1166 4011 1332 4066 etiam
1363 4012 1493 4067 luna
1533 4013 1801 4084 eclipsim.
1833 4017 1952 4072 Ter-

336 4114 578 4163 remotus
604 4106 768 4161 etiam
817 4105 1088 4159 maximus
1126 4103 1302 4159 factus
1335 4113 1417 4160 est
1448 4107 1504 4160 in
1546 4107 1947 4180 Longobardia,

332 4203 615 4268 ecclesias,
645 4208 842 4268 turres,
865 4200 1058 4256 domos
1086 4206 1142 4255 et
1171 4199 1426 4257 homines
1454 4201 1764 4258 destruens.
1797 4205 1947 4260 Don-

334 4314 438 4352 nus
466 4295 692 4350 Pontius
730 4293 904 4348 abbas
945 4291 1322 4348 Cluniacensis
1366 4309 1491 4349 cum
1542 4294 1706 4350 vellet
1749 4297 1814 4351 ad
1848 4314 1954 4353 un-

331 4406 497 4466 guem
519 4388 794 4460 corrigere
808 4402 1069 4442 excessus
1097 4396 1151 4441 et
1180 4386 1234 4440 iu
1267 4385 1390 4443 cibo
1422 4387 1549 4442 etin
1581 4389 1782 4445 vestitu
1815 4407 1956 4462 quo-

334 4483 568 4538 rundam
609 4482 1027 4547 monachorum,
1068 4481 1163 4553 qui
1221 4483 1494 4538 exteriora
1551 4483 1798 4552 ejusdem
1839 4504 1954 4543 mo-

2055 3283 2371 3338 scribendo.

2127 3375 2285 3428 1118.
2620 3376 2705 3430 12.
3033 3376 3086 3430 9.
3381 3379 3474 3433 18.

2128 3470 2316 3541 (llum.
2350 3471 2465 3540 vn.)
2494 3469 2710 3525 Henrici
2734 3475 2788 3525 et
2818 3469 3077 3526 Ludovici
3108 3487 3301 3543 regum
3347 3487 3679 3543 procerum-

2049 3579 2156 3634 que
2181 3578 2370 3617 eorum
2399 3562 2564 3636 longa
2592 3562 2888 3617 debellatio
2917 3563 3243 3633 gravissime
3260 3580 3446 3636 regem
3471 3574 3685 3623 utrum-

2049 3672 2158 3726 que
2178 3655 2412 3721 vexavit,
2444 3655 2623 3710 donec
2651 3654 2952 3709 Balduinus
2973 3656 3391 3711 strenuissimus
3415 3659 3677 3716 Flandrie

2047 3745 2264 3810 consul,
2313 3743 2459 3813 apud
2506 3743 2584 3798 Ou
2645 3743 2700 3796 in
2758 3743 3095 3798 Normannia
3146 3745 3421 3801 seditione
3450 3748 3679 3804 militari

2051 3833 2264 3888 funeste
2292 3833 2631 3898 vulneratus,
2676 3834 2744 3887 ad
2776 3849 2873 3887 sua
2905 3834 3152 3889 recessit.
3199 3835 3366 3891 Porro
3399 3837 3684 3894 Robertus

2050 3923 2237 3978 consul
2269 3923 2335 3977 de
2362 3922 2606 3990 Mellent,
2648 3923 3099 3992 sapientissimus
3131 3924 3186 3977 in
3219 3925 3388 3980 rebus
3418 3927 3684 3983 seculari-

2050 4019 2154 4074 bus
2193 4019 2442 4075 omnium
2475 4019 2529 4074 in
2556 4019 2866 4074 Jerusalem
2905 4021 3247 4094 degentium,
3277 4029 3332 4077 et
3361 4022 3510 4095 regis
3542 4023 3686 4079 Hen-

2053 4112 2148 4167 rici
2200 4111 2488 4166 familiaris
2543 4112 2912 4176 consiliarius,
2976 4113 3101 4168 luce
3152 4113 3435 4169 mundana
3477 4115 3679 4171 caruit.

2056 4205 2149 4260 Cui
2181 4212 2565 4261 successerunt
2613 4203 2711 4258 filii
2752 4204 2860 4270 sui,
2905 4193 3203 4260 Galeranus
3246 4205 3302 4259 in
3344 4206 3685 4263 Normannia

2057 4293 2230 4348 factus
2258 4308 2446 4347 comes
2478 4292 2754 4361 Mellenti,
2795 4300 2850 4348 et
2878 4293 3148 4348 Robertus
3181 4294 3237 4347 in
3266 4295 3462 4368 Anglia
3504 4295 3687 4352 factus

2058 4401 2243 4441 comes
2276 4385 2570 4440 Lecestrie.
2626 4385 2718 4454 {A.
2766 4385 2942 4455 Roth.)
2975 4386 3121 4441 Obiit
3166 4389 3413 4442 secunda
3440 4386 3685 4443 Matildis

2061 4475 2355 4547 Anglorum
2389 4475 2601 4547 regina,
2650 4475 2983 4530 venerabilis
3030 4491 3166 4530 uxor
3193 4476 3412 4530 Henrici
3443 4476 3588 4547 regis
3629 4483 3688 4531 et

335 4571 559 4627 nasterii
591 4571 811 4646 negotia
841 4571 1178 4626 tractabant:
1237 4570 1655 4628 insurrexerunt
1710 4575 1766 4629 in
1808 4534 2036 4645 eum,D
2065 4577 2238 4625 mater
2280 4570 2675 4642 imperatricis;
2709 4571 2778 4624 de
2823 4571 2978 4639 cujus
3031 4570 3276 4625 bonitate
3318 4569 3572 4641 largiﬂua
3627 4579 3685 4626 et

335 4670 390 4718 et
445 4669 727 4718 crescente
784 4663 1081 4729 simultate,
1113 4670 1510 4719 accusaverunt
1551 4680 1676 4721 eum
1735 4667 1788 4721 in
1841 4685 1962 4740 pre-

335 4758 513 4812 sentia
544 4755 780 4811 Pascalis
818 4772 959 4826 pape
989 4756 1136 4827 (567)
1195 4757 1261 4811 de
1301 4757 1633 4829 quibusdam
1683 4761 1954 4833 gravissi-

336 4848 439 4903 mis
469 4845 748 4917 capitulis,
778 4845 905 4901 licet
932 4845 1102 4901 falsis.
1152 4846 1358 4911 Quibus
1403 4864 1526 4905 cum
1561 4848 1956 4922 dedignaretur

336 4939 698 5014 reSpondere,
717 4939 908 4994 dicens
942 4955 1044 4996 nec
1073 4939 1142 4995 de
1175 4942 1527 4998 accusatione
1557 4958 1748 4998 eorum
1772 4961 1832 4999 se
1859 4961 1954 5000 cu-

341 5047 479 5096 rare,
510 5046 612 5085 nec
643 5029 711 5084 de
735 5027 954 5084 abbatia
995 5058 1057 5070 —
1095 5027 1414 5086 confidebat
1458 5031 1608 5085 enim
1636 5039 1691 5087 et
1725 5032 1780 5087 in
1809 5033 1954 5090 bona

333 5121 682 5180 consciencia
708 5127 763 5176 et
792 5121 846 5174 in
868 5136 1074 5195 genere
1101 5127 1292 5191 utpote
1322 5120 1469 5176 filius
1494 5123 1711 5178 comitis
1741 5124 1951 5197 Mergu-

335 5217 506 5273 lensis
540 5249 599 5256 —
643 5215 814 5271 invito
845 5229 988 5285 papa
1020 5212 1294 5267 abbatiam
1328 5214 1668 5287 relinquens,
1693 5216 1953 5272 Jerosoli-

2065 4677 2275 4718 morum
2316 4661 2588 4732 probitate
2633 4659 2956 4715 multimoda
2986 4659 3174 4714 dicere
3224 4677 3324 4730 per
3362 4660 3581 4732 singula
3635 4661 3684 4716 si

2061 4754 2338 4819 volumus,
2370 4752 2491 4807 dies
2516 4750 2759 4808 deficiet.
2793 4753 2938 4806 Inter
2965 4751 3071 4806 alia
3108 4757 3291 4806 tamen
3323 4751 3473 4806 bona
3511 4753 3684 4808 multe

2055 4852 2110 4906 in
2136 4850 2326 4924 Anglia
2353 4855 2408 4904 et
2437 4847 2771 4904 Normannia
2798 4847 3031 4902 ecclesie
3063 4854 3118 4902 et
3139 4847 3192 4902 in
3226 4846 3350 4902 aliis
3375 4847 3686 4916 provinclis

2054 4942 2236 4997 adhuc
2277 4940 2362 4995 sui
2406 4939 2702 5011 splendent
2739 4936 3047 4994 beneficiis.
3098 4937 3325 5009 Scpulta
3361 4944 3444 4992 est
3482 4945 3677 4993 autem

2056 5035 2114 5089 in
2170 5032 2657 5089 Westmonasterio
2715 5033 2804 5087 δίη.
2878 5031 3192 5101 (Faunum)
3257 5030 3504 5085 Mortuus
3592 5037 3688 5086 est

2056 5125 2220 5180 etiam
2242 5124 2437 5180 eodem
2476 5139 2621 5178 anno
2650 5122 2926 5177 Paschalis
2967 5137 3109 5193 papa
3158 5135 3350 5174 mense
3403 5120 3682 5187 Januarii,

2054 5217 2140 5271 cui
2174 5216 2443 5292 successit
2497 5214 2743 5270 Gelasius
2807 5214 2986 5269 165118.
3037 5212 3184 5267 Obiit
3232 5211 3396 5266 etiam
3458 5210 3688 5267 Alexius

1682 5316 1901 5372 νΑΒΙᾸι]
1941 5316 2320 5373 LECTIONES.

405 5421 470 5456 ⁶⁵¹
503 5437 548 5476 s.
583 5437 633 5476 e.
665 5436 717 5478 a.
750 5419 788 5474 i.
823 5415 907 5472 W.
932 5416 994 5470 in
1022 5430 1225 5471 rasura
1250 5421 1489 5475 correxit
1519 5419 1796 5476 Robertus.
1832 5422 2051 5477 Desunt.
2086 5421 2168 5474 7b.
2201 5418 2281 5475 84.
2313 5421 2404 5475 cui
2441 5418 2675 5474 habent:
2711 5416 2876 5488 Cujus
2907 5416 3237 5472 misereatur
3273 5429 3304 5468 a
3342 5425 3453 5483 quo
3478 5421 3688 5468 cuncta

1901 5521 1943 5576 Ν
1950 5521 2111 5577 OT/E.

418 5617 1097 5691 (567_)_ErratRobertus,
1139 5619 1377 5691 Calixtus
1429 5621 1474 5674 ll
1529 5620 1633 5676 fuit
1691 5638 1721 5676 a
1770 5622 1928 5691 1121,

340 5688 625 5818 ἷὲἒὲηὼ
657 5689 728 5745 cf.
771 5690 1056 5748 Duchesne
1088 5691 1230 5747 Bibl.
1257 5690 1638 5749 Cluniacensns
1670 5709 1723 5763 p.
1751 5688 1943 5766 462ξεέῐ

2114 5621 2256 5690 (568)
2286 5621 2355 5675 La
2389 5619 2544 5674 Cava.

2124 5689 2280 5763 (569)
2319 5693 2474 5746 Anno
2515 5689 2676 5763 ms.

2116 5761 2269 5835 (5701⁷
2290 5763 2464 5834 Prope
2505 5761 2826 5817 Carnotum.
