3916 6064
273 268 385 323 437

305 375 318 384 ’
348 381 372 397 ’³
425 411 777 470 κοκωοιιωι.
928 409 1253 452 raaucoauu
1280 437 1294 451 .
1442 410 1752 452 Ακθιοιιυκ.

279 489 585 560 imperator
615 472 1278 558 Conswntinopolitanus,
1295 487 1383 542 cui
1413 488 1676 544 successit
1699 486 1900 542 Johan-

278 595 402 636 nes.
425 579 680 636 Mortuus
703 578 931 650 insuper
959 574 1218 634 Arnulfus
1236 581 1546 650 patriarcha
1565 580 1896 646 Jerusalem,

277 678 334 729 et
367 672 460 728 alii
490 686 751 744 proceres
775 687 941 742 quam
996 670 1186 742 plures
1215 671 1272 725 in
1299 670 1530 726 mundo.
1551 671 1696 726 Obiit
1732 671 1898 726 etiam

273 781 370 822 rex
413 763 718 820 Balduinus
771 762 1078 819 Jerusalem
1127 761 1360 834 primus,
1419 777 1612 818 mense
1671 762 1894 833 Aprilis.

274 858 384 913 iste
404 855 510 912 fuit
565 855 726 912 miles
791 855 1212 922 audacissimus,
1241 853 1336 926 qui
1387 853 1558 910 urbes
1601 854 1700 909 has
1725 869 1898 924 expu-

271 949 532 1025 gnavitet
554 948 734 1020 cepit:
758 948 949 1003 Achon
965 946 1246 1016 videlicet,
1279 945 1591 1016 Cesaream,
1627 946 1894 1012 Beritum,

270 1041 576 1114 Sydonem,
629 1039 916 1112 Tripolim,
991 1041 1190 1095 Arsuth
1243 1057 1258 1106 ;
1310 1047 1368 1095 et
1425 1046 1600 1095 terras
1657 1039 1896 1094 Arabum

273 1149 455 1206 usque
475 1133 545 1188 ad
569 1148 724 1188 mare
750 1131 996 1187 Rubrum
1035 1130 1286 1187 subdidit
1319 1131 1450 1186 sibi.
1492 1130 1592 1198 Qui
1627 1130 1821 1187 decem
1843 1137 1898 1186 et

271 1229 400 1278 octo
420 1221 584 1277 annis
615 1219 866 1296 regnavit
906 1238 921 1287 ;
953 1227 1008 1275 et
1045 1219 1314 1276 successit
1366 1220 1418 1275 ei
1465 1219 1744 1276 secundus
1775 1219 1896 1275 Bal-

272 1311 482 1366 duinus
508 1319 779 1386 cegnatus
800 1311 943 1380 ejus,
975 1324 1165 1365 comes
1182 1309 1516 1366 Edessenus.

309 1399 467 1456 1119.
511 1403 772 1456 Henricus
817 1399 908 1456 13.
971 1399 1263 1456 Ludovicus
1312 1398 1397 1456 10.
1468 1398 1771 1456 Henricus!
1809 1401 1891 1455 t9.

341 1488 532 1560 (Hum.
562 1491 680 1556 vn.)
733 1489 848 1544 Rex
896 1487 1163 1543 Henricus
1203 1502 1350 1542 anno
1389 1487 1482 1542 52°
1511 1503 1577 1543 ex
1607 1503 1719 1560 quo
1751 1487 1886 1544 Nor-

271 1581 464 1636 manni
482 1579 729 1656 Angliam
758 1579 1144 1647 obtinuerunt,
1168 1579 1326 1654 regni
1355 1595 1486 1636 vero
1520 1579 1772 1634 suianno
1795 1578 1884 1646 19,

1159 263 1508 322 CHRONICA.
1549 294 1618 306 —
1657 263 2037 321 AUCTARIUM
2081 262 2363 320 BOBERTI
2401 262 2486 318 DE
2524 261 2764 318 MONTE.

1925 400 1980 468 Α
2005 404 2252 464 vocatus,
2279 400 2334 450 et
2360 392 2612 465 sepultus
2641 396 2725 448 est
2766 390 2915 462 apud
2964 389 3298 446 Cluniacum.
3329 388 3428 446 Cui
3445 388 3621 448 Guido

3517 259 3622 315 438

1999 483 2331 546 Viennensis
2355 480 2810 551 archiepiscopus
2857 477 3144 546 successit,
3182 485 3408 534 vocatus
3445 476 3622 534 Calix-

2001 587 2089 636 tus
2123 591 2267 649 papa
2296 573 2426 628 166.
2497 569 2804 626 Balduinus
2841 568 3034 625 consul
3083 567 3340 624 Flandrie
3381 568 3620 639 pervul-

2001 688 2125 739 nus,
2177 667 2326 741 quod
2371 665 2430 721 in
2469 661 2819 737 (Normannia
2868 667 3154 730 receperat
3199 659 3454 716 decessit.
3518 657 3614 716 Cui

2001 761 2265 820 successit
2304 759 2531 814 Karolus
2560 763 2828 832 cognatus
2870 753 3013 826 ejus,
3072 751 3218 808 filius
3247 751 3390 808 Cnut
3423 752 3612 809 Sancti

2001 853 2146 928 regis
2177 852 2462 906 Dacorum.
2523 845 2834 918 (Funestam)
2895 842 3104 899 Eodem
3141 857 3288 898 anno
3341 843 3614 917 Rogerius

1998 943 2325 1000 Anthiochie
2370 940 2631 1012 princeps
2682 953 2808 994 cum
2852 943 3066 1008 septem
3120 935 3346 991 milibus
3385 937 3456 992 de
3494 936 3611 992 suis

1991 1040 2146 1108 juxta
2195 1033 2512 1090 Archasium
2558 1030 2827 1102 oppidum
2870 1028 3176 1085 trucidatus
3215 1035 3299 1084 est
3345 1028 3612 1085 aTurcis.

1998 1130 2190 1201 Itaque
2218 1143 2311 1182 rex
2342 1123 2664 1189 Balduinus,
2698 1127 2919 1178 mortuo
2949 1121 3205 1194 principe
3250 1121 3616 1190 Antiocheno,

1995 1239 2111 1286 rex,
2145 1221 2333 1277 addito
2365 1219 2537 1275 altero
2560 1231 2754 1293 regno,
2786 1217 2878 1272 vel
2903 1223 2964 1272 ut
3007 1217 3191 1272 minus
3223 1216 3425 1286 dicam,
3461 1217 3615 1290 prin-

1996 1327 2127 1384 ceps
2146 1309 2402 1366 efﬁcitur.

2247 1402 2408 1458 1120.
2627 1399 2715 1455 14.
2957 1399 3017 1454 11
3036 1439 3050 1454 .
3273 1398 3365 1454 20.

2061 1494 2250 1564 (Hum.
2309 1490 2428 1562 vn.)
2485 1490 2599 1544 Rex
2650 1488 2947 1562 Anglorum
3010 1487 3294 1556 Henricus,
3353 1489 3613 1548 omnibus

1989 1589 2211 1646 domitis
2230 1597 2285 1644 et
2314 1583 2616 1660 pacific’atis
2654 1585 2710 1639 in
2731 1583 2923 1653 Gallia,
2948 1600 3072 1640 cum
3121 1583 3324 1660 gaudio
3349 1585 3518 1642 rediit
3550 1586 3608 1642 in

273 1673 542 1746 pugnavit
569 1677 761 1728 contra
793 1686 979 1745 regem
1017 1669 1350 1726 Francorum
1393 1669 1654 1743 gloriose.
1679 1669 1889 1742 Prepo-
1913 1711 1963 1780 Β
1992 1679 2260 1753 Angliam.
2319 1678 2379 1730 In
2420 1675 2540 1746 ipso
2597 1688 2729 1728 vero
2786 1672 2954 1727 maris
3000 1673 3255 1740 transitu,
3289 1673 3478 1730 divino
3509 1675 3607 1730 Dei

269 1769 458 1817 suerat
486 1761 714 1834 quidem
745 1775 838 1815 rex
891 1759 1222 1814 Francorum
1253 1759 1428 1813 ᾶϐίθῐη
1455 1773 1769 1830 Ρτοοοτιιπι,
1798 1759 1888 1814 (διιὶ
1913 1759 1963 1780 ³³
1987 1771 2215 1842 judicio,
2249 1769 2374 1824 licet
2413 1766 2650 1834 occulto,
2701 1765 2810 1820 duo
2869 1764 2964 1819 ﬁlii
3024 1765 3171 1840 regis
3207 1765 3524 1821 Willermus
3555 1775 3612 1822 et

269 1864 492 1926 preerat
520 1853 838 1910 Willermus
885 1851 1032 1908 ﬁlius
1061 1853 1286 1909 Roberti
1329 1855 1508 1921 ducis,
1537 1852 1721 1909 fratris
1745 1852 1890 1910 Hen-

265 1943 368 1998 rici
409 1943 576 2018 regis.
634 1943 759 2013 Ipse
811 1958 945 2001 vero
1005 1958 1128 1998 cum
1179 1942 1432 1998 maximis
1468 1941 1747 1999 viribusin
1804 1958 1888 1998 se-

267 2036 461 2107 quenti
499 2041 618 2091 erat
662 2035 905 2108 agmine.
954 2036 1068 2092 Rex
1125 2051 1252 2091 vero
1311 2035 1575 2092 Henricus
1624 2035 1680 2089 in
1711 2035 1889 2106 prima

267 2130 390 2184 acie
436 2144 695 2200 proceres
731 2145 862 2186 suos
909 2129 1292 2198 constituerat,
1350 2129 1408 2184 in
1457 2128 1702 2184 secunda
1759 2145 1882 2184 cum

269 2217 498 2290 propria
525 2216 737 2273 familia
775 2233 948 2290 eques
991 2219 1110 2290 ipse
1149 2217 1452 2286 residebat,
1477 2217 1535 2272 in
1557 2217 1728 2272 tercia
1759 2233 1890 2274 vero

271 2311 421 2370 ﬁlios
469 2328 601 2369 suos
628 2328 756 2368 cum
802 2313 1034 2368 summis
1079 2312 1293 2369 viribus
1333 2312 1552 2384 pedites
1579 2312 1892 2368 collocave-

268 2413 376 2462 rat.
410 2405 583 2480 Igitur
598 2405 746 2462 acies
788 2406 964 2478 prima
1003 2405 1338 2462 Francorum
1369 2422 1567 2478 agmen
1599 2420 1886 2477 procerum

269 2497 608 2552 Normannie
629 2496 814 2552 statim
853 2496 1014 2568 equis
1060 2495 1276 2568 depulit
1307 2495 1660 2567 etdispersit.
1695 2496 1892 2551 Postea

267 2601 406 2644 vero
432 2587 570 2643 aciei
595 2587 654 2642 in
683 2603 794 2659 qua
837 2603 932 2642 rex
989 2586 1256 2644 Henricus
1285 2587 1486 2656 inerat,
1516 2585 1808 2655 collidens,
1840 2593 1894 2642 ct

271 2683 492 2754 ipsaest
528 2681 804 2754 dispersa.
861 2681 1019 2737 Acies
1058 2682 1247 2754 itaque
1301 2681 1517 2756 regales
1543 2679 1894 2737 offenderunt

271 2774 381 2830 sibi
413 2773 676 2841 invicem,
710 2780 766 2829 et
805 2774 1074 2830 acerrime
1142 2780 1444 2848 pugnatum
1480 2780 1563 2829 est
1610 2774 1889 2846 utrinque.

270 2867 408 2922 Dum
429 2867 595 2948 .haste
633 2867 982 2942 franguntur,
1041 2866 1242 2941 gladiis
1301 2882 1391 2922 res
1428 2865 1624 2941 agitur.
1663 2865 1892 2922 Interim

269 2956 589 3012 Willermus
657 2956 960 3032 Crispinus,
1001 2956 1162 3011 miles
1217 2957 1628 3030 magnanimus,
1676 2957 1895 3011 Henrici

268 3047 423 3120 regis
451 3053 619 3118 caput
650 3045 736 3102 bis
767 3045 954 3120 gladio
976 3045 1273 3118 percussit.
1305 3046 1552 3118 Cumque
1583 3045 1754 3102 lorica
1783 3045 1887 3100 im-
1935 3093 1958 3113 η
1993 3045 2527 3108 “²’““,“⁴“”Ῑ““’””“’,“”
2555 3045 2614 3054 ’³⁸
2644 3045 2813 3054 ””““”
2858 3045 2973 3054 ’νη
3020 3045 3148 3105 Tw"
3201 3045 3606 3120 .".""'":""

271 3139 641 3165 Humum
705 3147 846 3165 MM,
922 3139 1302 3165 numnum“
1335 3145 1518 3165 ,ηηη
1584 3139 1748 3165 ,Λη-
1785 3139 1852 3165 nn
1913 3095 1960 3160 (λ
1989 3104 2234 3155 exercitu
2259 3113 2315 3150 ιιι
2340 3095 2594 3162 Wallam,
2653 3094 2940 3150 Walenses
2983 3111 3035 3150 ei
3071 3095 3358 3165 suplicltcr
3379 3093 3608 3150 obvran-

271 3139 644 3212 penetrabilis
701 3147 868 3208 esset,
922 3139 1303 3214 magnitudine
1335 3145 1522 3195 tamen
1584 3139 1752 3196 ictum
1783 3139 1888 3194 ali-

239 3231 598 3304 quantulum
624 3230 791 3303 capiti
830 3230 979 3306 regis
1029 3231 1237 3286 inserta
1264 3239 1368 3298 est,
1412 3236 1471 3286 ut
1499 3230 1729 3304 sanguis
1757 3245 1892 3302 pro-

270 3329 580 3392 rumperet.
613 3321 726 3376 Rex
753 3337 885 3378 vero
915 3319 1085 3375 animi
1132 3319 1344 3378 fervore
1384 3329 1714 3388 commotus,
1766 3335 1892 3392 per-

266 3426 554 3467 cussorem
583 3427 744 3467 suum
788 3411 861 3466 ita
905 3418 1258 3482 repercussu,
1291 3417 1352 3466 ut
1393 3427 1517 3466 cum
1557 3411 1715 3484 galea
1747 3417 1894 3466 esset

268 3499 736 3572 impenetrabilis,
766 3499 915 3556 mole
945 3508 1130 3556 tamen
1161 3501 1302 3558 ictus
1330 3500 1575 3572 equitem
1605 3507 1660 3555 et
1687 3516 1892 3573 equum

267 3589 584 3662 prostravit.
633 3587 735 3656 Qui
765 3605 894 3645 mox
939 3595 1068 3645 ante
1125 3589 1311 3662 regios
1353 3589 1528 3661 pedes
1567 3596 1762 3660 captus
1787 3595 1887 3645 est.

266 3685 428 3741 Acies
452 3701 584 3743 vero
597 3685 891 3758 pedestris,
914 3687 971 3740 in
989 3702 1098 3758 qua
1125 3685 1222 3741 filii
1243 3685 1462 3740 Henrici
1481 3685 1626 3758 regis
1647 3685 1886 3755 inerant,

270 3778 518 3834 nondum
547 3779 887 3849 percutiens,
923 3779 1023 3834 sed
1053 3794 1178 3835 mox
1210 3794 1536 3850 percussura
1563 3794 1631 3834 ex
1652 3779 1886 3834 adverso

267 3871 528 3926 surrexit.
579 3871 735 3936 Quod
788 3871 979 3928 Franci
1036 3871 1310 3932 videntes.
1343 3871 1574 3928 horrore
1605 3870 1886 3942 insperato

264 3959 578 4034 liquefacti,
609 3968 761 4034 terga
793 3961 1084 4017 dederunt.
1155 3961 1422 4016 Henricus
1473 3967 1654 4016 autem
1680 3975 1780 4016 rex
1803 3960 1887 4016 vi.

264 4050 441 4107 ctorie
467 4049 710 4121 perstitit
755 4051 813 4104 in
855 4065 1072 4123 campo,
1105 4049 1285 4106 donec
1324 4049 1620 4120 optimates
1645 4049 1887 4106 bosrium

264 4139 415 4212 capti
433 4147 560 4195 ante
573 4139 759 4212 regios
781 4141 954 4212 pedes
977 4155 1098 4210 ejus
1125 4139 1452 4211 suntpositi.
1471 4140 1746 4195 Reversus
1759 4155 1888 4196 vero

263 4229 690 4304 Rothomagum,
713 4229 1002 4304 signorum
1045 4229 1318 4286 sonitibus
1354 4237 1408 4285 et
1438 4229 1570 4285 cleri
1599 4229 1886 4286 concenti-

263 4320 371 4374 bus
387 4319 558 4374 Deum
591 4326 647 4375 et
661 4319 955 4376 Dominum
981 4319 1321 4376 exercituum
1350 4319 1654 4387 benedixit,
1676 4319 1885 4376 Eodem

1989 1859 2272 1926 Ricardus,
2305 1865 2362 1914 et
2400 1855 2514 1911 ﬁlia
2562 1855 2706 1932 regis
2765 1862 2819 1910 et
2877 1855 3061 1925 neptis
3095 1857 3164 1891 ⁵⁵³
3194 1871 3414 1913 necnon
3445 1857 3602 1913 multi

1989 1963 2270 2022 proceres,
2303 1944 2556 2017 dapiferi,
2617 1943 2925 2011 camerarii,
2949 1943 3042 1999 die
3081 1943 3399 2002 festivitatis
3421 1956 3609 2004 sancte

1988 2037 2238 2093 Caterine
2268 2032 2576 2107 naufragati
2599 2040 2745 2086 sunt.

2063 2154 2150 2210 Sic
2173 2166 2325 2208 mare
2352 2151 2481 2206 dum
2501 2161 2766 2219 superans
2785 2147 3037 2202 tabulata
3056 2163 3162 2218 per
3190 2150 3386 2205 ultima
3411 2154 3607 2222 serpit,

2131 2249 2328 2317 Mergit
2372 2261 2493 2312 rege
2517 2247 2682 2310 satos,
2713 2243 2907 2298 occidit
2925 2243 3073 2298 orbis
3102 2242 3266 2298 honos
3286 2245 3454 2316 (571.)

2346 2358 2506 2413 1121.
2726 2355 2814 2410 15.
3034 2354 3122 2410 12.
3339 2355 3430 2413 21.

2062 2452 2178 2507 Rex
2229 2448 2524 2524 Anglorum
2567 2445 2832 2500 Henricus
2883 2443 2954 2500 ad
3006 2443 3186 2498 natale
3240 2444 3456 2500 Domini
3503 2445 3609 2502 fuit

1992 2545 2139 2619 apud
2164 2544 2444 2599 Brantune
2474 2555 2598 2596 eum
2628 2539 2869 2594 Tebaldo
2891 2537 3091 2594 comite
3126 2538 3368 2592 Blesensi
3403 2545 3608 2611 nepote

1985 2629 2113 2696 suo.
2147 2637 2209 2694 Et
2231 2642 2354 2708 post
2401 2636 2504 2690 hec
2549 2633 2692 2704 apud
2716 2631 3092 2688 Windlesores
3149 2631 3304 2686 duxit
3359 2632 3506 2686 Aeliz
3537 2631 3609 2686 ii-

1993 2729 2122 2784 liam
2149 2727 2304 2782 ducis
2332 2724 2590 2791 Lovanic,
2641 2738 2807 2778 causa
2859 2720 3048 2792 probis
3100 2727 3156 2776 et
3195 2719 3604 2790 pulcritudinis.

1997 2817 2132 2873 Cum
2157 2825 2339 2872 autem
2373 2831 2466 2869 rex
2499 2813 2568 2868 ad
2617 2812 2823 2884 pascha
2878 2810 3071 2866 fuisset
3119 2809 3265 2882 apud
3289 2811 3604 2878 Berchelea,

1993 2915 2064 2970 ad
2094 2919 2452 2986 pentecosten
2471 2909 2572 2965 fuit
2591 2909 2941 2964 diadematus
2967 2923 3091 2962 cum
3115 2907 3307 2978 regina
3335 2923 3434 2963 sua
3465 2923 3608 2964 nova

1993 3004 2142 3074 apud
2168 3001 2527 3058 Londoniam.
2555 3001 2614 3054 In
2642 3001 2832 3054 estate~
2847 3013 2976 3054 vero
3017 2997 3148 3053 dum
3203 2997 3458 3054 tenderet
3481 3013 3606 3054 cum

1995 3197 2098 3256 tes,
2121 3188 2427 3245 secundum
2461 3184 2943 3262 magniﬁcenciam
2963 3184 3157 3242 libitns
3173 3184 3259 3241 sui
3290 3184 3611 3242 concordati

1992 3289 2123 3337 sunt
2155 3281 2228 3336 ei.

2209 3367 2368 3426 1122.
2626 3367 2711 3421 16.
2967 3367 3057 3421 13.
3311 3366 3402 3420 22.

2065 3463 2254 3534 (Hum.
2309 3462 2430 3530 vn.)
2490 3458 2758 3514 Henricus
2797 3475 2891 3514 rex
2939 3457 3040 3514 fuit
3094 3457 3164 3512 ad
3222 3457 3404 3513 natale
3457 3459 3607 3528 apud
3669 3493 3684 3505 ο

1994 3550 2267 3617 Nordwic,
2301 3556 2357 3604 et
2399 3548 2467 3602 ad
2520 3547 2726 3618 pascba
2773 3547 2922 3618 apud
2975 3546 3396 3614 Nordhantune,
3438 3553 3494 3602 et
3535 3547 3606 3602 ad

1993 3649 2354 3715 pentecosten
2370 3641 2520 3713 apud
2549 3640 2950 3706 Winleshores,
2983 3640 3114 3694 inde
3139 3639 3210 3694 ad
3264 3638 3605 3694 Londoniam

1988 3741 2042 3790 et
2073 3733 2276 3800 Client;
2311 3740 2508 3803 postea
2541 3747 2672 3787 vero
2693 3731 2935 3803 perrexit
2964 3731 3020 3785 in
3079 3729 3600 3786 Nordhumbreland

1989 3823 2058 3878 ad
2088 3821 2456 3877 Dunelmiam.
2491 3819 2635 3876 Obiit
2689 3817 2960 3876 Rodulfus
2981 3818 3396 3875 Cantuariensis
3424 3819 3610 3876 archi-

1989 3914 2306 3986 episcOpus,
2336 3921 2392 3968 et
2417 3911 2698 3968 Iohannes
2728 3912 2976 3968 Batensis
3001 3911 3320 3984 episcopus.

2095 4024 2251 4082 1123.
2546 4024 2632 4078 17.
2926 4023 3014 4079 14.
3265 4023 3360 4080 23.

2063 4138 2183 4208 (1b.)
2211 4136 2323 4191 Rex
2352 4134 2651 4208 Anglorum
2674 4133 2939 4191 Henricus
2991 4133 3094 4190 fuit
3136 4135 3206 4190 ad
3237 4135 3419 4191 natale
3449 4135 3601 4208 apud

1989 4227 2310 4298 Dunstaple,
2349 4235 2405 4282 et
2431 4227 2560 4282 inde
2604 4227 2932 4298 perrexitad
2962 4227 3440 4283 Berchamestede.
3468 4227 3605 4284 Inde

1988 4321 2083 4377 ivit
2103 4337 2198 4376 rex
2223 4319 2293 4375 ad
2311 4319 2608 4389 Vudestoc,
2649 4319 2719 4374 ad
2771 4319 2954 4376 locum
3001 4319 3275 4392 insignem
3304 4319 3400 4374 ubi
3424 4319 3596 4375 coha-

263 4427 412 4468 anno
438 4428 583 4484 papa
611 4411 1050 4486 Gelasiusobiit,
1082 4419 1246 4468 antea
1275 4411 1560 4469 Iohannes
1581 4412 1886 4468 Gaditanus
1905 4392 1963 4461 D
1986 4412 2311 4468 bitationem
2358 4411 2645 4467 hominum
2691 4420 2745 4466 et
2824 4410 3065 4466 ferarum
3119 4411 3346 4466 fecerat.
3405 4409 3600 4482 Ibique

1621 4541 1842 4597 VARUE
1867 4541 2250 4598 LECTIONES.

335 4640 415 4714 55$
443 4647 721 4714 creantur.
746 4639 1078 4714 ~Guillelmus
1099 4657 1164 4698 ex
1195 4641 1450 4714 conjuge,
1485 4649 1539 4698 et
1569 4642 1873 4698 Richardus
1903 4658 1970 4698 ex
1987 4642 2318 4708 concubina,
2351 4649 2406 4699 et
2437 4641 2548 4698 ﬁlia
2595 4641 2718 4710 ejus
2757 4656 2822 4696 ex
2845 4640 3177 4710 concubina,
3211 4654 3348 4698 uxor
3377 4640 3602 4700 comitis

271 4711 496 4780 Pertici,
524 4720 580 4768 et
606 4712 791 4784 neptis
815 4712 956 4784 ejus,
982 4728 1120 4769 uxor
1151 4711 1630 4783 comitisCestrie,
1660 4729 1877 4770 necnon
1909 4715 2066 4770 multi
2101 4715 2334 4770 habet2.

1849 4815 2055 4871 ΝΟΤᾹΞ.

339 4912 482 4988 (571)
504 4911 808 4988 Adjicimus
830 4928 1080 4988 carmen,
1108 4913 1404 4988 ineditum,
1421 4925 1685 4988 quantum
1699 4917 1890 4983 sciam,

265 4984 576 5054 quodinter
587 4983 696 5038 alia
707 4985 1201 5042 carminaMarbodi
1214 4983 1892 5054 Redonehsileildeberti

265 5055 525 5124 aliorum,
558 5054 762 5130 legitur
790 5056 846 5110 in
877 5057 1069 5112 codice
1089 5057 1426 5114 Bruxellensi
1454 5061 1616 5129 8883,
1631 5077 1759 5117 saec.
1790 5078 1888 5117 xu.

261 5197 582 5270 Submersos
615 5201 840 5268 equites,
869 5200 1202 5256 submersum
1227 5203 1372 5270 regis
1395 5203 1672 5260 alumnum

341 5269 558 5336 Anglia
580 5272 704 5338 ﬂet;
732 5272 964 5326 multum
992 5269 1299 5327 nobilitatis
1333 5273 1464 5328 obit.

278 5340 399 5394 Vita
417 5341 607 5410 jocosa
632 5344 778 5411 perit
797 5343 1083 5412 juvenum,
1119 5349 1336 5398 matura
1366 5348 1629 5400 uirorum.

341 5413 507 5468 Casta
530 5413 878 5482 puellarum:
909 5419 984 5470 tot
1015 5418 1179 5470 simul
1199 5416 1359 5470 unda.
1373 5421 1546 5471 necat.

267 5485 444 5538 Filius
465 5483 552 5538 hic
581 5487 728 5553 regis
765 5486 1130 5555 submergitur
1153 5489 1349 5542 unicus
1370 5488 1477 5553 illi,

344 5555 516 5610 Unica
540 5570 662 5626 spes
687 5560 862 5624 regni,
895 5559 1068 5614 luctus
1105 5563 1331 5628 uterque
1360 5560 1566 5627 gravis.

269 5628 393 5700 Non
420 5641 583 5700 super
611 5628 753 5682 hunc
779 5631 1051 5698 ﬂeuit,nec
1084 5631 1292 5684 lumina
1319 5631 1516 5686 clausit
1541 5633 1764 5700 amicus,

345 5698 637 5766 Con/ertur
659 5715 863 5771 pompa
883 5716 974 5757 nec
1004 5702 1304 5758 tumulatur
1332 5703 1508 5758 humo.

2001 4919 2249 4973 Ventrem
2273 4919 2443 4986 piscis
2469 4916 2633 4990 habet
2641 4916 2904 4971 tumulum
2921 4931 3020 4986 pro
3047 4931 3344 4986 marmore;
3353 4907 3612 4990 planctus

2069 4990 2315 5042 Murmur
2344 5003 2520 5058 aqum,
2547 4988 2732 5056 pelagi
2756 4990 2895 5056 fetor
2919 5005 3108 5044 aroma
3119 4991 3250 5057 fuit.

1995 5063 2139 5117 Mors
2173 5060 2404 5126 indgina
2425 5062 2556 5126 ferit
2577 5059 2803 5128 dignum
2841 5061 2964 5130 plus
2994 5064 3186 5116 uiue-re.
3221 5063 3466 5131 Mortem,

2069 5135 2204 5186 Dum
2233 5146 2436 5185 mecum
2465 5132 2654 5196 recolo,
2687 5133 2768 5186 nil
2796 5134 2911 5187 nisi
2929 5135 3053 5202 [lere
3069 5133 3252 5202 juvat;

1995 5206 2095 5258 Est
2121 5218 2392 5257 commune
2423 5205 2582 5269 mori,
2614 5205 2757 5260 Mors
2787 5205 2930 5258 nulli
2949 5206 3134 5274 parcit
3160 5204 3350 5258 honori
3379 5221 3394 5270 ;

2071 5276 2208 5329 Mors
2246 5277 2459 5330 estvita
2496 5277 2628 5346 piis,
2655 5292 2817 5345 poena
2841 5277 3046 5330 diurna
3075 5276 3256 5330 malis.

1993 5347 2196 5402 Ibimus
2227 5351 2424 5416 absque
2451 5345 2622 5410 mora,
2652 5349 2744 5402 sed
2774 5363 2887 5417 qua
2913 5348 3174 5402 nescimus
3203 5349 3260 5400 in
3288 5345 3424 5402 hora
3448 5363 3464 5412 ;

2059 5421 2158 5474 Est
2183 5421 2312 5488 quia
2348 5420 2462 5472 vita
2485 5420 2681 5486 brevis,
2711 5422 2885 5488 ﬂuxa,
2914 5419 3140 5478 caduca,
3171 5417 3324 5473 levis.

1989 5493 2121 5545 Ecce
2143 5492 2278 5544 satis
2290 5505 2487 5544 scamus
2515 5491 2658 5558 quod
2684 5508 2793 5546 non
2821 5491 3042 5545 evadere
3059 5493 3274 5559 quimus
3307 5506 3320 5543 :

2061 5562 2165 5617 Sed
2200 5564 2318 5630 quis
2348 5565 2450 5616 erit
2473 5563 2601 5626 ﬁnis
2635 5560 2664 5614 ?
2682 5564 2878 5617 vermis
2903 5566 2951 5617 et
2979 5563 3106 5618 inde
3129 5562 3283 5617 cinis.

1993 5635 2092 5688 Hic
2115 5635 2278 5700 fortis
2301 5635 2454 5690 miles
2483 5635 2655 5688 nituit
2693 5636 2826 5689 satis
2854 5637 2994 5689 inter
3021 5635 3233 5690 heriles.

2064 5707 2308 5760 Mortuus
2337 5709 2448 5776 ipse
2473 5711 2652 5760 tamen
2665 5721 2798 5776 pace
2823 5708 3081 5776 quiescat.
3114 5708 3306 5765 Amen.
