  <div class='ocr_page' id='page_1' title='image "/cluster/home/n/w/nwhite01/storage/ocr_20150623/160/hvd.32044054760186/225.png"; bbox 0 0 3930 6068; ppageno 0'>
   <div class='ocr_carea' id='block_1_1' title="bbox 361 246 469 304">
    <p class='ocr_par' dir='ltr' id='par_1_1' title="bbox 361 246 469 304">
     <span class='ocr_line' id='line_1_1' title="bbox 361 246 469 304; baseline -0.019 0"><span class='ocrx_word' id='word_1_1' title='bbox 361 246 469 304; x_wconf 67' lang='grc'>439</span> 
     </span>
    </p>
   </div>
   <div class='ocr_carea' id='block_1_2' title="bbox 510 390 1835 435">
    <p class='ocr_par' dir='ltr' id='par_1_2' title="bbox 510 390 1835 435">
     <span class='ocr_line' id='line_1_2' title="bbox 510 390 1835 435; baseline -0.002 0"><span class='ocrx_word' id='word_1_2' title='bbox 510 390 869 435; x_wconf 64' lang='grc' dir='ltr'>ἉΟΙΔΝΟΒΟΜ.</span> <span class='ocrx_word' id='word_1_3' title='bbox 1018 391 1362 435; x_wconf 72' lang='lat' dir='ltr'>FRANCORUI.</span> <span class='ocrx_word' id='word_1_4' title='bbox 1530 393 1835 435; x_wconf 69' lang='lat' dir='ltr'>ANGLORUM.</span> 
     </span>
    </p>
   </div>
   <div class='ocr_carea' id='block_1_3' title="bbox 366 465 1959 539">
    <p class='ocr_par' dir='ltr' id='par_1_3' title="bbox 366 465 1959 539">
     <span class='ocr_line' id='line_1_3' title="bbox 366 465 1959 539; baseline 0 -15"><span class='ocrx_word' id='word_1_5' title='bbox 366 467 640 526; x_wconf 80' lang='lat' dir='ltr'>Robertus</span> <span class='ocrx_word' id='word_1_6' title='bbox 678 465 1360 539; x_wconf 88' lang='lat' dir='ltr'>Lincoliensisepiscopus</span> <span class='ocrx_word' id='word_1_7' title='bbox 1394 467 1589 523; x_wconf 80' lang='lat' dir='ltr'>clausit</span> <span class='ocrx_word' id='word_1_8' title='bbox 1641 467 1788 523; x_wconf 89' lang='lat' dir='ltr'>diem</span> <span class='ocrx_word' id='word_1_9' title='bbox 1845 468 1959 524; x_wconf 89' lang='lat' dir='ltr'>ulti-</span> 
     </span>
    </p>
   </div>
   <div class='ocr_carea' id='block_1_4' title="bbox 364 556 839 614">
    <p class='ocr_par' dir='ltr' id='par_1_4' title="bbox 364 556 839 614">
     <span class='ocr_line' id='line_1_4' title="bbox 364 556 839 614; baseline 0 0"><span class='ocrx_word' id='word_1_10' title='bbox 364 573 534 614; x_wconf 82' lang='lat' dir='ltr'>mum.</span> <span class='ocrx_word' id='word_1_11' title='bbox 571 556 747 614; x_wconf 90' lang='lat' dir='ltr'>Unde.</span> <span class='ocrx_word' id='word_1_12' title='bbox 832 600 839 605; x_wconf 77' lang='lat'>.</span> 
     </span>
    </p>
   </div>
   <div class='ocr_carea' id='block_1_5' title="bbox 432 648 1956 719">
    <p class='ocr_par' dir='ltr' id='par_1_5' title="bbox 432 648 1956 719">
     <span class='ocr_line' id='line_1_5' title="bbox 432 648 1956 719; baseline -0.001 -15"><span class='ocrx_word' id='word_1_13' title='bbox 432 650 753 719; x_wconf 78' lang='lat' dir='ltr'>Pontiﬁcum</span> <span class='ocrx_word' id='word_1_14' title='bbox 784 649 1036 705; x_wconf 79' lang='lat' dir='ltr'>Robertus</span> <span class='ocrx_word' id='word_1_15' title='bbox 1061 649 1247 710; x_wconf 81' lang='lat' dir='ltr'>honor,</span> <span class='ocrx_word' id='word_1_16' title='bbox 1278 662 1432 718; x_wconf 84' lang='lat' dir='ltr'>quem</span> <span class='ocrx_word' id='word_1_17' title='bbox 1456 648 1616 715; x_wconf 83' lang='lat' dir='ltr'>fama</span> <span class='ocrx_word' id='word_1_18' title='bbox 1644 652 1956 719; x_wconf 74' lang='lat' dir='ltr'>superstes.’</span> 
     </span>
    </p>
   </div>
   <div class='ocr_carea' id='block_1_6' title="bbox 500 738 1615 811">
    <p class='ocr_par' dir='ltr' id='par_1_6' title="bbox 500 738 1615 811">
     <span class='ocr_line' id='line_1_6' title="bbox 500 738 1615 811; baseline 0 -17"><span class='ocrx_word' id='word_1_19' title='bbox 500 741 825 811; x_wconf 73' lang='lat' dir='ltr'>Perpetuam</span> <span class='ocrx_word' id='word_1_20' title='bbox 860 740 1038 807; x_wconf 77' lang='lat' dir='ltr'>dabit,</span> <span class='ocrx_word' id='word_1_21' title='bbox 1070 755 1178 795; x_wconf 84' lang='lat' dir='ltr'>non</span> <span class='ocrx_word' id='word_1_22' title='bbox 1204 738 1452 794; x_wconf 74' lang='lat' dir='ltr'>obiturus</span> <span class='ocrx_word' id='word_1_23' title='bbox 1479 739 1615 794; x_wconf 80' lang='lat' dir='ltr'>obit.</span> 
     </span>
    </p>
   </div>
   <div class='ocr_carea' id='block_1_7' title="bbox 430 827 1688 885">
    <p class='ocr_par' dir='ltr' id='par_1_7' title="bbox 430 827 1688 885">
     <span class='ocr_line' id='line_1_7' title="bbox 430 827 1688 885; baseline -0.002 0"><span class='ocrx_word' id='word_1_24' title='bbox 430 829 724 885; x_wconf 78' lang='lat' dir='ltr'>Undecima</span> <span class='ocrx_word' id='word_1_25' title='bbox 756 831 888 885; x_wconf 82' lang='lat' dir='ltr'>Iani</span> <span class='ocrx_word' id='word_1_26' title='bbox 915 829 1188 885; x_wconf 80' lang='lat' dir='ltr'>mendacis</span> <span class='ocrx_word' id='word_1_27' title='bbox 1200 830 1411 884; x_wconf 79' lang='lat' dir='ltr'>somnia</span> <span class='ocrx_word' id='word_1_28' title='bbox 1424 827 1688 883; x_wconf 81' lang='lat' dir='ltr'>mundum</span> 
     </span>
    </p>
   </div>
   <div class='ocr_carea' id='block_1_8' title="bbox 499 921 1648 995">
    <p class='ocr_par' dir='ltr' id='par_1_8' title="bbox 499 921 1648 995">
     <span class='ocr_line' id='line_1_8' title="bbox 499 921 1648 995; baseline -0.005 -16"><span class='ocrx_word' id='word_1_29' title='bbox 499 924 707 995; x_wconf 79' lang='lat' dir='ltr'>Liquit,</span> <span class='ocrx_word' id='word_1_30' title='bbox 738 927 789 980; x_wconf 86' lang='lat' dir='ltr'>et</span> <span class='ocrx_word' id='word_1_31' title='bbox 805 924 1071 993; x_wconf 78' lang='lat' dir='ltr'>euigilans</span> <span class='ocrx_word' id='word_1_32' title='bbox 1097 937 1228 979; x_wconf 80' lang='lat' dir='ltr'>vera</span> <span class='ocrx_word' id='word_1_33' title='bbox 1243 922 1512 992; x_wconf 81' lang='lat' dir='ltr'>perhenne</span> <span class='ocrx_word' id='word_1_34' title='bbox 1535 921 1648 975; x_wconf 84' lang='lat' dir='ltr'>via.</span> 
     </span>
    </p>
   </div>
   <div class='ocr_carea' id='block_1_9' title="bbox 430 1010 1970 1085">
    <p class='ocr_par' dir='ltr' id='par_1_9' title="bbox 430 1010 1970 1085">
     <span class='ocr_line' id='line_1_9' title="bbox 430 1010 1970 1085; baseline -0.003 -16"><span class='ocrx_word' id='word_1_35' title='bbox 430 1013 624 1070; x_wconf 85' lang='lat' dir='ltr'>Postea</span> <span class='ocrx_word' id='word_1_36' title='bbox 674 1030 800 1071; x_wconf 82' lang='lat' dir='ltr'>vero</span> <span class='ocrx_word' id='word_1_37' title='bbox 844 1014 912 1069; x_wconf 91' lang='lat' dir='ltr'>ad</span> <span class='ocrx_word' id='word_1_38' title='bbox 972 1014 1169 1070; x_wconf 88' lang='lat' dir='ltr'>festum</span> <span class='ocrx_word' id='word_1_39' title='bbox 1221 1012 1621 1085; x_wconf 80' lang='lat' dir='ltr'>purificationis</span> <span class='ocrx_word' id='word_1_40' title='bbox 1676 1010 1831 1066; x_wconf 87' lang='lat' dir='ltr'>dedit</span> <span class='ocrx_word' id='word_1_41' title='bbox 1876 1028 1970 1066; x_wconf 85' lang='lat' dir='ltr'>rex</span> 
     </span>
    </p>
   </div>
   <div class='ocr_carea' id='block_1_10' title="bbox 361 1099 1967 1176">
    <p class='ocr_par' dir='ltr' id='par_1_10' title="bbox 361 1099 1967 1176">
     <span class='ocr_line' id='line_1_10' title="bbox 361 1099 1967 1176; baseline -0.004 -17"><span class='ocrx_word' id='word_1_42' title='bbox 361 1103 894 1176; x_wconf 82' lang='lat' dir='ltr'>archiepiscOpatum</span> <span class='ocrx_word' id='word_1_43' title='bbox 925 1103 1216 1159; x_wconf 83' lang='lat' dir='ltr'>Cantuarie</span> <span class='ocrx_word' id='word_1_44' title='bbox 1279 1102 1566 1157; x_wconf 87' lang='lat' dir='ltr'>Willermo</span> <span class='ocrx_word' id='word_1_45' title='bbox 1625 1099 1695 1155; x_wconf 90' lang='lat' dir='ltr'>de</span> <span class='ocrx_word' id='word_1_46' title='bbox 1724 1099 1967 1166; x_wconf 88' lang='lat' dir='ltr'>Curbull,</span> 
     </span>
    </p>
   </div>
   <div class='ocr_carea' id='block_1_11' title="bbox 359 1189 1969 1265">
    <p class='ocr_par' dir='ltr' id='par_1_11' title="bbox 359 1189 1969 1265">
     <span class='ocr_line' id='line_1_11' title="bbox 359 1189 1969 1265; baseline -0.004 -16"><span class='ocrx_word' id='word_1_47' title='bbox 359 1193 455 1265; x_wconf 90' lang='lat' dir='ltr'>qui</span> <span class='ocrx_word' id='word_1_48' title='bbox 477 1192 652 1249; x_wconf 86' lang='lat' dir='ltr'>fuerat</span> <span class='ocrx_word' id='word_1_49' title='bbox 675 1191 828 1265; x_wconf 87' lang='lat' dir='ltr'>prior</span> <span class='ocrx_word' id='word_1_50' title='bbox 846 1191 992 1265; x_wconf 89' lang='lat' dir='ltr'>apud</span> <span class='ocrx_word' id='word_1_51' title='bbox 1043 1192 1271 1263; x_wconf 83' lang='lat' dir='ltr'>Chycce.</span> <span class='ocrx_word' id='word_1_52' title='bbox 1310 1191 1388 1245; x_wconf 88' lang='lat' dir='ltr'>Ad</span> <span class='ocrx_word' id='word_1_53' title='bbox 1435 1190 1639 1261; x_wconf 86' lang='lat' dir='ltr'>pascha</span> <span class='ocrx_word' id='word_1_54' title='bbox 1666 1204 1798 1246; x_wconf 92' lang='lat' dir='ltr'>vero</span> <span class='ocrx_word' id='word_1_55' title='bbox 1822 1189 1969 1260; x_wconf 88' lang='lat' dir='ltr'>apud</span> 
     </span>
    </p>
   </div>
   <div class='ocr_carea' id='block_1_12' title="bbox 360 1285 1967 1359">
    <p class='ocr_par' dir='ltr' id='par_1_12' title="bbox 360 1285 1967 1359">
     <span class='ocr_line' id='line_1_12' title="bbox 360 1285 1967 1359; baseline -0.002 -15"><span class='ocrx_word' id='word_1_56' title='bbox 360 1289 663 1344; x_wconf 86' lang='lat' dir='ltr'>Wincestre</span> <span class='ocrx_word' id='word_1_57' title='bbox 737 1287 893 1344; x_wconf 85' lang='lat' dir='ltr'>dedit</span> <span class='ocrx_word' id='word_1_58' title='bbox 938 1287 1317 1359; x_wconf 93' lang='lat' dir='ltr'>episcopatum</span> <span class='ocrx_word' id='word_1_59' title='bbox 1366 1285 1608 1341; x_wconf 91' lang='lat' dir='ltr'>Lincolie</span> <span class='ocrx_word' id='word_1_60' title='bbox 1661 1285 1967 1340; x_wconf 85' lang='lat' dir='ltr'>Alexandro</span> 
     </span>
    </p>
   </div>
   <div class='ocr_carea' id='block_1_13' title="bbox 359 1375 1969 1452">
    <p class='ocr_par' dir='ltr' id='par_1_13' title="bbox 359 1375 1969 1452">
     <span class='ocr_line' id='line_1_13' title="bbox 359 1375 1969 1452; baseline -0.003 -17"><span class='ocrx_word' id='word_1_61' title='bbox 359 1379 664 1435; x_wconf 85' lang='lat' dir='ltr'>venerabili</span> <span class='ocrx_word' id='word_1_62' title='bbox 687 1378 803 1435; x_wconf 90' lang='lat' dir='ltr'>viro</span> <span class='ocrx_word' id='word_1_63' title='bbox 846 1378 940 1450; x_wconf 89' lang='lat' dir='ltr'>qui</span> <span class='ocrx_word' id='word_1_64' title='bbox 969 1392 1144 1449; x_wconf 86' lang='lat' dir='ltr'>nepos</span> <span class='ocrx_word' id='word_1_65' title='bbox 1183 1384 1267 1433; x_wconf 83' lang='lat' dir='ltr'>est</span> <span class='ocrx_word' id='word_1_66' title='bbox 1292 1376 1509 1452; x_wconf 78' lang='lat' dir='ltr'>Rogerii</span> <span class='ocrx_word' id='word_1_67' title='bbox 1542 1375 1969 1431; x_wconf 88' lang='lat' dir='ltr'>Salesberiensis</span> 
     </span>
    </p>
   </div>
   <div class='ocr_carea' id='block_1_14' title="bbox 359 1468 1964 1545">
    <p class='ocr_par' dir='ltr' id='par_1_14' title="bbox 359 1468 1964 1545">
     <span class='ocr_line' id='line_1_14' title="bbox 359 1468 1964 1545; baseline -0.003 -17"><span class='ocrx_word' id='word_1_68' title='bbox 359 1472 627 1545; x_wconf 88' lang='lat' dir='ltr'>episcopi.</span> <span class='ocrx_word' id='word_1_69' title='bbox 657 1471 817 1529; x_wconf 86' lang='lat' dir='ltr'>Dedit</span> <span class='ocrx_word' id='word_1_70' title='bbox 840 1471 1006 1526; x_wconf 91' lang='lat' dir='ltr'>etiam</span> <span class='ocrx_word' id='word_1_71' title='bbox 1039 1485 1135 1524; x_wconf 85' lang='lat' dir='ltr'>rex</span> <span class='ocrx_word' id='word_1_72' title='bbox 1187 1469 1563 1541; x_wconf 79' lang='lat' dir='ltr'>episcopatum</span> <span class='ocrx_word' id='word_1_73' title='bbox 1591 1469 1760 1524; x_wconf 88' lang='lat' dir='ltr'>Bathe</span> <span class='ocrx_word' id='word_1_74' title='bbox 1780 1468 1964 1524; x_wconf 86' lang='lat' dir='ltr'>Gede-</span> 
     </span>
    </p>
   </div>
   <div class='ocr_carea' id='block_1_15' title="bbox 356 1559 1960 1632">
    <p class='ocr_par' dir='ltr' id='par_1_15' title="bbox 356 1559 1960 1632">
     <span class='ocr_line' id='line_1_15' title="bbox 356 1559 1960 1632; baseline -0.002 -15"><span class='ocrx_word' id='word_1_75' title='bbox 356 1562 499 1618; x_wconf 89' lang='lat' dir='ltr'>frido</span> <span class='ocrx_word' id='word_1_76' title='bbox 542 1561 873 1618; x_wconf 89' lang='lat' dir='ltr'>cancellario</span> <span class='ocrx_word' id='word_1_77' title='bbox 923 1559 1141 1632; x_wconf 90' lang='lat' dir='ltr'>regine.</span> <span class='ocrx_word' id='word_1_78' title='bbox 1181 1560 1357 1631; x_wconf 89' lang='lat' dir='ltr'>Atque</span> <span class='ocrx_word' id='word_1_79' title='bbox 1401 1559 1546 1615; x_wconf 86' lang='lat' dir='ltr'>circa</span> <span class='ocrx_word' id='word_1_80' title='bbox 1598 1567 1960 1630; x_wconf 89' lang='lat' dir='ltr'>pentecosten</span> 
     </span>
    </p>
   </div>
   <div class='ocr_carea' id='block_1_16' title="bbox 356 1651 2042 1757">
    <p class='ocr_par' dir='ltr' id='par_1_16' title="bbox 356 1651 2042 1757">
     <span class='ocr_line' id='line_1_16' title="bbox 356 1651 2042 1757; baseline -0.002 -47"><span class='ocrx_word' id='word_1_81' title='bbox 356 1671 505 1711; x_wconf 89' lang='lat' dir='ltr'>mare</span> <span class='ocrx_word' id='word_1_82' title='bbox 539 1654 773 1711; x_wconf 84' lang='lat' dir='ltr'>transiit.</span> <span class='ocrx_word' id='word_1_83' title='bbox 808 1652 1010 1709; x_wconf 85' lang='lat' dir='ltr'>Eodem</span> <span class='ocrx_word' id='word_1_84' title='bbox 1040 1667 1187 1707; x_wconf 89' lang='lat' dir='ltr'>anno</span> <span class='ocrx_word' id='word_1_85' title='bbox 1215 1652 1365 1754; x_wconf 84' lang='lat' dir='ltr'>Auge</span> <span class='ocrx_word' id='word_1_86' title='bbox 1379 1652 1448 1706; x_wconf 92' lang='lat' dir='ltr'>de</span> <span class='ocrx_word' id='word_1_87' title='bbox 1479 1652 1734 1708; x_wconf 79' lang='lat' dir='ltr'>Montfort</span> <span class='ocrx_word' id='word_1_88' title='bbox 1780 1651 1965 1723; x_wconf 87' lang='lat' dir='ltr'>perfe-</span> <span class='ocrx_word' id='word_1_89' title='bbox 1992 1689 2042 1757; x_wconf 78' lang='grc' dir='ltr'><strong>Β</strong></span> 
     </span>
    </p>
   </div>
   <div class='ocr_carea' id='block_1_17' title="bbox 355 1743 1962 1818">
    <p class='ocr_par' dir='ltr' id='par_1_17' title="bbox 355 1743 1962 1818">
     <span class='ocr_line' id='line_1_17' title="bbox 355 1743 1962 1818; baseline -0.001 -17"><span class='ocrx_word' id='word_1_90' title='bbox 355 1751 504 1802; x_wconf 88' lang='lat' dir='ltr'>cerat</span> <span class='ocrx_word' id='word_1_91' title='bbox 555 1744 835 1818; x_wconf 89' lang='lat' dir='ltr'>quoddam</span> <span class='ocrx_word' id='word_1_92' title='bbox 876 1744 1167 1800; x_wconf 85' lang='lat' dir='ltr'>castellum</span> <span class='ocrx_word' id='word_1_93' title='bbox 1220 1743 1620 1800; x_wconf 89' lang='lat' dir='ltr'>validissimum</span> <span class='ocrx_word' id='word_1_94' title='bbox 1665 1745 1722 1799; x_wconf 91' lang='lat' dir='ltr'>in</span> <span class='ocrx_word' id='word_1_95' title='bbox 1764 1745 1962 1801; x_wconf 84' lang='lat' dir='ltr'>eodem</span> 
     </span>
    </p>
   </div>
   <div class='ocr_carea' id='block_1_18' title="bbox 352 1836 1965 1910">
    <p class='ocr_par' dir='ltr' id='par_1_18' title="bbox 352 1836 1965 1910">
     <span class='ocr_line' id='line_1_18' title="bbox 352 1836 1965 1910; baseline 0 -19"><span class='ocrx_word' id='word_1_96' title='bbox 352 1836 495 1903; x_wconf 90' lang='lat' dir='ltr'>loco,</span> <span class='ocrx_word' id='word_1_97' title='bbox 527 1837 678 1909; x_wconf 88' lang='lat' dir='ltr'>quod</span> <span class='ocrx_word' id='word_1_98' title='bbox 708 1851 834 1892; x_wconf 90' lang='lat' dir='ltr'>cum</span> <span class='ocrx_word' id='word_1_99' title='bbox 864 1852 956 1891; x_wconf 86' lang='lat' dir='ltr'>rex</span> <span class='ocrx_word' id='word_1_100' title='bbox 990 1836 1374 1910; x_wconf 78' lang='lat' dir='ltr'>interrogaret,</span> <span class='ocrx_word' id='word_1_101' title='bbox 1400 1836 1579 1891; x_wconf 90' lang='lat' dir='ltr'>noluit</span> <span class='ocrx_word' id='word_1_102' title='bbox 1599 1836 1729 1891; x_wconf 88' lang='lat' dir='ltr'>dare</span> <span class='ocrx_word' id='word_1_103' title='bbox 1752 1838 1965 1893; x_wconf 89' lang='lat' dir='ltr'>monitu</span> 
     </span>
    </p>
   </div>
   <div class='ocr_carea' id='block_1_19' title="bbox 351 1923 1962 1997">
    <p class='ocr_par' dir='ltr' id='par_1_19' title="bbox 351 1923 1962 1997">
     <span class='ocr_line' id='line_1_19' title="bbox 351 1923 1962 1997; baseline 0 -17"><span class='ocrx_word' id='word_1_104' title='bbox 351 1925 538 1982; x_wconf 82' lang='lat' dir='ltr'>uxoris</span> <span class='ocrx_word' id='word_1_105' title='bbox 563 1940 685 1989; x_wconf 90' lang='lat' dir='ltr'>sue,</span> <span class='ocrx_word' id='word_1_106' title='bbox 742 1923 948 1979; x_wconf 88' lang='lat' dir='ltr'>sororis</span> <span class='ocrx_word' id='word_1_107' title='bbox 986 1923 1277 1979; x_wconf 86' lang='lat' dir='ltr'>Galerandi</span> <span class='ocrx_word' id='word_1_108' title='bbox 1331 1923 1549 1978; x_wconf 88' lang='lat' dir='ltr'>comitis</span> <span class='ocrx_word' id='word_1_109' title='bbox 1591 1923 1836 1992; x_wconf 83' lang='lat' dir='ltr'>Mellent,</span> <span class='ocrx_word' id='word_1_110' title='bbox 1869 1924 1962 1997; x_wconf 91' lang='lat' dir='ltr'>qui</span> 
     </span>
    </p>
   </div>
   <div class='ocr_carea' id='block_1_20' title="bbox 346 2011 1966 2086">
    <p class='ocr_par' dir='ltr' id='par_1_20' title="bbox 346 2011 1966 2086">
     <span class='ocr_line' id='line_1_20' title="bbox 346 2011 1966 2086; baseline 0.001 -18"><span class='ocrx_word' id='word_1_111' title='bbox 346 2012 461 2082; x_wconf 89' lang='lat' dir='ltr'>jam</span> <span class='ocrx_word' id='word_1_112' title='bbox 483 2013 758 2069; x_wconf 86' lang='lat' dir='ltr'>discordia</span> <span class='ocrx_word' id='word_1_113' title='bbox 822 2012 1105 2084; x_wconf 89' lang='lat' dir='ltr'>propalata</span> <span class='ocrx_word' id='word_1_114' title='bbox 1143 2028 1174 2066; x_wconf 89' lang='lat' dir='ltr'>a</span> <span class='ocrx_word' id='word_1_115' title='bbox 1231 2026 1360 2086; x_wconf 87' lang='lat' dir='ltr'>rege</span> <span class='ocrx_word' id='word_1_116' title='bbox 1412 2011 1769 2070; x_wconf 86' lang='lat' dir='ltr'>discesserat.</span> <span class='ocrx_word' id='word_1_117' title='bbox 1809 2015 1966 2079; x_wconf 85' lang='lat' dir='ltr'>Quod</span> 
     </span>
    </p>
   </div>
   <div class='ocr_carea' id='block_1_21' title="bbox 350 2103 1962 2176">
    <p class='ocr_par' dir='ltr' id='par_1_21' title="bbox 350 2103 1962 2176">
     <span class='ocr_line' id='line_1_21' title="bbox 350 2103 1962 2176; baseline 0 -15"><span class='ocrx_word' id='word_1_118' title='bbox 350 2111 592 2162; x_wconf 85' lang='lat' dir='ltr'>castrum</span> <span class='ocrx_word' id='word_1_119' title='bbox 631 2120 724 2160; x_wconf 90' lang='lat' dir='ltr'>rex</span> <span class='ocrx_word' id='word_1_120' title='bbox 754 2104 1039 2169; x_wconf 86' lang='lat' dir='ltr'>obsidens,</span> <span class='ocrx_word' id='word_1_121' title='bbox 1070 2104 1219 2176; x_wconf 87' lang='lat' dir='ltr'>cepit</span> <span class='ocrx_word' id='word_1_122' title='bbox 1261 2103 1388 2174; x_wconf 82' lang='lat' dir='ltr'>(1b.)</span> <span class='ocrx_word' id='word_1_123' title='bbox 1419 2103 1631 2159; x_wconf 88' lang='lat' dir='ltr'>Deinde</span> <span class='ocrx_word' id='word_1_124' title='bbox 1660 2105 1962 2161; x_wconf 88' lang='lat' dir='ltr'>Pontalde-</span> 
     </span>
    </p>
   </div>
   <div class='ocr_carea' id='block_1_22' title="bbox 351 2195 1963 2270">
    <p class='ocr_par' dir='ltr' id='par_1_22' title="bbox 351 2195 1963 2270">
     <span class='ocr_line' id='line_1_22' title="bbox 351 2195 1963 2270; baseline 0.001 -17"><span class='ocrx_word' id='word_1_125' title='bbox 351 2197 490 2253; x_wconf 91' lang='lat' dir='ltr'>meri</span> <span class='ocrx_word' id='word_1_126' title='bbox 546 2197 830 2265; x_wconf 89' lang='lat' dir='ltr'>obsidens,</span> <span class='ocrx_word' id='word_1_127' title='bbox 888 2195 1174 2253; x_wconf 85' lang='lat' dir='ltr'>castellum</span> <span class='ocrx_word' id='word_1_128' title='bbox 1255 2196 1474 2252; x_wconf 91' lang='lat' dir='ltr'>comitis</span> <span class='ocrx_word' id='word_1_129' title='bbox 1524 2197 1695 2270; x_wconf 87' lang='lat' dir='ltr'>cepit.</span> <span class='ocrx_word' id='word_1_130' title='bbox 1753 2198 1963 2254; x_wconf 87' lang='lat' dir='ltr'>Deinde</span> 
     </span>
    </p>
   </div>
   <div class='ocr_carea' id='block_1_23' title="bbox 350 2288 1960 2361">
    <p class='ocr_par' dir='ltr' id='par_1_23' title="bbox 350 2288 1960 2361">
     <span class='ocr_line' id='line_1_23' title="bbox 350 2288 1960 2361; baseline 0.001 -17"><span class='ocrx_word' id='word_1_131' title='bbox 350 2290 669 2346; x_wconf 89' lang='lat' dir='ltr'>Brionnium</span> <span class='ocrx_word' id='word_1_132' title='bbox 698 2288 866 2361; x_wconf 76' lang='grc'>(572),</span> <span class='ocrx_word' id='word_1_133' title='bbox 895 2290 993 2345; x_wconf 92' lang='lat' dir='ltr'>sed</span> <span class='ocrx_word' id='word_1_134' title='bbox 1036 2304 1150 2346; x_wconf 91' lang='lat' dir='ltr'>non</span> <span class='ocrx_word' id='word_1_135' title='bbox 1200 2295 1308 2344; x_wconf 90' lang='lat' dir='ltr'>tam</span> <span class='ocrx_word' id='word_1_136' title='bbox 1342 2288 1502 2345; x_wconf 86' lang='lat' dir='ltr'>facile</span> <span class='ocrx_word' id='word_1_137' title='bbox 1531 2289 1699 2361; x_wconf 89' lang='lat' dir='ltr'>cepit.</span> <span class='ocrx_word' id='word_1_138' title='bbox 1746 2290 1960 2347; x_wconf 90' lang='lat' dir='ltr'>Posue-</span> 
     </span>
    </p>
   </div>
   <div class='ocr_carea' id='block_1_24' title="bbox 348 2383 1963 2459">
    <p class='ocr_par' dir='ltr' id='par_1_24' title="bbox 348 2383 1963 2459">
     <span class='ocr_line' id='line_1_24' title="bbox 348 2383 1963 2459; baseline 0 -18"><span class='ocrx_word' id='word_1_139' title='bbox 348 2391 539 2456; x_wconf 86' lang='lat' dir='ltr'>ratque</span> <span class='ocrx_word' id='word_1_140' title='bbox 565 2400 662 2440; x_wconf 92' lang='lat' dir='ltr'>rex</span> <span class='ocrx_word' id='word_1_141' title='bbox 683 2399 942 2455; x_wconf 89' lang='lat' dir='ltr'>proceres</span> <span class='ocrx_word' id='word_1_142' title='bbox 968 2399 1098 2440; x_wconf 90' lang='lat' dir='ltr'>suos</span> <span class='ocrx_word' id='word_1_143' title='bbox 1136 2399 1260 2439; x_wconf 92' lang='lat' dir='ltr'>cum</span> <span class='ocrx_word' id='word_1_144' title='bbox 1314 2400 1514 2459; x_wconf 84' lang='lat' dir='ltr'>magna</span> <span class='ocrx_word' id='word_1_145' title='bbox 1543 2383 1778 2440; x_wconf 86' lang='lat' dir='ltr'>militum</span> <span class='ocrx_word' id='word_1_146' title='bbox 1804 2385 1963 2456; x_wconf 82' lang='lat' dir='ltr'>capia</span> 
     </span>
    </p>
   </div>
   <div class='ocr_carea' id='block_1_25' title="bbox 348 2468 1959 2550">
    <p class='ocr_par' dir='ltr' id='par_1_25' title="bbox 348 2468 1959 2550">
     <span class='ocr_line' id='line_1_25' title="bbox 348 2468 1959 2550; baseline 0.002 -20"><span class='ocrx_word' id='word_1_147' title='bbox 348 2473 600 2546; x_wconf 85' lang='lat' dir='ltr'>pluribus</span> <span class='ocrx_word' id='word_1_148' title='bbox 624 2473 763 2530; x_wconf 91' lang='lat' dir='ltr'>locis</span> <span class='ocrx_word' id='word_1_149' title='bbox 791 2474 847 2529; x_wconf 93' lang='lat' dir='ltr'>in</span> <span class='ocrx_word' id='word_1_150' title='bbox 874 2468 1251 2531; x_wconf 56' lang='lat' dir='ltr'>Normanniaf</span> <span class='ocrx_word' id='word_1_151' title='bbox 1285 2475 1399 2541; x_wconf 84' lang='lat' dir='ltr'>Que</span> <span class='ocrx_word' id='word_1_152' title='bbox 1430 2491 1632 2550; x_wconf 82' lang='lat' dir='ltr'>guerra</span> <span class='ocrx_word' id='word_1_153' title='bbox 1660 2476 1959 2547; x_wconf 92' lang='lat' dir='ltr'>plurimum</span> 
     </span>
    </p>
   </div>
   <div class='ocr_carea' id='block_1_26' title="bbox 349 2561 1961 2635">
    <p class='ocr_par' dir='ltr' id='par_1_26' title="bbox 349 2561 1961 2635">
     <span class='ocr_line' id='line_1_26' title="bbox 349 2561 1961 2635; baseline 0.002 -18"><span class='ocrx_word' id='word_1_154' title='bbox 349 2563 582 2633; x_wconf 87' lang='lat' dir='ltr'>patriam</span> <span class='ocrx_word' id='word_1_155' title='bbox 601 2561 813 2618; x_wconf 90' lang='lat' dir='ltr'>afﬂixit.</span> <span class='ocrx_word' id='word_1_156' title='bbox 845 2564 966 2633; x_wconf 80' lang='grc' dir='ltr'>(ἰὸ.)</span> <span class='ocrx_word' id='word_1_157' title='bbox 1004 2562 1248 2619; x_wconf 89' lang='lat' dir='ltr'>Calixtus</span> <span class='ocrx_word' id='word_1_158' title='bbox 1291 2580 1436 2635; x_wconf 90' lang='lat' dir='ltr'>papa</span> <span class='ocrx_word' id='word_1_159' title='bbox 1487 2564 1961 2621; x_wconf 90' lang='lat' dir='ltr'>tenuitconcilium</span> 
     </span>
    </p>
   </div>
   <div class='ocr_carea' id='block_1_27' title="bbox 348 2654 1958 2723">
    <p class='ocr_par' dir='ltr' id='par_1_27' title="bbox 348 2654 1958 2723">
     <span class='ocr_line' id='line_1_27' title="bbox 348 2654 1958 2723; baseline 0.004 -14"><span class='ocrx_word' id='word_1_160' title='bbox 348 2654 538 2710; x_wconf 81' lang='lat' dir='ltr'>Remis</span> <span class='ocrx_word' id='word_1_161' title='bbox 563 2654 726 2723; x_wconf 84' lang='lat'><strong>(573),</strong></span> <span class='ocrx_word' id='word_1_162' title='bbox 754 2655 843 2712; x_wconf 93' lang='lat' dir='ltr'>cui</span> <span class='ocrx_word' id='word_1_163' title='bbox 875 2656 1124 2712; x_wconf 85' lang='lat' dir='ltr'>interfuit</span> <span class='ocrx_word' id='word_1_164' title='bbox 1148 2656 1457 2713; x_wconf 80' lang='lat' dir='ltr'>Ludovicus</span> <span class='ocrx_word' id='word_1_165' title='bbox 1488 2673 1582 2713; x_wconf 86' lang='lat' dir='ltr'>rex</span> <span class='ocrx_word' id='word_1_166' title='bbox 1606 2658 1958 2716; x_wconf 87' lang='lat' dir='ltr'>Francorum.</span> 
     </span>
    </p>
   </div>
   <div class='ocr_carea' id='block_1_28' title="bbox 350 2747 1960 2821">
    <p class='ocr_par' dir='ltr' id='par_1_28' title="bbox 350 2747 1960 2821">
     <span class='ocr_line' id='line_1_28' title="bbox 350 2747 1960 2821; baseline 0.002 -19"><span class='ocrx_word' id='word_1_167' title='bbox 350 2747 538 2804; x_wconf 88' lang='lat' dir='ltr'>Postea</span> <span class='ocrx_word' id='word_1_168' title='bbox 559 2747 616 2805; x_wconf 93' lang='lat' dir='ltr'>in</span> <span class='ocrx_word' id='word_1_169' title='bbox 644 2748 843 2804; x_wconf 90' lang='lat' dir='ltr'>eodem</span> <span class='ocrx_word' id='word_1_170' title='bbox 901 2763 1049 2805; x_wconf 89' lang='lat' dir='ltr'>anno</span> <span class='ocrx_word' id='word_1_171' title='bbox 1105 2748 1287 2819; x_wconf 78' lang='grc' dir='ltr'>(Νου)</span> <span class='ocrx_word' id='word_1_172' title='bbox 1349 2749 1497 2804; x_wconf 91' lang='lat' dir='ltr'>idem</span> <span class='ocrx_word' id='word_1_173' title='bbox 1559 2766 1698 2821; x_wconf 87' lang='lat' dir='ltr'>papa</span> <span class='ocrx_word' id='word_1_174' title='bbox 1726 2750 1881 2806; x_wconf 87' lang='lat' dir='ltr'>venit</span> <span class='ocrx_word' id='word_1_175' title='bbox 1906 2752 1960 2806; x_wconf 91' lang='lat' dir='ltr'>in</span> 
     </span>
    </p>
   </div>
   <div class='ocr_carea' id='block_1_29' title="bbox 345 2837 1962 2913">
    <p class='ocr_par' dir='ltr' id='par_1_29' title="bbox 345 2837 1962 2913">
     <span class='ocr_line' id='line_1_29' title="bbox 345 2837 1962 2913; baseline 0.002 -19"><span class='ocrx_word' id='word_1_176' title='bbox 345 2837 737 2894; x_wconf 79' lang='lat' dir='ltr'>Normanniam</span> <span class='ocrx_word' id='word_1_177' title='bbox 760 2838 911 2910; x_wconf 86' lang='lat' dir='ltr'>loqui</span> <span class='ocrx_word' id='word_1_178' title='bbox 941 2854 1067 2895; x_wconf 91' lang='lat' dir='ltr'>cum</span> <span class='ocrx_word' id='word_1_179' title='bbox 1099 2838 1335 2897; x_wconf 83' lang='lat' dir='ltr'>Henrico</span> <span class='ocrx_word' id='word_1_180' title='bbox 1368 2855 1500 2911; x_wconf 78' lang='lat' dir='ltr'>rege</span> <span class='ocrx_word' id='word_1_181' title='bbox 1552 2840 1872 2913; x_wconf 81' lang='lat' dir='ltr'>Anglorum,</span> <span class='ocrx_word' id='word_1_182' title='bbox 1907 2848 1962 2897; x_wconf 90' lang='lat' dir='ltr'>et</span> 
     </span>
    </p>
   </div>
   <div class='ocr_carea' id='block_1_30' title="bbox 345 2927 1959 3007">
    <p class='ocr_par' dir='ltr' id='par_1_30' title="bbox 345 2927 1959 3007">
     <span class='ocr_line' id='line_1_30' title="bbox 345 2927 1959 3007; baseline 0.004 -23"><span class='ocrx_word' id='word_1_183' title='bbox 345 2927 513 2985; x_wconf 89' lang='lat' dir='ltr'>locuti</span> <span class='ocrx_word' id='word_1_184' title='bbox 540 2937 670 2986; x_wconf 90' lang='lat' dir='ltr'>sunt</span> <span class='ocrx_word' id='word_1_185' title='bbox 690 2928 915 2985; x_wconf 88' lang='lat' dir='ltr'>insimul</span> <span class='ocrx_word' id='word_1_186' title='bbox 948 2929 1004 2984; x_wconf 93' lang='lat' dir='ltr'>in</span> <span class='ocrx_word' id='word_1_187' title='bbox 1033 2930 1261 2986; x_wconf 88' lang='lat' dir='ltr'>castello</span> <span class='ocrx_word' id='word_1_188' title='bbox 1291 2930 1477 2987; x_wconf 85' lang='lat' dir='ltr'>Gisorz</span> <span class='ocrx_word' id='word_1_189' title='bbox 1508 2947 1741 3007; x_wconf 88' lang='lat' dir='ltr'>magnus</span> <span class='ocrx_word' id='word_1_190' title='bbox 1772 2948 1864 2988; x_wconf 88' lang='lat' dir='ltr'>rex</span> <span class='ocrx_word' id='word_1_191' title='bbox 1904 2941 1959 2990; x_wconf 91' lang='lat' dir='ltr'>et</span> 
     </span>
    </p>
   </div>
   <div class='ocr_carea' id='block_1_31' title="bbox 344 3024 1957 3098">
    <p class='ocr_par' dir='ltr' id='par_1_31' title="bbox 344 3024 1957 3098">
     <span class='ocr_line' id='line_1_31' title="bbox 344 3024 1957 3098; baseline 0.003 -21"><span class='ocrx_word' id='word_1_192' title='bbox 344 3039 580 3098; x_wconf 88' lang='lat' dir='ltr'>magnus</span> <span class='ocrx_word' id='word_1_193' title='bbox 608 3024 883 3080; x_wconf 89' lang='lat' dir='ltr'>sacerdos.</span> <span class='ocrx_word' id='word_1_194' title='bbox 910 3024 1063 3081; x_wconf 86' lang='lat' dir='ltr'>Idem</span> <span class='ocrx_word' id='word_1_195' title='bbox 1084 3024 1319 3080; x_wconf 87' lang='lat' dir='ltr'>Calixtus</span> <span class='ocrx_word' id='word_1_196' title='bbox 1349 3032 1694 3081; x_wconf 89' lang='lat' dir='ltr'>successerat</span> <span class='ocrx_word' id='word_1_197' title='bbox 1721 3025 1957 3095; x_wconf 90' lang='lat' dir='ltr'>Gelasio,</span> 
     </span>
    </p>
   </div>
   <div class='ocr_carea' id='block_1_32' title="bbox 344 3113 1958 3188">
    <p class='ocr_par' dir='ltr' id='par_1_32' title="bbox 344 3113 1958 3188">
     <span class='ocr_line' id='line_1_32' title="bbox 344 3113 1958 3188; baseline 0.004 -18"><span class='ocrx_word' id='word_1_198' title='bbox 344 3114 439 3187; x_wconf 91' lang='lat' dir='ltr'>qui</span> <span class='ocrx_word' id='word_1_199' title='bbox 488 3113 738 3171; x_wconf 87' lang='lat' dir='ltr'>Gelasius</span> <span class='ocrx_word' id='word_1_200' title='bbox 801 3122 930 3171; x_wconf 88' lang='lat' dir='ltr'>ante</span> <span class='ocrx_word' id='word_1_201' title='bbox 1010 3123 1273 3188; x_wconf 86' lang='lat' dir='ltr'>papatum</span> <span class='ocrx_word' id='word_1_202' title='bbox 1338 3117 1631 3173; x_wconf 87' lang='lat' dir='ltr'>dicebatur</span> <span class='ocrx_word' id='word_1_203' title='bbox 1674 3118 1958 3176; x_wconf 71' lang='lat' dir='ltr'>Iohannes</span> 
     </span>
    </p>
   </div>
   <div class='ocr_carea' id='block_1_33' title="bbox 342 3203 1961 3283">
    <p class='ocr_par' dir='ltr' id='par_1_33' title="bbox 342 3203 1961 3283">
     <span class='ocr_line' id='line_1_33' title="bbox 342 3203 1961 3283; baseline 0.005 -24"><span class='ocrx_word' id='word_1_204' title='bbox 342 3203 644 3262; x_wconf 87' lang='lat' dir='ltr'>Gaditanus</span> <span class='ocrx_word' id='word_1_205' title='bbox 671 3214 729 3261; x_wconf 89' lang='lat' dir='ltr'>et</span> <span class='ocrx_word' id='word_1_206' title='bbox 756 3204 933 3262; x_wconf 83' lang='lat' dir='ltr'>fuerat</span> <span class='ocrx_word' id='word_1_207' title='bbox 989 3206 1357 3264; x_wconf 89' lang='lat' dir='ltr'>cancellarius</span> <span class='ocrx_word' id='word_1_208' title='bbox 1387 3209 1663 3265; x_wconf 90' lang='lat' dir='ltr'>Paschalis</span> <span class='ocrx_word' id='word_1_209' title='bbox 1708 3227 1873 3283; x_wconf 86' lang='lat' dir='ltr'>pape,</span> <span class='ocrx_word' id='word_1_210' title='bbox 1905 3219 1961 3267; x_wconf 90' lang='lat' dir='ltr'>et</span> 
     </span>
    </p>
   </div>
   <div class='ocr_carea' id='block_1_34' title="bbox 343 3297 1960 3371">
    <p class='ocr_par' dir='ltr' id='par_1_34' title="bbox 343 3297 1960 3371">
     <span class='ocr_line' id='line_1_34' title="bbox 343 3297 1960 3371; baseline 0.004 -19"><span class='ocrx_word' id='word_1_211' title='bbox 343 3297 412 3353; x_wconf 93' lang='lat' dir='ltr'>de</span> <span class='ocrx_word' id='word_1_212' title='bbox 441 3311 538 3354; x_wconf 91' lang='lat' dir='ltr'>ore</span> <span class='ocrx_word' id='word_1_213' title='bbox 564 3298 687 3371; x_wconf 86' lang='lat' dir='ltr'>ejus</span> <span class='ocrx_word' id='word_1_214' title='bbox 713 3298 987 3355; x_wconf 79' lang='lat' dir='ltr'>ﬂuxerant</span> <span class='ocrx_word' id='word_1_215' title='bbox 1015 3300 1183 3356; x_wconf 92' lang='lat' dir='ltr'>multe</span> <span class='ocrx_word' id='word_1_216' title='bbox 1206 3299 1384 3357; x_wconf 89' lang='lat' dir='ltr'>littere</span> <span class='ocrx_word' id='word_1_217' title='bbox 1403 3302 1658 3359; x_wconf 86' lang='lat' dir='ltr'>litterate.</span> <span class='ocrx_word' id='word_1_218' title='bbox 1691 3304 1960 3359; x_wconf 81' lang='lat' dir='ltr'>Henricus</span> 
     </span>
    </p>
   </div>
   <div class='ocr_carea' id='block_1_35' title="bbox 342 3391 1960 3467">
    <p class='ocr_par' dir='ltr' id='par_1_35' title="bbox 342 3391 1960 3467">
     <span class='ocr_line' id='line_1_35' title="bbox 342 3391 1960 3467; baseline 0.003 -21"><span class='ocrx_word' id='word_1_219' title='bbox 342 3406 433 3446; x_wconf 87' lang='lat' dir='ltr'>rex</span> <span class='ocrx_word' id='word_1_220' title='bbox 463 3391 609 3447; x_wconf 86' lang='lat' dir='ltr'>circa</span> <span class='ocrx_word' id='word_1_221' title='bbox 626 3396 831 3447; x_wconf 87' lang='lat' dir='ltr'>turrem</span> <span class='ocrx_word' id='word_1_222' title='bbox 864 3392 1216 3467; x_wconf 86' lang='lat' dir='ltr'>Rothomagi,</span> <span class='ocrx_word' id='word_1_223' title='bbox 1246 3410 1411 3465; x_wconf 90' lang='lat' dir='ltr'>quam</span> <span class='ocrx_word' id='word_1_224' title='bbox 1437 3394 1721 3450; x_wconf 85' lang='lat' dir='ltr'>ediﬁcavit</span> <span class='ocrx_word' id='word_1_225' title='bbox 1747 3397 1960 3467; x_wconf 88' lang='lat' dir='ltr'>primus</span> 
     </span>
    </p>
   </div>
   <div class='ocr_carea' id='block_1_36' title="bbox 340 3482 1959 3558">
    <p class='ocr_par' dir='ltr' id='par_1_36' title="bbox 340 3482 1959 3558">
     <span class='ocr_line' id='line_1_36' title="bbox 340 3482 1959 3558; baseline 0.004 -20"><span class='ocrx_word' id='word_1_226' title='bbox 340 3482 613 3539; x_wconf 78' lang='lat' dir='ltr'>Ricardus‘</span> <span class='ocrx_word' id='word_1_227' title='bbox 635 3484 747 3540; x_wconf 88' lang='lat' dir='ltr'>dux</span> <span class='ocrx_word' id='word_1_228' title='bbox 775 3484 1218 3540; x_wconf 85' lang='lat' dir='ltr'>Normannorum</span> <span class='ocrx_word' id='word_1_229' title='bbox 1277 3486 1332 3540; x_wconf 92' lang='lat' dir='ltr'>in</span> <span class='ocrx_word' id='word_1_230' title='bbox 1364 3486 1628 3558; x_wconf 86' lang='lat' dir='ltr'>palatium</span> <span class='ocrx_word' id='word_1_231' title='bbox 1670 3486 1799 3554; x_wconf 90' lang='lat' dir='ltr'>sibi,</span> <span class='ocrx_word' id='word_1_232' title='bbox 1834 3505 1959 3544; x_wconf 88' lang='lat' dir='ltr'>mu-</span> 
     </span>
    </p>
   </div>
   <div class='ocr_carea' id='block_1_37' title="bbox 340 3575 1960 3653">
    <p class='ocr_par' dir='ltr' id='par_1_37' title="bbox 340 3575 1960 3653">
     <span class='ocr_line' id='line_1_37' title="bbox 340 3575 1960 3653; baseline 0.003 -23"><span class='ocrx_word' id='word_1_233' title='bbox 340 3591 459 3630; x_wconf 90' lang='lat' dir='ltr'>rum</span> <span class='ocrx_word' id='word_1_234' title='bbox 492 3575 661 3631; x_wconf 90' lang='lat' dir='ltr'>altum</span> <span class='ocrx_word' id='word_1_235' title='bbox 702 3582 757 3632; x_wconf 89' lang='lat' dir='ltr'>et</span> <span class='ocrx_word' id='word_1_236' title='bbox 787 3577 954 3632; x_wconf 89' lang='lat' dir='ltr'>latum</span> <span class='ocrx_word' id='word_1_237' title='bbox 985 3593 1110 3632; x_wconf 91' lang='lat' dir='ltr'>cum</span> <span class='ocrx_word' id='word_1_238' title='bbox 1144 3578 1576 3653; x_wconf 82' lang='lat' dir='ltr'>prOpugnaculis</span> <span class='ocrx_word' id='word_1_239' title='bbox 1630 3579 1870 3645; x_wconf 83' lang='lat' dir='ltr'>editicat,</span> <span class='ocrx_word' id='word_1_240' title='bbox 1905 3589 1960 3635; x_wconf 91' lang='lat' dir='ltr'>et</span> 
     </span>
    </p>
   </div>
   <div class='ocr_carea' id='block_1_38' title="bbox 338 3662 1955 3741">
    <p class='ocr_par' dir='ltr' id='par_1_38' title="bbox 338 3662 1955 3741">
     <span class='ocr_line' id='line_1_38' title="bbox 338 3662 1955 3741; baseline 0.003 -22"><span class='ocrx_word' id='word_1_241' title='bbox 338 3662 558 3721; x_wconf 82' lang='lat' dir='ltr'>edificia</span> <span class='ocrx_word' id='word_1_242' title='bbox 597 3665 665 3720; x_wconf 93' lang='lat' dir='ltr'>ad</span> <span class='ocrx_word' id='word_1_243' title='bbox 683 3667 1028 3723; x_wconf 89' lang='lat' dir='ltr'>mansionem</span> <span class='ocrx_word' id='word_1_244' title='bbox 1058 3667 1266 3741; x_wconf 79' lang='lat' dir='ltr'>regiam</span> <span class='ocrx_word' id='word_1_245' title='bbox 1283 3684 1528 3740; x_wconf 89' lang='lat' dir='ltr'>congrua</span> <span class='ocrx_word' id='word_1_246' title='bbox 1558 3668 1696 3723; x_wconf 87' lang='lat' dir='ltr'>infra</span> <span class='ocrx_word' id='word_1_247' title='bbox 1720 3670 1955 3724; x_wconf 85' lang='lat' dir='ltr'>eundem</span> 
     </span>
    </p>
   </div>
   <div class='ocr_carea' id='block_1_39' title="bbox 339 3756 1954 3829">
    <p class='ocr_par' dir='ltr' id='par_1_39' title="bbox 339 3756 1954 3829">
     <span class='ocr_line' id='line_1_39' title="bbox 339 3756 1954 3829; baseline 0.002 -20"><span class='ocrx_word' id='word_1_248' title='bbox 339 3771 555 3811; x_wconf 91' lang='lat' dir='ltr'>murum</span> <span class='ocrx_word' id='word_1_249' title='bbox 613 3762 788 3825; x_wconf 87' lang='lat' dir='ltr'>parat.</span> <span class='ocrx_word' id='word_1_250' title='bbox 851 3757 957 3826; x_wconf 85' lang='lat' dir='ltr'>Ipsi</span> <span class='ocrx_word' id='word_1_251' title='bbox 1007 3772 1133 3812; x_wconf 91' lang='lat' dir='ltr'>vero</span> <span class='ocrx_word' id='word_1_252' title='bbox 1175 3756 1308 3812; x_wconf 88' lang='lat' dir='ltr'>turri</span> <span class='ocrx_word' id='word_1_253' title='bbox 1369 3757 1806 3828; x_wconf 80' lang='lat' dir='ltr'>propugnacula,</span> <span class='ocrx_word' id='word_1_254' title='bbox 1848 3776 1954 3829; x_wconf 88' lang='lat' dir='ltr'>que</span> 
     </span>
    </p>
   </div>
   <div class='ocr_carea' id='block_1_40' title="bbox 337 3844 1957 3917">
    <p class='ocr_par' dir='ltr' id='par_1_40' title="bbox 337 3844 1957 3917">
     <span class='ocr_line' id='line_1_40' title="bbox 337 3844 1957 3917; baseline 0.002 -19"><span class='ocrx_word' id='word_1_255' title='bbox 337 3844 591 3911; x_wconf 90' lang='lat' dir='ltr'>deerant,</span> <span class='ocrx_word' id='word_1_256' title='bbox 617 3844 789 3900; x_wconf 91' lang='lat' dir='ltr'>addit.</span> <span class='ocrx_word' id='word_1_257' title='bbox 826 3846 884 3900; x_wconf 91' lang='lat' dir='ltr'>ln</span> <span class='ocrx_word' id='word_1_258' title='bbox 915 3862 1022 3917; x_wconf 89' lang='lat' dir='ltr'>qua</span> <span class='ocrx_word' id='word_1_259' title='bbox 1053 3854 1200 3900; x_wconf 86' lang='lat' dir='ltr'>turre</span> <span class='ocrx_word' id='word_1_260' title='bbox 1232 3844 1471 3900; x_wconf 82' lang='lat' dir='ltr'>fenestra</span> <span class='ocrx_word' id='word_1_261' title='bbox 1506 3853 1610 3909; x_wconf 88' lang='lat' dir='ltr'>est,</span> <span class='ocrx_word' id='word_1_262' title='bbox 1652 3863 1760 3917; x_wconf 90' lang='lat' dir='ltr'>que</span> <span class='ocrx_word' id='word_1_263' title='bbox 1791 3862 1957 3902; x_wconf 88' lang='lat' dir='ltr'>voca-</span> 
     </span>
    </p>
   </div>
   <div class='ocr_carea' id='block_1_41' title="bbox 337 3934 1953 4008">
    <p class='ocr_par' dir='ltr' id='par_1_41' title="bbox 337 3934 1953 4008">
     <span class='ocr_line' id='line_1_41' title="bbox 337 3934 1953 4008; baseline 0.002 -19"><span class='ocrx_word' id='word_1_264' title='bbox 337 3942 425 3990; x_wconf 91' lang='lat' dir='ltr'>tur</span> <span class='ocrx_word' id='word_1_265' title='bbox 444 3934 871 3992; x_wconf 86' lang='lat' dir='ltr'>Conani-Saltus</span> <span class='ocrx_word' id='word_1_266' title='bbox 900 3953 914 4002; x_wconf 89' lang='lat'><strong>;</strong></span> <span class='ocrx_word' id='word_1_267' title='bbox 939 3936 1069 4008; x_wconf 86' lang='lat' dir='ltr'>quia</span> <span class='ocrx_word' id='word_1_268' title='bbox 1098 3951 1163 3991; x_wconf 90' lang='lat' dir='ltr'>ex</span> <span class='ocrx_word' id='word_1_269' title='bbox 1185 3952 1250 3991; x_wconf 88' lang='lat' dir='ltr'>ea</span> <span class='ocrx_word' id='word_1_270' title='bbox 1269 3936 1416 3991; x_wconf 90' lang='lat' dir='ltr'>idem</span> <span class='ocrx_word' id='word_1_271' title='bbox 1452 3937 1718 3994; x_wconf 84' lang='lat' dir='ltr'>Henricus</span> <span class='ocrx_word' id='word_1_272' title='bbox 1748 3937 1953 3993; x_wconf 83' lang='lat' dir='ltr'>fecerat</span> 
     </span>
    </p>
   </div>
   <div class='ocr_carea' id='block_1_42' title="bbox 339 4022 1952 4099">
    <p class='ocr_par' dir='ltr' id='par_1_42' title="bbox 339 4022 1952 4099">
     <span class='ocr_line' id='line_1_42' title="bbox 339 4022 1952 4099; baseline 0.002 -21"><span class='ocrx_word' id='word_1_273' title='bbox 339 4022 656 4095; x_wconf 90' lang='lat' dir='ltr'>precipitari</span> <span class='ocrx_word' id='word_1_274' title='bbox 679 4022 956 4096; x_wconf 89' lang='lat' dir='ltr'>quendam</span> <span class='ocrx_word' id='word_1_275' title='bbox 977 4024 1297 4080; x_wconf 89' lang='lat' dir='ltr'>traditorem</span> <span class='ocrx_word' id='word_1_276' title='bbox 1328 4025 1786 4099; x_wconf 81' lang='lat' dir='ltr'>Rothomagensis</span> <span class='ocrx_word' id='word_1_277' title='bbox 1799 4027 1952 4083; x_wconf 84' lang='lat' dir='ltr'>urbis</span> 
     </span>
    </p>
   </div>
   <div class='ocr_carea' id='block_1_43' title="bbox 338 4114 1947 4188">
    <p class='ocr_par' dir='ltr' id='par_1_43' title="bbox 338 4114 1947 4188">
     <span class='ocr_line' id='line_1_43' title="bbox 338 4114 1947 4188; baseline 0.002 -18"><span class='ocrx_word' id='word_1_278' title='bbox 338 4115 685 4187; x_wconf 89' lang='lat' dir='ltr'>predivitem,</span> <span class='ocrx_word' id='word_1_279' title='bbox 729 4114 958 4171; x_wconf 87' lang='lat' dir='ltr'>nomine</span> <span class='ocrx_word' id='word_1_280' title='bbox 1014 4115 1321 4183; x_wconf 85' lang='lat' dir='ltr'>Conanum,</span> <span class='ocrx_word' id='word_1_281' title='bbox 1364 4116 1456 4188; x_wconf 91' lang='lat' dir='ltr'>qui</span> <span class='ocrx_word' id='word_1_282' title='bbox 1524 4118 1699 4188; x_wconf 87' lang='lat' dir='ltr'>ipsam</span> <span class='ocrx_word' id='word_1_283' title='bbox 1756 4119 1947 4174; x_wconf 89' lang='lat' dir='ltr'>urbem</span> 
     </span>
    </p>
   </div>
   <div class='ocr_carea' id='block_1_44' title="bbox 335 4206 1949 4285">
    <p class='ocr_par' dir='ltr' id='par_1_44' title="bbox 335 4206 1949 4285">
     <span class='ocr_line' id='line_1_44' title="bbox 335 4206 1949 4285; baseline 0.005 -27"><span class='ocrx_word' id='word_1_284' title='bbox 335 4206 558 4263; x_wconf 89' lang='lat' dir='ltr'>volebat</span> <span class='ocrx_word' id='word_1_285' title='bbox 584 4206 800 4264; x_wconf 86' lang='lat' dir='ltr'>tradere</span> <span class='ocrx_word' id='word_1_286' title='bbox 828 4207 1146 4264; x_wconf 88' lang='lat' dir='ltr'>hominibus</span> <span class='ocrx_word' id='word_1_287' title='bbox 1178 4208 1447 4265; x_wconf 85' lang='lat' dir='ltr'>Willermi</span> <span class='ocrx_word' id='word_1_288' title='bbox 1479 4210 1625 4284; x_wconf 88' lang='lat' dir='ltr'>regis</span> <span class='ocrx_word' id='word_1_289' title='bbox 1651 4210 1949 4285; x_wconf 83' lang='lat' dir='ltr'>Anglorum</span> 
     </span>
    </p>
   </div>
   <div class='ocr_carea' id='block_1_45' title="bbox 334 4295 1948 4367">
    <p class='ocr_par' dir='ltr' id='par_1_45' title="bbox 334 4295 1948 4367">
     <span class='ocr_line' id='line_1_45' title="bbox 334 4295 1948 4367; baseline 0.003 -18"><span class='ocrx_word' id='word_1_290' title='bbox 334 4295 485 4367; x_wconf 77' lang='grc'>(574)</span> <span class='ocrx_word' id='word_1_291' title='bbox 517 4312 532 4362; x_wconf 89' lang='lat'><strong>;</strong></span> <span class='ocrx_word' id='word_1_292' title='bbox 561 4296 660 4352; x_wconf 90' lang='lat' dir='ltr'>sed</span> <span class='ocrx_word' id='word_1_293' title='bbox 699 4302 997 4367; x_wconf 84' lang='lat' dir='ltr'>preventus</span> <span class='ocrx_word' id='word_1_294' title='bbox 1023 4303 1107 4352; x_wconf 87' lang='lat' dir='ltr'>est</span> <span class='ocrx_word' id='word_1_295' title='bbox 1136 4313 1167 4352; x_wconf 90' lang='lat' dir='ltr'>a</span> <span class='ocrx_word' id='word_1_296' title='bbox 1222 4297 1479 4353; x_wconf 84' lang='lat' dir='ltr'>fidelibus</span> <span class='ocrx_word' id='word_1_297' title='bbox 1520 4298 1743 4354; x_wconf 80' lang='lat' dir='ltr'>Roberti</span> <span class='ocrx_word' id='word_1_298' title='bbox 1770 4299 1948 4367; x_wconf 90' lang='lat' dir='ltr'>ducis,</span> 
     </span>
    </p>
   </div>
   <div class='ocr_carea' id='block_1_46' title="bbox 333 4383 1954 4457">
    <p class='ocr_par' dir='ltr' id='par_1_46' title="bbox 333 4383 1954 4457">
     <span class='ocr_line' id='line_1_46' title="bbox 333 4383 1954 4457; baseline 0.002 -17"><span class='ocrx_word' id='word_1_299' title='bbox 333 4391 388 4440; x_wconf 92' lang='lat' dir='ltr'>et</span> <span class='ocrx_word' id='word_1_300' title='bbox 418 4384 652 4440; x_wconf 87' lang='lat' dir='ltr'>maxime</span> <span class='ocrx_word' id='word_1_301' title='bbox 676 4383 743 4439; x_wconf 89' lang='lat' dir='ltr'>ab</span> <span class='ocrx_word' id='word_1_302' title='bbox 775 4384 1008 4441; x_wconf 85' lang='lat' dir='ltr'>Henrico</span> <span class='ocrx_word' id='word_1_303' title='bbox 1060 4384 1225 4440; x_wconf 77' lang='lat' dir='ltr'>fratre</span> <span class='ocrx_word' id='word_1_304' title='bbox 1264 4385 1460 4457; x_wconf 87' lang='lat' dir='ltr'>ipsius,</span> <span class='ocrx_word' id='word_1_305' title='bbox 1493 4386 1588 4457; x_wconf 88' lang='lat' dir='ltr'>qui</span> <span class='ocrx_word' id='word_1_306' title='bbox 1608 4393 1740 4441; x_wconf 91' lang='lat' dir='ltr'>tunc</span> <span class='ocrx_word' id='word_1_307' title='bbox 1771 4395 1954 4457; x_wconf 86' lang='lat' dir='ltr'>partes</span> 
     </span>
    </p>
   </div>
   <div class='ocr_carea' id='block_1_47' title="bbox 333 4472 1950 4548">
    <p class='ocr_par' dir='ltr' id='par_1_47' title="bbox 333 4472 1950 4548">
     <span class='ocr_line' id='line_1_47' title="bbox 333 4472 1950 4548; baseline 0.002 -20"><span class='ocrx_word' id='word_1_308' title='bbox 333 4473 492 4530; x_wconf 91' lang='lat' dir='ltr'>ducis</span> <span class='ocrx_word' id='word_1_309' title='bbox 522 4472 771 4544; x_wconf 88' lang='lat' dir='ltr'>juvabat,</span> <span class='ocrx_word' id='word_1_310' title='bbox 800 4473 947 4528; x_wconf 90' lang='lat' dir='ltr'>unde</span> <span class='ocrx_word' id='word_1_311' title='bbox 969 4481 1024 4529; x_wconf 91' lang='lat' dir='ltr'>et</span> <span class='ocrx_word' id='word_1_312' title='bbox 1063 4474 1244 4545; x_wconf 91' lang='lat' dir='ltr'>ipsum</span> <span class='ocrx_word' id='word_1_313' title='bbox 1277 4474 1446 4548; x_wconf 82' lang='lat' dir='ltr'>digna</span> <span class='ocrx_word' id='word_1_314' title='bbox 1478 4483 1653 4531; x_wconf 90' lang='lat' dir='ltr'>morte</span> <span class='ocrx_word' id='word_1_315' title='bbox 1680 4476 1950 4531; x_wconf 83' lang='lat' dir='ltr'>multavit.</span> 
     </span>
    </p>
   </div>
   <div class='ocr_carea' id='block_1_48' title="bbox 334 4563 1953 4622">
    <p class='ocr_par' dir='ltr' id='par_1_48' title="bbox 334 4563 1953 4622">
     <span class='ocr_line' id='line_1_48' title="bbox 334 4563 1953 4622; baseline 0.001 -3"><span class='ocrx_word' id='word_1_316' title='bbox 334 4564 562 4620; x_wconf 87' lang='lat' dir='ltr'>Turrem</span> <span class='ocrx_word' id='word_1_317' title='bbox 588 4563 982 4619; x_wconf 88' lang='lat' dir='ltr'>nichilominus</span> <span class='ocrx_word' id='word_1_318' title='bbox 1011 4564 1284 4620; x_wconf 88' lang='lat' dir='ltr'>excelsam</span> <span class='ocrx_word' id='word_1_319' title='bbox 1318 4564 1447 4619; x_wconf 79' lang='lat' dir='ltr'>fecit</span> <span class='ocrx_word' id='word_1_320' title='bbox 1506 4563 1560 4618; x_wconf 92' lang='lat' dir='ltr'>in</span> <span class='ocrx_word' id='word_1_321' title='bbox 1594 4565 1821 4621; x_wconf 87' lang='lat' dir='ltr'>castello</span> <span class='ocrx_word' id='word_1_322' title='bbox 1854 4564 1953 4622; x_wconf 85' lang='lat' dir='ltr'>Ca-</span> 
     </span>
    </p>
   </div>
   <div class='ocr_carea' id='block_1_49' title="bbox 336 4654 1953 4728">
    <p class='ocr_par' dir='ltr' id='par_1_49' title="bbox 336 4654 1953 4728">
     <span class='ocr_line' id='line_1_49' title="bbox 336 4654 1953 4728; baseline 0.002 -18"><span class='ocrx_word' id='word_1_323' title='bbox 336 4654 611 4723; x_wconf 88' lang='lat' dir='ltr'>domensi,</span> <span class='ocrx_word' id='word_1_324' title='bbox 635 4662 690 4710; x_wconf 89' lang='lat' dir='ltr'>et</span> <span class='ocrx_word' id='word_1_325' title='bbox 717 4670 935 4711; x_wconf 86' lang='lat' dir='ltr'>murum</span> <span class='ocrx_word' id='word_1_326' title='bbox 967 4654 1142 4726; x_wconf 88' lang='lat' dir='ltr'>ipsius</span> <span class='ocrx_word' id='word_1_327' title='bbox 1164 4655 1396 4723; x_wconf 86' lang='lat' dir='ltr'>castelli,</span> <span class='ocrx_word' id='word_1_328' title='bbox 1427 4671 1592 4728; x_wconf 90' lang='lat' dir='ltr'>quem</span> <span class='ocrx_word' id='word_1_329' title='bbox 1630 4663 1786 4727; x_wconf 85' lang='lat' dir='ltr'>pater</span> <span class='ocrx_word' id='word_1_330' title='bbox 1821 4672 1953 4713; x_wconf 91' lang='lat' dir='ltr'>suus</span> 
     </span>
    </p>
   </div>
   <div class='ocr_carea' id='block_1_50' title="bbox 1595 244 2493 305">
    <p class='ocr_par' dir='ltr' id='par_1_50' title="bbox 1595 244 2493 305">
     <span class='ocr_line' id='line_1_50' title="bbox 1595 244 2493 305; baseline -0.002 -1"><span class='ocrx_word' id='word_1_331' title='bbox 1595 245 1938 305; x_wconf 81' lang='lat' dir='ltr'>SIGEBERTI</span> <span class='ocrx_word' id='word_1_332' title='bbox 1978 244 2493 304; x_wconf 81' lang='lat' dir='ltr'>GEMBLACENSIS.</span> 
     </span>
    </p>
   </div>
   <div class='ocr_carea' id='block_1_51' title="bbox 3601 265 3713 324">
    <p class='ocr_par' dir='ltr' id='par_1_51' title="bbox 3601 265 3713 324">
     <span class='ocr_line' id='line_1_51' title="bbox 3601 265 3713 324; baseline 0.036 -3"><span class='ocrx_word' id='word_1_333' title='bbox 3601 265 3713 324; x_wconf 70' lang='grc'>440</span> 
     </span>
    </p>
   </div>
   <div class='ocr_carea' id='block_1_52' title="bbox 2012 376 3707 465">
    <p class='ocr_par' dir='ltr' id='par_1_52' title="bbox 2012 376 3707 465">
     <span class='ocr_line' id='line_1_52' title="bbox 2012 376 3707 465; baseline 0.011 -35"><span class='ocrx_word' id='word_1_334' title='bbox 2012 380 2059 450; x_wconf 81' lang='grc' dir='ltr'>Α</span> <span class='ocrx_word' id='word_1_335' title='bbox 2085 376 2316 445; x_wconf 88' lang='lat' dir='ltr'>fecerat,</span> <span class='ocrx_word' id='word_1_336' title='bbox 2347 378 2405 434; x_wconf 90' lang='lat' dir='ltr'>in</span> <span class='ocrx_word' id='word_1_337' title='bbox 2432 381 2605 437; x_wconf 89' lang='lat' dir='ltr'>altum</span> <span class='ocrx_word' id='word_1_338' title='bbox 2629 386 2822 442; x_wconf 82' lang='lat' dir='ltr'>crevit.</span> <span class='ocrx_word' id='word_1_339' title='bbox 2854 385 3065 443; x_wconf 79' lang='lat' dir='ltr'>Murum</span> <span class='ocrx_word' id='word_1_340' title='bbox 3114 402 3245 443; x_wconf 85' lang='lat' dir='ltr'>vero</span> <span class='ocrx_word' id='word_1_341' title='bbox 3270 386 3419 443; x_wconf 88' lang='lat' dir='ltr'>circa</span> <span class='ocrx_word' id='word_1_342' title='bbox 3443 390 3707 465; x_wconf 80' lang='lat' dir='ltr'>Burgum,</span> 
     </span>
    </p>
   </div>
   <div class='ocr_carea' id='block_1_53' title="bbox 2081 465 3703 547">
    <p class='ocr_par' dir='ltr' id='par_1_53' title="bbox 2081 465 3703 547">
     <span class='ocr_line' id='line_1_53' title="bbox 2081 465 3703 547; baseline 0.008 -28"><span class='ocrx_word' id='word_1_343' title='bbox 2081 465 2157 521; x_wconf 86' lang='lat' dir='ltr'>ita</span> <span class='ocrx_word' id='word_1_344' title='bbox 2187 473 2248 522; x_wconf 91' lang='lat' dir='ltr'>ut</span> <span class='ocrx_word' id='word_1_345' title='bbox 2275 483 2307 522; x_wconf 90' lang='lat' dir='ltr'>a</span> <span class='ocrx_word' id='word_1_346' title='bbox 2338 467 2621 527; x_wconf 88' lang='lat' dir='ltr'>Willermo</span> <span class='ocrx_word' id='word_1_347' title='bbox 2664 488 2794 547; x_wconf 80' lang='lat' dir='ltr'>rege</span> <span class='ocrx_word' id='word_1_348' title='bbox 2826 481 2977 545; x_wconf 87' lang='lat' dir='ltr'>patre</span> <span class='ocrx_word' id='word_1_349' title='bbox 3005 476 3131 544; x_wconf 68' lang='lat' dir='ltr'>(suo</span> <span class='ocrx_word' id='word_1_350' title='bbox 3162 473 3341 529; x_wconf 87' lang='lat' dir='ltr'>factus</span> <span class='ocrx_word' id='word_1_351' title='bbox 3372 475 3571 545; x_wconf 86' lang='lat' dir='ltr'>fuerat,</span> <span class='ocrx_word' id='word_1_352' title='bbox 3607 479 3703 534; x_wconf 85' lang='lat' dir='ltr'>in-</span> 
     </span>
    </p>
   </div>
   <div class='ocr_carea' id='block_1_54' title="bbox 2069 559 3702 637">
    <p class='ocr_par' dir='ltr' id='par_1_54' title="bbox 2069 559 3702 637">
     <span class='ocr_line' id='line_1_54' title="bbox 2069 559 3702 637; baseline 0.01 -26"><span class='ocrx_word' id='word_1_353' title='bbox 2069 562 2277 613; x_wconf 87' lang='lat' dir='ltr'>tactum</span> <span class='ocrx_word' id='word_1_354' title='bbox 2300 559 2540 632; x_wconf 90' lang='lat' dir='ltr'>reliquit.</span> <span class='ocrx_word' id='word_1_355' title='bbox 2562 564 2708 618; x_wconf 67' lang='lat' dir='ltr'>&quot;ltem</span> <span class='ocrx_word' id='word_1_356' title='bbox 2737 565 3026 619; x_wconf 86' lang='lat' dir='ltr'>castellum</span> <span class='ocrx_word' id='word_1_357' title='bbox 3058 566 3207 637; x_wconf 91' lang='lat' dir='ltr'>quod</span> <span class='ocrx_word' id='word_1_358' title='bbox 3235 574 3463 622; x_wconf 84' lang='lat' dir='ltr'>vocatur</span> <span class='ocrx_word' id='word_1_359' title='bbox 3494 572 3702 628; x_wconf 79' lang='lat' dir='ltr'>Arebas</span> 
     </span>
    </p>
   </div>
   <div class='ocr_carea' id='block_1_55' title="bbox 2074 648 3693 720">
    <p class='ocr_par' dir='ltr' id='par_1_55' title="bbox 2074 648 3693 720">
     <span class='ocr_line' id='line_1_55' title="bbox 2074 648 3693 720; baseline 0.009 -15"><span class='ocrx_word' id='word_1_360' title='bbox 2074 648 2199 720; x_wconf 85' lang='grc'>575)</span> <span class='ocrx_word' id='word_1_361' title='bbox 2239 656 2388 706; x_wconf 86' lang='lat' dir='ltr'>turre</span> <span class='ocrx_word' id='word_1_362' title='bbox 2408 658 2464 705; x_wconf 87' lang='lat' dir='ltr'>et</span> <span class='ocrx_word' id='word_1_363' title='bbox 2492 651 2749 709; x_wconf 90' lang='lat' dir='ltr'>menibus</span> <span class='ocrx_word' id='word_1_364' title='bbox 2774 655 3099 712; x_wconf 88' lang='lat' dir='ltr'>mirabiliter</span> <span class='ocrx_word' id='word_1_365' title='bbox 3120 655 3378 714; x_wconf 77' lang='lat' dir='ltr'>firmavit.</span> <span class='ocrx_word' id='word_1_366' title='bbox 3411 659 3502 716; x_wconf 90' lang='lat' dir='ltr'>Sic</span> <span class='ocrx_word' id='word_1_367' title='bbox 3529 663 3693 718; x_wconf 90' lang='lat' dir='ltr'>etiam</span> 
     </span>
    </p>
   </div>
   <div class='ocr_carea' id='block_1_56' title="bbox 2072 740 3696 828">
    <p class='ocr_par' dir='ltr' id='par_1_56' title="bbox 2072 740 3696 828">
     <span class='ocr_line' id='line_1_56' title="bbox 2072 740 3696 828; baseline 0.01 -34"><span class='ocrx_word' id='word_1_368' title='bbox 2072 740 2204 795; x_wconf 89' lang='lat' dir='ltr'>fecit</span> <span class='ocrx_word' id='word_1_369' title='bbox 2255 741 2537 797; x_wconf 90' lang='lat' dir='ltr'>castellum</span> <span class='ocrx_word' id='word_1_370' title='bbox 2603 743 2810 812; x_wconf 87' lang='lat' dir='ltr'>Gisorz,</span> <span class='ocrx_word' id='word_1_371' title='bbox 2880 747 3170 817; x_wconf 87' lang='lat' dir='ltr'>Falesiam,</span> <span class='ocrx_word' id='word_1_372' title='bbox 3232 752 3696 828; x_wconf 86' lang='lat' dir='ltr'>Argentomagum</span> 
     </span>
    </p>
   </div>
   <div class='ocr_carea' id='block_1_57' title="bbox 2070 830 3698 907">
    <p class='ocr_par' dir='ltr' id='par_1_57' title="bbox 2070 830 3698 907">
     <span class='ocr_line' id='line_1_57' title="bbox 2070 830 3698 907; baseline 0.009 -22"><span class='ocrx_word' id='word_1_373' title='bbox 2070 830 2238 899; x_wconf 85' lang='grc'>(576),</span> <span class='ocrx_word' id='word_1_374' title='bbox 2270 830 2519 887; x_wconf 90' lang='lat' dir='ltr'>Oximum</span> <span class='ocrx_word' id='word_1_375' title='bbox 2574 833 2744 906; x_wconf 88' lang='lat'><strong>(577),</strong></span> <span class='ocrx_word' id='word_1_376' title='bbox 2805 836 3158 893; x_wconf 87' lang='lat' dir='ltr'>Danfrontem</span> <span class='ocrx_word' id='word_1_377' title='bbox 3192 840 3371 907; x_wconf 85' lang='grc'>(578),</span> <span class='ocrx_word' id='word_1_378' title='bbox 3406 842 3698 900; x_wconf 86' lang='lat' dir='ltr'>Ambreras</span> 
     </span>
    </p>
   </div>
   <div class='ocr_carea' id='block_1_58' title="bbox 2072 922 3693 1003">
    <p class='ocr_par' dir='ltr' id='par_1_58' title="bbox 2072 922 3693 1003">
     <span class='ocr_line' id='line_1_58' title="bbox 2072 922 3693 1003; baseline 0.01 -27"><span class='ocrx_word' id='word_1_379' title='bbox 2072 922 2241 994; x_wconf 88' lang='grc'>(579).</span> <span class='ocrx_word' id='word_1_380' title='bbox 2290 925 2576 980; x_wconf 85' lang='lat' dir='ltr'>castellum</span> <span class='ocrx_word' id='word_1_381' title='bbox 2631 927 2700 981; x_wconf 92' lang='lat' dir='ltr'>de</span> <span class='ocrx_word' id='word_1_382' title='bbox 2758 928 2902 994; x_wconf 89' lang='lat' dir='ltr'>Vira,</span> <span class='ocrx_word' id='word_1_383' title='bbox 2949 930 3173 986; x_wconf 88' lang='lat' dir='ltr'>Waurei</span> <span class='ocrx_word' id='word_1_384' title='bbox 3237 932 3401 1003; x_wconf 89' lang='grc'>(580).</span> <span class='ocrx_word' id='word_1_385' title='bbox 3471 935 3693 992; x_wconf 82' lang='lat' dir='ltr'>Turrem</span> 
     </span>
    </p>
   </div>
   <div class='ocr_carea' id='block_1_59' title="bbox 2070 1011 3696 1093">
    <p class='ocr_par' dir='ltr' id='par_1_59' title="bbox 2070 1011 3696 1093">
     <span class='ocr_line' id='line_1_59' title="bbox 2070 1011 3696 1093; baseline 0.009 -27"><span class='ocrx_word' id='word_1_386' title='bbox 2070 1011 2341 1067; x_wconf 90' lang='lat' dir='ltr'>Vernonis</span> <span class='ocrx_word' id='word_1_387' title='bbox 2380 1013 2637 1070; x_wconf 92' lang='lat' dir='ltr'>similiter</span> <span class='ocrx_word' id='word_1_388' title='bbox 2662 1016 2810 1073; x_wconf 89' lang='lat' dir='ltr'>fecit.</span> <span class='ocrx_word' id='word_1_389' title='bbox 2866 1018 3063 1093; x_wconf 87' lang='lat' dir='ltr'>Vigilia</span> <span class='ocrx_word' id='word_1_390' title='bbox 3101 1021 3295 1076; x_wconf 84' lang='lat' dir='ltr'>sancti</span> <span class='ocrx_word' id='word_1_391' title='bbox 3329 1022 3539 1079; x_wconf 79' lang='lat' dir='ltr'>Martini</span> <span class='ocrx_word' id='word_1_392' title='bbox 3571 1026 3696 1081; x_wconf 90' lang='lat' dir='ltr'>tho-</span> 
     </span>
    </p>
   </div>
   <div class='ocr_carea' id='block_1_60' title="bbox 2073 1101 3695 1190">
    <p class='ocr_par' dir='ltr' id='par_1_60' title="bbox 2073 1101 3695 1190">
     <span class='ocr_line' id='line_1_60' title="bbox 2073 1101 3695 1190; baseline 0.01 -35"><span class='ocrx_word' id='word_1_393' title='bbox 2073 1101 2291 1158; x_wconf 89' lang='lat' dir='ltr'>nitruus</span> <span class='ocrx_word' id='word_1_394' title='bbox 2313 1119 2547 1177; x_wconf 87' lang='lat' dir='ltr'>magnus</span> <span class='ocrx_word' id='word_1_395' title='bbox 2572 1105 2748 1162; x_wconf 89' lang='lat' dir='ltr'>factus</span> <span class='ocrx_word' id='word_1_396' title='bbox 2786 1116 2889 1172; x_wconf 89' lang='lat' dir='ltr'>est,</span> <span class='ocrx_word' id='word_1_397' title='bbox 2921 1117 2978 1165; x_wconf 90' lang='lat' dir='ltr'>et</span> <span class='ocrx_word' id='word_1_398' title='bbox 3005 1111 3217 1184; x_wconf 80' lang='lat' dir='ltr'>grando</span> <span class='ocrx_word' id='word_1_399' title='bbox 3247 1111 3386 1168; x_wconf 92' lang='lat' dir='ltr'>mire</span> <span class='ocrx_word' id='word_1_400' title='bbox 3416 1117 3695 1190; x_wconf 83' lang='lat' dir='ltr'>magnitu-</span> 
     </span>
    </p>
   </div>
   <div class='ocr_carea' id='block_1_61' title="bbox 2070 1189 3695 1266">
    <p class='ocr_par' dir='ltr' id='par_1_61' title="bbox 2070 1189 3695 1266">
     <span class='ocr_line' id='line_1_61' title="bbox 2070 1189 3695 1266; baseline 0.01 -22"><span class='ocrx_word' id='word_1_401' title='bbox 2070 1189 2238 1245; x_wconf 90' lang='lat' dir='ltr'>dinis.</span> <span class='ocrx_word' id='word_1_402' title='bbox 2309 1192 2627 1264; x_wconf 77' lang='lat' dir='ltr'>(FULCHER)</span> <span class='ocrx_word' id='word_1_403' title='bbox 2685 1196 2984 1266; x_wconf 85' lang='lat' dir='ltr'>Balduinus</span> <span class='ocrx_word' id='word_1_404' title='bbox 3058 1215 3154 1253; x_wconf 88' lang='lat' dir='ltr'>rex</span> <span class='ocrx_word' id='word_1_405' title='bbox 3218 1189 3695 1260; x_wconf 85' lang='lat' dir='ltr'>Jerosolimitanus</span> 
     </span>
    </p>
   </div>
   <div class='ocr_carea' id='block_1_62' title="bbox 2070 1285 3688 1363">
    <p class='ocr_par' dir='ltr' id='par_1_62' title="bbox 2070 1285 3688 1363">
     <span class='ocr_line' id='line_1_62' title="bbox 2070 1285 3688 1363; baseline 0.009 -27"><span class='ocrx_word' id='word_1_406' title='bbox 2070 1290 2356 1353; x_wconf 88' lang='lat' dir='ltr'>captusest</span> <span class='ocrx_word' id='word_1_407' title='bbox 2383 1300 2415 1338; x_wconf 90' lang='lat' dir='ltr'>a</span> <span class='ocrx_word' id='word_1_408' title='bbox 2446 1285 2605 1341; x_wconf 79' lang='lat' dir='ltr'>Balac</span> <span class='ocrx_word' id='word_1_409' title='bbox 2626 1287 2868 1358; x_wconf 90' lang='lat' dir='ltr'>quodam</span> <span class='ocrx_word' id='word_1_410' title='bbox 2920 1289 3173 1357; x_wconf 88' lang='lat' dir='ltr'>amirato,</span> <span class='ocrx_word' id='word_1_411' title='bbox 3206 1292 3300 1363; x_wconf 91' lang='lat' dir='ltr'>qui</span> <span class='ocrx_word' id='word_1_412' title='bbox 3330 1293 3494 1348; x_wconf 87' lang='lat' dir='ltr'>etiam</span> <span class='ocrx_word' id='word_1_413' title='bbox 3538 1310 3688 1351; x_wconf 91' lang='lat' dir='ltr'>anno</span> 
     </span>
    </p>
   </div>
   <div class='ocr_carea' id='block_1_63' title="bbox 2069 1376 3681 1448">
    <p class='ocr_par' dir='ltr' id='par_1_63' title="bbox 2069 1376 3681 1448">
     <span class='ocr_line' id='line_1_63' title="bbox 2069 1376 3681 1448; baseline 0.011 -20"><span class='ocrx_word' id='word_1_414' title='bbox 2069 1376 2564 1448; x_wconf 84' lang='lat' dir='ltr'>preteritocepérat</span> <span class='ocrx_word' id='word_1_415' title='bbox 2585 1379 2935 1437; x_wconf 80' lang='lat' dir='ltr'>Goscelinum</span> <span class='ocrx_word' id='word_1_416' title='bbox 2969 1383 3038 1438; x_wconf 91' lang='lat' dir='ltr'>de</span> <span class='ocrx_word' id='word_1_417' title='bbox 3078 1384 3389 1441; x_wconf 86' lang='lat' dir='ltr'>Turvaissel</span> <span class='ocrx_word' id='word_1_418' title='bbox 3418 1389 3681 1445; x_wconf 85' lang='lat' dir='ltr'>comitem</span> 
     </span>
    </p>
   </div>
   <div class='ocr_carea' id='block_1_64' title="bbox 2069 1463 3407 1546">
    <p class='ocr_par' dir='ltr' id='par_1_64' title="bbox 2069 1463 3407 1546">
     <span class='ocr_line' id='line_1_64' title="bbox 2069 1463 3407 1546; baseline 0.007 -29"><span class='ocrx_word' id='word_1_419' title='bbox 2069 1463 2432 1532; x_wconf 89' lang='lat' dir='ltr'>Edessenum,</span> <span class='ocrx_word' id='word_1_420' title='bbox 2465 1476 2520 1522; x_wconf 92' lang='lat' dir='ltr'>et</span> <span class='ocrx_word' id='word_1_421' title='bbox 2547 1467 2917 1525; x_wconf 87' lang='lat' dir='ltr'>Galerannum</span> <span class='ocrx_word' id='word_1_422' title='bbox 2942 1482 3242 1546; x_wconf 88' lang='lat' dir='ltr'>cognatum</span> <span class='ocrx_word' id='word_1_423' title='bbox 3264 1473 3407 1543; x_wconf 89' lang='lat' dir='ltr'>ejus.</span> 
     </span>
    </p>
   </div>
   <div class='ocr_carea' id='block_1_65' title="bbox 2142 1554 3614 1623">
    <p class='ocr_par' dir='ltr' id='par_1_65' title="bbox 2142 1554 3614 1623">
     <span class='ocr_line' id='line_1_65' title="bbox 2142 1554 3614 1623; baseline 0.009 -14"><span class='ocrx_word' id='word_1_424' title='bbox 2142 1554 2296 1610; x_wconf 77' lang='grc'><strong>1124.</strong></span> <span class='ocrx_word' id='word_1_425' title='bbox 2321 1559 2583 1614; x_wconf 72' lang='lat' dir='ltr'>Henricus</span> <span class='ocrx_word' id='word_1_426' title='bbox 2609 1560 2695 1616; x_wconf 89' lang='grc'><strong>18.</strong></span> <span class='ocrx_word' id='word_1_427' title='bbox 2728 1562 3029 1619; x_wconf 79' lang='lat' dir='ltr'>Ludovicus</span> <span class='ocrx_word' id='word_1_428' title='bbox 3056 1564 3143 1620; x_wconf 84' lang='grc'><strong>15.</strong></span> <span class='ocrx_word' id='word_1_429' title='bbox 3179 1567 3450 1622; x_wconf 80' lang='lat' dir='ltr'>Henricus</span> <span class='ocrx_word' id='word_1_430' title='bbox 3476 1568 3504 1622; x_wconf 84' lang='grc' dir='ltr'><strong><em>Ι</em></strong></span> <span class='ocrx_word' id='word_1_431' title='bbox 3524 1568 3614 1623; x_wconf 72' lang='grc'>24.</span> 
     </span>
    </p>
   </div>
   <div class='ocr_carea' id='block_1_66' title="bbox 2139 1644 3692 1725">
    <p class='ocr_par' dir='ltr' id='par_1_66' title="bbox 2139 1644 3692 1725">
     <span class='ocr_line' id='line_1_66' title="bbox 2139 1644 3692 1725; baseline 0.009 -27"><span class='ocrx_word' id='word_1_432' title='bbox 2139 1644 2328 1714; x_wconf 73' lang='lat' dir='ltr'>(Hum.</span> <span class='ocrx_word' id='word_1_433' title='bbox 2362 1647 2481 1717; x_wconf 82' lang='lat' dir='ltr'>vn.)</span> <span class='ocrx_word' id='word_1_434' title='bbox 2513 1648 2623 1702; x_wconf 83' lang='lat' dir='ltr'>Rex</span> <span class='ocrx_word' id='word_1_435' title='bbox 2656 1650 2725 1683; x_wconf 79' lang='grc'><strong>⁵⁵³</strong></span> <span class='ocrx_word' id='word_1_436' title='bbox 2782 1651 3082 1725; x_wconf 83' lang='lat' dir='ltr'>Anglorum</span> <span class='ocrx_word' id='word_1_437' title='bbox 3117 1653 3381 1710; x_wconf 88' lang='lat' dir='ltr'>Henricus</span> <span class='ocrx_word' id='word_1_438' title='bbox 3416 1655 3692 1713; x_wconf 83' lang='lat' dir='ltr'>fortunate</span> 
     </span>
    </p>
   </div>
   <div class='ocr_carea' id='block_1_67' title="bbox 2064 1732 3692 1812">
    <p class='ocr_par' dir='ltr' id='par_1_67' title="bbox 2064 1732 3692 1812">
     <span class='ocr_line' id='line_1_67' title="bbox 2064 1732 3692 1812; baseline 0.01 -26"><span class='ocrx_word' id='word_1_439' title='bbox 2064 1732 2401 1807; x_wconf 86' lang='lat' dir='ltr'>gloriﬁcatus</span> <span class='ocrx_word' id='word_1_440' title='bbox 2428 1741 2527 1791; x_wconf 89' lang='lat' dir='ltr'>est.</span> <span class='ocrx_word' id='word_1_441' title='bbox 2582 1736 2900 1793; x_wconf 87' lang='lat' dir='ltr'>Willermus</span> <span class='ocrx_word' id='word_1_442' title='bbox 2954 1756 3195 1812; x_wconf 88' lang='lat' dir='ltr'>namque</span> <span class='ocrx_word' id='word_1_443' title='bbox 3254 1743 3323 1798; x_wconf 92' lang='lat' dir='ltr'>de</span> <span class='ocrx_word' id='word_1_444' title='bbox 3352 1742 3692 1802; x_wconf 87' lang='lat' dir='ltr'>Tancarvilla</span> 
     </span>
    </p>
   </div>
   <div class='ocr_carea' id='block_1_68' title="bbox 2065 1822 3690 1899">
    <p class='ocr_par' dir='ltr' id='par_1_68' title="bbox 2065 1822 3690 1899">
     <span class='ocr_line' id='line_1_68' title="bbox 2065 1822 3690 1899; baseline 0.009 -23"><span class='ocrx_word' id='word_1_445' title='bbox 2065 1822 2400 1877; x_wconf 89' lang='lat' dir='ltr'>camerarius</span> <span class='ocrx_word' id='word_1_446' title='bbox 2426 1823 2563 1892; x_wconf 85' lang='lat' dir='ltr'>ejus,</span> <span class='ocrx_word' id='word_1_447' title='bbox 2586 1841 2709 1880; x_wconf 92' lang='lat' dir='ltr'>cum</span> <span class='ocrx_word' id='word_1_448' title='bbox 2770 1827 2892 1882; x_wconf 90' lang='lat' dir='ltr'>aliis</span> <span class='ocrx_word' id='word_1_449' title='bbox 2937 1828 3191 1899; x_wconf 90' lang='lat' dir='ltr'>pluribus</span> <span class='ocrx_word' id='word_1_450' title='bbox 3219 1829 3525 1888; x_wconf 90' lang='lat' dir='ltr'>baronibus</span> <span class='ocrx_word' id='word_1_451' title='bbox 3542 1835 3690 1890; x_wconf 88' lang='lat' dir='ltr'>acie-</span> 
     </span>
    </p>
   </div>
   <div class='ocr_carea' id='block_1_69' title="bbox 2066 1912 3684 1990">
    <p class='ocr_par' dir='ltr' id='par_1_69' title="bbox 2066 1912 3684 1990">
     <span class='ocr_line' id='line_1_69' title="bbox 2066 1912 3684 1990; baseline 0.011 -24"><span class='ocrx_word' id='word_1_452' title='bbox 2066 1912 2171 1967; x_wconf 89' lang='lat' dir='ltr'>bus</span> <span class='ocrx_word' id='word_1_453' title='bbox 2208 1915 2427 1970; x_wconf 88' lang='lat' dir='ltr'>statutis</span> <span class='ocrx_word' id='word_1_454' title='bbox 2457 1915 2785 1990; x_wconf 87' lang='lat' dir='ltr'>conﬂigens,</span> <span class='ocrx_word' id='word_1_455' title='bbox 2845 1919 2994 1990; x_wconf 88' lang='lat' dir='ltr'>cepit</span> <span class='ocrx_word' id='word_1_456' title='bbox 3048 1922 3309 1978; x_wconf 81' lang='lat' dir='ltr'>eomitem</span> <span class='ocrx_word' id='word_1_457' title='bbox 3361 1923 3600 1981; x_wconf 76' lang='lat' dir='ltr'>Mellenti</span> <span class='ocrx_word' id='word_1_458' title='bbox 3633 1926 3684 1983; x_wconf 91' lang='lat'>7.</span> 
     </span>
    </p>
   </div>
   <div class='ocr_carea' id='block_1_70' title="bbox 2065 2001 3681 2082">
    <p class='ocr_par' dir='ltr' id='par_1_70' title="bbox 2065 2001 3681 2082">
     <span class='ocr_line' id='line_1_70' title="bbox 2065 2001 3681 2082; baseline 0.008 -25"><span class='ocrx_word' id='word_1_459' title='bbox 2065 2001 2338 2059; x_wconf 84' lang='lat' dir='ltr'>Kalendas</span> <span class='ocrx_word' id='word_1_460' title='bbox 2366 2005 2584 2075; x_wconf 89' lang='lat' dir='ltr'>Aprilis,</span> <span class='ocrx_word' id='word_1_461' title='bbox 2643 2007 3011 2064; x_wconf 88' lang='lat' dir='ltr'>Galerannum</span> <span class='ocrx_word' id='word_1_462' title='bbox 3071 2019 3201 2066; x_wconf 92' lang='lat' dir='ltr'>tunc</span> <span class='ocrx_word' id='word_1_463' title='bbox 3233 2011 3368 2067; x_wconf 89' lang='lat' dir='ltr'>satis</span> <span class='ocrx_word' id='word_1_464' title='bbox 3396 2013 3681 2082; x_wconf 87' lang='lat' dir='ltr'>juvenem,</span> 
     </span>
    </p>
   </div>
   <div class='ocr_carea' id='block_1_71' title="bbox 2065 2093 3690 2175">
    <p class='ocr_par' dir='ltr' id='par_1_71' title="bbox 2065 2093 3690 2175">
     <span class='ocr_line' id='line_1_71' title="bbox 2065 2093 3690 2175; baseline 0.008 -27"><span class='ocrx_word' id='word_1_465' title='bbox 2065 2093 2293 2149; x_wconf 89' lang='lat' dir='ltr'>militem</span> <span class='ocrx_word' id='word_1_466' title='bbox 2319 2102 2502 2152; x_wconf 89' lang='lat' dir='ltr'>tamen</span> <span class='ocrx_word' id='word_1_467' title='bbox 2532 2098 2700 2153; x_wconf 90' lang='lat' dir='ltr'>armis</span> <span class='ocrx_word' id='word_1_468' title='bbox 2748 2098 2969 2169; x_wconf 90' lang='lat' dir='ltr'>fortem,</span> <span class='ocrx_word' id='word_1_469' title='bbox 3009 2108 3065 2155; x_wconf 91' lang='lat' dir='ltr'>et</span> <span class='ocrx_word' id='word_1_470' title='bbox 3109 2102 3391 2175; x_wconf 87' lang='lat' dir='ltr'>Hugonem</span> <span class='ocrx_word' id='word_1_471' title='bbox 3421 2106 3491 2160; x_wconf 90' lang='lat' dir='ltr'>de</span> <span class='ocrx_word' id='word_1_472' title='bbox 3536 2106 3690 2163; x_wconf 82' lang='lat' dir='ltr'>Mon-</span> 
     </span>
    </p>
   </div>
   <div class='ocr_carea' id='block_1_72' title="bbox 2064 2180 3690 2260">
    <p class='ocr_par' dir='ltr' id='par_1_72' title="bbox 2064 2180 3690 2260">
     <span class='ocr_line' id='line_1_72' title="bbox 2064 2180 3690 2260; baseline 0.01 -24"><span class='ocrx_word' id='word_1_473' title='bbox 2064 2180 2173 2238; x_wconf 83' lang='lat' dir='ltr'>fort</span> <span class='ocrx_word' id='word_1_474' title='bbox 2202 2185 2475 2240; x_wconf 88' lang='lat' dir='ltr'>sororium</span> <span class='ocrx_word' id='word_1_475' title='bbox 2517 2186 2659 2254; x_wconf 88' lang='lat' dir='ltr'>ejus,</span> <span class='ocrx_word' id='word_1_476' title='bbox 2691 2195 2741 2243; x_wconf 84' lang='lat' dir='ltr'>et</span> <span class='ocrx_word' id='word_1_477' title='bbox 2788 2189 3072 2260; x_wconf 50' lang='lat' dir='ltr'>lizigoncm</span> <span class='ocrx_word' id='word_1_478' title='bbox 3126 2190 3304 2247; x_wconf 87' lang='lat' dir='ltr'>ﬁlium</span> <span class='ocrx_word' id='word_1_479' title='bbox 3362 2194 3603 2251; x_wconf 88' lang='lat' dir='ltr'>Gervasii</span> <span class='ocrx_word' id='word_1_480' title='bbox 3633 2205 3690 2252; x_wconf 91' lang='lat' dir='ltr'>et</span> 
     </span>
    </p>
   </div>
   <div class='ocr_carea' id='block_1_73' title="bbox 2064 2274 3695 2359">
    <p class='ocr_par' dir='ltr' id='par_1_73' title="bbox 2064 2274 3695 2359">
     <span class='ocr_line' id='line_1_73' title="bbox 2064 2274 3695 2359; baseline 0.009 -31"><span class='ocrx_word' id='word_1_481' title='bbox 2064 2274 2200 2330; x_wconf 89' lang='lat' dir='ltr'>alios</span> <span class='ocrx_word' id='word_1_482' title='bbox 2239 2276 2442 2332; x_wconf 90' lang='lat' dir='ltr'>multos</span> <span class='ocrx_word' id='word_1_483' title='bbox 2479 2293 2677 2353; x_wconf 87' lang='lat' dir='ltr'>magne</span> <span class='ocrx_word' id='word_1_484' title='bbox 2738 2280 3034 2350; x_wconf 82' lang='lat' dir='ltr'>probitatis</span> <span class='ocrx_word' id='word_1_485' title='bbox 3087 2288 3142 2337; x_wconf 87' lang='lat' dir='ltr'>et</span> <span class='ocrx_word' id='word_1_486' title='bbox 3200 2285 3384 2359; x_wconf 86' lang='lat' dir='ltr'>magni</span> <span class='ocrx_word' id='word_1_487' title='bbox 3443 2287 3695 2342; x_wconf 89' lang='lat' dir='ltr'>nominis</span> 
     </span>
    </p>
   </div>
   <div class='ocr_carea' id='block_1_74' title="bbox 2064 2369 3693 2453">
    <p class='ocr_par' dir='ltr' id='par_1_74' title="bbox 2064 2369 3693 2453">
     <span class='ocr_line' id='line_1_74' title="bbox 2064 2369 3693 2453; baseline 0.009 -29"><span class='ocrx_word' id='word_1_488' title='bbox 2064 2369 2231 2434; x_wconf 87' lang='lat' dir='ltr'>viros,</span> <span class='ocrx_word' id='word_1_489' title='bbox 2267 2371 2325 2426; x_wconf 91' lang='lat' dir='ltr'>in</span> <span class='ocrx_word' id='word_1_490' title='bbox 2347 2371 2488 2427; x_wconf 81' lang='lat' dir='ltr'>valle</span> <span class='ocrx_word' id='word_1_491' title='bbox 2520 2372 2781 2430; x_wconf 79' lang='lat' dir='ltr'>videlicet</span> <span class='ocrx_word' id='word_1_492' title='bbox 2835 2375 2988 2444; x_wconf 89' lang='lat' dir='ltr'>juxta</span> <span class='ocrx_word' id='word_1_493' title='bbox 3050 2377 3409 2434; x_wconf 89' lang='lat' dir='ltr'>Bortorodum</span> <span class='ocrx_word' id='word_1_494' title='bbox 3473 2380 3693 2453; x_wconf 74' lang='lat' dir='ltr'>(58ttin</span> 
     </span>
    </p>
   </div>
   <div class='ocr_carea' id='block_1_75' title="bbox 2065 2464 3694 2537">
    <p class='ocr_par' dir='ltr' id='par_1_75' title="bbox 2065 2464 3694 2537">
     <span class='ocr_line' id='line_1_75' title="bbox 2065 2464 3694 2537; baseline 0.008 -18"><span class='ocrx_word' id='word_1_495' title='bbox 2065 2464 2264 2521; x_wconf 91' lang='lat' dir='ltr'>itinere</span> <span class='ocrx_word' id='word_1_496' title='bbox 2294 2466 2617 2523; x_wconf 89' lang='lat' dir='ltr'>munitionis</span> <span class='ocrx_word' id='word_1_497' title='bbox 2654 2468 2863 2523; x_wconf 90' lang='lat' dir='ltr'>castelli</span> <span class='ocrx_word' id='word_1_498' title='bbox 2919 2470 2991 2525; x_wconf 88' lang='lat' dir='ltr'>de</span> <span class='ocrx_word' id='word_1_499' title='bbox 3041 2470 3347 2529; x_wconf 87' lang='lat' dir='ltr'>Wateville.</span> <span class='ocrx_word' id='word_1_500' title='bbox 3375 2474 3515 2537; x_wconf 73' lang='lat' dir='ltr'>,Rex</span> <span class='ocrx_word' id='word_1_501' title='bbox 3547 2477 3694 2531; x_wconf 87' lang='lat' dir='ltr'>Hen-</span> 
     </span>
    </p>
   </div>
   <div class='ocr_carea' id='block_1_76' title="bbox 2064 2554 3684 2633">
    <p class='ocr_par' dir='ltr' id='par_1_76' title="bbox 2064 2554 3684 2633">
     <span class='ocr_line' id='line_1_76' title="bbox 2064 2554 3684 2633; baseline 0.008 -25"><span class='ocrx_word' id='word_1_502' title='bbox 2064 2554 2210 2610; x_wconf 90' lang='lat' dir='ltr'>ricus</span> <span class='ocrx_word' id='word_1_503' title='bbox 2248 2565 2379 2611; x_wconf 88' lang='lat' dir='ltr'>tunc</span> <span class='ocrx_word' id='word_1_504' title='bbox 2409 2563 2526 2612; x_wconf 90' lang='lat' dir='ltr'>erat</span> <span class='ocrx_word' id='word_1_505' title='bbox 2554 2557 2703 2627; x_wconf 91' lang='lat' dir='ltr'>apud</span> <span class='ocrx_word' id='word_1_506' title='bbox 2736 2556 3032 2614; x_wconf 88' lang='lat' dir='ltr'>Cadomum</span> <span class='ocrx_word' id='word_1_507' title='bbox 3069 2577 3085 2623; x_wconf 85' lang='lat'><strong>;</strong></span> <span class='ocrx_word' id='word_1_508' title='bbox 3126 2562 3277 2633; x_wconf 91' lang='lat' dir='ltr'>quod</span> <span class='ocrx_word' id='word_1_509' title='bbox 3306 2562 3543 2619; x_wconf 88' lang='lat' dir='ltr'>audiens</span> <span class='ocrx_word' id='word_1_510' title='bbox 3559 2581 3684 2620; x_wconf 62' lang='lat' dir='ltr'>cre-</span> 
     </span>
    </p>
   </div>
   <div class='ocr_carea' id='block_1_77' title="bbox 2062 2646 3684 2720">
    <p class='ocr_par' dir='ltr' id='par_1_77' title="bbox 2062 2646 3684 2720">
     <span class='ocr_line' id='line_1_77' title="bbox 2062 2646 3684 2720; baseline 0.007 -19"><span class='ocrx_word' id='word_1_511' title='bbox 2062 2646 2191 2702; x_wconf 90' lang='lat' dir='ltr'>dere</span> <span class='ocrx_word' id='word_1_512' title='bbox 2222 2662 2333 2703; x_wconf 87' lang='lat' dir='ltr'>non</span> <span class='ocrx_word' id='word_1_513' title='bbox 2399 2648 2597 2720; x_wconf 91' lang='lat' dir='ltr'>potuit,</span> <span class='ocrx_word' id='word_1_514' title='bbox 2647 2650 2831 2705; x_wconf 89' lang='lat' dir='ltr'>donec</span> <span class='ocrx_word' id='word_1_515' title='bbox 2887 2651 3063 2707; x_wconf 87' lang='lat' dir='ltr'>oculis</span> <span class='ocrx_word' id='word_1_516' title='bbox 3116 2654 3231 2708; x_wconf 90' lang='lat' dir='ltr'>suis</span> <span class='ocrx_word' id='word_1_517' title='bbox 3287 2654 3442 2710; x_wconf 88' lang='lat' dir='ltr'>vidit.</span> <span class='ocrx_word' id='word_1_518' title='bbox 3476 2655 3684 2712; x_wconf 90' lang='lat' dir='ltr'>Traditi</span> 
     </span>
    </p>
   </div>
   <div class='ocr_carea' id='block_1_78' title="bbox 2062 2734 3683 2819">
    <p class='ocr_par' dir='ltr' id='par_1_78' title="bbox 2062 2734 3683 2819">
     <span class='ocr_line' id='line_1_78' title="bbox 2062 2734 3683 2819; baseline 0.006 -29"><span class='ocrx_word' id='word_1_519' title='bbox 2062 2734 2230 2811; x_wconf 89' lang='lat' dir='ltr'>igitur</span> <span class='ocrx_word' id='word_1_520' title='bbox 2245 2737 2383 2811; x_wconf 88' lang='lat' dir='ltr'>regi,</span> <span class='ocrx_word' id='word_1_521' title='bbox 2414 2737 2577 2808; x_wconf 85' lang='lat' dir='ltr'>positi</span> <span class='ocrx_word' id='word_1_522' title='bbox 2599 2744 2728 2794; x_wconf 90' lang='lat' dir='ltr'>sunt</span> <span class='ocrx_word' id='word_1_523' title='bbox 2756 2738 2810 2792; x_wconf 92' lang='lat' dir='ltr'>in</span> <span class='ocrx_word' id='word_1_524' title='bbox 2832 2754 3130 2808; x_wconf 87' lang='lat' dir='ltr'>carcerem,</span> <span class='ocrx_word' id='word_1_525' title='bbox 3164 2749 3219 2796; x_wconf 89' lang='lat' dir='ltr'>et</span> <span class='ocrx_word' id='word_1_526' title='bbox 3249 2742 3331 2797; x_wconf 92' lang='lat' dir='ltr'>sic</span> <span class='ocrx_word' id='word_1_527' title='bbox 3360 2759 3561 2819; x_wconf 88' lang='lat' dir='ltr'>magna</span> <span class='ocrx_word' id='word_1_528' title='bbox 3585 2745 3683 2800; x_wconf 91' lang='lat' dir='ltr'>illa</span> 
     </span>
    </p>
   </div>
   <div class='ocr_carea' id='block_1_79' title="bbox 2063 2829 3685 2907">
    <p class='ocr_par' dir='ltr' id='par_1_79' title="bbox 2063 2829 3685 2907">
     <span class='ocr_line' id='line_1_79' title="bbox 2063 2829 3685 2907; baseline 0.006 -22"><span class='ocrx_word' id='word_1_529' title='bbox 2063 2831 2239 2901; x_wconf 87' lang='lat' dir='ltr'>patrie</span> <span class='ocrx_word' id='word_1_530' title='bbox 2259 2831 2533 2887; x_wconf 85' lang='lat' dir='ltr'>dissensio</span> <span class='ocrx_word' id='word_1_531' title='bbox 2588 2829 2757 2887; x_wconf 85' lang='lat' dir='ltr'>ﬁnem</span> <span class='ocrx_word' id='word_1_532' title='bbox 2796 2833 3011 2905; x_wconf 88' lang='lat' dir='ltr'>accepit</span> <span class='ocrx_word' id='word_1_533' title='bbox 3048 2840 3107 2889; x_wconf 91' lang='lat' dir='ltr'>et</span> <span class='ocrx_word' id='word_1_534' title='bbox 3162 2835 3484 2892; x_wconf 90' lang='lat' dir='ltr'>destructio.</span> <span class='ocrx_word' id='word_1_535' title='bbox 3520 2838 3685 2907; x_wconf 78' lang='lat' dir='ltr'>(Fur.-</span> 
     </span>
    </p>
   </div>
   <div class='ocr_carea' id='block_1_80' title="bbox 2064 2923 3683 3004">
    <p class='ocr_par' dir='ltr' id='par_1_80' title="bbox 2064 2923 3683 3004">
     <span class='ocr_line' id='line_1_80' title="bbox 2064 2923 3683 3004; baseline 0.005 -26"><span class='ocrx_word' id='word_1_536' title='bbox 2064 2923 2247 2995; x_wconf 79' lang='lat' dir='ltr'>cnen.)</span> <span class='ocrx_word' id='word_1_537' title='bbox 2283 2925 2442 2980; x_wconf 88' lang='lat' dir='ltr'>Tirus</span> <span class='ocrx_word' id='word_1_538' title='bbox 2470 2925 2703 2995; x_wconf 87' lang='lat' dir='ltr'>capitur,</span> <span class='ocrx_word' id='word_1_539' title='bbox 2756 2942 2921 2996; x_wconf 90' lang='lat' dir='ltr'>quam</span> <span class='ocrx_word' id='word_1_540' title='bbox 2977 2927 3229 2983; x_wconf 91' lang='lat' dir='ltr'>moderni</span> <span class='ocrx_word' id='word_1_541' title='bbox 3295 2929 3558 3004; x_wconf 88' lang='lat' dir='ltr'>Sagittam</span> <span class='ocrx_word' id='word_1_542' title='bbox 3589 2945 3683 2987; x_wconf 82' lang='lat' dir='ltr'>vo—</span> 
     </span>
    </p>
   </div>
   <div class='ocr_carea' id='block_1_81' title="bbox 2059 3018 3679 3092">
    <p class='ocr_par' dir='ltr' id='par_1_81' title="bbox 2059 3018 3679 3092">
     <span class='ocr_line' id='line_1_81' title="bbox 2059 3018 3679 3092; baseline 0.004 -19"><span class='ocrx_word' id='word_1_543' title='bbox 2059 3026 2205 3073; x_wconf 88' lang='lat' dir='ltr'>cant.</span> <span class='ocrx_word' id='word_1_544' title='bbox 2234 3018 2406 3074; x_wconf 87' lang='lat' dir='ltr'>Sidon</span> <span class='ocrx_word' id='word_1_545' title='bbox 2437 3034 2568 3075; x_wconf 91' lang='lat' dir='ltr'>vero</span> <span class='ocrx_word' id='word_1_546' title='bbox 2633 3020 2981 3076; x_wconf 87' lang='lat' dir='ltr'>contermina</span> <span class='ocrx_word' id='word_1_547' title='bbox 3018 3018 3151 3092; x_wconf 75' lang='lat' dir='ltr'>&#39;ejus</span> <span class='ocrx_word' id='word_1_548' title='bbox 3198 3022 3267 3077; x_wconf 91' lang='lat' dir='ltr'>ab</span> <span class='ocrx_word' id='word_1_549' title='bbox 3293 3022 3489 3079; x_wconf 76' lang='lat' dir='ltr'>incolis</span> <span class='ocrx_word' id='word_1_550' title='bbox 3510 3025 3679 3080; x_wconf 90' lang='lat' dir='ltr'>modo</span> 
     </span>
    </p>
   </div>
   <div class='ocr_carea' id='block_1_82' title="bbox 1982 3085 3685 3181">
    <p class='ocr_par' dir='ltr' id='par_1_82' title="bbox 1982 3085 3685 3181">
     <span class='ocr_line' id='line_1_82' title="bbox 1982 3085 3685 3181; baseline 0.004 -20"><span class='ocrx_word' id='word_1_551' title='bbox 1982 3085 2032 3154; x_wconf 66' lang='grc' dir='ltr'>(ἶ</span> <span class='ocrx_word' id='word_1_552' title='bbox 2060 3107 2166 3161; x_wconf 90' lang='lat' dir='ltr'>Sur</span> <span class='ocrx_word' id='word_1_553' title='bbox 2191 3113 2438 3173; x_wconf 82' lang='lat' dir='ltr'>vocatur,</span> <span class='ocrx_word' id='word_1_554' title='bbox 2463 3114 2517 3162; x_wconf 92' lang='lat' dir='ltr'>et</span> <span class='ocrx_word' id='word_1_555' title='bbox 2543 3113 2626 3162; x_wconf 91' lang='lat' dir='ltr'>est</span> <span class='ocrx_word' id='word_1_556' title='bbox 2648 3109 2987 3178; x_wconf 90' lang='lat' dir='ltr'>metropolis.</span> <span class='ocrx_word' id='word_1_557' title='bbox 3014 3085 3180 3180; x_wconf 78' lang='lat' dir='ltr'>Capta</span> <span class='ocrx_word' id='word_1_558' title='bbox 3206 3110 3369 3181; x_wconf 86' lang='lat' dir='ltr'>Tyro,</span> <span class='ocrx_word' id='word_1_559' title='bbox 3402 3111 3685 3168; x_wconf 90' lang='lat' dir='ltr'>discordia</span> 
     </span>
    </p>
   </div>
   <div class='ocr_carea' id='block_1_83' title="bbox 2060 3196 3680 3267">
    <p class='ocr_par' dir='ltr' id='par_1_83' title="bbox 2060 3196 3680 3267">
     <span class='ocr_line' id='line_1_83' title="bbox 2060 3196 3680 3267; baseline 0.004 -17"><span class='ocrx_word' id='word_1_560' title='bbox 2060 3196 2204 3252; x_wconf 88' lang='lat' dir='ltr'>facta</span> <span class='ocrx_word' id='word_1_561' title='bbox 2231 3204 2314 3251; x_wconf 91' lang='lat' dir='ltr'>est</span> <span class='ocrx_word' id='word_1_562' title='bbox 2333 3203 2559 3267; x_wconf 82' lang='lat' dir='ltr'>prepter</span> <span class='ocrx_word' id='word_1_563' title='bbox 2597 3212 2719 3251; x_wconf 88' lang='lat' dir='ltr'>eam</span> <span class='ocrx_word' id='word_1_564' title='bbox 2777 3196 2924 3251; x_wconf 89' lang='lat' dir='ltr'>inter</span> <span class='ocrx_word' id='word_1_565' title='bbox 2950 3197 3290 3267; x_wconf 85' lang='lat' dir='ltr'>patriarchas</span> <span class='ocrx_word' id='word_1_566' title='bbox 3317 3199 3680 3256; x_wconf 84' lang='lat' dir='ltr'>Jerosolimi-</span> 
     </span>
    </p>
   </div>
   <div class='ocr_carea' id='block_1_84' title="bbox 2061 3287 3679 3356">
    <p class='ocr_par' dir='ltr' id='par_1_84' title="bbox 2061 3287 3679 3356">
     <span class='ocr_line' id='line_1_84' title="bbox 2061 3287 3679 3356; baseline 0.001 -13"><span class='ocrx_word' id='word_1_567' title='bbox 2061 3294 2271 3356; x_wconf 90' lang='lat' dir='ltr'>tanum,</span> <span class='ocrx_word' id='word_1_568' title='bbox 2302 3294 2358 3342; x_wconf 89' lang='lat' dir='ltr'>et</span> <span class='ocrx_word' id='word_1_569' title='bbox 2387 3287 2792 3343; x_wconf 87' lang='lat' dir='ltr'>Antiochenum</span> <span class='ocrx_word' id='word_1_570' title='bbox 2826 3305 2839 3342; x_wconf 92' lang='lat'><strong>:</strong></span> <span class='ocrx_word' id='word_1_571' title='bbox 2870 3288 3090 3344; x_wconf 90' lang='lat' dir='ltr'>dicebat</span> <span class='ocrx_word' id='word_1_572' title='bbox 3114 3289 3263 3345; x_wconf 90' lang='lat' dir='ltr'>enim</span> <span class='ocrx_word' id='word_1_573' title='bbox 3295 3290 3679 3347; x_wconf 88' lang='lat' dir='ltr'>Antiochenus</span> 
     </span>
    </p>
   </div>
   <div class='ocr_carea' id='block_1_85' title="bbox 2061 3384 3682 3456">
    <p class='ocr_par' dir='ltr' id='par_1_85' title="bbox 2061 3384 3682 3456">
     <span class='ocr_line' id='line_1_85' title="bbox 2061 3384 3682 3456; baseline 0.001 -15"><span class='ocrx_word' id='word_1_574' title='bbox 2061 3392 2307 3456; x_wconf 90' lang='lat' dir='ltr'>tempore</span> <span class='ocrx_word' id='word_1_575' title='bbox 2327 3384 2553 3456; x_wconf 88' lang='lat' dir='ltr'>antiquo</span> <span class='ocrx_word' id='word_1_576' title='bbox 2614 3384 2812 3455; x_wconf 86' lang='lat' dir='ltr'>Tyrum</span> <span class='ocrx_word' id='word_1_577' title='bbox 2862 3384 3033 3439; x_wconf 91' lang='lat' dir='ltr'>fuisse</span> <span class='ocrx_word' id='word_1_578' title='bbox 3086 3384 3322 3441; x_wconf 90' lang='lat' dir='ltr'>ecclesie</span> <span class='ocrx_word' id='word_1_579' title='bbox 3358 3402 3457 3442; x_wconf 90' lang='lat' dir='ltr'>sue</span> <span class='ocrx_word' id='word_1_580' title='bbox 3489 3387 3682 3456; x_wconf 84' lang='lat' dir='ltr'>subje-</span> 
     </span>
    </p>
   </div>
   <div class='ocr_carea' id='block_1_86' title="bbox 2060 3473 3686 3554">
    <p class='ocr_par' dir='ltr' id='par_1_86' title="bbox 2060 3473 3686 3554">
     <span class='ocr_line' id='line_1_86' title="bbox 2060 3473 3686 3554; baseline 0.002 -24"><span class='ocrx_word' id='word_1_581' title='bbox 2060 3483 2205 3530; x_wconf 89' lang='lat' dir='ltr'>ctam</span> <span class='ocrx_word' id='word_1_582' title='bbox 2240 3492 2256 3541; x_wconf 80' lang='lat'><strong>;</strong></span> <span class='ocrx_word' id='word_1_583' title='bbox 2283 3473 2765 3530; x_wconf 84' lang='lat' dir='ltr'>Jerosolimitanus</span> <span class='ocrx_word' id='word_1_584' title='bbox 2784 3490 2914 3531; x_wconf 90' lang='lat' dir='ltr'>vero</span> <span class='ocrx_word' id='word_1_585' title='bbox 2940 3474 3219 3531; x_wconf 86' lang='lat' dir='ltr'>nitebatur</span> <span class='ocrx_word' id='word_1_586' title='bbox 3237 3476 3549 3554; x_wconf 75' lang='lat' dir='ltr'>privilegiis</span> <span class='ocrx_word' id='word_1_587' title='bbox 3572 3478 3686 3534; x_wconf 78' lang='lat' dir='ltr'>Ho-</span> 
     </span>
    </p>
   </div>
   <div class='ocr_carea' id='block_1_87' title="bbox 2060 3564 3670 3642">
    <p class='ocr_par' dir='ltr' id='par_1_87' title="bbox 2060 3564 3670 3642">
     <span class='ocr_line' id='line_1_87' title="bbox 2060 3564 3670 3642; baseline 0.002 -21"><span class='ocrx_word' id='word_1_588' title='bbox 2060 3582 2344 3622; x_wconf 89' lang='lat' dir='ltr'>manorum</span> <span class='ocrx_word' id='word_1_589' title='bbox 2412 3564 2756 3637; x_wconf 85' lang='lat' dir='ltr'>pontiﬁcum.</span> <span class='ocrx_word' id='word_1_590' title='bbox 2819 3566 2874 3620; x_wconf 88' lang='lat' dir='ltr'>Si</span> <span class='ocrx_word' id='word_1_591' title='bbox 2940 3566 3238 3641; x_wconf 78' lang='lat' dir='ltr'>dignitates</span> <span class='ocrx_word' id='word_1_592' title='bbox 3279 3577 3335 3623; x_wconf 88' lang='lat' dir='ltr'>et</span> <span class='ocrx_word' id='word_1_593' title='bbox 3378 3569 3670 3642; x_wconf 82' lang='lat' dir='ltr'>privilegia</span> 
     </span>
    </p>
   </div>
   <div class='ocr_carea' id='block_1_88' title="bbox 2061 3656 3670 3727">
    <p class='ocr_par' dir='ltr' id='par_1_88' title="bbox 2061 3656 3670 3727">
     <span class='ocr_line' id='line_1_88' title="bbox 2061 3656 3670 3727; baseline 0.001 -16"><span class='ocrx_word' id='word_1_594' title='bbox 2061 3658 2254 3713; x_wconf 86' lang='lat' dir='ltr'>horum</span> <span class='ocrx_word' id='word_1_595' title='bbox 2286 3656 2715 3727; x_wconf 88' lang='lat' dir='ltr'>patriarcharum</span> <span class='ocrx_word' id='word_1_596' title='bbox 2772 3656 3074 3712; x_wconf 80' lang='lat' dir='ltr'>Jerusalem</span> <span class='ocrx_word' id='word_1_597' title='bbox 3133 3663 3189 3712; x_wconf 88' lang='lat' dir='ltr'>et</span> <span class='ocrx_word' id='word_1_598' title='bbox 3240 3658 3550 3725; x_wconf 81' lang='lat' dir='ltr'>Antiochie,</span> <span class='ocrx_word' id='word_1_599' title='bbox 3614 3666 3670 3713; x_wconf 87' lang='lat' dir='ltr'>et</span> 
     </span>
    </p>
   </div>
   <div class='ocr_carea' id='block_1_89' title="bbox 2060 3742 3666 3821">
    <p class='ocr_par' dir='ltr' id='par_1_89' title="bbox 2060 3742 3666 3821">
     <span class='ocr_line' id='line_1_89' title="bbox 2060 3742 3666 3821; baseline 0.001 -23"><span class='ocrx_word' id='word_1_600' title='bbox 2060 3746 2223 3813; x_wconf 88' lang='lat' dir='ltr'>hujus</span> <span class='ocrx_word' id='word_1_601' title='bbox 2250 3743 2363 3798; x_wconf 92' lang='lat' dir='ltr'>litis</span> <span class='ocrx_word' id='word_1_602' title='bbox 2385 3742 2833 3799; x_wconf 88' lang='lat' dir='ltr'>terminationem</span> <span class='ocrx_word' id='word_1_603' title='bbox 2888 3744 3082 3800; x_wconf 90' lang='lat' dir='ltr'>audire</span> <span class='ocrx_word' id='word_1_604' title='bbox 3130 3746 3216 3801; x_wconf 86' lang='lat' dir='ltr'>vel</span> <span class='ocrx_word' id='word_1_605' title='bbox 3272 3746 3457 3821; x_wconf 89' lang='lat' dir='ltr'>legere</span> <span class='ocrx_word' id='word_1_606' title='bbox 3485 3747 3666 3818; x_wconf 89' lang='lat' dir='ltr'>cupis,</span> 
     </span>
    </p>
   </div>
   <div class='ocr_carea' id='block_1_90' title="bbox 2056 3829 3670 3905">
    <p class='ocr_par' dir='ltr' id='par_1_90' title="bbox 2056 3829 3670 3905">
     <span class='ocr_line' id='line_1_90' title="bbox 2056 3829 3670 3905; baseline 0.002 -19"><span class='ocrx_word' id='word_1_607' title='bbox 2056 3831 2274 3904; x_wconf 88' lang='lat' dir='ltr'>require</span> <span class='ocrx_word' id='word_1_608' title='bbox 2297 3830 2353 3885; x_wconf 91' lang='lat' dir='ltr'>in</span> <span class='ocrx_word' id='word_1_609' title='bbox 2379 3829 2555 3901; x_wconf 88' lang='lat' dir='ltr'>primo</span> <span class='ocrx_word' id='word_1_610' title='bbox 2584 3846 2728 3886; x_wconf 90' lang='lat' dir='ltr'>anno</span> <span class='ocrx_word' id='word_1_611' title='bbox 2761 3830 2844 3887; x_wconf 87' lang='lat' dir='ltr'>vel</span> <span class='ocrx_word' id='word_1_612' title='bbox 2874 3831 3022 3888; x_wconf 87' lang='lat' dir='ltr'>circa</span> <span class='ocrx_word' id='word_1_613' title='bbox 3051 3840 3341 3905; x_wconf 90' lang='lat' dir='ltr'>postquam</span> <span class='ocrx_word' id='word_1_614' title='bbox 3362 3834 3670 3891; x_wconf 80' lang='lat' dir='ltr'>Jerusalem</span> 
     </span>
    </p>
   </div>
   <div class='ocr_carea' id='block_1_91' title="bbox 2056 3921 3674 3997">
    <p class='ocr_par' dir='ltr' id='par_1_91' title="bbox 2056 3921 3674 3997">
     <span class='ocr_line' id='line_1_91' title="bbox 2056 3921 3674 3997; baseline 0.001 -18"><span class='ocrx_word' id='word_1_615' title='bbox 2056 3931 2216 3994; x_wconf 86' lang='lat' dir='ltr'>capta</span> <span class='ocrx_word' id='word_1_616' title='bbox 2241 3931 2326 3977; x_wconf 90' lang='lat' dir='ltr'>est</span> <span class='ocrx_word' id='word_1_617' title='bbox 2363 3938 2394 3976; x_wconf 90' lang='lat' dir='ltr'>a</span> <span class='ocrx_word' id='word_1_618' title='bbox 2432 3921 2748 3977; x_wconf 86' lang='lat' dir='ltr'>christianis</span> <span class='ocrx_word' id='word_1_619' title='bbox 2786 3925 2903 3992; x_wconf 87' lang='lat' dir='ltr'>(Ep.</span> <span class='ocrx_word' id='word_1_620' title='bbox 2940 3924 3094 3981; x_wconf 80' lang='lat' dir='ltr'>Cruc.</span> <span class='ocrx_word' id='word_1_621' title='bbox 3158 3925 3323 3997; x_wconf 75' lang='lat'>[582])</span> <span class='ocrx_word' id='word_1_622' title='bbox 3381 3926 3674 3982; x_wconf 87' lang='lat' dir='ltr'>Antiochia</span> 
     </span>
    </p>
   </div>
   <div class='ocr_carea' id='block_1_92' title="bbox 2052 4014 3670 4089">
    <p class='ocr_par' dir='ltr' id='par_1_92' title="bbox 2052 4014 3670 4089">
     <span class='ocr_line' id='line_1_92' title="bbox 2052 4014 3670 4089; baseline 0.001 -18"><span class='ocrx_word' id='word_1_623' title='bbox 2052 4015 2244 4071; x_wconf 89' lang='lat' dir='ltr'>civitas</span> <span class='ocrx_word' id='word_1_624' title='bbox 2269 4022 2353 4071; x_wconf 89' lang='lat' dir='ltr'>est</span> <span class='ocrx_word' id='word_1_625' title='bbox 2379 4014 2749 4085; x_wconf 88' lang='lat' dir='ltr'>pulcherrima</span> <span class='ocrx_word' id='word_1_626' title='bbox 2793 4025 2847 4070; x_wconf 91' lang='lat' dir='ltr'>et</span> <span class='ocrx_word' id='word_1_627' title='bbox 2876 4016 3270 4086; x_wconf 79' lang='lat' dir='ltr'>munitissima,</span> <span class='ocrx_word' id='word_1_628' title='bbox 3293 4017 3670 4089; x_wconf 87' lang='lat' dir='ltr'>cepiosiorum</span> 
     </span>
    </p>
   </div>
   <div class='ocr_carea' id='block_1_93' title="bbox 2053 4106 3681 4181">
    <p class='ocr_par' dir='ltr' id='par_1_93' title="bbox 2053 4106 3681 4181">
     <span class='ocr_line' id='line_1_93' title="bbox 2053 4106 3681 4181; baseline 0.001 -18"><span class='ocrx_word' id='word_1_629' title='bbox 2053 4108 2367 4163; x_wconf 89' lang='lat' dir='ltr'>reddituum</span> <span class='ocrx_word' id='word_1_630' title='bbox 2401 4106 2841 4178; x_wconf 89' lang='lat' dir='ltr'>opulentissima.</span> <span class='ocrx_word' id='word_1_631' title='bbox 2884 4107 3022 4163; x_wconf 88' lang='lat' dir='ltr'>Sunt</span> <span class='ocrx_word' id='word_1_632' title='bbox 3049 4107 3192 4163; x_wconf 90' lang='lat' dir='ltr'>infra</span> <span class='ocrx_word' id='word_1_633' title='bbox 3232 4108 3409 4180; x_wconf 90' lang='lat' dir='ltr'>ipsam</span> <span class='ocrx_word' id='word_1_634' title='bbox 3441 4116 3681 4181; x_wconf 90' lang='lat' dir='ltr'>quatuor</span> 
     </span>
    </p>
   </div>
   <div class='ocr_carea' id='block_1_94' title="bbox 2053 4194 3674 4268">
    <p class='ocr_par' dir='ltr' id='par_1_94' title="bbox 2053 4194 3674 4268">
     <span class='ocr_line' id='line_1_94' title="bbox 2053 4194 3674 4268; baseline 0 -15"><span class='ocrx_word' id='word_1_635' title='bbox 2053 4206 2349 4253; x_wconf 82' lang='lat' dir='ltr'>montanae</span> <span class='ocrx_word' id='word_1_636' title='bbox 2408 4194 2541 4250; x_wconf 88' lang='lat' dir='ltr'>satis</span> <span class='ocrx_word' id='word_1_637' title='bbox 2596 4194 2723 4262; x_wconf 86' lang='lat' dir='ltr'>alte,</span> <span class='ocrx_word' id='word_1_638' title='bbox 2778 4196 2830 4250; x_wconf 91' lang='lat' dir='ltr'>in</span> <span class='ocrx_word' id='word_1_639' title='bbox 2887 4213 3119 4268; x_wconf 86' lang='lat' dir='ltr'>quarum</span> <span class='ocrx_word' id='word_1_640' title='bbox 3177 4214 3308 4264; x_wconf 87' lang='lat' dir='ltr'>una,</span> <span class='ocrx_word' id='word_1_641' title='bbox 3358 4197 3674 4254; x_wconf 91' lang='lat' dir='ltr'>sublimiori</span> 
     </span>
    </p>
   </div>
   <div class='ocr_carea' id='block_1_95' title="bbox 2051 4288 3675 4362">
    <p class='ocr_par' dir='ltr' id='par_1_95' title="bbox 2051 4288 3675 4362">
     <span class='ocr_line' id='line_1_95' title="bbox 2051 4288 3675 4362; baseline 0.001 -18"><span class='ocrx_word' id='word_1_642' title='bbox 2051 4290 2281 4353; x_wconf 89' lang='lat' dir='ltr'>scilicet,</span> <span class='ocrx_word' id='word_1_643' title='bbox 2301 4288 2584 4345; x_wconf 88' lang='lat' dir='ltr'>castellum</span> <span class='ocrx_word' id='word_1_644' title='bbox 2641 4294 2744 4353; x_wconf 89' lang='lat' dir='ltr'>est,</span> <span class='ocrx_word' id='word_1_645' title='bbox 2775 4289 2926 4359; x_wconf 87' lang='lat' dir='ltr'>quod</span> <span class='ocrx_word' id='word_1_646' title='bbox 2954 4289 3106 4345; x_wconf 91' lang='lat' dir='ltr'>omni</span> <span class='ocrx_word' id='word_1_647' title='bbox 3138 4289 3344 4345; x_wconf 88' lang='lat' dir='ltr'>civitati</span> <span class='ocrx_word' id='word_1_648' title='bbox 3372 4290 3675 4362; x_wconf 91' lang='lat' dir='ltr'>prominet,</span> 
     </span>
    </p>
   </div>
   <div class='ocr_carea' id='block_1_96' title="bbox 2056 4380 3680 4455">
    <p class='ocr_par' dir='ltr' id='par_1_96' title="bbox 2056 4380 3680 4455">
     <span class='ocr_line' id='line_1_96' title="bbox 2056 4380 3680 4455; baseline 0 -16"><span class='ocrx_word' id='word_1_649' title='bbox 2056 4385 2313 4439; x_wconf 92' lang='lat' dir='ltr'>deorsum</span> <span class='ocrx_word' id='word_1_650' title='bbox 2342 4381 2491 4437; x_wconf 91' lang='lat' dir='ltr'>enim</span> <span class='ocrx_word' id='word_1_651' title='bbox 2521 4380 2713 4435; x_wconf 89' lang='lat' dir='ltr'>civitas</span> <span class='ocrx_word' id='word_1_652' title='bbox 2742 4389 2828 4436; x_wconf 87' lang='lat' dir='ltr'>est</span> <span class='ocrx_word' id='word_1_653' title='bbox 2866 4382 3132 4437; x_wconf 89' lang='lat' dir='ltr'>decenter</span> <span class='ocrx_word' id='word_1_654' title='bbox 3150 4381 3425 4450; x_wconf 86' lang='lat' dir='ltr'>ediﬂcata,</span> <span class='ocrx_word' id='word_1_655' title='bbox 3451 4389 3508 4438; x_wconf 88' lang='lat' dir='ltr'>et</span> <span class='ocrx_word' id='word_1_656' title='bbox 3539 4382 3680 4455; x_wconf 87' lang='lat' dir='ltr'>dup-</span> 
     </span>
    </p>
   </div>
   <div class='ocr_carea' id='block_1_97' title="bbox 2055 4461 3679 4546">
    <p class='ocr_par' dir='ltr' id='par_1_97' title="bbox 2055 4461 3679 4546">
     <span class='ocr_line' id='line_1_97' title="bbox 2055 4461 3679 4546; baseline 0 -18"><span class='ocrx_word' id='word_1_657' title='bbox 2055 4472 2188 4546; x_wconf 92' lang='lat' dir='ltr'>plici</span> <span class='ocrx_word' id='word_1_658' title='bbox 2222 4486 2377 4526; x_wconf 93' lang='lat' dir='ltr'>muro</span> <span class='ocrx_word' id='word_1_659' title='bbox 2407 4469 2847 4526; x_wconf 87' lang='lat' dir='ltr'>circumambita.</span> <span class='ocrx_word' id='word_1_660' title='bbox 2894 4461 3080 4525; x_wconf 74' lang='lat' dir='ltr'>Murti&#39;s</span> <span class='ocrx_word' id='word_1_661' title='bbox 3109 4470 3342 4527; x_wconf 87' lang='lat' dir='ltr'>interior</span> <span class='ocrx_word' id='word_1_662' title='bbox 3377 4472 3595 4542; x_wconf 87' lang='lat' dir='ltr'>amplus</span> <span class='ocrx_word' id='word_1_663' title='bbox 3621 4478 3679 4528; x_wconf 87' lang='lat' dir='ltr'>et</span> 
     </span>
    </p>
   </div>
   <div class='ocr_carea' id='block_1_98' title="bbox 2056 4562 3674 4636">
    <p class='ocr_par' dir='ltr' id='par_1_98' title="bbox 2056 4562 3674 4636">
     <span class='ocr_line' id='line_1_98' title="bbox 2056 4562 3674 4636; baseline -0.002 -14"><span class='ocrx_word' id='word_1_664' title='bbox 2056 4568 2110 4621; x_wconf 91' lang='lat' dir='ltr'>in</span> <span class='ocrx_word' id='word_1_665' title='bbox 2140 4582 2267 4622; x_wconf 87' lang='lat' dir='ltr'>aera</span> <span class='ocrx_word' id='word_1_666' title='bbox 2291 4570 2576 4636; x_wconf 89' lang='lat' dir='ltr'>porrectus</span> <span class='ocrx_word' id='word_1_667' title='bbox 2601 4568 2707 4629; x_wconf 88' lang='lat' dir='ltr'>est,</span> <span class='ocrx_word' id='word_1_668' title='bbox 2740 4568 2796 4617; x_wconf 87' lang='lat' dir='ltr'>et</span> <span class='ocrx_word' id='word_1_669' title='bbox 2824 4563 3039 4633; x_wconf 82' lang='lat' dir='ltr'>magnis</span> <span class='ocrx_word' id='word_1_670' title='bbox 3067 4562 3362 4635; x_wconf 90' lang='lat' dir='ltr'>etquadris</span> <span class='ocrx_word' id='word_1_671' title='bbox 3391 4563 3674 4635; x_wconf 88' lang='lat' dir='ltr'>lapidibus</span> 
     </span>
    </p>
   </div>
   <div class='ocr_carea' id='block_1_99' title="bbox 2053 4652 3676 4729">
    <p class='ocr_par' dir='ltr' id='par_1_99' title="bbox 2053 4652 3676 4729">
     <span class='ocr_line' id='line_1_99' title="bbox 2053 4652 3676 4729; baseline -0.002 -16"><span class='ocrx_word' id='word_1_672' title='bbox 2053 4663 2375 4729; x_wconf 90' lang='lat' dir='ltr'>compactus</span> <span class='ocrx_word' id='word_1_673' title='bbox 2403 4661 2459 4710; x_wconf 90' lang='lat' dir='ltr'>et</span> <span class='ocrx_word' id='word_1_674' title='bbox 2487 4652 2927 4728; x_wconf 88' lang='lat' dir='ltr'>compaginatus.</span> <span class='ocrx_word' id='word_1_675' title='bbox 2962 4654 3021 4707; x_wconf 90' lang='lat' dir='ltr'>ln</span> <span class='ocrx_word' id='word_1_676' title='bbox 3044 4670 3154 4726; x_wconf 90' lang='lat' dir='ltr'>qua</span> <span class='ocrx_word' id='word_1_677' title='bbox 3172 4655 3315 4709; x_wconf 89' lang='lat' dir='ltr'>muri</span> <span class='ocrx_word' id='word_1_678' title='bbox 3346 4655 3676 4729; x_wconf 84' lang='lat' dir='ltr'>compagine</span> 
     </span>
    </p>
   </div>
   <div class='ocr_carea' id='block_1_100' title="bbox 1691 4757 2315 4816">
    <p class='ocr_par' dir='ltr' id='par_1_100' title="bbox 1691 4757 2315 4816">
     <span class='ocr_line' id='line_1_100' title="bbox 1691 4757 2315 4816; baseline 0 -5"><span class='ocrx_word' id='word_1_679' title='bbox 1691 4757 1911 4813; x_wconf 73' lang='lat' dir='ltr'>VARI/E</span> <span class='ocrx_word' id='word_1_680' title='bbox 1959 4758 2231 4816; x_wconf 82' lang='lat' dir='ltr'><strong>LECTION</strong></span> <span class='ocrx_word' id='word_1_681' title='bbox 2241 4758 2315 4812; x_wconf 91' lang='lat' dir='ltr'>ES</span> 
     </span>
    </p>
   </div>
   <div class='ocr_carea' id='block_1_101' title="bbox 322 4851 3676 4935">
    <p class='ocr_par' dir='ltr' id='par_1_101' title="bbox 322 4851 3676 4935">
     <span class='ocr_line' id='line_1_101' title="bbox 322 4851 3676 4935; baseline -0 -27"><span class='ocrx_word' id='word_1_682' title='bbox 322 4862 325 4863; x_wconf 69' lang='lat'><strong><em>&#39;</em></strong></span> <span class='ocrx_word' id='word_1_683' title='bbox 372 4853 660 4935; x_wconf 60' lang='lat' dir='ltr'>_f53_ln§tio</span> <span class='ocrx_word' id='word_1_684' title='bbox 685 4854 857 4935; x_wconf 66' lang='lat' dir='ltr'>[tujus</span> <span class='ocrx_word' id='word_1_685' title='bbox 883 4858 1020 4935; x_wconf 75' lang='lat' dir='ltr'>anni</span> <span class='ocrx_word' id='word_1_686' title='bbox 1044 4856 1111 4935; x_wconf 19' lang='lat' dir='ltr'>A2.</span> <span class='ocrx_word' id='word_1_687' title='bbox 1179 4856 1382 4935; x_wconf 79' lang='lat' dir='ltr'>addit_:</span> <span class='ocrx_word' id='word_1_688' title='bbox 1416 4855 1680 4935; x_wconf 64' lang='lat' dir='ltr'>{Ecclesia</span> <span class='ocrx_word' id='word_1_689' title='bbox 1717 4856 1994 4935; x_wconf 79' lang='lat' dir='ltr'>Savigneji</span> <span class='ocrx_word' id='word_1_690' title='bbox 2056 4858 2311 4935; x_wconf 75' lang='lat' dir='ltr'>dedicata</span> <span class='ocrx_word' id='word_1_691' title='bbox 2358 4862 2444 4935; x_wconf 54' lang='lat' dir='ltr'>est</span> <span class='ocrx_word' id='word_1_692' title='bbox 2486 4852 2586 4935; x_wconf 41' lang='lat' dir='ltr'>Kal.</span> <span class='ocrx_word' id='word_1_693' title='bbox 2612 4851 2766 4935; x_wconf 44' lang='lat' dir='ltr'>‘Jun,</span> <span class='ocrx_word' id='word_1_694' title='bbox 2791 4852 2845 4935; x_wconf 75' lang='lat' dir='ltr'>i_n</span> <span class='ocrx_word' id='word_1_695' title='bbox 2871 4852 3145 4935; x_wconf 75' lang='lat' dir='ltr'>honorem</span> <span class='ocrx_word' id='word_1_696' title='bbox 3168 4852 3243 4935; x_wconf 79' lang='lat' dir='ltr'>_S.</span> <span class='ocrx_word' id='word_1_697' title='bbox 3269 4851 3572 4935; x_wconf 59' lang='lat' dir='ltr'>Trinitatis,</span> <span class='ocrx_word' id='word_1_698' title='bbox 3605 4852 3676 4907; x_wconf 88' lang='lat' dir='ltr'>ab</span> 
     </span>
    </p>
   </div>
   <div class='ocr_carea' id='block_1_102' title="bbox 337 4921 3677 5011">
    <p class='ocr_par' dir='ltr' id='par_1_102' title="bbox 337 4921 3677 5011">
     <span class='ocr_line' id='line_1_102' title="bbox 337 4921 3677 5011; baseline -0.001 -31"><span class='ocrx_word' id='word_1_699' title='bbox 337 4924 536 5011; x_wconf 66' lang='lat' dir='ltr'>abbate</span> <span class='ocrx_word' id='word_1_700' title='bbox 559 4924 737 5011; x_wconf 41' lang='lat' dir='ltr'>‘Vitale</span> <span class='ocrx_word' id='word_1_701' title='bbox 758 4921 981 5011; x_wconf 75' lang='lat' dir='ltr'>incepta</span> <span class='ocrx_word' id='word_1_702' title='bbox 1005 4932 1059 4981; x_wconf 90' lang='lat' dir='ltr'>et</span> <span class='ocrx_word' id='word_1_703' title='bbox 1083 4942 1262 5009; x_wconf 77' lang='lat' dir='ltr'>usque</span> <span class='ocrx_word' id='word_1_704' title='bbox 1290 4928 1359 4982; x_wconf 88' lang='lat' dir='ltr'>ad</span> <span class='ocrx_word' id='word_1_705' title='bbox 1389 4936 1535 5011; x_wconf 60' lang='lat' dir='ltr'>retro</span> <span class='ocrx_word' id='word_1_706' title='bbox 1564 4921 2324 5011; x_wconf 40' lang='lat' dir='ltr'>chorum&quot;exp&#39;leta,.deinde</span> <span class='ocrx_word' id='word_1_707' title='bbox 2355 4942 2387 4979; x_wconf 88' lang='lat' dir='ltr'>a</span> <span class='ocrx_word' id='word_1_708' title='bbox 2406 4921 2943 5011; x_wconf 13' lang='lat' dir='ltr'>ﬂaufr‘idohabfbater</span> <span class='ocrx_word' id='word_1_709' title='bbox 2974 4921 3677 5011; x_wconf 13' lang='lat' dir='ltr'>peqecta.eruIi‘c.dedica-</span> 
     </span>
    </p>
   </div>
   <div class='ocr_carea' id='block_1_103' title="bbox 334 4994 3669 5071">
    <p class='ocr_par' dir='ltr' id='par_1_103' title="bbox 334 4994 3669 5071">
     <span class='ocr_line' id='line_1_103' title="bbox 334 4994 3669 5071; baseline -0.001 -18"><span class='ocrx_word' id='word_1_710' title='bbox 334 4996 866 5071; x_wconf 78' lang='lat' dir='ltr'>tioniinterfuerunt</span> <span class='ocrx_word' id='word_1_711' title='bbox 888 4994 1149 5071; x_wconf 74' lang='lat' dir='ltr'>episcopi</span> <span class='ocrx_word' id='word_1_712' title='bbox 1164 4994 1438 5071; x_wconf 65' lang='lat' dir='ltr'>quinque,</span> <span class='ocrx_word' id='word_1_713' title='bbox 1470 4999 1750 5071; x_wconf 79' lang='lat' dir='ltr'>Turgisus,</span> <span class='ocrx_word' id='word_1_714' title='bbox 1780 4994 2136 5056; x_wconf 80' lang='lat' dir='ltr'>Abrincensis</span> <span class='ocrx_word' id='word_1_715' title='bbox 2155 5006 2210 5055; x_wconf 91' lang='lat' dir='ltr'>et</span> <span class='ocrx_word' id='word_1_716' title='bbox 2232 4995 2498 5053; x_wconf 69' lang='lat' dir='ltr'>lticardus</span> <span class='ocrx_word' id='word_1_717' title='bbox 2522 4994 2956 5050; x_wconf 80' lang='lat' dir='ltr'>Constantiensis</span> <span class='ocrx_word' id='word_1_718' title='bbox 2975 4994 3030 5051; x_wconf 87' lang='lat' dir='ltr'>et</span> <span class='ocrx_word' id='word_1_719' title='bbox 3058 4994 3322 5050; x_wconf 84' lang='lat' dir='ltr'>Ricardus</span> <span class='ocrx_word' id='word_1_720' title='bbox 3350 4994 3669 5064; x_wconf 88' lang='lat' dir='ltr'>Bajocensis</span> 
     </span>
    </p>
   </div>
   <div class='ocr_carea' id='block_1_104' title="bbox 336 5068 1991 5144">
    <p class='ocr_par' dir='ltr' id='par_1_104' title="bbox 336 5068 1991 5144">
     <span class='ocr_line' id='line_1_104' title="bbox 336 5068 1991 5144; baseline -0.001 -17"><span class='ocrx_word' id='word_1_721' title='bbox 336 5070 688 5127; x_wconf 82' lang='lat' dir='ltr'>etJohannes</span> <span class='ocrx_word' id='word_1_722' title='bbox 713 5068 997 5144; x_wconf 87' lang='lat' dir='ltr'>Sagiensis</span> <span class='ocrx_word' id='word_1_723' title='bbox 1026 5068 1469 5125; x_wconf 32' lang='lat' dir='ltr'>et’Hil&#39;debértus</span> <span class='ocrx_word' id='word_1_724' title='bbox 1500 5068 1991 5127; x_wconf 79' lang='lat' dir='ltr'>Cenomannensis.</span> 
     </span>
    </p>
   </div>
   <div class='ocr_carea' id='block_1_105' title="bbox 1896 5168 2106 5224">
    <p class='ocr_par' dir='ltr' id='par_1_105' title="bbox 1896 5168 2106 5224">
     <span class='ocr_line' id='line_1_105' title="bbox 1896 5168 2106 5224; baseline 0 -1"><span class='ocrx_word' id='word_1_725' title='bbox 1896 5168 2106 5224; x_wconf 59' lang='lat' dir='ltr'>NOTAE.</span> 
     </span>
    </p>
   </div>
   <div class='ocr_carea' id='block_1_106' title="bbox 424 5270 834 5341">
    <p class='ocr_par' dir='ltr' id='par_1_106' title="bbox 424 5270 834 5341">
     <span class='ocr_line' id='line_1_106' title="bbox 424 5270 834 5341; baseline -0.002 -15"><span class='ocrx_word' id='word_1_726' title='bbox 424 5270 551 5341; x_wconf 74' lang='lat'><strong>572)</strong></span> <span class='ocrx_word' id='word_1_727' title='bbox 570 5270 834 5327; x_wconf 87' lang='lat' dir='ltr'>Brionne.</span> 
     </span>
    </p>
   </div>
   <div class='ocr_carea' id='block_1_107' title="bbox 432 5342 853 5399">
    <p class='ocr_par' dir='ltr' id='par_1_107' title="bbox 432 5342 853 5399">
     <span class='ocr_line' id='line_1_107' title="bbox 432 5342 853 5399; baseline -0.005 0"><span class='ocrx_word' id='word_1_728' title='bbox 432 5342 557 5399; x_wconf 84' lang='lat'><strong>573)</strong></span> <span class='ocrx_word' id='word_1_729' title='bbox 588 5343 650 5396; x_wconf 88' lang='lat' dir='ltr'>A.</span> <span class='ocrx_word' id='word_1_730' title='bbox 691 5342 853 5397; x_wconf 83' lang='grc'><strong>1119.</strong></span> 
     </span>
    </p>
   </div>
   <div class='ocr_carea' id='block_1_108' title="bbox 406 5343 1446 5485">
    <p class='ocr_par' dir='ltr' id='par_1_108' title="bbox 406 5343 1446 5485">
     <span class='ocr_line' id='line_1_108' title="bbox 408 5343 853 5484; baseline -0.002 -86"><span class='ocrx_word' id='word_1_731' title='bbox 408 5343 557 5484; x_wconf 46' lang='lat'><strong>(573)</strong></span> <span class='ocrx_word' id='word_1_732' title='bbox 588 5343 650 5396; x_wconf 90' lang='lat' dir='ltr'>A.</span> <span class='ocrx_word' id='word_1_733' title='bbox 691 5343 853 5397; x_wconf 83' lang='grc'><strong>1119.</strong></span> 
     </span>
     <span class='ocr_line' id='line_1_109' title="bbox 406 5411 1446 5485; baseline 0.005 -19"><span class='ocrx_word' id='word_1_734' title='bbox 406 5414 535 5479; x_wconf 73' lang='grc'>(574</span> <span class='ocrx_word' id='word_1_735' title='bbox 587 5412 647 5485; x_wconf 86' lang='lat' dir='ltr'>H.</span> <span class='ocrx_word' id='word_1_736' title='bbox 676 5412 835 5469; x_wconf 88' lang='grc'><strong>1090.</strong></span> <span class='ocrx_word' id='word_1_737' title='bbox 860 5411 930 5471; x_wconf 92' lang='lat' dir='ltr'>cf.</span> <span class='ocrx_word' id='word_1_738' title='bbox 966 5412 1094 5469; x_wconf 89' lang='lat' dir='ltr'>0rd.</span> <span class='ocrx_word' id='word_1_739' title='bbox 1119 5412 1224 5469; x_wconf 87' lang='lat' dir='ltr'>Vit.</span> <span class='ocrx_word' id='word_1_740' title='bbox 1248 5412 1446 5485; x_wconf 87' lang='lat' dir='ltr'>p.690.</span> 
     </span>
    </p>
   </div>
   <div class='ocr_carea' id='block_1_109' title="bbox 407 5484 799 5555">
    <p class='ocr_par' dir='ltr' id='par_1_109' title="bbox 407 5484 799 5555">
     <span class='ocr_line' id='line_1_110' title="bbox 407 5484 799 5555; baseline 0.005 -18"><span class='ocrx_word' id='word_1_741' title='bbox 407 5485 557 5555; x_wconf 80' lang='grc'>(575)</span> <span class='ocrx_word' id='word_1_742' title='bbox 587 5484 799 5555; x_wconf 83' lang='lat' dir='ltr'>Arques</span> 
     </span>
    </p>
   </div>
   <div class='ocr_carea' id='block_1_110' title="bbox 410 5554 882 5629">
    <p class='ocr_par' dir='ltr' id='par_1_110' title="bbox 410 5554 882 5629">
     <span class='ocr_line' id='line_1_111' title="bbox 410 5554 882 5629; baseline 0 0"><span class='ocrx_word' id='word_1_743' title='bbox 410 5554 553 5629; x_wconf 56' lang='lat' dir='ltr'>ea)</span> <span class='ocrx_word' id='word_1_744' title='bbox 584 5554 882 5629; x_wconf 60' lang='lat' dir='ltr'>Argentan-</span> 
     </span>
    </p>
   </div>
   <div class='ocr_carea' id='block_1_111' title="bbox 409 5624 821 5696">
    <p class='ocr_par' dir='ltr' id='par_1_111' title="bbox 409 5624 821 5696">
     <span class='ocr_line' id='line_1_112' title="bbox 409 5624 821 5696; baseline -0.005 -16"><span class='ocrx_word' id='word_1_745' title='bbox 409 5624 553 5696; x_wconf 75' lang='lat'><strong>(577)</strong></span> <span class='ocrx_word' id='word_1_746' title='bbox 584 5624 821 5681; x_wconf 63' lang='lat' dir='ltr'>Hie&#39;mes.</span> 
     </span>
    </p>
   </div>
   <div class='ocr_carea' id='block_1_112' title="bbox 409 5696 882 5770">
    <p class='ocr_par' dir='ltr' id='par_1_112' title="bbox 409 5696 882 5770">
     <span class='ocr_line' id='line_1_113' title="bbox 409 5696 882 5770; baseline -0.004 -16"><span class='ocrx_word' id='word_1_747' title='bbox 409 5696 548 5770; x_wconf 81' lang='grc'>(578)</span> <span class='ocrx_word' id='word_1_748' title='bbox 580 5696 882 5757; x_wconf 89' lang='lat' dir='ltr'>Domfront.</span> 
     </span>
    </p>
   </div>
   <div class='ocr_carea' id='block_1_113' title="bbox 2122 5261 3522 5337">
    <p class='ocr_par' dir='ltr' id='par_1_113' title="bbox 2122 5261 3522 5337">
     <span class='ocr_line' id='line_1_114' title="bbox 2122 5261 3522 5337; baseline -0.006 -12"><span class='ocrx_word' id='word_1_749' title='bbox 2122 5268 2261 5337; x_wconf 86' lang='grc'>(579)</span> <span class='ocrx_word' id='word_1_750' title='bbox 2293 5264 2624 5332; x_wconf 89' lang='lat' dir='ltr'>Ambrieres,</span> <span class='ocrx_word' id='word_1_751' title='bbox 2659 5263 2808 5319; x_wconf 91' lang='lat' dir='ltr'>inter</span> <span class='ocrx_word' id='word_1_752' title='bbox 2836 5261 3123 5319; x_wconf 88' lang='lat' dir='ltr'>Domfront</span> <span class='ocrx_word' id='word_1_753' title='bbox 3145 5269 3201 5318; x_wconf 89' lang='lat' dir='ltr'>et</span> <span class='ocrx_word' id='word_1_754' title='bbox 3230 5261 3522 5335; x_wconf 83' lang='lat' dir='ltr'>Mayenne.</span> 
     </span>
    </p>
   </div>
   <div class='ocr_carea' id='block_1_114' title="bbox 2123 5337 2525 5408">
    <p class='ocr_par' dir='ltr' id='par_1_114' title="bbox 2123 5337 2525 5408">
     <span class='ocr_line' id='line_1_115' title="bbox 2123 5337 2525 5408; baseline -0.015 -12"><span class='ocrx_word' id='word_1_755' title='bbox 2123 5340 2266 5408; x_wconf 80' lang='grc'>(580)</span> <span class='ocrx_word' id='word_1_756' title='bbox 2305 5337 2525 5392; x_wconf 87' lang='lat' dir='ltr'>Waure.</span> 
     </span>
    </p>
   </div>
   <div class='ocr_carea' id='block_1_115' title="bbox 2126 5404 3671 5483">
    <p class='ocr_par' dir='ltr' id='par_1_115' title="bbox 2126 5404 3671 5483">
     <span class='ocr_line' id='line_1_116' title="bbox 2126 5404 3671 5483; baseline -0.006 -16"><span class='ocrx_word' id='word_1_757' title='bbox 2126 5404 2269 5479; x_wconf 84' lang='grc'>(581)</span> <span class='ocrx_word' id='word_1_758' title='bbox 2302 5410 2513 5483; x_wconf 89' lang='lat' dir='ltr'>Burgus</span> <span class='ocrx_word' id='word_1_759' title='bbox 2535 5407 2780 5473; x_wconf 88' lang='lat' dir='ltr'>Turoldi,</span> <span class='ocrx_word' id='word_1_760' title='bbox 2802 5405 2914 5475; x_wconf 89' lang='lat' dir='ltr'>jam</span> <span class='ocrx_word' id='word_1_761' title='bbox 2970 5404 3442 5479; x_wconf 86' lang='lat' dir='ltr'>Bourgtheroude,</span> <span class='ocrx_word' id='word_1_762' title='bbox 3497 5417 3671 5475; x_wconf 88' lang='lat' dir='ltr'>prope</span> 
     </span>
    </p>
   </div>
   <div class='ocr_carea' id='block_1_116' title="bbox 2056 5484 3285 5556">
    <p class='ocr_par' dir='ltr' id='par_1_116' title="bbox 2056 5484 3285 5556">
     <span class='ocr_line' id='line_1_117' title="bbox 2056 5484 3285 5556; baseline 0.015 -2"><span class='ocrx_word' id='word_1_763' title='bbox 2056 5484 2549 5556; x_wconf 52' lang='grc' dir='ltr'>Βοψριηεδειιιτιι-</span> <span class='ocrx_word' id='word_1_764' title='bbox 2646 5549 2657 5556; x_wconf 91' lang='grc'>.</span> <span class='ocrx_word' id='word_1_765' title='bbox 2753 5548 2780 5556; x_wconf 81' lang='lat'>-</span> <span class='ocrx_word' id='word_1_766' title='bbox 2887 5547 2931 5556; x_wconf 89' lang='lat'>.-</span> <span class='ocrx_word' id='word_1_767' title='bbox 3252 5547 3285 5556; x_wconf 91' lang='grc'><strong>--</strong></span> 
     </span>
    </p>
   </div>
   <div class='ocr_carea' id='block_1_117' title="bbox 2126 5543 3668 5625">
    <p class='ocr_par' dir='ltr' id='par_1_117' title="bbox 2126 5543 3668 5625">
     <span class='ocr_line' id='line_1_118' title="bbox 2126 5543 3668 5625; baseline -0.01 -14"><span class='ocrx_word' id='word_1_768' title='bbox 2126 5554 2270 5625; x_wconf 72' lang='grc'>(582)</span> <span class='ocrx_word' id='word_1_769' title='bbox 2304 5543 2697 5625; x_wconf 53' lang='lat' dir='ltr'>l.&quot;_e._Epistola</span> <span class='ocrx_word' id='word_1_770' title='bbox 2747 5547 3168 5625; x_wconf 64' lang='lat' dir='ltr'>Qruciferorum.</span> <span class='ocrx_word' id='word_1_771' title='bbox 3198 5547 3350 5625; x_wconf 79' lang='lat' dir='ltr'>edita</span> <span class='ocrx_word' id='word_1_772' title='bbox 3392 5545 3537 5602; x_wconf 82' lang='lat' dir='ltr'>Mon.</span> 
     </span>
    </p>
   </div>
   <div class='ocr_carea' id='block_1_118' title="bbox 2056 5611 3665 5689">
    <p class='ocr_par' dir='ltr' id='par_1_118' title="bbox 2056 5611 3665 5689">
     <span class='ocr_line' id='line_1_119' title="bbox 2056 5611 3665 5689; baseline -0.007 -9"><span class='ocrx_word' id='word_1_773' title='bbox 2056 5611 2149 5689; x_wconf 62' lang='lat' dir='ltr'>Ill,</span> <span class='ocrx_word' id='word_1_774' title='bbox 2209 5611 2293 5679; x_wconf 56' lang='lat' dir='ltr'>ii.</span> <span class='ocrx_word' id='word_1_775' title='bbox 2357 5611 2631 5678; x_wconf 77' lang='lat' dir='ltr'>Robertus</span> <span class='ocrx_word' id='word_1_776' title='bbox 2676 5620 2927 5675; x_wconf 88' lang='lat' dir='ltr'>ordinem</span> <span class='ocrx_word' id='word_1_777' title='bbox 2985 5620 3279 5676; x_wconf 90' lang='lat' dir='ltr'>verborum</span> <span class='ocrx_word' id='word_1_778' title='bbox 3339 5611 3665 5679; x_wconf 87' lang='lat' dir='ltr'>immutavit,</span> 
     </span>
    </p>
   </div>
   <div class='ocr_carea' id='block_1_119' title="bbox 2052 5690 2994 5770">
    <p class='ocr_par' dir='ltr' id='par_1_119' title="bbox 2052 5690 2994 5770">
     <span class='ocr_line' id='line_1_120' title="bbox 2052 5690 2994 5770; baseline -0.004 -16"><span class='ocrx_word' id='word_1_779' title='bbox 2052 5697 2221 5755; x_wconf 86' lang='lat' dir='ltr'>verba</span> <span class='ocrx_word' id='word_1_780' title='bbox 2250 5697 2371 5770; x_wconf 89' lang='lat' dir='ltr'>ipsa</span> <span class='ocrx_word' id='word_1_781' title='bbox 2394 5693 2619 5752; x_wconf 89' lang='lat' dir='ltr'>retinuit</span> <span class='ocrx_word' id='word_1_782' title='bbox 2646 5692 2757 5757; x_wconf 84' lang='lat' dir='ltr'>fere</span> <span class='ocrx_word' id='word_1_783' title='bbox 2785 5690 2994 5750; x_wconf 88' lang='lat' dir='ltr'>omnia.</span> 
     </span>
    </p>
   </div>
  </div>
