3916 6064
236 255 248 306 ς
284 237 388 293 461

431 375 786 420 ROMANORUI.
937 378 1278 422 FRAICORUI.
1427 385 1719 426 ANGLORUM

284 454 470 504 turres
493 454 622 504 sunt
648 448 1052 526 quinquaginta
1089 454 1475 527 quadrigente,
1518 456 1773 515 formosis
1808 475 1906 515 ve-

285 544 506 594 nustate
556 539 776 608 meniis,
827 548 884 596 et
936 540 1168 599 defense
1221 549 1672 622 propugnaculis.
1720 549 1904 606 Murus

281 625 526 681 exterior
556 643 666 683 non
686 636 834 684 tante
854 629 1218 698 celsitudinis,
1251 634 1348 689 sed
1373 642 1554 691 tamen
1577 637 1902 694 admirande

235 773 240 776 .
279 721 608 776 venustatis.
650 721 906 778 Continet
963 723 1021 780 in
1047 742 1108 782 se
1133 733 1410 786 trecentas
1453 737 1508 786 et
1535 733 1900 809 quadraginta

279 811 574 868 ecclesias.
607 812 710 870 Pro
740 831 842 872 suo
882 833 1086 890 magno
1116 819 1360 890 primatu
1403 824 1768 893 patriarcham
1802 827 1900 882 ha-

275 900 395 968 bet,
425 904 584 973 cujus
621 905 1014 974 patriarchatui
1055 909 1433 977 subjiciuntur
1473 913 1576 967 153
1624 914 1894 987 episcopi.

277 992 360 1046 Ab
399 993 618 1054 oriente
655 1002 893 1067 quatuor
937 999 1215 1056 clauditur
1254 1005 1582 1060 montaneis.
1637 1007 1716 1062 Ab
1754 1009 1904 1064 occi-

277 1080 451 1137 dente
503 1099 630 1139 vcro
678 1085 917 1142 civitatis
957 1104 1144 1144 muros
1196 1091 1503 1161 preterﬂuit
1540 1092 1758 1158 ﬂuvius,
1814 1097 1902 1152 cui

279 1189 488 1238 nomen
537 1176 784 1234 Pharfar.
845 1179 1134 1252 Octoginta
1163 1183 1311 1238 enim
1365 1195 1419 1240 et
1467 1185 1712 1258 quinque
1741 1204 1902 1263 reges

277 1279 402 1320 eam
429 1267 817 1325 constituendo
864 1270 1305 1330 sublimaverunt
1349 1283 1405 1330 et
1443 1276 1895 1348 nobilitaverunt,

274 1369 513 1426 quorum
553 1357 822 1413 maximus
864 1368 919 1414 et
949 1361 1157 1429 primus
1197 1365 1422 1420 emersit
1460 1366 1779 1433 Antiochus,
1821 1371 1891 1424 de

274 1449 440 1518 cujus
478 1451 704 1506 nomine
734 1453 1027 1510 Antiochia
1079 1465 1398 1528 nuncupata
1451 1469 1556 1515 est.
1605 1463 1682 1532 (V.
1721 1467 1888 1528 With.)

275 1537 428 1594 Obiit
456 1539 677 1596 donnus
700 1541 1016 1600 Willermus
1046 1543 1136 1615 pie
1165 1549 1458 1616 memorie,
1491 1551 1698 1607 tercius
1721 1553 1892 1609 abbas

1151 239 1498 300 CHRONICA.
1539 270 1610 286 -ιι-
1645 245 2032 302 AUCTARIUM
2071 246 2356 304 ROBEBTI
2394 249 2477 303 DE
2518 248 2756 305 MONTE.

3510 253 3616 311 M2

1927 377 1980 442 Α
2008 378 2064 426 et
2092 373 2170 429 ibi
2212 375 2365 432 dedit
2402 375 2779 447 episcopatum
2825 375 3106 450 Wigornie
3145 377 3370 447 Symoni
3412 377 3617 436 clerico

2004 465 2212 539 regine.
2269 464 2470 520 Sifrido
2529 479 2750 536 quoque
2805 463 2990 520 abbati
3033 463 3418 538 Glastingebiri
3457 465 3618 524 dedit

2003 556 2380 626 episcopatum
2433 551 2716 608 Cicestrie.
2773 552 2941 608 Porro
2980 552 3296 609 Willermus
3332 554 3616 626 archiepi-

2003 661 2205 716 scopus
2272 643 2561 700 Cantuarie
2608 643 2762 699 dedit
2825 645 3204 716 epiSCOpatum
3265 646 3616 702 Rovccestrie

1999 737 2236 792 Johanni
2269 736 2655 791 archidiacono
2691 751 2812 791 suo.
2850 737 2928 790 Ad
2985 737 3186 806 pascha
3215 739 3378 792 etiam
3409 738 3617 794 Johan-

2000 844 2102 883 nes
2157 827 2486 894 Cremensis,
2545 827 2842 882 cardinalis
2897 829 3196 891 Romanus,
3240 829 3528 884 descendit
3555 830 3614 886 in

1997 915 2268 990 Angliam,
2303 915 2784 986 perendinansque
2815 931 2916 986 per
2954 916 3307 988 episc0patus
3333 927 3388 972 et
3441 918 3616 975 abba-

2003 1008 2109 1064 tias
2139 1023 2249 1063 non
2289 1007 2411 1062 sine
2463 1007 2678 1081 magnis
2747 1007 3092 1074 muneribus,
3153 1009 3218 1063 ad
3275 1009 3613 1067 nativitatem

2000 1105 2188 1152 sancte
2240 1096 2406 1151 Marie
2453 1095 2752 1151 celebravit
2809 1096 3106 1152 concilium
3165 1097 3416 1153 sollenne
3465 1099 3614 1170 apud

2001 1185 2340 1240 Londoniam
2399 1184 2546 1239 Obiit
2582 1183 2850 1239 Henricus
2891 1185 3209 1255 imperator,
3259 1187 3352 1258 qui
3385 1187 3616 1246 duxerat

2001 1280 2274 1334 Matildem
2329 1279 2496 1334 tiliam
2571 1280 2717 1352 regis
2787 1280 3078 1354 Anglorum
3141 1281 3375 1338 Henrici.
3433 1282 3609 1354 Opere

1995 1369 2234 1439 pretium
2292 1379 2376 1423 est
2431 1369 2620 1422 audire
2669 1384 2830 1439 quam
2891 1384 3114 1423 severus
3170 1387 3259 1425 rex
3310 1371 3608 1444 Anglorum

1996 1461 2262 1515 Henricus
2309 1460 2472 1514 fuerit
2529 1460 2584 1515 in
2643 1475 2838 1530 pravos
2901 1459 3235 1516 Monetarios
3290 1461 3438 1516 enim
3496 1461 3610 1518 fere

1992 1565 2186 1604 omnes
2242 1548 2408 1604 totius
2458 1549 2650 1623 Anglic
2716 1549 2846 1604 fecit
2893 1549 3218 1604 ementulari
3247 1591 3264 1615 ,
3317 1556 3372 1605 et
3415 1567 3612 1606 manus

271 1631 566 1688 Beccensis
610 1635 871 1703 ecclesie,
921 1638 1004 1692 vir
1053 1639 1329 1708 gloriosus
1365 1648 1420 1697 et
1468 1643 1700 1700 honeste
1755 1646 1886 1712 vite,
1915 1669 1962 1737 Β
1990 1640 2242 1696 dexteras
2281 1640 2610 1696 fabricantes
2631 1641 2934 1712 nequitiam
2978 1641 3212 1710 abscidi,
3253 1641 3383 1712 quia
3409 1657 3609 1698 mone-

269 1725 369 1797 qui
398 1725 491 1792 23,
523 1729 686 1784 etatis
713 1745 812 1785 sue
833 1747 979 1788 anno
1008 1733 1239 1803 predicti
1271 1735 1378 1790 loci
1419 1739 1724 1794 monachus
1748 1739 1886 1796 eﬁ‘e-
1917 1725 1962 1737 ”
1991 1741 2096 1790 tam
2139 1735 2337 1792 furtive
2367 1744 2746 1806 corruperant.
2803 1737 2912 1791 iste
2955 1744 3040 1792 cst
3079 1737 3135 1791 in
3177 1736 3371 1808 Anglia
3423 1750 3610 1792 annus

269 1825 398 1876 ctus
425 1827 529 1886 est,
557 1821 990 1896 quindecimque
1031 1826 1192 1881 annis
1221 1827 1275 1882 in
1305 1831 1634 1886 monachatu
1675 1833 1884 1904 private

269 1909 533 1978 peractis,
590 1911 646 1965 in
696 1911 949 1985 regimen
998 1915 1247 1983 ejusdem
1299 1917 1522 1974 abbatie
1579 1922 1882 1979 venerabili

267 2001 531 2058 Anselmo
557 2004 844 2059 successit.
895 2005 1065 2070 Quam
1094 2023 1219 2063 cum
1245 2009 1315 2066 3O
1341 2011 1504 2066 annis
1533 2017 1588 2068 et
1629 2013 1882 2084 dimidio,

265 2089 302 2145 6
332 2090 534 2145 diebus
563 2091 766 2160 minus,
797 2099 1020 2151 strenue
1048 2096 1430 2170 gubernasset.
1465 2101 1550 2158 70.
1593 2105 1756 2159 etatis
1783 2122 1885 2162 sue

265 2178 493 2236 circiter
519 2197 684 2248 anno,
717 2185 1080 2242 monachatus
1113 2202 1244 2242 vero
1284 2188 1397 2244 lere
1434 2191 1526 2258 46,
1575 2192 1828 2268 migravit
1857 2212 1888 2250 a

265 2269 480 2336 seculo,
522 2269 608 2328 16.
642 2271 756 2328 Kal.
799 2272 941 2327 Maii.
977 2273 1142 2343 Cujus
1170 2275 1512 2348 epitaphium
1543 2280 1887 2342 decrevimus

271 2372 389 2414 non
419 2358 723 2414 silendum.

341 2452 451 2503 Hoc
479 2451 678 2517 tegitur
707 2451 898 2505 tumba
928 2450 1237 2509 Willermus
1263 2459 1460 2512 tercius
1497 2459 1655 2527 abba,

337 2541 442 2601 Qui
466 2539 578 2604 fuit
605 2542 858 2606 eximius,
887 2544 1101 2610 sapiens
1127 2548 1180 2597 et
1207 2545 1506 2612 religiosus,

333 2627 508 2682 Getica
532 2630 834 2698 suspirans,
871 2631 1264 2701 mundanaque
1300 2641 1502 2690 cuncta
1553 2639 1879 2709 relinquens.

337 2723 432 2774 Est
467 2721 740 2775 Christum
765 2721 946 2779 nudus
974 2723 1161 2778 devota
1187 2731 1368 2780 mente
1391 2734 1608 2784 secutus

337 2814 646 2880 Ingenium,
672 2807 888 2867 morum
924 2814 1184 2882 probitas,
1215 2819 1564 2890 splendorque
1585 2831 1882 2891 parentum

334 2901 592 2956 Omnibus
622 2903 770 2957 hunc
796 2918 990 2958 carum
1015 2906 1264 2971 fecerunt
1291 2923 1356 2964 ac
1393 2913 1780 2969 venerandum.

335 2993 564 3058 Imperio
590 2989 814 3058 dignam
840 2995 1067 3060 speciem
1089 2996 1364 3066 vitamque
1385 3001 1644 3070 gerebat;

335 3085 516 3139 Cordis
543 3086 884 3142 mundiciam
918 3101 1127 3156 semper
1152 3094 1440 3160 carnisque
1468 3097 1703 3153 tenebat.

335 3189 566 3239 Beccum
593 3185 833 3240 terdenos
861 3189 1024 3240 auxit
1047 3189 1292 3256 reditque
1315 3205 1415 3258 per
1441 3208 1634 3261 annos,

335 3277 477 3330 litis
499 3275 750 3345 subjectis
773 3277 1045 3343 dominus,
1076 3277 1352 3348 durusque
1377 3285 1638 3352 superbis.

331 3373 475 3423 Dum
493 3383 827 3436 sexagenum
849 3370 1050 3424 denum
1085 3375 1312 3427 venisset
1350 3375 1421 3428 ad
1437 3391 1670 3445 annum,

337 3461 524 3514 Finem
545 3459 759 3512 vivendi
773 3460 1001 3526 faciens,
1029 3462 1091 3514 in
1110 3476 1246 3529 pace
1268 3465 1488 3530 quievit.

337 3560 484 3609 Tunc
514 3556 656 3609 aries
700 3554 875 3623 perdit
902 3558 1170 3611 consortia
1204 3557 1386 3611 lucida
1415 3559 1594 3619 Phebi.

334 3647 600 3715 Sextoque
623 3644 764 3700 dena
800 3646 910 3702 dies
940 3647 1277 3702 illucescebat
1304 3650 1522 3718 Aprilis,

333 3737 471 3790 Huic
493 3739 628 3790 Deus
652 3740 903 3790 eternu'm
927 3737 1134 3791 tribuat
1161 3740 1510 3816 conscendere
1535 3756 1786 3811 regnum,

335 3831 603 3892 Quatinus
628 3829 885 3896 angelicis
914 3831 1109 3884 turmis
1136 3838 1421 3900 conregnet
1446 3836 1506 3887 in
1529 3849 1707 3890 evum.

335 3919 473 3974 Huic
513 3917 778 3974 successit
826 3917 951 3989 pius
985 3917 1145 3984 Boso,
1189 3919 1244 3974 in
1295 3935 1438 3976 novo
1489 3929 1545 3978 et
1586 3925 1760 3980 veteri
1797 3936 1878 3982 te-

230 4015 532 4065 -stamento
559 4007 812 4080 apprime
855 4007 1121 4073 eruditus,
1153 4008 1235 4063 vir
1262 4009 1495 4064 scientia
1535 4013 1878 4070 admirabilis

257 4109 316 4154 et
350 4099 604 4155 doctrine
651 4099 1106 4170 incomparabilis
1152 4099 1242 4162 (cf.
1305 4107 1370 4156 ΙΙ.
1409 4104 1598 4172 Henr.)
1647 4105 1873 4160 Tantam

259 4191 490 4261 insuper
505 4187 738 4261 gratiam
765 4187 815 4242 ei
835 4187 1008 4242 virtus
1035 4187 1222 4244 divina
1245 4191 1570 4248 contulerat.
1601 4201 1662 4249 ut
1693 4195 1874 4250 nullus

257 4288 367 4335 tam
411 4279 581 4334 tristis
606 4285 662 4334 et
699 4293 872 4351 egens
925 4277 1160 4334 consilio
1210 4280 1279 4334 ad
1335 4280 1517 4350 ipsum
1555 4284 1866 4352 accederet,

1986 1827 2306 1882 karissimus
2348 1828 2595 1883 omnium
2622 1869 2636 1894 ,
2685 1827 2740 1881 in
2775 1844 2883 1899 quo
2922 1829 3254 1884 vindebatur
3307 1845 3448 1883 onus
3475 1828 3607 1899 equi

1985 1917 2408 1974 frumentorium
2457 1935 2553 1974 sex
2583 1919 2795 1974 solidis.
2838 1920 3068 1975 Henrico
3105 1921 3420 1991 imperatori
3482 1937 3608 1976 suc-

1986 2007 2154 2062 cessit
2193 2008 2498 2062 Lotharius.
2541 2007 2751 2062 Mortuo
2777 2008 3086 2063 Alexandro
3127 2025 3254 2080 rege
3292 2009 3604 2076 Scotorum,

1987 2097 2254 2151 successit
2284 2097 2336 2152 ei
2369 2097 2536 2151 David
2571 2097 2738 2152 frater
2779 2098 2918 2167 ejus,
2954 2097 3036 2150 vir
3066 2113 3264 2170 magno
3296 2097 3607 2152 sanctitatis

1990 2193 2044 2241 et
2075 2185 2395 2259 religiosus;
2428 2185 2521 2258 qui
2581 2185 2744 2240 filiam
2795 2184 2999 2239 Gallevi
3047 2185 3266 2238 comitis
3315 2193 3371 2240 et
3417 2185 3608 2239 Judith

1988 2277 2320 2333 consobrine
2354 2278 2501 2352 regis
2532 2293 2754 2332 uxorem
2786 2277 2976 2341 duxit;
3011 2275 3280 2348 biuosquc
3318 2276 3609 2331 comitatus

1991 2369 2380 2424 Nordhantone
2408 2377 2464 2424 et
2495 2369 2883 2433 Huntcndone,
2924 2383 3064 2439 quos
3089 2367 3291 2438 Symon
3325 2367 3608 2424 Silvanec—

1988 2461 2360 2516 tensiscomes
2381 2477 2502 2515 cum
2528 2458 2738 2530 prefata
2761 2458 2992 2512 muliere
3019 2459 3362 2528 possederat,
3389 2457 3602 2514 habuit.

1986 2543 2086 2622 illa
2109 2568 2238 2609 vero
2263 2553 2477 2624 peperit
2499 2551 2736 2606 eitilium
2761 2549 2986 2606 nomine
3013 2548 3330 2616 Heuricum,
3355 2549 3606 2622 duasque

1987 2644 2151 2711 ﬁlias,
2181 2643 2466 2699 Clariciam
2499 2651 2554 2698 et
2587 2643 2937 2698 Hodiernum.

2053 2738 2212 2792 1226.
2329 2739 2612 2792 Lat/unius
2641 2737 2690 2790 1.
2917 2733 2998 2789 17.
3219 2733 3310 2788 26.

2051 2829 2174 2901 (1b.)
2206 2829 2319 2884 Rex
2347 2827 2643 2901 Anglorum
2692 2825 2960 2880 Henricus
3007 2825 3074 2879 ad
3108 2825 3288 2879 natale
3321 2832 3375 2879 et
3397 2824 3606 2896 pascha

1981 2927 2036 2976 et
2067 2927 2429 2992 pentecosten
2453 2927 2692 2974 moratus
2721 2927 2808 2971 est
2835 2917 2891 2972 in
2924 2915 3281 2982 Normannia,
3315 2921 3369 2971 et
3395 2914 3600 2970 contir-

1909 3015 1954 3085 (ἶ
1979 3009 2140 3064 matis
2167 3009 2339 3080 pactis
2367 3025 2490 3064 cum
2525 3007 2749 3061 Francie
2781 3005 3142 3077 principibus,
3191 3005 3378 3076 qualia
3410 3021 3600 3077 regem

1985 3097 2442 3172 gloriosissimum
2519 3096 2774 3159 decebat,
2819 3094 2965 3149 circa
3032 3093 3226 3148 festum
3273 3095 3449 3149 sancti
3501 3094 3604 3149 Mi-

1985 3189 2196 3244 chaelis
2235 3189 2397 3244 rediit
2425 3188 2481 3241 in
2513 3186 2782 3260 Angliam.
2817 3184 2901 3256 (II.
2935 3185 3124 3256 Henr.)
3159 3184 3399 3240 Adduxit
3425 3184 3604 3256 siqui-

1985 3282 2112 3337 dem
2157 3296 2344 3337 secum
2399 3278 2570 3334 filiam
2613 3294 2766 3332 suam
2823 3275 3118 3331 Maltildem
3174 3275 3602 3346 imperatricem,

1985 3381 2141 3430 tanto
2173 3374 2310 3440 viro,
2345 3378 2403 3426 ut
2443 3370 2750 3441 predictum
2791 3378 2898 3434 est,
2943 3367 3242 3422 viduatam.
3280 3368 3448 3432 Quam
3481 3385 3604 3423 cum

1982 3466 2188 3523 vellent
2210 3465 2265 3518 in
2291 3463 2466 3534 patria
2493 3460 2782 3515 illaanimo
2808 3459 3001 3512 libenti
3031 3458 3268 3512 retinere
3298 3459 3600 3527 dominam,

1984 3557 2181 3613 noluit.
2243 3555 2436 3622 (llum.
2496 3551 2613 3620 vn.)
2683 3549 2926 3604 Decessit
2985 3547 3254 3603 Robertus
3306 3548 3602 3620 episcopus

1984 3645 2298 3702 Ccstrensis.
2338 3642 2486 3698 Obiit
2518 3639 2755 3694 (Ialixtus
2793 3654 2937 3710 papa
2994 3637 3166 3706 (583);
3212 3637 3299 3691 cui
3330 3639 3604 3694 successit

1981 3738 2096 3793 Odo
2126 3733 2429 3792 Hostiensis
2457 3732 2774 3804 episc0pus,
2815 3737 2869 3784 et
2907 3739 3134 3784 vocatus
3187 3736 3272 3785 est
3328 3729 3603 3786 Honorius

1982 3844 2121 3900 pupa
2148 3827 2333 3883 167118.

2055 3923 2210 3978 1127.
2504 3919 2559 3972 2.
2851 3917 2938 3972 18.
3229 3917 3318 3972 27.

2051 4015 2236 4084 (Hum.
2297 4012 2410 4081 vn.)
2471 4012 2584 4066 Rex
2649 4009 2946 4086 Anglorum
3039 4009 3305 4065 Henricus
3391 4010 3597 4066 curiam

1976 4123 2130 4163 suam
2163 4105 2343 4160 tenuit
2366 4103 2435 4158 ad
2465 4103 2644 4158 natale
2671 4103 2817 4172 apud
2857 4101 3298 4168 Windleshores,
3354 4118 3602 4172 pergens

1977 4198 2107 4253 inde
2157 4195 2519 4252 Londoniam.
2586 4195 2644 4248 In
2689 4193 3114 4266 quadragesima
3155 4199 3210 4248 et
3267 4194 3468 4263 pascha
3497 4192 3601 4248 fuit

1969 4287 2118 4358 apud
2147 4285 2445 4350 Vudestoc,
2467 4283 2558 4338 ubi
2591 4283 2820 4338 nuntius
2850 4283 2988 4337 dixit
3015 4283 3097 4336 ci:
3156 4283 3376 4338 Carolus
3426 4298 3596 4339 eomes

253 4369 394 4442 quin
415 4367 670 4440 exemplo
701 4332 842 4424 le'tus
879 4376 935 4424 et
963 4369 1283 4424 consiliatus
1308 4332 1378 4424 ab
1409 4371 1529 4442 ipso
1557 4332 1866 4430 recederet:
1896 4332 1952 4400 Β
1973 4332 2318 4432 Flandrensis
2395 4332 2492 4427 tibi
2543 4373 2918 4426 dilectissimus
2999 4370 3241 4436 nefanda
3295 4370 3596 4437 proditione

257 4459 361 4514 Hic
397 4457 633 4513 dilectus
667 4473 700 4510 a
757 4456 891 4523 Deo,
944 4465 1000 4513 et
1044 4458 1362 4513 hominibus
1418 4461 1692 4530 amabilis,
1755 4463 1873 4537 regi

256 4550 559 4622 Anglorum
621 4548 852 4604 Henrico
910 4550 1142 4604 multum
1197 4558 1316 4606 erat
1374 4551 1685 4618 familiaris;
1742 4555 1874 4626 quia

255 4658 459 4698 veram-
495 4641 820 4714 religionem
859 4647 915 4697 et
977 4641 1356 4697 admirandam
1430 4645 1778 4700 sanctitatem
1819 4656 1874 4701 et

253 4737 551 4795 consilium
571 4734 1008 4806 incomparabile
1034 4735 1089 4790 in
1113 4735 1233 4804 ipso
1253 4745 1592 4806 reppererat.
1623 4737 1722 4802 Qui
1745 4737 1874 4796 licet

251 4843 402 4900 pene
429 4826 694 4882 continua
731 4833 1076 4897 premeretur
1103 4825 1439 4900 egritudine,
1504 4835 1690 4881 tamen
1751 4827 1872 4898 ipse

251 4933 358 4990 per
389 4915 704 4982 Dominum,
754 4915 922 4970 immo
960 4921 1018 4969 ut
1065 4914 1344 4970 credimus
1398 4917 1543 4970 Deus
1573 4933 1672 4987 pro
1729 4916 1871 4988 ipso,

251 5009 441 5066 omnia
456 5007 770 5064 necessaria
798 5006 1092 5063 conventui
1115 5022 1217 5063 suo
1245 5014 1300 5063 et
1325 5008 1872 5078 supervenientibus,

251 5104 311 5154 ut
339 5111 483 5168 Opus
513 5103 650 5162 erat,
680 5095 976 5150 afﬂuenter
998 5096 1300 5150 tribuebat.
1336 5097 1505 5154 Ilum.
1529 5097 1647 5168 vn.)
1669 5097 1870 5153 Eodem

249 5203 400 5246 anno
437 5187 582 5244 obiit
627 5186 853 5242 Teulfus
891 5185 1296 5260 Wigorniensis
1335 5187 1650 5260 episcOpus,
1683 5194 1738 5242 et
1777 5187 1874 5242 Er-

249 5277 443 5337 nulfus
465 5276 751 5332 Rovestrie
777 5273 1097 5347 episcopus.

319 5369 465 5426 “25
515 5372 776 5424 Henricus
817 5367 904 5424 19.
938 5369 1228 5424 Ludovicus
1265 5368 1353 5423 16.
1395 5371 1658 5424 Henricus
1692 5374 1734 5422 I.

322 5461 452 5532 (1b.)
491 5459 604 5515 Rex
643 5459 946 5534 Anglorum
979 5458 1250 5515 Henricus
1280 5457 1386 5514 fuit
1415 5457 1470 5513 in
1511 5458 1868 5527 Normannia,

1973 4469 2174 4522 occisus
2197 4471 2275 4520 est
2318 4481 2352 4519 a
2376 4463 2683 4534 proceribus
2728 4464 2840 4516 suis
2883 4463 2945 4514 in
2985 4461 3176 4527 templo
3221 4459 3368 4527 apud
3399 4463 3590 4528 Bruge.

1974 4563 2084 4613 Rex:
2131 4563 2317 4612 auwm
2371 4560 2706 4610 Francorum
2757 4553 2897 4606 dedit
2959 4552 3275 4605 Flandria-m
3337 4552 3598 4607 Willer-mo

1972 4648 2153 4717 nepoti
2179 4651 2230 4700 et
2257 4647 2394 4700 hosti
2422 4649 2530 4698 tuo.
2566 4639 2668 4706 Qui
2685 4645 2808 4710 jam
2846 4639 3000 4694 valde
3029 4639 3330 4704 roboratus,
3373 4640 3596 4696 diversis

1972 4738 2302 4794 cruciatibus
2344 4750 2525 4790 omnes
2551 4733 2840 4803 proditores
2887 4733 3066 4786 Karoii
3102 4733 3380 4786 multavit.
3417 4731 3598 4802 Super

1974 4827 2062 4882 his
2093 4825 2260 4899 igitur
2290 4839 2383 4878 rex
2427 4820 2759 4893 angariatus.
2807 4818 3096 4874 consilium
3129 4819 3308 4874 tenuit
3337 4819 3404 4874 ad
3437 4835 3598 4894 roga-

1976 4915 2156 4972 tiones
2211 4913 2360 4984 apud
2422 4910 2800 4974 Lundoniam;
2849 4918 2904 4965 et
2949 4909 3267 4965 Willermus
3315 4909 3598 4980 archiepi-

1975 5023 2178 5078 scopus
2238 5005 2524 5060 Cantuaric
2577 5002 2838 5059 similiter
2888 5003 2944 5057 in
3006 5002 3203 5058 eadem
3265 5001 3395 5057 villa
3448 5001 3594 5070 apud

1974 5095 2352 5152 Westmoster.
2387 5095 2466 5165 (Η,
2525 5097 2689 5148 Henr.
2741 5093 2812 5147 25
2841 5092 2858 5163 )
2891 5091 3021 5146 Cum
3055 5097 3237 5145 autem
3277 5088 3345 5142 ad
3399 5095 3595 5158 pente-

1973 5193 2162 5244 costen
2203 5184 2399 5240 fuisset
2447 5185 2595 5256 apud
2635 5182 2965 5253 Wincestre,
3016 5181 3165 5236 misit
3219 5177 3388 5234 filiam
3437 5194 3592 5234 suam

1974 5276 2380 5350 imperatricem
2441 5277 2497 5331 in
2553 5275 2942 5331 Normanniam
3000 5273 3390 5342 desponsatam
3448 5269 3592 5324 Gau-

1973 5368 2136 5435 frido,
2171 5367 2284 5424 tilio
2317 5366 2572 5423 Fulconis
2612 5367 2856 5421 consulis
2896 5359 3328 5435 Andegavensis,
3380 5370 3436 5414 et
3469 5365 3596 5430 post

1972 5461 2119 5537 regis
2141 5460 2483 5528 Jerusalem;
2518 5457 2804 5514 mulierem
2839 5454 3098 5514 videlicet
3130 5451 3429 5525 pollentem
3463 5466 3590 5508 πιο-

1823 5583 2034 5642 NOT/E.

321 5656 466 5728 (583)
503 5657 558 5712 υ.
589 5654 1013 5712 24.Dec.1124.
