3916 6064
378 231 481 284 443

519 373 875 416 ROMANORUM.
1028 382 1371 426 FRANCORUM.
1519 393 1827 435 ΑΝριοιιωι.

377 445 545 511 ribus,
587 447 883 523 benignam
939 455 1219 524 omnibus,
1275 460 1477 535 largam
1537 465 1593 518 in
1634 467 1976 538 elemosinis,

371 539 599 593 amicam
627 543 931 615 religionis.
961 548 1189 606 honeste
1204 553 1331 620 vite,
1357 557 1695 616 dilectricem
1721 564 1975 633 ecclesie,

368 627 523 696 cujus
575 630 948 691 habundantia
995 639 1391 699 beneﬁciorum
1450 650 1682 705 maxime
1743 655 1974 710 ecclesia

368 715 656 773 Beccensis
684 738 794 777 non
827 727 1044 782 modice
1092 731 1365 800 splendet.
1399 737 1472 792 De
1508 756 1616 810 qua
1645 742 1792 797 idem
1833 745 1974 800 Gau-

368 810 538 867 l'ridus
579 821 688 870 tres
733 817 876 875 filios
914 825 1129 894 genuit,
1193 828 1508 900 Henricum,
1551 835 1868 894 Gaufridum
1909 843 1976 876 55"

367 905 701 965 Willermum
734 914 945 982 (Henr)
977 919 1036 972 ln
1063 933 1294 996 augusto
1335 928 1487 982 venit
1528 947 1620 985 rex
1654 942 1777 1003 post
1809 935 1975 992 tiliam

364 1013 516 1052 suam
567 1001 622 1055 in
671 1003 1078 1064 Normanniam.
1113 1013 1377 1072 Ricardus
1403 1036 1530 1076 vero
1571 1001 1976 1084 Londoniensis

365 1087 661 1160 episcolius
695 1094 924 1150 obierat.
968 1099 1131 1167 Cujus
1169 1105 1549 1178 episcopatum
1606 1112 1758 1168 dedit
1799 1116 1976 1172 Gisle—

365 1177 520 1233 berto
575 1181 897 1254 Universali,
955 1191 1073 1246 viro
1127 1177 1467 1255 doctissimo.
1516 1202 1760 1260 Decessit
1807 1209 1973 1263 etiam

369 1268 630 1327 Ricardus
660 1275 1077 1338 Herefordensis
1108 1287 1418 1359 episc0pus.

436 1362 591 1419 1‘228.
635 1371 913 1427 Lotharzus
950 1373 1002 1429 3.
1045 1379 1334 1436 Ludovicus
1378 1385 1465 1440 19.
1543 1392 1801 1447 Henricus
1832 1395 1967 1449 128.

433 1459 551 1528 (11).)
598 1461 861 1518 Henricus
919 1483 1012 1522 rex
1069 1473 1533 1546 sapientissimus,
1612 1492 1856 1541 moratus
1915 1489 1971 1543 in

363 1545 711 1612 Normandia,
745 1555 982 1621 perrexit
1014 1547 1286 1616 hostiliter
1310 1564 1363 1618 in
1386 1565 1691 1639 Franciam,
1724 1574 1853 1644 quia
1881 1592 1972 1631 rex

361 1633 690 1692 Francorum
749 1644 1000 1698 tuebatur
1055 1659 1310 1718 nepotem
1375 1671 1533 1710 suum
1605 1670 1658 1714 et
1733 1633 1968 1721 hostem.

1587 249 1932 309 SlGEBERTl
1973 218 2484 314 GEMBLACEHSIS.

3601 269 3716 324 4M

2010 385 2193 458 Adis.
2264 387 2570 442 lntererant
2617 387 2896 458 siquidem
2956 388 3034 442 illi
3091 388 3328 445 concilio
3385 390 3711 448 Willermus

2084 477 2490 533 Cantuariensis
2531 479 3000 550 archiepiscopus,
3065 481 3339 537 Tustanus
3389 483 3708 540 Eboracen-

2077 565 2155 620 sis
2197 567 2671 638 archiepiscopus,
2731 568 3036 623 Alexander
3091 570 3454 627 Lincoliensis
3481 574 3710 644 episco-

2077 670 2200 724 pus,
2258 655 2524 728 ROgerius
2559 656 3005 722 Salesberiensis,
3075 659 3413 714 Gislebertus
3478 661 3706 718 Londo-

2066 745 2305 811 'niensis,
2346 748 2630 802 Johannes
2661 749 3046 817 Rourecensis,
3101 751 3337 806 Sifridus
3387 754 3710 811 Sudsexen-

2079 833 2174 898 sis,
2254 834 2581 888 Godefridus
2661 836 2945 899 Badensis,
3002 837 3207 909 Symon
3275 840 3706 915 Wirgoneusis,

2079 920 2348 975 Evrardus
2403 922 2784 989 Norwicensis,
2847 925 3156 980 Bernardus
3218 929 3402 984 Sancti
3482 932 3709 988 Davidis

2080 1011 2318 1068 Herveus
2371 1014 2579 1084 primus
2633 1015 2902 1071 Heliensis
2957 1019 3276 1089 episcopus.
3333 1021 3466 1076 Nam
3495 1022 3708 1078 Winto—

2076 1100 2284 1156 niensis
2313 1109 2367 1156 et
2413 1103 2792 1158 Dunelmensis
2827 1111 2881 1159 et
2909 1105 3213 1162 Cestrensis
3240 1116 3294 1163 et
3333 1109 3706 1168 Hereforden-

2074 1191 2148 1246 sis
2199 1192 2468 1247 obierant.
2533 1193 2642 1249 lllis
2689 1210 2827 1265 quos
2870 1196 3022 1270 Hugo
3067 1199 3137 1252 de
3194 1199 3413 1269 Paiens,
3461 1203 3530 1256 de
3588 1220 3704 1275 quo

2075 1283 2380 1352 predictum
2427 1291 2530 1350 est,
2571 1302 2759 1340 secum
2807 1287 3037 1342 duxerat
3076 1289 3146 1342 ad
3174 1290 3504 1358 Jerusalem,
3556 1296 3704 1350 male

2073 1371 2328 1445 contigit;
2375 1373 2545 1426 Deum
2574 1374 2852 1446 siquidem
2886 1375 3244 1433 offenderant
3285 1379 3484 1436 Sancte
3516 1381 3704 1439 Tellu-

2075 1462 2151 1516 ris
2180 1463 2362 1518 incole
2400 1465 2567 1519 variis
2601 1467 2932 1524 sceleribus.
2974 1469 3038 1523 Ut
3078 1479 3259 1526 autem
3311 1473 3580 1544 scriptum
3611 1483 3704 1531 est

2075 1550 2132 1603 in
2155 1550 2338 1621 Moyse
2367 1558 2423 1606 et
2451 1569 2678 1625 regnum
2707 1554 2888 1623 libris,
2912 1571 3020 1612 non
3056 1558 3151 1614 diu
3179 1559 3391 1616 scelera
3419 1562 3556 1618 locis
3587 1565 3705 1619 illis

2074 1653 2201 1699 sunt
2233 1646 2522 1716 impunita.
2572 1649 2630 1702 In
2671 1649 2863 1723 vigilia
2897 1652 3073 1706 sancti
3125 1653 3368 1709 Nicholai
3425 1672 3456 1709 a
3509 1660 3702 1728 paucis

360 1727 735 1784 Percndinans
783 1741 965 1789 autem
1023 1711 1169 1808 apud
1227 1743 1508 1814 Esparlum
1561 1757 1684 1806 octo
1751 1753 1971 1821 diebus,
2002 1711 2413 1814 Bpaganorum
2450 1744 2601 1798 multi
2658 1745 3089 1802 Christianorum
3145 1749 3347 1806 devicti
3387 1759 3535 1820 sunt,
3570 1770 3696 1809 cum

359 1827 464 1876 tam
496 1839 687 1880 secure
717 1843 780 1881 ac
809 1829 853 1882 si
887 1829 942 1883 in
973 1847 1140 1905 regno
1166 1852 1267 1892 suo
1295 1849 1463 1910 esset,
1497 1849 1762 1917 compulit
1789 1867 1972 1924 regem

363 1910 718 1981 Ludovicum,
772 1919 973 1975 auxilia
1021 1925 1208 1980 comiti
1273 1929 1594 1990 Flandrensi
1649 1952 1759 1992 non
1809 1910 1971 1997 fe‘rre.

359 1999 453 2052 His
493 2000 657 2071 igitur
712 2007 970 2075 peractis,
1031 2028 1283 2072 reversus
1338 2027 1421 2074 est
1466 2037 1557 2076 rex
1606 2025 1870 2083 Henricus
1920 2031 1975 2084 in

358 2091 765 2152 Normanniam.
806 2100 1038 2159 Advenit
1076 2117 1258 2163 autem
1314 2129 1345 2166 a
1376 2116 1626 2184 partibus
1656 2120 1978 2179 Alemannie

357 2183 578 2253 quidam
635 2187 743 2242 dux
781 2189 1156 2253 Theodericus
1211 2183 1518 2260 Flandriam
1570 2210 1976 2283 calumpnians,

356 2277 622 2346 quosdam
671 2297 928 2351 proceres
957 2286 1208 2346 Flandrie
1247 2309 1431 2350 secum
1483 2277 1828 2370 habens;-et
1872 2277 1977 2362 hoc

355 2381 521 2420 suasu
569 2369 712 2440 regis
755 2372 990 2430 Henrici.
1034 2378 1351 2439 Willermus
1382 2394 1562 2443 autem
1597 2407 1784 2448 comes
1816 2395 1973 2450 Flan-

357 2455 573 2511 drensis
593 2459 818 2516 aciebus
839 2465 1112 2523 ordinatis
1131 2471 1350 2528 obviam
1383 2478 1534 2534 venit
1563 2480 1632 2534 ei.
1666 2481 1972 2557 Pugnatum

356 2555 438 2602 est
477 2549 645 2622 igitur
673 2556 886 2613 acriter.
932 2559 1246 2622 Willermus
1277 2570 1500 2640 quidem
1543 2549 1978 2637 consulvnume-

358 2653 474 2690 rum
536 2656 781 2710 suorum,
817 2662 941 2702 cum
1000 2655 1158 2721 pauci
1213 2669 1420 2727 essent,
1470 2666 1622 2720 solus
1671 2671 1968 2740 supplebat

355 2729 627 2798 probitate
658 2735 1035 2796 inestimabili.
1072 2746 1394 2806 Cruentatus
1427 2755 1589 2828 igitur
1620 2729 1802 2815 host-ili
1830 2779 1963 2817 san-

351 2825 541 2914 guine,
575 2827 809 2886 hostium
850 2850 1058 2893 cuneos
1110 2856 1244 2898 ense
1275 2825 1540 2905 fulmineo
1581 2851 1840 2912 ﬁndebat.
1872 2859 1966 2914 Ju-

353 2913 549 3001 venilis
582 2923 716 2973 tunc
765 2921 974 2979 brachii
1021 2929 1219 2985 robore
1270 2934 1460 2991 hostes
1517 2947 1646 2995 sunt
1695 2946 1866 3000 territi
1913 2957 1967 3001 et

353 2998 481 3071 fuge
511 3003 704 3061 dediti.
738 3009 1072 3071 Victori'osus
1124 3018 1290 3092 igitur
1335 3027 1528 3081 consul
1588 3029 1720 3084 dum
1764 2998 1964 3090 hostile

353 3097 589 3146 castrum
617 3096 920 3168 obsideret,
950 3111 1004 3158 et
1027 3105 1082 3159 in
1122 3110 1358 3167 crastino
1393 3116 1547 3169 reddi
1571 3118 1822 3189 deberet,
1856 3123 1965 3178 Deo

352 3181 592 3251 volente,
623 3203 789 3256 parvo
820 3192 1048 3251 vulnere
1077 3202 1354 3258 sauciatus
1394 3205 1450 3259 in
1482 3225 1648 3264 manu
1708 3213 1963 3284 deperiit.

351 3271 735 3334 Nobilissimus
773 3293 955 3340 autem
1009 3288 1300 3363 juvenum,
1355 3304 1498 3353 etate
1562 3301 1715 3358 brevi
1768 3304 1966 3362 famam

352 3374 655 3437 promeruit
690 3383 964 3436 eternam:
1000 3386 1166 3443 unde.

425 3464 617 3517 Unicus
643 3466 732 3521 ille
754 3473 888 3538 ruit,
917 3478 1073 3542 cujus
1103 3493 1212 3533 non
1239 3485 1385 3551 terga
1413 3489 1691 3557 sagittam,

491 3558 654 3624 Cujus
680 3575 829 3616 nosse
846 3567 999 3633 pedes
1025 3585 1136 3624 non
1161 3580 1381 3640 potuere
1407 3580 1601 3648 fugam

419 3647 502 3699 Nil
530 3651 640 3704 nisi
661 3653 872 3716 fulmen
900 3666 1037 3728 erat,
1067 3667 1310 3730 quotiens
1338 3681 1420 3722 res
1446 3647 1562 3738 ipsa
1591 3674 1858 3728 monebat.

488 3739 573 3802 Et,
605 3741 654 3790 si
671 3755 780 3794 non
808 3745 1036 3815 fulmen,
1067 3753 1319 3816 fulminis
1346 3759 1524 3811 instar
1550 3768 1686 3814 erat.

421 3822 570 3896 Hugo
596 3827 664 3920 de
698 3828 900 3920 Paens,
939 3839 1201 3910 magister
1228 3843 1460 3900 militum
1517 3851 1707 3920 templi
1733 3852 1960 3908 Jerusa-

347 3908 475 3997 lem,
504 3914 734 3970 veniens
764 3918 821 3971 in
863 3922 1134 3997 Angliam,
1167 3946 1354 3986 secum
1388 3936 1590 3991 multos
1621 3939 1775 3994 duxit
1797 3942 1959 3997 Jeru-

341 3996 533 4096 salem.
576 4001 725 4058 Inter
751 4023 888 4077 quos
934 3996 1098 4069 Fulco
1159 4021 1574 4093 Andegavensis
1629 4042 1834 4096 comes,
1866 4047 1960 4086 rex

344 4081 579 4155 futurus,
613 4096 866 4160 perrexit.
898 4099 1163 4160 Obierunt
1215 4081 1476 4168 Rad‘ulfus
1501 4081 1958 4176 Flambardv’Du:

346 4181 671 4241 nelmiensis
709 4191 1021 4264 episcopus.
1057 4207 1111 4254 ct
1165 4201 1480 4263 Willermus
1527 4209 1778 4268 Gifardus
1809 4215 1955 4270 Win-

345 4272 615 4332 toniensis
644 4279 959 4352 episcopus.
1011 4291 1093 4357 (Α.
1121 4294 1291 4362 Roth.)
1325 4294 1467 4350 Obiit
1518 4298 1810 4356 Gaufridus
1842 4303 1953 4359 Ro-

342 4362 719 4439 thomagensis
745 4373 1218 4450 archiepiscopus,
1259 4398 1448 4439 mense
1477 4387 1787 4446 Decembri.
1822 4393 1954 4448 Suc-
1978 4352 2034 4420 Β

341 4457 508 4513 cessit
562 4461 842 4521 Willermo
896 4471 1082 4526 comiti
1141 4473 1464 4532 Flandrensi
1511 4479 1662 4535 Terri
1709 4483 1780 4539 de
1843 4486 1954 4542 Au-

339 4548 449 4603 seis
470 4551 558 4605 ⁵⁵⁵.

410 4641 568 4695 1229.
928 4654 981 4708 4.
1243 4642 1258 4648 “
1347 4661 1431 4717 19.
1785 4666 1874 4722 29.

2075 1838 2238 1885 antea
2275 1832 2477 1886 soleret
2517 1848 2547 1887 e
2577 1835 2850 1890 contrario
2901 1838 3246 1911 contingere.
3309 1842 3372 1895 In
3403 1843 3697 1900 obsidione

2078 1922 2246 1995 igitur
2277 1924 2629 1993 Damascena,
2679 1941 2800 1981 cum
2840 1944 3040 2003 magna
3089 1947 3214 2000 pars
3267 1933 3695 1991 Christianorum

2079 2032 2367 2088 progressa
2437 2028 2584 2074 esset
2629 2021 2698 2074 ad
2749 2023 3006 2077 Victualia
3067 2026 3461 2097 perquirenda,
3515 2031 3700 2086 mirati

2079 2113 2208 2158 sunt
2239 2107 2435 2180 pagani
2455 2109 2782 2165 christianos
2820 2113 3008 2182 plures
3037 2122 3092 2169 et
3123 2114 3450 2173 fortissimos
3479 2134 3541 2173 se
3575 2137 3703 2175 mu-

2081 2193 2326 2250 liebriter
2361 2195 2657 2268 fugientes,
2690 2208 2746 2255 et
2794 2211 3195 2274 persequentes
3244 2205 3572 2263 innumeros
3602 2223 3706 2264 oc-

2079 2287 2352 2342 ciderunt.
2388 2289 2492 2344 Eos
2513 2298 2730 2360 autem,
2771 2294 2865 2365 qui
2900 2294 3027 2367 fuga
3059 2297 3292 2353 salutem
3340 2300 3446 2354 sibi
3477 2302 3707 2372 quesie-

2078 2391 2220 2449 rant,
2264 2383 2317 2437 in
2348 2386 2628 2442 montibus
2677 2395 3002 2459 tempestate
3043 2393 3185 2447 nivis
3214 2400 3267 2448 et
3305 2393 3524 2466 frigoris
3554 2397 3702 2453 Deus

2076 2474 2196 2544 ipsa
2224 2480 2740 2547 nocte'persecutus
2771 2491 2876 2543 est,
2911 2479 2983 2537 ita
3029 2486 3178 2555 quod
3218 2485 3302 2541 vix
3337 2487 3538 2559 aliquis
3568 2505 3703 2545 eva-

2075 2569 2166 2624 sit.
2215 2571 2521 2627 Ludovicus
2565 2589 2657 2628 rex
2707 2575 3038 2631 Francorum
3101 2579 3295 2634 eodem
3359 2596 3504 2636 anno
3567 2581 3701 2637 fecit

2079 2657 2362 2713 sublimari
2387 2660 2560 2714 tilium
2591 2661 2908 2733 Philippum
2943 2665 2999 2718 in
3021 2682 3209 2740 regem
3263 2669 3426 2739 (Gem.
3457 2686 3552 2725 vn.
3579 2669 3695 2743 30.)

2069 2747 2255 2801 Dicam
2287 2749 2434 2820 quod
2469 2749 2693 2805 forsitan
2742 2753 2957 2823 placeat
2987 2755 3178 2811 lectori
3211 2766 3266 2810 et
3319 2758 3696 2813 successioni-

2068 2835 2173 2890 bus
2228 2837 2442 2907 Apulie.
2500 2839 2712 2894 Primus
2745 2841 2800 2895 in
2856 2843 3051 2913 Apulia
3098 2844 3303 2916 prefuit
3337 2847 3692 2915 Normannis,

2068 2928 2196 2981 dum
2226 2928 2404 2983 adhuc
2435 2937 2492 2984 ut
2519 2931 2729 2986 advene
2755 2933 3022 2990 Wimachi
3049 2936 3204 2992 ducis
3226 2938 3434 2992 Salerni
3470 2942 3690 3010 stipen-

2069 3019 2204 3073 diari
2261 3028 2464 3089 essent,
2501 3023 2757 3080 Tustinus
2805 3037 3174 3100 cognomento
3205 3030 3507 3086 Scistellus.
3573 3034 3692 3097 Quo

2073 3118 2287 3166 mortuo
2320 3128 2416 3182 per
2436 3129 2708 3169 venenum
2760 3120 3056 3189 serpentis.
3095 3137 3258 3192 quem
3312 3124 3430 3193 ipse
3464 3125 3696 3180 occide-

2072 3207 2172 3265 rat,
2207 3201 2472 3256 successit
2502 3202 2552 3256 ei
2585 3203 2639 3256 in
2674 3206 3044 3278 principatum
3077 3210 3406 3278 Rannulfus,
3439 3214 3530 3284 qui
3564 3230 3696 3269 con-

2070 3287 2209 3341 didit
2244 3288 2501 3344 Aversam
2547 3292 2761 3348 urbem.
2821 3295 2954 3351 Huic
3003 3301 3268 3354 successit
3304 3300 3568 3356 Hicardus
3625 3301 3694 3357 ﬁ-

2067 3383 2173 3436 lius
2199 3383 2319 3450 ejus
2349 3384 2610 3455 princeps
2643 3387 2846 3459 Capue,
2873 3391 2965 3461 qui
3001 3391 3112 3448 filio
3136 3409 3236 3449 suo
3266 3395 3531 3450 Jordanni
3558 3397 3687 3452 reli-

2065 3477 2183 3548 quit
2214 3474 2460 3533 moriens
2487 3482 2721 3536 eundem
2759 3485 3157 3557 principatum;
3192 3497 3245 3544 et
3283 3491 3539 3546 Iordanis
3570 3490 3686 3549 filio

2063 3583 2166 3621 suo
2207 3569 2439 3625 Ricardo
2465 3571 2692 3639 juniori.
2738 3574 2864 3628 Post
2891 3576 3235 3647 aliquantum
3263 3581 3682 3650 tcmporisCon-

2064 3658 2413 3713 stantiniensi
2481 3661 2682 3734 Drogo,
2758 3662 2903 3718 filius
2967 3665 3232 3721 Tancredi
3276 3668 3343 3722 de
3410 3669 3685 3735 Altavilla,

2063 3747 2321 3819 princeps
2350 3748 2785 3805 Normannorum
2819 3752 2873 3805 in
2913 3754 3106 3824 Apulia
3156 3756 3332 3812 factus
3375 3767 3476 3812 est.
3532 3760 3689 3816 Hunc

2064 3841 2228 3898 Wazo
2254 3860 2438 3899 comes
2495 3846 2754 3917 Neapolis
2795 3863 2893 3916 per
2942 3850 3295 3905 traditionem
3343 3853 3395 3906 in
3443 3856 3688 3910 ecclesia

2063 3933 2236 3986 sancti
2292 3933 2568 3990 Laurentii
2627 3937 2846 3992 occidit.
2887 3938 3023 3994 Huic
3064 3943 3332 3996 successit
3366 3943 3690 4001 Hunfredus

2063 4020 2228 4076 frater
2257 4026 2397 4096 ejus,
2433 4035 2714 4100 totamque
2759 4030 3010 4099 Apuliam
3062 4032 3391 4089 Normannis
3433 4037 3684 4110 subegit.

2061 4117 2155 4173 Hic
2181 4121 2423 4176 moriens
2463 4123 2847 4194 Abajelardum
2893 4124 3066 4181 filium
3097 4144 3259 4182 suum
3294 4130 3529 4186 Roberto
3574 4131 3686 4187 fra-

2058 4209 2124 4263 tri
2155 4227 2276 4278 suo,
2313 4229 2476 4284 quem
2522 4229 2621 4285 pro
2653 4217 2910 4271 versutiis
2953 4219 3293 4275 Wiscardum
3325 4225 3687 4295 cognomina-

2054 4312 2225 4371 verat,
2251 4321 2374 4359 cum
2407 4307 2607 4363 ducatu
2659 4310 2852 4379 Apulio
2918 4314 3344 4369 commendavit.
3406 4315 3687 4372 llobertus

2061 4394 2251 4448 fratres
2283 4412 2435 4462 suos,
2470 4398 2565 4469 qui
2625 4415 2820 4453 omnes
2849 4401 3022 4456 duces
3053 4403 3138 4457 vel
3191 4405 3425 4460 comites
3456 4405 3687 4462 fuerunt

2056 4485 2256 4539 virtute
2287 4493 2341 4540 et
2362 4503 2531 4542 sensu
2571 4504 2629 4543 se
2663 4489 2979 4545 sullimitate
3022 4494 3382 4548 transcendit.
3430 4495 3563 4549 Nam
3596 4505 3684 4551 to-

2056 4583 2164 4631 tam
2196 4578 2469 4648 Apuliam,
2517 4579 2838 4647 Calabriam,
2887 4582 3129 4638 Siciliam
3178 4586 3280 4639 sibi
3319 4586 3680 4662 subjugavit;

2055 4682 2109 4728 et
2156 4681 2490 4732 transmeato
2534 4677 2666 4731 mari
2721 4679 3010 4734 maximam
3067 4688 3273 4752 partem
3337 4683 3551 4749 Grecie,
3584 4685 3679 4740 Af-

412 4735 597 4803 (Huxr.
657 4749 774 4810 vn.)
827 4746 936 4802 Rex
981 4751 1278 4828 Anglorum
1330 4755 1596 4813 Henricus
1659 4777 1714 4814 1n
1797 4763 1949 4817 omni

340 4843 484 4897 pene
513 4830 658 4888 bono
698 4834 1025 4906 fortunatus,
1073 4845 1375 4914 pacificatis
1437 4851 1698 4906 omnibus
1743 4869 1851 4925 que
1892 4855 1948 4908 in

336 4917 582 4986 Francia,
614 4923 890 4996 Flandria,
922 4930 1271 5000 Normannia,
1309 4938 1608 5006 Britannia,
1645 4941 1950 4998 Cenoman-

337 5013 446 5082 nia,
480 5018 761 5094 Andegavi
793 5035 969 5091 erant,
999 5043 1120 5082 cum
1163 5033 1363 5102 gaudio
1395 5035 1558 5090 rediit
1585 5036 1641 5090 in
1673 5038 1942 5112 Angliam.

2053 4763 2187 4818 fricc
2227 4766 2441 4821 invasit.
2476 4767 2570 4822 Hic
2619 4769 2788 4822 multa
2818 4769 2964 4823 bona
3021 4769 3181 4837 fecit;
3225 4772 3584 4844 episcopatus
3619 4784 3680 4831 et

2050 4857 2299 4912 abbatias
2356 4857 2539 4927 plures
2594 4859 2938 4916 restauravit.
2995 4861 3089 4930 (Ib.
3155 4863 3266 4932 43.)
3320 4863 3412 4918 Hic
3480 4864 3678 4920 relicta

2051 4949 2234 5019 priore
2265 4964 2432 5004 uxore
2464 4950 2868 5025 Normanigena
2883 4963 3108 5023 pr0pter
3128 4955 3674 5028 consanguinitatem

2048 5045 2116 5097 (le
2145 5061 2251 5115 qua
2283 5053 2603 5114 susceperat
2651 5045 2824 5100 filium
2885 5047 3260 5103 Boamundum
3295 5051 3541 5117 nomine,
3576 5051 3678 5106 du-

335 5108 532 5167 Tenuit
569 5113 734 5186 igitur
765 5118 1059 5174 concilium
1090 5125 1382 5181 maximum
1434 5128 1660 5185 Kalend.
1712 5108 1940 5207 Augusti
2049 5133 2124 5188 xit
2151 5135 2572 5208 primogenitam
2617 5135 2782 5191 filiam
2819 5137 3096 5194 Gaumarii
3131 5141 3400 5211 principis
3433 5143 3674 5208 Salerni,

333 5203 478 5272 apud
508 5205 849 5263 Londoniam
875 5211 1224 5270 deuxoribus
1253 5220 1598 5276 sacerdotum
1642 5203 1945 5294 prohiben-
2049 5203 2264 5282 favente
2298 5203 2504 5285 Gisulfo
2557 5228 2723 5285 fratre
2775 5232 3017 5302 predicte
3063 5203 3266 5304 puella.
3317 5203 3497 5290 'Minor
3541 5251 3676 5292 vero

1688 5343 1905 5397 VARL‘E
1941 5344 2316 5401 LECTIONES.

1011 5435 1085 5534 ‘5:
1116 5440 1213 5491 Hie
1243 5440 1602 5534 alia'mnnus,
1636 5446 1820 5534 eadem.
1847 5448 2073 5534 (ιιιφοὶαά
2103 5465 2137 5502 α
2181 5449 2346 5534 tibi,
2375 5465 2511 5534 "non
2546 5451 2776 5534 Hoberti,
2818 5453 3007 5534 addit:
3058 5452 3307 5534 Iacobus.
3340 5453 3576 5534 clericus
3604 5456 3676 5511 de

330 5493 594 5595 Yen'ecia.
621 5505 899 5560 transtulit
929 5507 999 5561 de
1037 5507 1222 5588 “Greco
1255 5511 1310 5564 in
1328 5493 1602 5595 nbatinuni
1633 5493 1900 5595 quosdam
1944 5516 2114 5595 libros
2167 5493 2478 5595 Aristotilis,
2536 5529 2590 5576 et
2621 5495 2970 5577 coméntatus
3031 5531 3149 5587 est;
3192 5524 3405 5578 scilicet
3444 5526 3674 5595 Topica,

329 5563 803 5698 Anatl.2pr;p)re38elt
842 5563 1210 5650 posteriores,
1233 5563 1287 5637 et
1327 5563 1861 5658 aiéiiéééfq‘u'aiﬁvis
1890 5563 2171 5661 antiquior
2202 5563 2484 5648 translatio
2541 5609 2707 5664 super
2736 5595 2962 5649 eosdem
2997 5565 3167 5651 libros
3231 5563 3669 5653 liaberctuerc-1

330 5650 436 5690 sun
533 5681 544 5693 .
671 5685 682 5695 .
757 5664 812 5698 ί.

533 5681 544 5693 .
579 5664 640 5694 HJ
671 5685 682 5695 .
719 5664 812 5701 δα.

403 5425 469 5460 ⁵⁵⁴
504 5428 825 5487 Gaul‘ridum
856 5433 915 5489 E.
