3930 6068
230 242 358 296 445

283 365 290 369 ’
393 382 753 427 κοιΑκοιιωι.
903 387 1246 431 πκλκοοιιυκ.
1397 394 1712 438 Ακσιοιιυιι.

229 473 408 516 soror
437 458 558 528 ejus
587 459 777 531 nupsit
815 460 1040 517 Jordani
1095 464 1337 538 principi
1376 466 1576 540 Capue.
1632 469 1872 528 Roberto

235 551 512 607 morienti
542 553 806 609 successit
837 554 894 610 in
923 555 1178 612 ducatum
1205 558 1399 629 Apulie
1430 561 1701 637 Rogerius
1728 561 1874 620 ﬁlius

235 643 392 714 ejus,
427 651 591 700 natus
619 661 686 700 ex
710 648 956 702 secunda
985 663 1178 714 uxore,
1227 665 1290 705 ex
1330 668 1441 724 qua
1469 663 1738 728 genuerat
1762 663 1873 712 tres

236 733 396 790 ﬁlios
426 745 481 791 et
518 735 766 809 quinque
800 737 958 792 ﬁlias.
997 739 1107 795 Hoc
1135 741 1299 796 etiam
1331 743 1570 818 Rogerio
1597 744 1870 803 deﬁcien-

236 836 325 894 te,
361 832 415 882 et
447 826 574 883 ﬁliis
623 828 742 884 suis
773 838 898 901 post
929 830 1131 902 ipsum,
1181 833 1448 906 Rogerius
1494 837 1758 907 patruelis
1785 839 1872 910 ip-

235 919 388 985 sius,
441 918 586 976 ﬁlius
641 921 862 994 Rogerii
899 922 1118 978 comitis
1167 923 1377 992 Sicilie,
1424 925 1610 983 fratris
1649 929 1872 986 Roberti

236 1009 540 1074 Wiscartli,
580 1010 731 1066 solus
769 1017 876 1066 tam
925 1012 1176 1084 Apuliam
1218 1029 1381 1084 quam
1435 1015 1676 1073 Siciliam
1719 1019 1870 1075 obti-

237 1103 389 1158 nuit.
427 1103 522 1158 Hic
551 1102 724 1158 factus
762 1109 848 1158 est
896 1119 986 1160 rex
1027 1120 1172 1161 anno
1220 1108 1289 1161 ab
1341 1107 1716 1166 incarnatione
1765 1113 1873 1168 Do-

237 1192 382 1246 mini
418 1192 574 1258 ll30,
615 1209 780 1247 causa
828 1193 1198 1250 altercationis
1252 1196 1489 1252 duorum
1527 1199 1868 1268 apostolico-

240 1301 393 1350 rum,
425 1284 520 1356 qui
559 1291 689 1340 tunc
738 1285 907 1340 Rome
951 1285 1114 1342 electi
1156 1295 1330 1344 erant.
1364 1289 1606 1354 Quorum
1637 1291 1872 1348 Anacle-

241 1384 359 1445 tus,
393 1379 488 1450 qui
520 1379 692 1434 Rome
737 1386 874 1442 erat,
907 1381 1182 1436 concessit
1211 1381 1262 1436 ei
1296 1388 1353 1436 ut
1381 1383 1532 1455 regio
1559 1383 1872 1442 diademate

239 1469 618 1524 decoraretur.
667 1469 866 1524 Audiat
899 1469 991 1541 qui
1015 1470 1150 1524 mira
1182 1470 1375 1526 audire
1407 1472 1720 1530 desiderat:
1775 1492 1872 1532 ve-

240 1563 331 1618 nit
391 1563 448 1618 in
480 1563 866 1619 Normanniam
897 1564 967 1619 de
999 1565 1316 1638 longinquis
1345 1564 1546 1621 ﬁnibus
1575 1568 1757 1624 avium
1785 1570 1872 1624 in-

1133 245 1478 305 CHRONICA.
1518 279 1589 290 —
1627 248 2008 308 AUGTARIUM
2049 253 2330 311 ROBERTI
2371 254 2453 310 DE
2491 253 2735 310 MONTE.

3493 254 3598 309 446

1897 385 1948 455 Α
1973 383 2376 440 ecclesiasticas
2423 402 2616 441 causas
2655 385 3015 452 decidendas,
3056 401 3169 457 que
3216 384 3600 458 frequentatur

1972 473 2030 528 in
2059 473 2212 529 curia
2243 473 2487 530 Romana
2518 482 2574 531 et
2604 475 2660 530 in
2693 473 2818 529 aliis
2847 474 3014 529 curiis
3045 473 3454 530 ecclesiasticis.
3489 474 3598 530 Hec

1971 565 2323 635 postmodum
2367 549 2709 624 abbreviavit
2749 565 3016 640 magister
3055 565 3436 622 Omnebonum
3476 565 3598 636 epi-

1969 671 2172 728 scopus
2216 657 2568 725 Veronensis,
2611 659 2704 732 qui
2737 659 2916 715 fuerat
2969 659 3089 728 ejus
3132 657 3455 729 discipulus.
3490 657 3593 713 0c-

1971 746 2085 802 ciso
2114 747 2432 803 Boamundo
2483 748 2734 818 principe
2763 748 3072 816 Antiochie,
3106 749 3450 806 Raimundus
3481 749 3596 804 fra-

1971 845 2054 894 ter
2079 838 2361 895 Guillermi
2391 841 2608 896 comitis
2634 841 2972 896 Pictavensis
3004 841 3157 897 duxit
3183 839 3304 909 ejus
3337 857 3586 909 uxorem,

1971 941 2027 990 et
2057 933 2230 990 factus
2255 945 2338 990 est
2369 935 2626 1008 princeps
2656 936 2962 994 Antiochie.

2046 1024 2208 1080 1131.
2581 1027 2638 1081 6.
3015 1027 3106 1082 21.
3503 1028 3590 1084 31.

2043 1113 2229 1182 (Hum.
2263 1118 2382 1184 vn)
2433 1115 2544 1170 Rex
2596 1116 2888 1190 Anglorum
2948 1115 3214 1173 Henricus
3265 1115 3414 1188 apud
3468 1115 3591 1171 Car-

1972 1211 2161 1262 notum
2193 1211 2316 1278 post
2345 1206 2524 1261 natale
2553 1207 2761 1278 recepit
2789 1224 2988 1280 papam
3010 1208 3417 1273 Innocentium,
3444 1208 3592 1262 Ana-

1971 1293 2113 1350 cleto
2154 1295 2353 1365 subjici
2388 1312 2669 1352 recusans.
2711 1300 2774 1367 (H
2830 1296 2989 1352 Henr.
3037 1297 3151 1370 30.)
3202 1299 3332 1354 Post
3379 1297 3592 1352 Pascha

1970 1385 2127 1442 venit
2157 1386 2300 1441 idem
2335 1403 2530 1458 papam
2587 1387 3011 1463 Rothomagum,
3045 1395 3098 1443 et
3152 1394 3408 1458 receptus
3438 1395 3522 1442 est
3561 1403 3592 1441 a

1970 1494 2103 1552 rege
2127 1479 2354 1534 Henrico
2387 1479 2722 1545 honoriﬁce;
2758 1487 2814 1535 et
2845 1481 2964 1550 ejus
2991 1480 3192 1536 auxilio
3225 1485 3480 1550 receptus
3509 1486 3593 1534 est

1971 1581 2071 1638 per
2109 1574 2251 1623 totas
2300 1568 2518 1624 Gallias.
2580 1569 2751 1639 (Hum
2793 1569 2912 1639 vn.)
2967 1569 3094 1624 Post
3135 1568 3190 1622 in
3257 1573 3433 1623 estate
3496 1583 3591 1622 rex

133 1721 139 1726 η
239 1651 615 1708 numerabilis
669 1651 994 1717 multitudo;
1043 1669 1152 1724 que
1181 1653 1464 1727 'gregatim
1512 1655 1782 1722 volantes,
1823 1667 1878 1716 et
1900 1709 1944 1728 η
1979 1655 2244 1712 Henricus
2279 1657 2445 1712 rediit
2475 1658 2530 1710 in
2558 1658 2827 1728 Angliam,
2857 1673 3045 1713 secum
3075 1655 3242 1712 ﬁliam
3291 1673 3447 1712 suam
3501 1655 3594 1710 ad-

241 1741 482 1813 insuper
505 1741 826 1816 longissima
856 1743 1000 1798 aeris
1021 1743 1200 1815 spatia
1232 1753 1507 1812 tenentes,
1539 1745 1609 1800 ad
1636 1745 1870 1802 invicem
1899 1709 1948 1776 Β
1973 1747 2201 1804 ducens.
2251 1747 2372 1803 Fuit
2401 1747 2570 1819 igitur
2612 1749 2666 1802 in
2708 1749 2996 1805 nativitate
3027 1758 3214 1804 sancte
3257 1747 3422 1803 Marie
3471 1763 3590 1802 ma-

241 1835 397 1890 inter
427 1850 487 1890 se
526 1835 848 1909 pugnabant
885 1835 1251 1902 horribiliter,
1287 1837 1682 1906 portendentes
1713 1837 1872 1895 forsi-

243 1929 344 1976 tan
400 1922 693 1978 innumera
749 1923 896 1979 mala
964 1931 1090 1996 post
1144 1933 1375 1982 mortem
1439 1927 1586 2001 regis
1652 1927 1872 2003 Henrici

237 2023 504 2070 ventura.

312 2105 475 2163 1130.
516 2108 829 2164 Lotharius.
869 2108 924 2163 5.
967 2109 1271 2164 Ludovicus
1297 2108 1368 2165 20
1415 2112 1683 2166 Henricus
1702 2113 1747 2166 Ι.
1777 2111 1866 2168 30.

1971 1852 2139 1908 gnum
2173 1835 2435 1907 placitum
2467 1836 2612 1906 apud
2643 1836 3036 1894 Nordhantune
3089 1856 3104 1904 ;
3131 1837 3186 1892 in
3224 1851 3334 1909 quo
3367 1851 3594 1910 congre-

1973 1927 2116 2000 gatis
2152 1925 2412 1981 omnibus
2467 1926 2816 1997 principibus
2853 1929 3044 2002 Anglic
3091 1928 3457 1983 deliberatum
3511 1933 3592 1981 est

1975 2016 2122 2088 quod
2153 2014 2266 2070 ﬁlia
2293 2031 2392 2070 sua
2428 2015 2755 2071 redderetur
2784 2016 2902 2072 viro
2945 2032 3046 2072 suo
3099 2016 3314 2073 consuli
3347 2016 3592 2090 Andega-

1969 2107 2146 2174 vensi,
2203 2123 2324 2162 eam
2366 2105 2690 2179 requirenti.
2735 2107 2894 2163 Missa
2925 2117 3105 2163 autem
3156 2115 3278 2178 post
3329 2108 3432 2162 hec
3479 2107 3592 2160 ﬁlia

318 2197 596 2254 Honorius
643 2216 788 2271 papa
833 2200 1091 2256 decessit.
1149 2200 1243 2256 Cui
1276 2201 1538 2257 successit
1577 2201 1870 2277 Gregorius
1971 2197 2120 2270 regis
2139 2197 2256 2252 viro
2281 2211 2404 2264 suo,
2434 2203 2652 2267 recepta
2685 2197 2926 2252 estlastu
2954 2204 3103 2252 tanta
3123 2195 3374 2269 viragine
3395 2195 3586 2271 digno.

237 2287 540 2343 cardinalis
587 2289 875 2362 presbyter
929 2291 1000 2326 ⁸⁵⁸
1051 2291 1298 2348 Romane
1347 2292 1603 2361 ecclesie,
1643 2303 1869 2350 vocatus
1969 2287 2098 2344 Post
2145 2289 2346 2359 pascha
2377 2296 2624 2344 mortuus
2675 2297 2759 2345 est
2806 2287 3140 2364 Raginaldus
3177 2287 3349 2342 abbas
3387 2287 3592 2340 Rame-

237 2382 601 2436 [nnocentius
643 2399 788 2454 papa
826 2383 1008 2438 assus,
1068 2383 1286 2440 Electus,
1318 2391 1402 2440 est
1431 2385 1594 2440 etiam
1627 2401 1751 2441 cum
1783 2403 1872 2455 eo,
1975 2381 2200 2448 siensis,
2258 2395 2398 2436 nove
2427 2388 2619 2437 auctor
2647 2380 2901 2436 ecclesie.
2955 2379 3013 2434 ln
3072 2377 3347 2452 principio
3377 2376 3592 2448 hyemis

236 2477 356 2530 imo
400 2476 645 2532 intrusus
672 2493 772 2548 per
814 2477 1145 2534 seditionem
1199 2479 1392 2550 populi
1433 2477 1667 2534 furentis
1694 2485 1748 2534 et
1779 2495 1876 2550 per
1973 2472 2093 2527 obit
2133 2472 2376 2526 Herveus
2415 2471 2627 2542 primus
2683 2471 2954 2528 l‘leliensis
3011 2471 3326 2542 episcopus.
3387 2469 3588 2524 Eodem

235 2563 563 2619 violentiam
594 2565 880 2636 parentele
920 2582 1040 2633 sue,
1073 2566 1215 2622 alius
1255 2566 1576 2632 cardinalis,
1604 2567 1868 2624 videlicet
1973 2574 2120 2614 anno
2150 2574 2342 2614 mense
2382 2559 2630 2614 00l0bl‘i5
2659 2559 2889 2634 contigit
2926 2559 3114 2626 θιίᾶῐην
3151 2557 3300 2629 (ἰυοά
3329 2555 3476 2611 ﬁlius
3505 2570 3592 2610 re’

236 2651 435 2708 Petrus
465 2653 689 2720 Leonis,
718 2659 945 2709 vocatus
971 2671 1002 2708 a
1035 2655 1240 2726 populo
1271 2654 1595 2721 Anacletus;
1621 2661 1675 2710 et
1705 2657 1864 2710 vixe-
1967 2653 2051 2726 gis
2079 2653 2408 2708 Francorum
2431 2653 2721 2726 Philippus
2740 2655 2854 2722 jam
2897 2671 2988 2708 rex
3023 2653 3216 2718 factus,
3247 2650 3377 2706 dum
3399 2665 3590 2706 corni-

235 2749 367 2798 runt
413 2743 576 2798 ambo
615 2743 731 2798 fere
769 2751 894 2800 octo
945 2743 1128 2798 annis.
1171 2743 1456 2800 Remansit
1500 2753 1684 2800 autem
1725 2746 1868 2800 Ana-
1967 2745 2165 2816 pedem
2223 2745 2422 2800 ludens
2459 2746 2709 2818 agitaret,
2751 2746 2970 2801 obvium
3022 2761 3176 2800 suem
3206 2743 3435 2808 habuit;
3499 2741 3586 2798 cui

231 2833 412 2888 cletus
461 2833 516 2888 in
545 2832 682 2888 urbe
723 2840 951 2904 pr0pter
1003 2832 1197 2889 fratres
1228 2847 1380 2899 suos,
1431 2833 1526 2905 qui
1576 2839 1736 2889 erant
1763 2834 1863 2889 viri
1966 2852 2088 2892 cum
2122 2837 2292 2908 pedes
2343 2837 2472 2910 equi
2531 2837 2805 2894 currentis
2842 2837 3208 2902 olfenderent,
3249 2834 3452 2890 occidit
3495 2849 3588 2888 rex

231 2929 493 2994 potentes
535 2931 592 2980 et
620 2923 899 2979 habebant
937 2924 1303 2996 principatum
1345 2924 1557 2980 castelli
1598 2924 1864 2981 Crescen-
1963 2941 2136 2982 novus
2162 2933 2216 2981 et
2245 2925 2432 2982 fractis
2455 2928 2764 2984 cervicibus
2803 2927 3091 3000 expiravit.
3136 2925 3272 2982 Ecce
3305 2941 3394 2980 res
3437 2924 3589 2979 inso—

229 3013 419 3070 tionis.
485 3015 842 3071 Innocentius
892 3031 1024 3071 vero
1071 3017 1138 3071 ad
1195 3017 1578 3072 Cismontanos
1619 3017 1856 3073 transiit.
1892 3083 1929 3094 Α
1962 3017 2058 3072 lita
2111 3024 2164 3073 ct
2206 3010 2576 3076 admiratione
2617 3017 2816 3094 digna!
2885 3033 3016 3074 ecce
3059 3023 3267 3090 quanta
3313 3013 3582 3071 celsitudo

235 3103 390 3158 Unde
431 3103 641 3159 dictum
700 3111 785 3160 est
835 3105 1184 3160 monostioon
1235 3105 1364 3160 ille:
1410 3108 1634 3162 Romam
1669 3083 1932 3162 PetrusC
1961 3130 2125 3186 quam
2159 3115 2350 3172 leviter
2380 3121 2440 3170 et
2478 3131 2644 3186 quam
2676 3083 2794 3168 cito
2837 3083 3172 3168 adnichil'ata
3212 3109 3325 3166 est!
3380 3111 3584 3167 Eodem

238 3200 422 3266 habet,
465 3204 633 3254 totum
663 3200 952 3268 Gregorius
980 3200 1180 3255 orbem.
1213 3199 1396 3269 (Hum.
1437 3199 1558 3271 vn.)
1605 3200 1718 3255 Rex
1750 3201 1858 3255 An—
1958 3221 2150 3261 mensc
2179 3207 2537 3262 innocentius
2572 3221 2718 3276 papa
2755 3205 2988 3260 sacravit
3015 3203 3236 3260 fratrem
3266 3219 3427 3258 suum
3477 3203 3588 3258 Lu-

230 3293 448 3368 glorum
483 3294 753 3350 Henricus
809 3293 910 3349 fuit
949 3294 1016 3348 ad
1070 3295 1250 3350 natale
1281 3295 1429 3367 apud
1486 3296 1854 3364 Winceastre,
1958 3300 2212 3356 dovicum
2264 3301 2320 3354 in
2355 3316 2540 3374 regem
2577 3299 2782 3366 Remis,
2839 3299 2972 3354 satis
3005 3314 3172 3370 parve
3203 3298 3365 3353 etatis
3406 3296 3586 3351 infan-

231 3385 301 3439 ad
347 3401 511 3456 pasca
557 3386 706 3456 apud
746 3385 1070 3442 Vudestoce.
1115 3385 1196 3440 lbi
1233 3385 1335 3440 fuit
1373 3394 1662 3442 accusatus
1713 3387 1858 3442 Gau-
1958 3395 2089 3456 tem,
2120 3407 2244 3445 cum
2275 3391 2422 3445 idem
2455 3405 2599 3460 papa
2629 3389 2704 3443 ibi
2737 3395 2948 3443 teneret
2977 3387 3276 3443 concilium
3318 3387 3374 3440 in
3421 3384 3583 3440 festi-

237 3475 414 3530 fridus
441 3476 512 3531 de
538 3475 789 3531 Clintone
816 3485 872 3532 et
911 3475 1204 3532 infamatus
1233 3477 1302 3532 de
1341 3477 1656 3546 proditione
1687 3475 1854 3550 regis,
1957 3481 2124 3537 vitate
2165 3481 2398 3549 Crispini
2452 3488 2506 3536 et
2554 3480 2926 3550 Crispiniani,
2995 3479 3082 3534 die
3132 3477 3429 3532 dominica.
3485 3476 3584 3541 Qui

241 3569 379 3626 falso
447 3571 524 3626 Ad
565 3572 879 3646 rogationes
913 3571 1016 3626 fuit
1053 3572 1202 3643 apud
1257 3571 1601 3651 Cantuariam
1657 3571 1726 3626 ad
1765 3572 1866 3627 de-
1965 3571 2134 3626 Deum
2177 3571 2414 3644 diligens
2466 3577 2522 3624 et
2573 3569 2891 3636 ecclesiam,
2946 3567 3245 3640 plurimum
3295 3565 3434 3620 vixit
3483 3565 3588 3622 ho-

241 3663 577 3719 dicationem
625 3679 765 3718 nove
796 3663 1047 3720 ecclesie.
1080 3665 1266 3720 Mense
1305 3664 1616 3736 Septembri
1651 3663 1872 3720 transiit
1975 3671 2152 3720 neste.

243 3747 300 3809 in
333 3756 746 3821 Normanniam,
777 3765 836 3812 et
882 3758 950 3811 ad
981 3757 1321 3813 nativitatem
1354 3764 1542 3813 sancte
1574 3755 1739 3810 Marie
1770 3753 1874 3810 fuit
2045 3755 2202 3810 1132.
2582 3755 2638 3808 7.
3009 3753 3100 3808 22.
3496 3748 3587 3803 32.

245 3847 420 3913 Becci,
461 3855 517 3902 et
544 3847 774 3904 adduxit
801 3864 990 3904 secum
1039 3849 1325 3922 Hugonem
1370 3849 1586 3906 noviter
1627 3847 1869 3902 electum
2042 3844 2299 3916 (1b.)Rex
2332 3843 2596 3898 Henricus
2620 3841 2720 3898 fuit
2749 3844 2817 3900 ad
2841 3843 3022 3898 natale
3048 3840 3194 3913 apud
3226 3835 3586 3908 Dunestaple;

243 3940 744 4015 Rothomagcnsem
797 3941 1300 4013 archiepiscopum,
1338 3943 1434 4014 qui
1477 3942 1658 3998 fuerat
1687 3939 1862 3996 abbas
1969 3934 2037 3988 ad
2079 3935 2282 4004 pascha
2327 3935 2472 4005 apud
2502 3935 2795 3991 Vudestoc.
2851 3933 2980 3989 Post
3025 3931 3229 3986 Pascha
3269 3927 3370 3985 fuit
3419 3925 3590 4000 placi-

247 4029 632 4104 Radingensis.
683 4031 782 4095 Qui
809 4031 974 4086 etiam
1014 4040 1260 4087 sacratus
1308 4037 1390 4086 est
1433 4032 1489 4086 in
1529 4031 1669 4086 festo
1701 4029 1858 4085 exal-
1964 4039 2078 4086 tum
2102 4029 2249 4101 apud
2267 4029 2630 4097 Londoniam,
2654 4029 2750 4084 ubi
2769 4029 2836 4084 de
2859 4026 3253 4100 pluribus,sed
3278 4031 3334 4081 et
3354 4022 3590 4080 maxime

247 4118 468 4174 tationis
498 4126 690 4175 sancte
722 4120 923 4187 crucis,
946 4120 1036 4176 die
1069 4121 1371 4186 dominica,
1409 4119 1864 4191 archiepiscopus
1967 4121 2035 4176 de
2067 4121 2343 4177 discordia
2383 4121 2628 4193 episcOpi
2662 4121 2864 4190 {Sancti
2893 4119 3062 4174 David
3101 4127 3157 4173 et
3186 4115 3437 4190 episcopi
3477 4113 3592 4169 Cla-

247 4212 706 4286 Rothomagensis
744 4213 892 4280 5011*,
971 4229 1134 4285 quem
1190 4213 1538 4269 consecravit
1599 4212 1866 4269 Ricardus
1967 4211 2276 4285 morgensis
2304 4212 2375 4267 de
2411 4211 2616 4266 finibus
2647 4209 3055 4282 parrochiarum
3108 4223 3332 4262 suarum
3386 4211 3590 4260 tracta-
3665 4232 3669 4240 ι

248 4305 562 4375 Bajocensis
607 4304 900 4376 cpiscOpus
939 4322 1061 4361 cum
1115 4305 1462 4377 coepiscopis
1509 4321 1629 4361 suis
1660 4305 1719 4360 in
1765 4321 1863 4363 ec-
1965 4295 2081 4356 lum
2119 4309 2221 4356 est.
2257 4300 2402 4356 Obiit
2444 4300 2747 4354 Balduinus
2797 4298 3096 4362 secundus,
3155 4311 3252 4351 rex
3280 4292 3586 4350 Jerusalem

246 4396 412 4451 clesia
463 4397 640 4452 sancti
677 4397 926 4452 Audoeni
971 4397 1060 4450 ⁵⁵⁷.
1121 4396 1312 4452 Occiso
1367 4396 1626 4468 Arragois
1663 4390 1942 4458 comiteD
1972 4389 2207 4456 ιθτοίυες
2265 4397 2321 4445 et
2373 4387 2640 4444 successu
2683 4387 2847 4442 Falco
2909 4400 3096 4441 comes
3155 4380 3586 4456 AndegavensiS.

247 4483 484 4549 Moraﬁe,
523 4501 616 4540 rex
646 4485 830 4540 Scotie
874 4485 1038 4539 David
1079 4494 1280 4540 extunc
1314 4485 1508 4540 habuit
1560 4484 1716 4540 illum
1769 4500 1862 4542 co-
1965 4481 2195 4536 duxerat
2214 4478 2382 4534 ﬁliam
2407 4477 2638 4550 predicti
2669 4475 2919 4532 Balduini
2951 4474 3116 4544 (584),
3166 4487 3231 4526 ex
3254 4485 3364 4543 qua
3388 4468 3586 4543 genuit

251 4577 517 4634 mitatum.
561 4577 848 4634 Gratianus
877 4578 1176 4650 episcopus
1234 4577 1490 4634 Clusinus
1535 4578 1868 4634 coadunavit
1966 4575 2106 4632 duos
2165 4574 2331 4640 ﬁlios,
2411 4573 2738 4628 Balduinum
2803 4576 2859 4626 et
2927 4567 3294 4622 .tmauricum.
3353 4563 3586 4630 Quidam

249 4671 468 4727 decreta
499 4673 654 4728 valde
689 4672 846 4728 utilia
886 4688 950 4726 ex
981 4672 1238 4737 decretis,
1281 4673 1592 4728 canonibus
1638 4672 1729 4738 ⁸⁵³,
1762 4671 1866 4727 do-
1968 4667 2196 4724 scolaris
2225 4667 2482 4733 clericus,
2525 4664 2717 4721 dolore
2765 4661 2918 4738 gravi
2964 4661 3160 4718 anxius
3183 4657 3332 4730 (585)
3385 4658 3474 4714 die
3526 4671 3590 4712 ac

251 4765 512 4833 oloribus,
554 4765 772 4839 legibus
811 4765 1092 4829 Romanis,
1153 4764 1488 4821 sufﬁcientia
1545 4765 1613 4820 ad
1669 4779 1871 4820 omnes
1971 4766 2130 4814 nocte
2161 4757 2375 4825 ejulans
2395 4765 2450 4813 et
2477 4755 2616 4810 ﬂens
2649 4760 2706 4809 ut
2733 4751 2932 4808 mulier
2977 4751 3313 4823 parturiens,
3349 4747 3588 4820 quadam

1597 4862 1820 4918 VARUE
1863 4859 2241 4916 LECTIONES.

327 4967 398 5002 ⁸⁵⁸
423 4971 743 5037 itaprimum
777 4967 832 5020 E.
867 4973 920 5022 et
945 4967 1068 5022 inde
1093 4966 1174 5018 7b.
1205 4963 1282 5020 86.
1317 4971 1501 5021 Postea
1531 4967 1782 5032 correxit,
1807 4967 2079 5037 incertum
2101 4977 2221 5037 qua:
2239 4977 2479 5037 νηνιιγῃιιςζ
2485 4960 2780 5037 diaconus.
2811 4963 2894 5012 Ita
2919 4956 2980 5037 8:
3029 4953 3400 5037 {WSequentin
3424 4965 3592 5037 usque

258 5039 326 5092 ad
377 5023 517 5093 anni
551 5041 720 5104 ﬁnem
747 5043 806 5094 in
835 5054 1034 5093 rasura
1077 5039 1290 5106 scripsit
1312 5037 1601 5104 Robertus;
1646 5023 1926 5106 destintﬂ)
1955 5023 2154 5106 Eorum
2194 5035 2304 5106 loco
2344 5033 2398 5106 4.
2562 5032 2652 5106 8‘.
2673 5032 2910 5087 habent:
2947 5026 3150 5082 Eodem
3191 5023 3336 5106 anno
3367 5023 3589 5106 Arageis

261 5125 444 5182 comes
479 5097 738 5182 Moraﬁae,
769 5125 893 5165 cum
925 5097 1232 5182 Melcolmo,
1271 5109 1442 5182 notho
1475 5097 1919 5182 lilio'_Alexandri'
1943 5105 2124 5182 fratris
2163 5105 2311 5182 regis
2333 5104 2536 5182 David,
2564 5103 2657 5177 qui
2689 5111 2816 5182 ante
2847 5115 2992 5182 eum“
3006 5097 3590 5182 regnaverattet‘cutn

262 5181 514 5252 quinque
545 5169 1130 5252 milibusarmatorum
1161 5169 1398 5252 Scotiam
1429 5177 1676 5252 intravit,
1706 5185 1874 5252 totam
1905 5177 2190 5252 regionem
2223 5169 2345 5252 sibi
2392 5169 2686 5252 subjicere
2717 5172 2907 5230 voluit.
2958 5169 3129 5252 David
3159 5169 3591 5252 rex‘tunc_c_urie

266 5233 1222 5335 rjegisjAnglor—umintererat}.sed
1243 5233 1576 5332 ‘deardus,
1611 5233 2123 5335 consobrinus:ejus
2152 5255 2207 5330 et
2245 5233 3588 5335 princeps.militie,hcumJcxﬁl‘fﬂﬁwiﬁgﬂgﬂz

268 5304 1195 5397 sim-iga;Ediis'tiié'riifoééidi’t,
1223 5304 1454 5392 ejusque
1485 5304 1692 5376 turmas
1738 5304 2052 5397 prostravit:
2079 5304 2696 5397 cepittatquc'fugavit.
2735 5304 2960 5397 Deinde
2997 5304 3592 5397 Moraﬁam‘clglcjtsote

263 5377 600 5467 domino'que
619 5377 1218 5467 vacantemingressus
1249 5377 1665 5467 est;'_totusque_
1691 5377 1938 5467 regionis
1963 5377 2204 5463 spatiose
2233 5377 2484 5460 ducatus,
2516 5377 2631 5448 Deo
2663 5389 2984 5452 auxiliante,
3013 5397 3114 5454 per
3145 5377 3468 5436 Edwardum
3496 5391 3585 5432 ex-

268 5473 396 5522 tunc
421 5462 590 5522 David
622 5466 881 5540 religioso
907 5462 1162 5521 subditus
1185 5470 1286 5520 est.
1368 5462 1439 5499 ⁸⁸⁸
1461 5462 1833 5520 οεοοτὶὺιιεἘ.

338 5639 486 5710 (584)
519 5637 900 5710 Melisendem.
1285 5706 1296 5710 Δ
1595 5705 1606 5710 -
1763 5705 1774 5710 Δ
1800 5563 2026 5710 ⁸ΝΟἹἌΞ.

341 5705 491 5784 (585)
520 5709 917 5779 Nota-versus;
950 5723 1174 5768 carmen
1191 5706 1372 5778 majus
1391 5705 1701 5778 excerpisse
1725 5705 1944 5764 videtur
1963 5711 2170 5763 noster.
