  <div class='ocr_page' id='page_1' title='image "/cluster/home/n/w/nwhite01/storage/ocr_20150623/160/hvd.32044054760186/229.png"; bbox 0 0 3916 6064; ppageno 0'>
   <div class='ocr_carea' id='block_1_1' title="bbox 376 214 482 270">
    <p class='ocr_par' dir='ltr' id='par_1_1' title="bbox 376 214 482 270">
     <span class='ocr_line' id='line_1_1' title="bbox 376 214 482 270; baseline -0.019 0"><span class='ocrx_word' id='word_1_1' title='bbox 376 214 482 270; x_wconf 65' lang='grc'><strong>447</strong></span> 
     </span>
    </p>
   </div>
   <div class='ocr_carea' id='block_1_2' title="bbox 520 354 1828 397">
    <p class='ocr_par' dir='ltr' id='par_1_2' title="bbox 520 354 1828 397">
     <span class='ocr_line' id='line_1_2' title="bbox 520 354 1828 397; baseline 0.002 -3"><span class='ocrx_word' id='word_1_2' title='bbox 520 354 875 396; x_wconf 67' lang='lat' dir='ltr'><strong>ROIIANORUM.</strong></span> <span class='ocrx_word' id='word_1_3' title='bbox 1025 356 1367 396; x_wconf 69' lang='lat' dir='ltr'><strong>FRANCORUM.</strong></span> <span class='ocrx_word' id='word_1_4' title='bbox 1515 357 1828 397; x_wconf 74' lang='lat' dir='ltr'><strong>ANGLORUM.</strong></span> 
     </span>
    </p>
   </div>
   <div class='ocr_carea' id='block_1_3' title="bbox 376 427 1992 504">
    <p class='ocr_par' dir='ltr' id='par_1_3' title="bbox 376 427 1992 504">
     <span class='ocr_line' id='line_1_3' title="bbox 376 427 1992 504; baseline 0.001 -21"><span class='ocrx_word' id='word_1_5' title='bbox 376 434 536 485; x_wconf 91' lang='lat' dir='ltr'><strong>nocte</strong></span> <span class='ocrx_word' id='word_1_6' title='bbox 579 443 676 500; x_wconf 89' lang='lat' dir='ltr'><strong>pre</strong></span> <span class='ocrx_word' id='word_1_7' title='bbox 728 427 917 484; x_wconf 92' lang='lat' dir='ltr'><strong>dolore</strong></span> <span class='ocrx_word' id='word_1_8' title='bbox 949 444 1053 484; x_wconf 92' lang='lat' dir='ltr'><strong>nec</strong></span> <span class='ocrx_word' id='word_1_9' title='bbox 1089 430 1323 504; x_wconf 80' lang='lat' dir='ltr'><strong>vigilans</strong></span> <span class='ocrx_word' id='word_1_10' title='bbox 1362 446 1463 485; x_wconf 87' lang='lat' dir='ltr'><strong>nec</strong></span> <span class='ocrx_word' id='word_1_11' title='bbox 1522 429 1823 495; x_wconf 90' lang='lat' dir='ltr'><strong>dormiens,</strong></span> <span class='ocrx_word' id='word_1_12' title='bbox 1854 428 1992 486; x_wconf 85' lang='lat' dir='ltr'><strong>vidit</strong></span> 
     </span>
    </p>
   </div>
   <div class='ocr_carea' id='block_1_4' title="bbox 374 519 1990 595">
    <p class='ocr_par' dir='ltr' id='par_1_4' title="bbox 374 519 1990 595">
     <span class='ocr_line' id='line_1_4' title="bbox 374 519 1990 595; baseline 0.001 -21"><span class='ocrx_word' id='word_1_13' title='bbox 374 519 628 575; x_wconf 80' lang='lat' dir='ltr'><strong>assistere</strong></span> <span class='ocrx_word' id='word_1_14' title='bbox 677 519 785 574; x_wconf 86' lang='lat' dir='ltr'><strong>sibi</strong></span> <span class='ocrx_word' id='word_1_15' title='bbox 818 521 1099 595; x_wconf 88' lang='lat' dir='ltr'><strong>Virginem</strong></span> <span class='ocrx_word' id='word_1_16' title='bbox 1130 530 1356 577; x_wconf 90' lang='lat' dir='ltr'><strong>matrem</strong></span> <span class='ocrx_word' id='word_1_17' title='bbox 1397 522 1632 585; x_wconf 87' lang='lat' dir='ltr'><strong>Domini,</strong></span> <span class='ocrx_word' id='word_1_18' title='bbox 1667 538 1831 593; x_wconf 89' lang='lat' dir='ltr'><strong>quam</strong></span> <span class='ocrx_word' id='word_1_19' title='bbox 1862 521 1990 593; x_wconf 91' lang='lat' dir='ltr'><strong>quia</strong></span> 
     </span>
    </p>
   </div>
   <div class='ocr_carea' id='block_1_5' title="bbox 375 608 1990 682">
    <p class='ocr_par' dir='ltr' id='par_1_5' title="bbox 375 608 1990 682">
     <span class='ocr_line' id='line_1_5' title="bbox 375 608 1990 682; baseline 0.002 -20"><span class='ocrx_word' id='word_1_20' title='bbox 375 608 742 676; x_wconf 80' lang='lat' dir='ltr'><strong>invocaverat,</strong></span> <span class='ocrx_word' id='word_1_21' title='bbox 780 626 1007 682; x_wconf 78' lang='lat' dir='ltr'><strong>presens</strong></span> <span class='ocrx_word' id='word_1_22' title='bbox 1036 611 1143 665; x_wconf 83' lang='lat' dir='ltr'><strong>sibi</strong></span> <span class='ocrx_word' id='word_1_23' title='bbox 1175 610 1403 666; x_wconf 82' lang='lat' dir='ltr'><strong>affuerat</strong></span> <span class='ocrx_word' id='word_1_24' title='bbox 1454 612 1595 665; x_wconf 82' lang='lat' dir='ltr'><strong>albis</strong></span> <span class='ocrx_word' id='word_1_25' title='bbox 1650 611 1873 665; x_wconf 91' lang='lat' dir='ltr'><strong>inducta</strong></span> <span class='ocrx_word' id='word_1_26' title='bbox 1900 627 1990 665; x_wconf 91' lang='lat' dir='ltr'><strong>ve-</strong></span> 
     </span>
    </p>
   </div>
   <div class='ocr_carea' id='block_1_6' title="bbox 374 698 1991 775">
    <p class='ocr_par' dir='ltr' id='par_1_6' title="bbox 374 698 1991 775">
     <span class='ocr_line' id='line_1_6' title="bbox 374 698 1991 775; baseline -0.001 -22"><span class='ocrx_word' id='word_1_27' title='bbox 374 698 572 766; x_wconf 89' lang='lat' dir='ltr'><strong>stibus,</strong></span> <span class='ocrx_word' id='word_1_28' title='bbox 621 715 729 771; x_wconf 90' lang='lat' dir='ltr'><strong>que</strong></span> <span class='ocrx_word' id='word_1_29' title='bbox 775 708 1087 771; x_wconf 81' lang='lat' dir='ltr'><strong>congruunt</strong></span> <span class='ocrx_word' id='word_1_30' title='bbox 1139 700 1462 775; x_wconf 79' lang='lat' dir='ltr'><strong>virginibus.</strong></span> <span class='ocrx_word' id='word_1_31' title='bbox 1541 700 1757 755; x_wconf 79' lang='lat' dir='ltr'><strong>Manum</strong></span> <span class='ocrx_word' id='word_1_32' title='bbox 1822 699 1991 774; x_wconf 81' lang='lat' dir='ltr'><strong>igitur</strong></span> 
     </span>
    </p>
   </div>
   <div class='ocr_carea' id='block_1_7' title="bbox 375 790 1990 865">
    <p class='ocr_par' dir='ltr' id='par_1_7' title="bbox 375 790 1990 865">
     <span class='ocr_line' id='line_1_7' title="bbox 375 790 1990 865; baseline -0.001 -19"><span class='ocrx_word' id='word_1_33' title='bbox 375 790 688 862; x_wconf 84' lang='lat' dir='ltr'><strong>porrigens,</strong></span> <span class='ocrx_word' id='word_1_34' title='bbox 733 808 844 863; x_wconf 88' lang='lat' dir='ltr'><strong>quo</strong></span> <span class='ocrx_word' id='word_1_35' title='bbox 887 792 1008 862; x_wconf 87' lang='lat' dir='ltr'><strong>plus</strong></span> <span class='ocrx_word' id='word_1_36' title='bbox 1038 800 1153 847; x_wconf 88' lang='lat' dir='ltr'><strong>erat</strong></span> <span class='ocrx_word' id='word_1_37' title='bbox 1182 793 1339 848; x_wconf 93' lang='lat' dir='ltr'><strong>dolor</strong></span> <span class='ocrx_word' id='word_1_38' title='bbox 1367 808 1596 865; x_wconf 85' lang='lat' dir='ltr'><strong>angens,</strong></span> <span class='ocrx_word' id='word_1_39' title='bbox 1648 807 1842 846; x_wconf 88' lang='lat' dir='ltr'><strong>sanum</strong></span> <span class='ocrx_word' id='word_1_40' title='bbox 1870 791 1990 846; x_wconf 89' lang='lat' dir='ltr'><strong>red-</strong></span> 
     </span>
    </p>
   </div>
   <div class='ocr_carea' id='block_1_8' title="bbox 376 876 1538 952">
    <p class='ocr_par' dir='ltr' id='par_1_8' title="bbox 376 876 1538 952">
     <span class='ocr_line' id='line_1_8' title="bbox 376 876 1538 952; baseline 0.003 -21"><span class='ocrx_word' id='word_1_41' title='bbox 376 876 521 931; x_wconf 90' lang='lat' dir='ltr'><strong>didit</strong></span> <span class='ocrx_word' id='word_1_42' title='bbox 544 878 786 949; x_wconf 81' lang='lat' dir='ltr'><strong>penitus,</strong></span> <span class='ocrx_word' id='word_1_43' title='bbox 824 881 918 951; x_wconf 89' lang='lat' dir='ltr'><strong>qui</strong></span> <span class='ocrx_word' id='word_1_44' title='bbox 950 896 1171 952; x_wconf 86' lang='lat' dir='ltr'><strong>semper</strong></span> <span class='ocrx_word' id='word_1_45' title='bbox 1188 890 1305 935; x_wconf 79' lang='lat' dir='ltr'><strong>erat</strong></span> <span class='ocrx_word' id='word_1_46' title='bbox 1325 880 1538 935; x_wconf 85' lang='lat' dir='ltr'><strong>anxius.</strong></span> 
     </span>
    </p>
   </div>
   <div class='ocr_carea' id='block_1_9' title="bbox 448 968 1980 1029">
    <p class='ocr_par' dir='ltr' id='par_1_9' title="bbox 448 968 1980 1029">
     <span class='ocr_line' id='line_1_9' title="bbox 448 968 1980 1029; baseline 0.001 -5"><span class='ocrx_word' id='word_1_47' title='bbox 448 968 606 1024; x_wconf 85' lang='grc'>1133.</span> <span class='ocrx_word' id='word_1_48' title='bbox 637 972 945 1028; x_wconf 74' lang='lat' dir='ltr'><strong>Lothan’us.</strong></span> <span class='ocrx_word' id='word_1_49' title='bbox 978 974 1030 1029; x_wconf 94' lang='lat'><strong>8.</strong></span> <span class='ocrx_word' id='word_1_50' title='bbox 1063 974 1385 1028; x_wconf 76' lang='lat' dir='ltr'><strong>Ludovicus.</strong></span> <span class='ocrx_word' id='word_1_51' title='bbox 1420 973 1509 1026; x_wconf 69' lang='lat'><strong>23.</strong></span> <span class='ocrx_word' id='word_1_52' title='bbox 1543 971 1811 1026; x_wconf 78' lang='lat' dir='ltr'><strong>Henricus</strong></span> <span class='ocrx_word' id='word_1_53' title='bbox 1839 973 1866 1026; x_wconf 88' lang='grc' dir='ltr'><strong><em>Ι</em></strong></span> <span class='ocrx_word' id='word_1_54' title='bbox 1891 972 1980 1026; x_wconf 88' lang='grc'>33.</span> 
     </span>
    </p>
   </div>
   <div class='ocr_carea' id='block_1_10' title="bbox 448 1060 1987 1138">
    <p class='ocr_par' dir='ltr' id='par_1_10' title="bbox 448 1060 1987 1138">
     <span class='ocr_line' id='line_1_10' title="bbox 448 1060 1987 1138; baseline 0.002 -25"><span class='ocrx_word' id='word_1_55' title='bbox 448 1060 616 1118; x_wconf 72' lang='lat' dir='ltr'><strong>Hum.</strong></span> <span class='ocrx_word' id='word_1_56' title='bbox 661 1066 779 1132; x_wconf 79' lang='lat' dir='ltr'><strong>vn.)</strong></span> <span class='ocrx_word' id='word_1_57' title='bbox 818 1065 930 1119; x_wconf 82' lang='lat' dir='ltr'><strong>Rex</strong></span> <span class='ocrx_word' id='word_1_58' title='bbox 968 1065 1267 1138; x_wconf 73' lang='lat' dir='ltr'><strong>Anglorum</strong></span> <span class='ocrx_word' id='word_1_59' title='bbox 1326 1064 1588 1119; x_wconf 88' lang='lat' dir='ltr'><strong>Henricus</strong></span> <span class='ocrx_word' id='word_1_60' title='bbox 1643 1062 1745 1117; x_wconf 84' lang='lat' dir='ltr'><strong>fuit</strong></span> <span class='ocrx_word' id='word_1_61' title='bbox 1791 1063 1857 1117; x_wconf 88' lang='lat' dir='ltr'><strong>ad</strong></span> <span class='ocrx_word' id='word_1_62' title='bbox 1886 1079 1987 1116; x_wconf 86' lang='lat' dir='ltr'><strong>na-</strong></span> 
     </span>
    </p>
   </div>
   <div class='ocr_carea' id='block_1_11' title="bbox 376 1148 1991 1226">
    <p class='ocr_par' dir='ltr' id='par_1_11' title="bbox 376 1148 1991 1226">
     <span class='ocr_line' id='line_1_11' title="bbox 376 1148 1991 1226; baseline 0.003 -24"><span class='ocrx_word' id='word_1_63' title='bbox 376 1148 485 1203; x_wconf 85' lang='lat' dir='ltr'><strong>tale</strong></span> <span class='ocrx_word' id='word_1_64' title='bbox 529 1152 674 1222; x_wconf 90' lang='lat' dir='ltr'><strong>apud</strong></span> <span class='ocrx_word' id='word_1_65' title='bbox 728 1153 1065 1225; x_wconf 82' lang='lat' dir='ltr'><strong>Winlesores</strong></span> <span class='ocrx_word' id='word_1_66' title='bbox 1123 1154 1392 1208; x_wconf 76' lang='lat' dir='ltr'><strong>infirmus.</strong></span> <span class='ocrx_word' id='word_1_67' title='bbox 1453 1154 1530 1208; x_wconf 86' lang='lat' dir='ltr'><strong>Ad</strong></span> <span class='ocrx_word' id='word_1_68' title='bbox 1579 1161 1745 1226; x_wconf 87' lang='lat' dir='ltr'><strong>caput</strong></span> <span class='ocrx_word' id='word_1_69' title='bbox 1790 1153 1991 1224; x_wconf 91' lang='lat' dir='ltr'><strong>jejunii</strong></span> 
     </span>
    </p>
   </div>
   <div class='ocr_carea' id='block_1_12' title="bbox 272 1238 1992 1317">
    <p class='ocr_par' dir='ltr' id='par_1_12' title="bbox 272 1238 1992 1317">
     <span class='ocr_line' id='line_1_12' title="bbox 272 1238 1992 1317; baseline 0.003 -24"><span class='ocrx_word' id='word_1_70' title='bbox 272 1314 277 1317; x_wconf 12' lang='grc' dir='ltr'><strong>ν</strong></span> <span class='ocrx_word' id='word_1_71' title='bbox 372 1238 475 1295; x_wconf 90' lang='lat' dir='ltr'><strong>fuit</strong></span> <span class='ocrx_word' id='word_1_72' title='bbox 516 1252 819 1300; x_wconf 87' lang='lat' dir='ltr'><strong>conventus</strong></span> <span class='ocrx_word' id='word_1_73' title='bbox 857 1248 1003 1317; x_wconf 88' lang='lat' dir='ltr'><strong>apud</strong></span> <span class='ocrx_word' id='word_1_74' title='bbox 1071 1246 1433 1308; x_wconf 87' lang='lat' dir='ltr'><strong>Londoniam.</strong></span> <span class='ocrx_word' id='word_1_75' title='bbox 1482 1264 1650 1317; x_wconf 89' lang='lat' dir='ltr'><strong>super</strong></span> <span class='ocrx_word' id='word_1_76' title='bbox 1698 1246 1992 1317; x_wconf 86' lang='lat' dir='ltr'><strong>episc0pos</strong></span> 
     </span>
    </p>
   </div>
   <div class='ocr_carea' id='block_1_13' title="bbox 373 1332 1989 1409">
    <p class='ocr_par' dir='ltr' id='par_1_13' title="bbox 373 1332 1989 1409">
     <span class='ocr_line' id='line_1_13' title="bbox 373 1332 1989 1409; baseline 0.004 -25"><span class='ocrx_word' id='word_1_77' title='bbox 373 1332 557 1388; x_wconf 88' lang='lat' dir='ltr'><strong>Sancti</strong></span> <span class='ocrx_word' id='word_1_78' title='bbox 589 1336 757 1391; x_wconf 84' lang='lat' dir='ltr'><strong>David</strong></span> <span class='ocrx_word' id='word_1_79' title='bbox 815 1347 869 1392; x_wconf 92' lang='lat' dir='ltr'><strong>et</strong></span> <span class='ocrx_word' id='word_1_80' title='bbox 907 1338 1330 1409; x_wconf 86' lang='lat' dir='ltr'><strong>Clamorgensis,</strong></span> <span class='ocrx_word' id='word_1_81' title='bbox 1364 1345 1418 1394; x_wconf 89' lang='lat' dir='ltr'><strong>et</strong></span> <span class='ocrx_word' id='word_1_82' title='bbox 1455 1354 1552 1409; x_wconf 91' lang='lat' dir='ltr'><strong>pro</strong></span> <span class='ocrx_word' id='word_1_83' title='bbox 1600 1337 1877 1393; x_wconf 89' lang='lat' dir='ltr'><strong>discordia</strong></span> <span class='ocrx_word' id='word_1_84' title='bbox 1902 1353 1989 1391; x_wconf 91' lang='lat' dir='ltr'><strong>ar-</strong></span> 
     </span>
    </p>
   </div>
   <div class='ocr_carea' id='block_1_14' title="bbox 373 1421 1989 1498">
    <p class='ocr_par' dir='ltr' id='par_1_14' title="bbox 373 1421 1989 1498">
     <span class='ocr_line' id='line_1_14' title="bbox 373 1421 1989 1498; baseline 0.003 -23"><span class='ocrx_word' id='word_1_85' title='bbox 373 1421 710 1495; x_wconf 79' lang='lat' dir='ltr'><strong>chiepisCOpi</strong></span> <span class='ocrx_word' id='word_1_86' title='bbox 744 1433 798 1481; x_wconf 89' lang='lat' dir='ltr'><strong>et</strong></span> <span class='ocrx_word' id='word_1_87' title='bbox 831 1427 1194 1482; x_wconf 83' lang='lat' dir='ltr'><strong>Lincoliensis</strong></span> <span class='ocrx_word' id='word_1_88' title='bbox 1223 1428 1491 1498; x_wconf 83' lang='lat' dir='ltr'><strong>episcopi.</strong></span> <span class='ocrx_word' id='word_1_89' title='bbox 1534 1428 1608 1482; x_wconf 77' lang='lat' dir='ltr'><strong>Ad</strong></span> <span class='ocrx_word' id='word_1_90' title='bbox 1652 1428 1855 1498; x_wconf 86' lang='lat' dir='ltr'><strong>pascha</strong></span> <span class='ocrx_word' id='word_1_91' title='bbox 1888 1426 1989 1481; x_wconf 89' lang='lat' dir='ltr'><strong>fuit</strong></span> 
     </span>
    </p>
   </div>
   <div class='ocr_carea' id='block_1_15' title="bbox 376 1513 1990 1592">
    <p class='ocr_par' dir='ltr' id='par_1_15' title="bbox 376 1513 1990 1592">
     <span class='ocr_line' id='line_1_15' title="bbox 376 1513 1990 1592; baseline 0.005 -28"><span class='ocrx_word' id='word_1_92' title='bbox 376 1526 468 1566; x_wconf 85' lang='lat' dir='ltr'><strong>rex</strong></span> <span class='ocrx_word' id='word_1_93' title='bbox 520 1513 815 1570; x_wconf 89' lang='lat' dir='ltr'><strong>Oxineford</strong></span> <span class='ocrx_word' id='word_1_94' title='bbox 872 1517 927 1570; x_wconf 94' lang='lat' dir='ltr'><strong>in</strong></span> <span class='ocrx_word' id='word_1_95' title='bbox 986 1533 1127 1572; x_wconf 89' lang='lat' dir='ltr'><strong>nova</strong></span> <span class='ocrx_word' id='word_1_96' title='bbox 1180 1519 1324 1573; x_wconf 88' lang='lat' dir='ltr'><strong>aula.</strong></span> <span class='ocrx_word' id='word_1_97' title='bbox 1384 1520 1460 1572; x_wconf 79' lang='lat' dir='ltr'><strong>Ad</strong></span> <span class='ocrx_word' id='word_1_98' title='bbox 1522 1519 1833 1592; x_wconf 78' lang='lat' dir='ltr'><strong>rogationes</strong></span> <span class='ocrx_word' id='word_1_99' title='bbox 1887 1518 1990 1573; x_wconf 91' lang='lat' dir='ltr'><strong>fuit</strong></span> 
     </span>
    </p>
   </div>
   <div class='ocr_carea' id='block_1_16' title="bbox 376 1604 1985 1681">
    <p class='ocr_par' dir='ltr' id='par_1_16' title="bbox 376 1604 1985 1681">
     <span class='ocr_line' id='line_1_16' title="bbox 376 1604 1985 1681; baseline 0.005 -24"><span class='ocrx_word' id='word_1_100' title='bbox 376 1604 572 1661; x_wconf 85' lang='lat' dir='ltr'><strong>iterum</strong></span> <span class='ocrx_word' id='word_1_101' title='bbox 603 1616 908 1664; x_wconf 86' lang='lat' dir='ltr'><strong>conventus</strong></span> <span class='ocrx_word' id='word_1_102' title='bbox 938 1610 1084 1679; x_wconf 89' lang='lat' dir='ltr'><strong>apud</strong></span> <span class='ocrx_word' id='word_1_103' title='bbox 1129 1609 1435 1665; x_wconf 85' lang='lat' dir='ltr'><strong>Wincestre</strong></span> <span class='ocrx_word' id='word_1_104' title='bbox 1465 1626 1633 1681; x_wconf 83' lang='lat' dir='ltr'><strong>super</strong></span> <span class='ocrx_word' id='word_1_105' title='bbox 1662 1612 1827 1665; x_wconf 89' lang='lat' dir='ltr'><strong>rebus</strong></span> <span class='ocrx_word' id='word_1_106' title='bbox 1860 1627 1985 1680; x_wconf 88' lang='lat' dir='ltr'><strong>pre-</strong></span> 
     </span>
    </p>
   </div>
   <div class='ocr_carea' id='block_1_17' title="bbox 373 1691 1985 1770">
    <p class='ocr_par' dir='ltr' id='par_1_17' title="bbox 373 1691 1985 1770">
     <span class='ocr_line' id='line_1_17' title="bbox 373 1691 1985 1770; baseline 0.006 -25"><span class='ocrx_word' id='word_1_107' title='bbox 373 1691 551 1749; x_wconf 89' lang='lat' dir='ltr'><strong>dietis.</strong></span> <span class='ocrx_word' id='word_1_108' title='bbox 597 1695 723 1751; x_wconf 89' lang='lat' dir='ltr'><strong>Post</strong></span> <span class='ocrx_word' id='word_1_109' title='bbox 765 1704 1122 1767; x_wconf 86' lang='lat' dir='ltr'><strong>pentecosten</strong></span> <span class='ocrx_word' id='word_1_110' title='bbox 1155 1699 1305 1755; x_wconf 82' lang='lat' dir='ltr'><strong>dedit</strong></span> <span class='ocrx_word' id='word_1_111' title='bbox 1345 1716 1432 1754; x_wconf 86' lang='lat' dir='ltr'><strong>rex</strong></span> <span class='ocrx_word' id='word_1_112' title='bbox 1464 1700 1844 1770; x_wconf 88' lang='lat' dir='ltr'><strong>epise0patum</strong></span> <span class='ocrx_word' id='word_1_113' title='bbox 1879 1700 1985 1754; x_wconf 87' lang='lat' dir='ltr'><strong>He-</strong></span> 
     </span>
    </p>
   </div>
   <div class='ocr_carea' id='block_1_18' title="bbox 376 1786 1990 1864">
    <p class='ocr_par' dir='ltr' id='par_1_18' title="bbox 376 1786 1990 1864">
     <span class='ocr_line' id='line_1_18' title="bbox 376 1786 1990 1864; baseline 0.006 -24"><span class='ocrx_word' id='word_1_114' title='bbox 376 1786 605 1842; x_wconf 87' lang='lat' dir='ltr'><strong>liensem</strong></span> <span class='ocrx_word' id='word_1_115' title='bbox 639 1791 869 1864; x_wconf 77' lang='lat' dir='ltr'><strong>Nigella,</strong></span> <span class='ocrx_word' id='word_1_116' title='bbox 922 1802 973 1847; x_wconf 92' lang='lat' dir='ltr'><strong>et</strong></span> <span class='ocrx_word' id='word_1_117' title='bbox 1008 1794 1385 1864; x_wconf 86' lang='lat' dir='ltr'><strong>episcopatum</strong></span> <span class='ocrx_word' id='word_1_118' title='bbox 1431 1795 1718 1850; x_wconf 90' lang='lat' dir='ltr'><strong>Dunelmie</strong></span> <span class='ocrx_word' id='word_1_119' title='bbox 1747 1796 1816 1829; x_wconf 73' lang='grc'><strong>⁵⁵9</strong></span> <span class='ocrx_word' id='word_1_120' title='bbox 1847 1795 1990 1850; x_wconf 89' lang='lat' dir='ltr'><strong>Gau-</strong></span> 
     </span>
    </p>
   </div>
   <div class='ocr_carea' id='block_1_19' title="bbox 375 1874 1988 1939">
    <p class='ocr_par' dir='ltr' id='par_1_19' title="bbox 375 1874 1988 1939">
     <span class='ocr_line' id='line_1_19' title="bbox 375 1874 1988 1939; baseline 0.007 -11"><span class='ocrx_word' id='word_1_121' title='bbox 375 1874 516 1931; x_wconf 82' lang='lat' dir='ltr'><strong>frido</strong></span> <span class='ocrx_word' id='word_1_122' title='bbox 548 1879 895 1936; x_wconf 89' lang='lat' dir='ltr'><strong>eaneellario.</strong></span> <span class='ocrx_word' id='word_1_123' title='bbox 931 1882 1093 1937; x_wconf 91' lang='lat' dir='ltr'><strong>Paulo</strong></span> <span class='ocrx_word' id='word_1_124' title='bbox 1133 1892 1260 1937; x_wconf 85' lang='lat' dir='ltr'><strong>ante</strong></span> <span class='ocrx_word' id='word_1_125' title='bbox 1291 1883 1519 1938; x_wconf 87' lang='lat' dir='ltr'><strong>dederat</strong></span> <span class='ocrx_word' id='word_1_126' title='bbox 1548 1884 1988 1939; x_wconf 87' lang='lat' dir='ltr'><strong>Wintonicnsem</strong></span> 
     </span>
    </p>
   </div>
   <div class='ocr_carea' id='block_1_20' title="bbox 376 1965 1990 2046">
    <p class='ocr_par' dir='ltr' id='par_1_20' title="bbox 376 1965 1990 2046">
     <span class='ocr_line' id='line_1_20' title="bbox 376 1965 1990 2046; baseline 0.007 -27"><span class='ocrx_word' id='word_1_127' title='bbox 376 1965 608 2022; x_wconf 85' lang='lat' dir='ltr'><strong>Henrico</strong></span> <span class='ocrx_word' id='word_1_128' title='bbox 636 1969 823 2025; x_wconf 88' lang='lat' dir='ltr'><strong>abbati</strong></span> <span class='ocrx_word' id='word_1_129' title='bbox 855 1971 1132 2027; x_wconf 85' lang='lat' dir='ltr'><strong>Glastonie</strong></span> <span class='ocrx_word' id='word_1_130' title='bbox 1186 1974 1333 2045; x_wconf 74' lang='lat'><strong>(586)</strong></span> <span class='ocrx_word' id='word_1_131' title='bbox 1368 1974 1557 2045; x_wconf 90' lang='lat' dir='ltr'><strong>nepoti</strong></span> <span class='ocrx_word' id='word_1_132' title='bbox 1607 1990 1730 2041; x_wconf 90' lang='lat' dir='ltr'><strong>suo,</strong></span> <span class='ocrx_word' id='word_1_133' title='bbox 1764 1978 1857 2046; x_wconf 85' lang='lat' dir='ltr'><strong>qui</strong></span> <span class='ocrx_word' id='word_1_134' title='bbox 1906 1985 1990 2030; x_wconf 88' lang='lat' dir='ltr'><strong>ta-</strong></span> 
     </span>
    </p>
   </div>
   <div class='ocr_carea' id='block_1_21' title="bbox 371 2059 1988 2137">
    <p class='ocr_par' dir='ltr' id='par_1_21' title="bbox 371 2059 1988 2137">
     <span class='ocr_line' id='line_1_21' title="bbox 371 2059 1988 2137; baseline 0.007 -26"><span class='ocrx_word' id='word_1_135' title='bbox 371 2073 499 2112; x_wconf 88' lang='lat' dir='ltr'><strong>men</strong></span> <span class='ocrx_word' id='word_1_136' title='bbox 529 2059 799 2116; x_wconf 88' lang='lat' dir='ltr'><strong>abbatiam</strong></span> <span class='ocrx_word' id='word_1_137' title='bbox 824 2079 946 2117; x_wconf 92' lang='lat' dir='ltr'><strong>cum</strong></span> <span class='ocrx_word' id='word_1_138' title='bbox 979 2065 1301 2135; x_wconf 84' lang='lat' dir='ltr'><strong>episcOpatu</strong></span> <span class='ocrx_word' id='word_1_139' title='bbox 1334 2066 1508 2121; x_wconf 88' lang='lat' dir='ltr'><strong>tenuit</strong></span> <span class='ocrx_word' id='word_1_140' title='bbox 1530 2083 1706 2137; x_wconf 91' lang='lat' dir='ltr'><strong>usque</strong></span> <span class='ocrx_word' id='word_1_141' title='bbox 1737 2067 1804 2120; x_wconf 91' lang='lat' dir='ltr'><strong>ad</strong></span> <span class='ocrx_word' id='word_1_142' title='bbox 1840 2082 1988 2122; x_wconf 85' lang='lat' dir='ltr'><strong>mor—</strong></span> 
     </span>
    </p>
   </div>
   <div class='ocr_carea' id='block_1_22' title="bbox 374 2150 1993 2225">
    <p class='ocr_par' dir='ltr' id='par_1_22' title="bbox 374 2150 1993 2225">
     <span class='ocr_line' id='line_1_22' title="bbox 374 2150 1993 2225; baseline 0.007 -26"><span class='ocrx_word' id='word_1_143' title='bbox 374 2153 481 2200; x_wconf 88' lang='lat' dir='ltr'><strong>tem</strong></span> <span class='ocrx_word' id='word_1_144' title='bbox 536 2163 720 2214; x_wconf 90' lang='lat' dir='ltr'><strong>suam;</strong></span> <span class='ocrx_word' id='word_1_145' title='bbox 770 2150 1229 2207; x_wconf 81' lang='lat' dir='ltr'><strong>llerefordcnsem</strong></span> <span class='ocrx_word' id='word_1_146' title='bbox 1272 2170 1401 2209; x_wconf 92' lang='lat' dir='ltr'><strong>vero</strong></span> <span class='ocrx_word' id='word_1_147' title='bbox 1450 2155 1832 2225; x_wconf 88' lang='lat' dir='ltr'><strong>episcopatum</strong></span> <span class='ocrx_word' id='word_1_148' title='bbox 1884 2156 1993 2211; x_wconf 82' lang='lat' dir='ltr'><strong>Ro-</strong></span> 
     </span>
    </p>
   </div>
   <div class='ocr_carea' id='block_1_23' title="bbox 375 2234 1989 2319">
    <p class='ocr_par' dir='ltr' id='par_1_23' title="bbox 375 2234 1989 2319">
     <span class='ocr_line' id='line_1_23' title="bbox 375 2234 1989 2319; baseline 0.008 -31"><span class='ocrx_word' id='word_1_149' title='bbox 375 2234 530 2319; x_wconf 90' lang='lat' dir='ltr'><strong>berto</strong></span> <span class='ocrx_word' id='word_1_150' title='bbox 582 2238 651 2292; x_wconf 92' lang='lat' dir='ltr'><strong>de</strong></span> <span class='ocrx_word' id='word_1_151' title='bbox 691 2239 932 2296; x_wconf 87' lang='lat' dir='ltr'><strong>Bectona</strong></span> <span class='ocrx_word' id='word_1_152' title='bbox 982 2241 1323 2307; x_wconf 86' lang='lat' dir='ltr'><strong>Flandrensi,</strong></span> <span class='ocrx_word' id='word_1_153' title='bbox 1382 2244 1498 2299; x_wconf 93' lang='lat' dir='ltr'><strong>viro</strong></span> <span class='ocrx_word' id='word_1_154' title='bbox 1530 2244 1823 2319; x_wconf 89' lang='lat' dir='ltr'><strong>religioso;</strong></span> <span class='ocrx_word' id='word_1_155' title='bbox 1866 2244 1989 2301; x_wconf 84' lang='lat' dir='ltr'><strong>Ces-</strong></span> 
     </span>
    </p>
   </div>
   <div class='ocr_carea' id='block_1_24' title="bbox 374 2318 1990 2403">
    <p class='ocr_par' dir='ltr' id='par_1_24' title="bbox 374 2318 1990 2403">
     <span class='ocr_line' id='line_1_24' title="bbox 374 2318 1990 2403; baseline 0.006 -21"><span class='ocrx_word' id='word_1_156' title='bbox 374 2318 619 2382; x_wconf 67' lang='lat' dir='ltr'><strong>(rensem</strong></span> <span class='ocrx_word' id='word_1_157' title='bbox 683 2346 814 2385; x_wconf 92' lang='lat' dir='ltr'><strong>vero</strong></span> <span class='ocrx_word' id='word_1_158' title='bbox 878 2332 1109 2403; x_wconf 80' lang='lat' dir='ltr'><strong>Rogerio</strong></span> <span class='ocrx_word' id='word_1_159' title='bbox 1184 2335 1573 2391; x_wconf 86' lang='lat' dir='ltr'><strong>arehidiacono</strong></span> <span class='ocrx_word' id='word_1_160' title='bbox 1633 2337 1990 2403; x_wconf 88' lang='lat' dir='ltr'><strong>Lineoliensi,</strong></span> 
     </span>
    </p>
   </div>
   <div class='ocr_carea' id='block_1_25' title="bbox 374 2418 1994 2496">
    <p class='ocr_par' dir='ltr' id='par_1_25' title="bbox 374 2418 1994 2496">
     <span class='ocr_line' id='line_1_25' title="bbox 374 2418 1994 2496; baseline 0.008 -27"><span class='ocrx_word' id='word_1_161' title='bbox 374 2418 566 2486; x_wconf 86' lang='lat' dir='ltr'><strong>nepoti</strong></span> <span class='ocrx_word' id='word_1_162' title='bbox 608 2418 851 2474; x_wconf 87' lang='lat' dir='ltr'><strong>Gaufridi</strong></span> <span class='ocrx_word' id='word_1_163' title='bbox 908 2423 977 2476; x_wconf 89' lang='lat' dir='ltr'><strong>de</strong></span> <span class='ocrx_word' id='word_1_164' title='bbox 1018 2424 1284 2478; x_wconf 78' lang='lat' dir='ltr'><strong>Clintona.</strong></span> <span class='ocrx_word' id='word_1_165' title='bbox 1339 2426 1600 2481; x_wconf 88' lang='lat' dir='ltr'><strong>Decessor</strong></span> <span class='ocrx_word' id='word_1_166' title='bbox 1649 2428 1769 2496; x_wconf 87' lang='lat' dir='ltr'><strong>ejus</strong></span> <span class='ocrx_word' id='word_1_167' title='bbox 1818 2428 1994 2483; x_wconf 86' lang='lat' dir='ltr'><strong>fuerat</strong></span> 
     </span>
    </p>
   </div>
   <div class='ocr_carea' id='block_1_26' title="bbox 2013 1652 2065 1720">
    <p class='ocr_par' dir='ltr' id='par_1_26' title="bbox 2013 1652 2065 1720">
     <span class='ocr_line' id='line_1_26' title="bbox 2013 1652 2065 1720; baseline 0 0"><span class='ocrx_word' id='word_1_168' title='bbox 2013 1652 2065 1720; x_wconf 88' lang='grc' dir='ltr'>Β</span> 
     </span>
    </p>
   </div>
   <div class='ocr_carea' id='block_1_27' title="bbox 377 2506 1993 2589">
    <p class='ocr_par' dir='ltr' id='par_1_27' title="bbox 377 2506 1993 2589">
     <span class='ocr_line' id='line_1_27' title="bbox 377 2506 1993 2589; baseline 0.009 -30"><span class='ocrx_word' id='word_1_169' title='bbox 377 2506 647 2564; x_wconf 81' lang='lat' dir='ltr'><strong>Robertus</strong></span> <span class='ocrx_word' id='word_1_170' title='bbox 680 2522 1050 2585; x_wconf 84' lang='lat' dir='ltr'><strong>cegnomento</strong></span> <span class='ocrx_word' id='word_1_171' title='bbox 1090 2516 1417 2581; x_wconf 87' lang='lat' dir='ltr'><strong>Peccatum;</strong></span> <span class='ocrx_word' id='word_1_172' title='bbox 1466 2510 1827 2589; x_wconf 74' lang='lat' dir='ltr'><strong>predecessor</strong></span> <span class='ocrx_word' id='word_1_173' title='bbox 1862 2535 1993 2574; x_wconf 84' lang='lat' dir='ltr'><strong>vero</strong></span> 
     </span>
    </p>
   </div>
   <div class='ocr_carea' id='block_1_28' title="bbox 374 2588 1996 2664">
    <p class='ocr_par' dir='ltr' id='par_1_28' title="bbox 374 2588 1996 2664">
     <span class='ocr_line' id='line_1_28' title="bbox 374 2588 1996 2664; baseline 0.007 -12"><span class='ocrx_word' id='word_1_174' title='bbox 374 2598 647 2655; x_wconf 81' lang='lat' dir='ltr'><strong>Robertus</strong></span> <span class='ocrx_word' id='word_1_175' title='bbox 697 2602 1041 2659; x_wconf 83' lang='lat' dir='ltr'><strong>Normannus</strong></span> <span class='ocrx_word' id='word_1_176' title='bbox 1090 2607 1157 2660; x_wconf 93' lang='lat' dir='ltr'><strong>de</strong></span> <span class='ocrx_word' id='word_1_177' title='bbox 1190 2588 1477 2661; x_wconf 31' lang='lat' dir='ltr'><strong>‘Limesiu.</strong></span> <span class='ocrx_word' id='word_1_178' title='bbox 1521 2610 1615 2663; x_wconf 87' lang='lat' dir='ltr'><strong>llic</strong></span> <span class='ocrx_word' id='word_1_179' title='bbox 1653 2609 1996 2664; x_wconf 89' lang='lat' dir='ltr'><strong>secularibus</strong></span> 
     </span>
    </p>
   </div>
   <div class='ocr_carea' id='block_1_29' title="bbox 371 2687 1990 2774">
    <p class='ocr_par' dir='ltr' id='par_1_29' title="bbox 371 2687 1990 2774">
     <span class='ocr_line' id='line_1_29' title="bbox 371 2687 1990 2774; baseline 0.009 -33"><span class='ocrx_word' id='word_1_180' title='bbox 371 2687 616 2745; x_wconf 88' lang='lat' dir='ltr'><strong>intentus</strong></span> <span class='ocrx_word' id='word_1_181' title='bbox 644 2694 815 2768; x_wconf 86' lang='lat' dir='ltr'><strong>magis</strong></span> <span class='ocrx_word' id='word_1_182' title='bbox 845 2712 1008 2765; x_wconf 89' lang='lat' dir='ltr'><strong>quam</strong></span> <span class='ocrx_word' id='word_1_183' title='bbox 1038 2696 1261 2763; x_wconf 84' lang='lat' dir='ltr'><strong>divinis,</strong></span> <span class='ocrx_word' id='word_1_184' title='bbox 1300 2714 1331 2752; x_wconf 88' lang='lat' dir='ltr'><strong>a</strong></span> <span class='ocrx_word' id='word_1_185' title='bbox 1362 2716 1489 2774; x_wconf 89' lang='lat' dir='ltr'><strong>rege</strong></span> <span class='ocrx_word' id='word_1_186' title='bbox 1524 2700 1754 2755; x_wconf 89' lang='lat' dir='ltr'><strong>Henrico</strong></span> <span class='ocrx_word' id='word_1_187' title='bbox 1783 2701 1990 2755; x_wconf 78' lang='lat' dir='ltr'><strong>Ceven-</strong></span> 
     </span>
    </p>
   </div>
   <div class='ocr_carea' id='block_1_30' title="bbox 372 2786 1987 2862">
    <p class='ocr_par' dir='ltr' id='par_1_30' title="bbox 372 2786 1987 2862">
     <span class='ocr_line' id='line_1_30' title="bbox 372 2786 1987 2862; baseline 0.009 -28"><span class='ocrx_word' id='word_1_188' title='bbox 372 2789 557 2836; x_wconf 90' lang='lat' dir='ltr'><strong>trense</strong></span> <span class='ocrx_word' id='word_1_189' title='bbox 597 2786 895 2841; x_wconf 90' lang='lat' dir='ltr'><strong>cenobium</strong></span> <span class='ocrx_word' id='word_1_190' title='bbox 940 2788 1203 2858; x_wconf 85' lang='lat' dir='ltr'><strong>Optinuit,</strong></span> <span class='ocrx_word' id='word_1_191' title='bbox 1251 2790 1437 2862; x_wconf 86' lang='lat' dir='ltr'><strong>ibique</strong></span> <span class='ocrx_word' id='word_1_192' title='bbox 1477 2792 1767 2862; x_wconf 87' lang='lat' dir='ltr'><strong>capitalem</strong></span> <span class='ocrx_word' id='word_1_193' title='bbox 1798 2795 1987 2848; x_wconf 88' lang='lat' dir='ltr'><strong>cathe-</strong></span> 
     </span>
    </p>
   </div>
   <div class='ocr_carea' id='block_1_31' title="bbox 371 2870 1986 2957">
    <p class='ocr_par' dir='ltr' id='par_1_31' title="bbox 371 2870 1986 2957">
     <span class='ocr_line' id='line_1_31' title="bbox 371 2870 1986 2957; baseline 0.011 -34"><span class='ocrx_word' id='word_1_194' title='bbox 371 2870 525 2926; x_wconf 91' lang='lat' dir='ltr'><strong>dram</strong></span> <span class='ocrx_word' id='word_1_195' title='bbox 573 2875 896 2932; x_wconf 86' lang='lat' dir='ltr'><strong>Merciorum</strong></span> <span class='ocrx_word' id='word_1_196' title='bbox 943 2880 1244 2935; x_wconf 89' lang='lat' dir='ltr'><strong>constituit.</strong></span> <span class='ocrx_word' id='word_1_197' title='bbox 1301 2882 1471 2937; x_wconf 78' lang='lat' dir='ltr'><strong>liabet</strong></span> <span class='ocrx_word' id='word_1_198' title='bbox 1500 2882 1683 2955; x_wconf 86' lang='lat' dir='ltr'><strong>itaque</strong></span> <span class='ocrx_word' id='word_1_199' title='bbox 1733 2885 1825 2940; x_wconf 90' lang='lat' dir='ltr'><strong>ille</strong></span> <span class='ocrx_word' id='word_1_200' title='bbox 1872 2886 1986 2957; x_wconf 88' lang='lat' dir='ltr'><strong>epi-</strong></span> 
     </span>
    </p>
   </div>
   <div class='ocr_carea' id='block_1_32' title="bbox 372 2971 1980 3045">
    <p class='ocr_par' dir='ltr' id='par_1_32' title="bbox 372 2971 1980 3045">
     <span class='ocr_line' id='line_1_32' title="bbox 372 2971 1980 3045; baseline 0.011 -30"><span class='ocrx_word' id='word_1_201' title='bbox 372 2973 630 3033; x_wconf 86' lang='lat' dir='ltr'><strong>scopatus</strong></span> <span class='ocrx_word' id='word_1_202' title='bbox 688 2984 860 3038; x_wconf 91' lang='lat' dir='ltr'><strong>usque</strong></span> <span class='ocrx_word' id='word_1_203' title='bbox 921 2971 1085 3025; x_wconf 85' lang='lat' dir='ltr'><strong>hodie</strong></span> <span class='ocrx_word' id='word_1_204' title='bbox 1141 2979 1248 3027; x_wconf 90' lang='lat' dir='ltr'><strong>tres</strong></span> <span class='ocrx_word' id='word_1_205' title='bbox 1294 2975 1479 3040; x_wconf 89' lang='lat' dir='ltr'><strong>sedes,</strong></span> <span class='ocrx_word' id='word_1_206' title='bbox 1538 2975 1980 3045; x_wconf 86' lang='lat' dir='ltr'><strong>Licifeldensem,</strong></span> 
     </span>
    </p>
   </div>
   <div class='ocr_carea' id='block_1_33' title="bbox 375 3045 2054 3141">
    <p class='ocr_par' dir='ltr' id='par_1_33' title="bbox 375 3045 2054 3141">
     <span class='ocr_line' id='line_1_33' title="bbox 375 3045 2054 3141; baseline 0.012 -33"><span class='ocrx_word' id='word_1_207' title='bbox 375 3053 737 3124; x_wconf 87' lang='lat' dir='ltr'><strong>Cestrensem,</strong></span> <span class='ocrx_word' id='word_1_208' title='bbox 800 3062 1291 3122; x_wconf 85' lang='lat' dir='ltr'><strong>Conventreusem.</strong></span> <span class='ocrx_word' id='word_1_209' title='bbox 1332 3069 1423 3139; x_wconf 74' lang='grc' dir='ltr'><strong>(ν.</strong></span> <span class='ocrx_word' id='word_1_210' title='bbox 1457 3072 1621 3137; x_wconf 79' lang='lat' dir='ltr'><strong>Lanf.</strong></span> <span class='ocrx_word' id='word_1_211' title='bbox 1672 3071 1784 3141; x_wconf 71' lang='lat'><strong>12)</strong></span> <span class='ocrx_word' id='word_1_212' title='bbox 1824 3073 1978 3128; x_wconf 83' lang='lat' dir='ltr'><strong>Anno</strong></span> <span class='ocrx_word' id='word_1_213' title='bbox 2008 3045 2054 3112; x_wconf 58' lang='grc' dir='ltr'>θ</span> 
     </span>
    </p>
   </div>
   <div class='ocr_carea' id='block_1_34' title="bbox 371 3147 1978 3236">
    <p class='ocr_par' dir='ltr' id='par_1_34' title="bbox 371 3147 1978 3236">
     <span class='ocr_line' id='line_1_34' title="bbox 371 3147 1978 3236; baseline 0.012 -35"><span class='ocrx_word' id='word_1_214' title='bbox 371 3147 644 3218; x_wconf 82' lang='lat' dir='ltr'><strong>siquidem</strong></span> <span class='ocrx_word' id='word_1_215' title='bbox 719 3153 1111 3212; x_wconf 85' lang='lat' dir='ltr'><strong>incarnationis</strong></span> <span class='ocrx_word' id='word_1_216' title='bbox 1166 3159 1444 3216; x_wconf 81' lang='lat' dir='ltr'><strong>dominico</strong></span> <span class='ocrx_word' id='word_1_217' title='bbox 1524 3163 1675 3230; x_wconf 74' lang='lat'><strong>1073,</strong></span> <span class='ocrx_word' id='word_1_218' title='bbox 1710 3172 1978 3236; x_wconf 88' lang='lat' dir='ltr'><strong>regnante</strong></span> 
     </span>
    </p>
   </div>
   <div class='ocr_carea' id='block_1_35' title="bbox 374 3238 1980 3326">
    <p class='ocr_par' dir='ltr' id='par_1_35' title="bbox 374 3238 1980 3326">
     <span class='ocr_line' id='line_1_35' title="bbox 374 3238 1980 3326; baseline 0.012 -35"><span class='ocrx_word' id='word_1_219' title='bbox 374 3238 657 3298; x_wconf 87' lang='lat' dir='ltr'><strong>Willermo</strong></span> <span class='ocrx_word' id='word_1_220' title='bbox 685 3261 811 3316; x_wconf 82' lang='lat' dir='ltr'><strong>rege</strong></span> <span class='ocrx_word' id='word_1_221' title='bbox 844 3248 1163 3319; x_wconf 72' lang='lat' dir='ltr'><strong>Anglorum,</strong></span> <span class='ocrx_word' id='word_1_222' title='bbox 1195 3268 1342 3308; x_wconf 89' lang='lat' dir='ltr'><strong>anno</strong></span> <span class='ocrx_word' id='word_1_223' title='bbox 1387 3254 1540 3326; x_wconf 84' lang='lat' dir='ltr'><strong>regni</strong></span> <span class='ocrx_word' id='word_1_224' title='bbox 1590 3254 1709 3322; x_wconf 86' lang='lat' dir='ltr'><strong>ejus</strong></span> <span class='ocrx_word' id='word_1_225' title='bbox 1747 3256 1800 3310; x_wconf 88' lang='lat'><strong>9.</strong></span> <span class='ocrx_word' id='word_1_226' title='bbox 1843 3272 1980 3311; x_wconf 86' lang='lat' dir='ltr'><strong>con-</strong></span> 
     </span>
    </p>
   </div>
   <div class='ocr_carea' id='block_1_36' title="bbox 371 3336 1982 3414">
    <p class='ocr_par' dir='ltr' id='par_1_36' title="bbox 371 3336 1982 3414">
     <span class='ocr_line' id='line_1_36' title="bbox 371 3336 1982 3414; baseline 0.012 -33"><span class='ocrx_word' id='word_1_227' title='bbox 371 3338 654 3402; x_wconf 82' lang='lat' dir='ltr'><strong>gregatum</strong></span> <span class='ocrx_word' id='word_1_228' title='bbox 702 3342 786 3389; x_wconf 91' lang='lat' dir='ltr'><strong>est</strong></span> <span class='ocrx_word' id='word_1_229' title='bbox 815 3336 1096 3394; x_wconf 85' lang='lat' dir='ltr'><strong>Londonie</strong></span> <span class='ocrx_word' id='word_1_230' title='bbox 1133 3342 1452 3409; x_wconf 85' lang='lat' dir='ltr'><strong>concilium,</strong></span> <span class='ocrx_word' id='word_1_231' title='bbox 1496 3345 1809 3414; x_wconf 90' lang='lat' dir='ltr'><strong>prcsidente</strong></span> <span class='ocrx_word' id='word_1_232' title='bbox 1843 3346 1982 3401; x_wconf 85' lang='lat' dir='ltr'><strong>Lan-</strong></span> 
     </span>
    </p>
   </div>
   <div class='ocr_carea' id='block_1_37' title="bbox 369 3417 1978 3497">
    <p class='ocr_par' dir='ltr' id='par_1_37' title="bbox 369 3417 1978 3497">
     <span class='ocr_line' id='line_1_37' title="bbox 369 3417 1978 3497; baseline 0.013 -26"><span class='ocrx_word' id='word_1_233' title='bbox 369 3417 558 3474; x_wconf 88' lang='lat' dir='ltr'><strong>franco</strong></span> <span class='ocrx_word' id='word_1_234' title='bbox 586 3423 1006 3497; x_wconf 85' lang='lat' dir='ltr'><strong>archiepiseOpo</strong></span> <span class='ocrx_word' id='word_1_235' title='bbox 1040 3429 1446 3497; x_wconf 86' lang='lat' dir='ltr'><strong>Cantuariensi;</strong></span> <span class='ocrx_word' id='word_1_236' title='bbox 1492 3435 1659 3489; x_wconf 90' lang='lat' dir='ltr'><strong>totius</strong></span> <span class='ocrx_word' id='word_1_237' title='bbox 1701 3436 1978 3492; x_wconf 80' lang='lat' dir='ltr'><strong>Britannic</strong></span> 
     </span>
    </p>
   </div>
   <div class='ocr_carea' id='block_1_38' title="bbox 369 3513 1981 3587">
    <p class='ocr_par' dir='ltr' id='par_1_38' title="bbox 369 3513 1981 3587">
     <span class='ocr_line' id='line_1_38' title="bbox 369 3513 1981 3587; baseline 0.013 -20"><span class='ocrx_word' id='word_1_238' title='bbox 369 3513 549 3571; x_wconf 87' lang='lat' dir='ltr'><strong>insule</strong></span> <span class='ocrx_word' id='word_1_239' title='bbox 570 3517 821 3587; x_wconf 89' lang='lat' dir='ltr'><strong>primate,</strong></span> <span class='ocrx_word' id='word_1_240' title='bbox 850 3524 1267 3582; x_wconf 86' lang='lat' dir='ltr'><strong>considentibus</strong></span> <span class='ocrx_word' id='word_1_241' title='bbox 1308 3545 1493 3583; x_wconf 89' lang='lat' dir='ltr'><strong>secum</strong></span> <span class='ocrx_word' id='word_1_242' title='bbox 1531 3530 1663 3585; x_wconf 88' lang='lat' dir='ltr'><strong>viris</strong></span> <span class='ocrx_word' id='word_1_243' title='bbox 1689 3534 1981 3587; x_wconf 88' lang='lat' dir='ltr'><strong>venerabi-</strong></span> 
     </span>
    </p>
   </div>
   <div class='ocr_carea' id='block_1_39' title="bbox 371 3602 1978 3689">
    <p class='ocr_par' dir='ltr' id='par_1_39' title="bbox 371 3602 1978 3689">
     <span class='ocr_line' id='line_1_39' title="bbox 371 3602 1978 3689; baseline 0.013 -33"><span class='ocrx_word' id='word_1_244' title='bbox 371 3602 516 3658; x_wconf 92' lang='lat' dir='ltr'><strong>libus</strong></span> <span class='ocrx_word' id='word_1_245' title='bbox 560 3606 765 3663; x_wconf 86' lang='lat' dir='ltr'><strong>Thema</strong></span> <span class='ocrx_word' id='word_1_246' title='bbox 797 3610 1120 3668; x_wconf 87' lang='lat' dir='ltr'><strong>Eboracensi</strong></span> <span class='ocrx_word' id='word_1_247' title='bbox 1172 3618 1613 3689; x_wconf 84' lang='lat' dir='ltr'><strong>archiepiscopo,</strong></span> <span class='ocrx_word' id='word_1_248' title='bbox 1669 3627 1721 3674; x_wconf 90' lang='lat' dir='ltr'><strong>et</strong></span> <span class='ocrx_word' id='word_1_249' title='bbox 1776 3621 1978 3677; x_wconf 79' lang='lat' dir='ltr'><strong>ceteris</strong></span> 
     </span>
    </p>
   </div>
   <div class='ocr_carea' id='block_1_40' title="bbox 369 3693 1980 3772">
    <p class='ocr_par' dir='ltr' id='par_1_40' title="bbox 369 3693 1980 3772">
     <span class='ocr_line' id='line_1_40' title="bbox 369 3693 1980 3772; baseline 0.014 -26"><span class='ocrx_word' id='word_1_250' title='bbox 369 3693 649 3766; x_wconf 86' lang='lat' dir='ltr'><strong>episcOpis</strong></span> <span class='ocrx_word' id='word_1_251' title='bbox 697 3699 869 3770; x_wconf 86' lang='lat' dir='ltr'><strong>ipsius</strong></span> <span class='ocrx_word' id='word_1_252' title='bbox 910 3703 1109 3772; x_wconf 88' lang='lat' dir='ltr'><strong>insule,</strong></span> <span class='ocrx_word' id='word_1_253' title='bbox 1155 3715 1210 3761; x_wconf 90' lang='lat' dir='ltr'><strong>et</strong></span> <span class='ocrx_word' id='word_1_254' title='bbox 1247 3708 1560 3772; x_wconf 88' lang='lat' dir='ltr'><strong>abbatibus,</strong></span> <span class='ocrx_word' id='word_1_255' title='bbox 1622 3728 1724 3766; x_wconf 90' lang='lat' dir='ltr'><strong>nec</strong></span> <span class='ocrx_word' id='word_1_256' title='bbox 1773 3729 1882 3768; x_wconf 92' lang='lat' dir='ltr'><strong>non</strong></span> <span class='ocrx_word' id='word_1_257' title='bbox 1925 3725 1980 3769; x_wconf 92' lang='lat' dir='ltr'><strong>et</strong></span> 
     </span>
    </p>
   </div>
   <div class='ocr_carea' id='block_1_41' title="bbox 369 3786 1978 3882">
    <p class='ocr_par' dir='ltr' id='par_1_41' title="bbox 369 3786 1978 3882">
     <span class='ocr_line' id='line_1_41' title="bbox 369 3786 1978 3882; baseline 0.015 -45"><span class='ocrx_word' id='word_1_258' title='bbox 369 3786 557 3882; x_wconf 71' lang='lat' dir='ltr'><strong>multis</strong></span> <span class='ocrx_word' id='word_1_259' title='bbox 586 3789 829 3862; x_wconf 89' lang='lat' dir='ltr'><strong>religiosi</strong></span> <span class='ocrx_word' id='word_1_260' title='bbox 858 3795 1069 3849; x_wconf 89' lang='lat' dir='ltr'><strong>ordinis</strong></span> <span class='ocrx_word' id='word_1_261' title='bbox 1097 3799 1378 3866; x_wconf 69' lang='lat' dir='ltr'><strong>personis,-</strong></span> <span class='ocrx_word' id='word_1_262' title='bbox 1424 3800 1477 3854; x_wconf 90' lang='lat' dir='ltr'><strong>in</strong></span> <span class='ocrx_word' id='word_1_263' title='bbox 1509 3818 1620 3872; x_wconf 84' lang='lat' dir='ltr'><strong>quo</strong></span> <span class='ocrx_word' id='word_1_264' title='bbox 1672 3806 1844 3859; x_wconf 89' lang='lat' dir='ltr'><strong>multa</strong></span> <span class='ocrx_word' id='word_1_265' title='bbox 1874 3806 1978 3860; x_wconf 90' lang='lat' dir='ltr'><strong>uli-</strong></span> 
     </span>
    </p>
   </div>
   <div class='ocr_carea' id='block_1_42' title="bbox 368 3872 1978 3954">
    <p class='ocr_par' dir='ltr' id='par_1_42' title="bbox 368 3872 1978 3954">
     <span class='ocr_line' id='line_1_42' title="bbox 368 3872 1978 3954; baseline 0.016 -29"><span class='ocrx_word' id='word_1_266' title='bbox 368 3872 442 3927; x_wconf 88' lang='lat' dir='ltr'><strong>lia</strong></span> <span class='ocrx_word' id='word_1_267' title='bbox 470 3882 577 3929; x_wconf 89' lang='lat' dir='ltr'><strong>tam</strong></span> <span class='ocrx_word' id='word_1_268' title='bbox 629 3879 843 3935; x_wconf 91' lang='lat' dir='ltr'><strong>clericis</strong></span> <span class='ocrx_word' id='word_1_269' title='bbox 880 3900 1045 3954; x_wconf 90' lang='lat' dir='ltr'><strong>quam</strong></span> <span class='ocrx_word' id='word_1_270' title='bbox 1078 3886 1229 3941; x_wconf 87' lang='lat' dir='ltr'><strong>laieis</strong></span> <span class='ocrx_word' id='word_1_271' title='bbox 1262 3888 1509 3944; x_wconf 80' lang='lat' dir='ltr'><strong>instituta</strong></span> <span class='ocrx_word' id='word_1_272' title='bbox 1548 3890 1786 3949; x_wconf 89' lang='lat' dir='ltr'><strong>fuerunt.</strong></span> <span class='ocrx_word' id='word_1_273' title='bbox 1839 3894 1978 3950; x_wconf 88' lang='lat' dir='ltr'><strong>Cou-</strong></span> 
     </span>
    </p>
   </div>
   <div class='ocr_carea' id='block_1_43' title="bbox 370 3972 1973 4050">
    <p class='ocr_par' dir='ltr' id='par_1_43' title="bbox 370 3972 1973 4050">
     <span class='ocr_line' id='line_1_43' title="bbox 370 3972 1973 4050; baseline 0.015 -32"><span class='ocrx_word' id='word_1_274' title='bbox 370 3979 584 4021; x_wconf 90' lang='lat' dir='ltr'><strong>cessum</strong></span> <span class='ocrx_word' id='word_1_275' title='bbox 605 3977 689 4024; x_wconf 91' lang='lat' dir='ltr'><strong>est</strong></span> <span class='ocrx_word' id='word_1_276' title='bbox 706 3972 869 4028; x_wconf 87' lang='lat' dir='ltr'><strong>etiam</strong></span> <span class='ocrx_word' id='word_1_277' title='bbox 902 3975 1039 4030; x_wconf 91' lang='lat' dir='ltr'><strong>inibi</strong></span> <span class='ocrx_word' id='word_1_278' title='bbox 1067 3979 1232 4050; x_wconf 85' lang='lat' dir='ltr'><strong>regali</strong></span> <span class='ocrx_word' id='word_1_279' title='bbox 1258 3980 1633 4037; x_wconf 71' lang='lat' dir='ltr'><strong>munificentia</strong></span> <span class='ocrx_word' id='word_1_280' title='bbox 1654 3991 1709 4039; x_wconf 90' lang='lat' dir='ltr'><strong>et</strong></span> <span class='ocrx_word' id='word_1_281' title='bbox 1736 3985 1973 4042; x_wconf 91' lang='lat' dir='ltr'><strong>sinodali</strong></span> 
     </span>
    </p>
   </div>
   <div class='ocr_carea' id='block_1_44' title="bbox 372 4058 1977 4145">
    <p class='ocr_par' dir='ltr' id='par_1_44' title="bbox 372 4058 1977 4145">
     <span class='ocr_line' id='line_1_44' title="bbox 372 4058 1977 4145; baseline 0.014 -36"><span class='ocrx_word' id='word_1_282' title='bbox 372 4058 693 4115; x_wconf 88' lang='lat' dir='ltr'><strong>auctoritate</strong></span> <span class='ocrx_word' id='word_1_283' title='bbox 720 4063 896 4120; x_wconf 90' lang='lat' dir='ltr'><strong>tribus</strong></span> <span class='ocrx_word' id='word_1_284' title='bbox 922 4068 1216 4139; x_wconf 88' lang='lat' dir='ltr'><strong>epise0pis.</strong></span> <span class='ocrx_word' id='word_1_285' title='bbox 1240 4071 1308 4125; x_wconf 86' lang='lat' dir='ltr'><strong>de</strong></span> <span class='ocrx_word' id='word_1_286' title='bbox 1343 4072 1577 4145; x_wconf 59' lang='lat' dir='ltr'><strong>villisZad</strong></span> <span class='ocrx_word' id='word_1_287' title='bbox 1608 4075 1857 4132; x_wconf 85' lang='lat' dir='ltr'><strong>civitates</strong></span> <span class='ocrx_word' id='word_1_288' title='bbox 1885 4094 1977 4132; x_wconf 91' lang='lat' dir='ltr'><strong>se-</strong></span> 
     </span>
    </p>
   </div>
   <div class='ocr_carea' id='block_1_45' title="bbox 371 4145 1976 4222">
    <p class='ocr_par' dir='ltr' id='par_1_45' title="bbox 371 4145 1976 4222">
     <span class='ocr_line' id='line_1_45' title="bbox 371 4145 1976 4222; baseline 0.014 -23"><span class='ocrx_word' id='word_1_289' title='bbox 371 4145 469 4201; x_wconf 89' lang='lat' dir='ltr'><strong>des</strong></span> <span class='ocrx_word' id='word_1_290' title='bbox 496 4163 622 4203; x_wconf 87' lang='lat' dir='ltr'><strong>suas</strong></span> <span class='ocrx_word' id='word_1_291' title='bbox 652 4152 973 4221; x_wconf 82' lang='lat' dir='ltr'><strong>transferre;</strong></span> <span class='ocrx_word' id='word_1_292' title='bbox 1005 4157 1214 4213; x_wconf 90' lang='lat' dir='ltr'><strong>scilicet</strong></span> <span class='ocrx_word' id='word_1_293' title='bbox 1244 4159 1553 4217; x_wconf 84' lang='lat' dir='ltr'><strong>lIermanno</strong></span> <span class='ocrx_word' id='word_1_294' title='bbox 1582 4164 1652 4219; x_wconf 91' lang='lat' dir='ltr'><strong>de</strong></span> <span class='ocrx_word' id='word_1_295' title='bbox 1680 4165 1976 4222; x_wconf 86' lang='lat' dir='ltr'><strong>Sireburna</strong></span> 
     </span>
    </p>
   </div>
   <div class='ocr_carea' id='block_1_46' title="bbox 367 4236 1972 4327">
    <p class='ocr_par' dir='ltr' id='par_1_46' title="bbox 367 4236 1972 4327">
     <span class='ocr_line' id='line_1_46' title="bbox 367 4236 1972 4327; baseline 0.014 -37"><span class='ocrx_word' id='word_1_296' title='bbox 367 4236 437 4291; x_wconf 90' lang='lat' dir='ltr'><strong>ad</strong></span> <span class='ocrx_word' id='word_1_297' title='bbox 467 4236 824 4309; x_wconf 89' lang='lat' dir='ltr'><strong>Seriberiam;</strong></span> <span class='ocrx_word' id='word_1_298' title='bbox 851 4246 1116 4321; x_wconf 85' lang='lat' dir='ltr'><strong>Stigando</strong></span> <span class='ocrx_word' id='word_1_299' title='bbox 1148 4250 1215 4304; x_wconf 91' lang='lat' dir='ltr'><strong>de</strong></span> <span class='ocrx_word' id='word_1_300' title='bbox 1244 4250 1517 4327; x_wconf 88' lang='lat' dir='ltr'><strong>Senlenge</strong></span> <span class='ocrx_word' id='word_1_301' title='bbox 1550 4253 1615 4307; x_wconf 88' lang='lat' dir='ltr'><strong>ad</strong></span> <span class='ocrx_word' id='word_1_302' title='bbox 1638 4254 1972 4323; x_wconf 81' lang='lat' dir='ltr'><strong>Cicestrum;</strong></span> 
     </span>
    </p>
   </div>
   <div class='ocr_carea' id='block_1_47' title="bbox 367 4326 2058 4415">
    <p class='ocr_par' dir='ltr' id='par_1_47' title="bbox 367 4326 2058 4415">
     <span class='ocr_line' id='line_1_47' title="bbox 367 4326 2058 4415; baseline 0.012 -34"><span class='ocrx_word' id='word_1_303' title='bbox 367 4326 526 4386; x_wconf 90' lang='lat' dir='ltr'><strong>Petro</strong></span> <span class='ocrx_word' id='word_1_304' title='bbox 577 4330 647 4385; x_wconf 90' lang='lat' dir='ltr'><strong>de</strong></span> <span class='ocrx_word' id='word_1_305' title='bbox 681 4331 940 4391; x_wconf 81' lang='lat' dir='ltr'><strong>Lieifelde.</strong></span> <span class='ocrx_word' id='word_1_306' title='bbox 980 4337 1047 4391; x_wconf 90' lang='lat' dir='ltr'><strong>ad</strong></span> <span class='ocrx_word' id='word_1_307' title='bbox 1082 4338 1345 4397; x_wconf 86' lang='lat' dir='ltr'><strong>Cestrum.</strong></span> <span class='ocrx_word' id='word_1_308' title='bbox 1386 4341 1457 4395; x_wconf 90' lang='lat' dir='ltr'><strong>De</strong></span> <span class='ocrx_word' id='word_1_309' title='bbox 1506 4342 1836 4414; x_wconf 87' lang='lat' dir='ltr'><strong>quibusdam</strong></span> <span class='ocrx_word' id='word_1_310' title='bbox 1884 4347 2058 4415; x_wconf 88' lang='lat' dir='ltr'><strong>au-D</strong></span> 
     </span>
    </p>
   </div>
   <div class='ocr_carea' id='block_1_48' title="bbox 370 4422 1978 4504">
    <p class='ocr_par' dir='ltr' id='par_1_48' title="bbox 370 4422 1978 4504">
     <span class='ocr_line' id='line_1_48' title="bbox 370 4422 1978 4504; baseline 0.011 -32"><span class='ocrx_word' id='word_1_311' title='bbox 370 4424 502 4486; x_wconf 89' lang='lat' dir='ltr'><strong>tem,</strong></span> <span class='ocrx_word' id='word_1_312' title='bbox 534 4422 627 4492; x_wconf 90' lang='lat' dir='ltr'><strong>qui</strong></span> <span class='ocrx_word' id='word_1_313' title='bbox 664 4423 715 4477; x_wconf 88' lang='lat' dir='ltr'><strong>in</strong></span> <span class='ocrx_word' id='word_1_314' title='bbox 732 4424 878 4480; x_wconf 90' lang='lat' dir='ltr'><strong>villis</strong></span> <span class='ocrx_word' id='word_1_315' title='bbox 906 4442 1004 4481; x_wconf 90' lang='lat' dir='ltr'><strong>seu</strong></span> <span class='ocrx_word' id='word_1_316' title='bbox 1031 4426 1167 4482; x_wconf 87' lang='lat' dir='ltr'><strong>vicis</strong></span> <span class='ocrx_word' id='word_1_317' title='bbox 1197 4428 1379 4483; x_wconf 91' lang='lat' dir='ltr'><strong>adhuc</strong></span> <span class='ocrx_word' id='word_1_318' title='bbox 1413 4431 1714 4504; x_wconf 84' lang='lat' dir='ltr'><strong>degebant,</strong></span> <span class='ocrx_word' id='word_1_319' title='bbox 1747 4434 1978 4490; x_wconf 90' lang='lat' dir='ltr'><strong>dilatum</strong></span> 
     </span>
    </p>
   </div>
   <div class='ocr_carea' id='block_1_49' title="bbox 368 4514 1979 4598">
    <p class='ocr_par' dir='ltr' id='par_1_49' title="bbox 368 4514 1979 4598">
     <span class='ocr_line' id='line_1_49' title="bbox 368 4514 1979 4598; baseline 0.011 -37"><span class='ocrx_word' id='word_1_320' title='bbox 368 4514 452 4598; x_wconf 81' lang='lat' dir='ltr'><strong>est</strong></span> <span class='ocrx_word' id='word_1_321' title='bbox 507 4525 681 4581; x_wconf 90' lang='lat' dir='ltr'><strong>usque</strong></span> <span class='ocrx_word' id='word_1_322' title='bbox 725 4514 793 4568; x_wconf 91' lang='lat' dir='ltr'><strong>ad</strong></span> <span class='ocrx_word' id='word_1_323' title='bbox 829 4515 973 4590; x_wconf 85' lang='lat' dir='ltr'><strong>regis</strong></span> <span class='ocrx_word' id='word_1_324' title='bbox 1014 4516 1387 4583; x_wconf 82' lang='lat' dir='ltr'><strong>audientiam;</strong></span> <span class='ocrx_word' id='word_1_325' title='bbox 1426 4520 1686 4576; x_wconf 86' lang='lat' dir='ltr'><strong>videlicet</strong></span> <span class='ocrx_word' id='word_1_326' title='bbox 1729 4523 1979 4598; x_wconf 85' lang='lat' dir='ltr'><strong>Remigio</strong></span> 
     </span>
    </p>
   </div>
   <div class='ocr_carea' id='block_1_50' title="bbox 368 4597 1981 4680">
    <p class='ocr_par' dir='ltr' id='par_1_50' title="bbox 368 4597 1981 4680">
     <span class='ocr_line' id='line_1_50' title="bbox 368 4597 1981 4680; baseline 0.01 -29"><span class='ocrx_word' id='word_1_327' title='bbox 368 4597 755 4669; x_wconf 89' lang='lat' dir='ltr'><strong>Dorchacensi,</strong></span> <span class='ocrx_word' id='word_1_328' title='bbox 780 4604 981 4660; x_wconf 89' lang='lat' dir='ltr'><strong>Gisone</strong></span> <span class='ocrx_word' id='word_1_329' title='bbox 1007 4606 1416 4674; x_wconf 89' lang='lat' dir='ltr'><strong>Hermeacensi,</strong></span> <span class='ocrx_word' id='word_1_330' title='bbox 1443 4608 1651 4666; x_wconf 84' lang='lat' dir='ltr'><strong>Hefalto</strong></span> <span class='ocrx_word' id='word_1_331' title='bbox 1677 4597 1937 4667; x_wconf 82' lang='lat' dir='ltr'><strong>Wellensi</strong></span> <span class='ocrx_word' id='word_1_332' title='bbox 1966 4630 1981 4680; x_wconf 92' lang='lat'><strong>;</strong></span> 
     </span>
    </p>
   </div>
   <div class='ocr_carea' id='block_1_51' title="bbox 366 4695 1986 4773">
    <p class='ocr_par' dir='ltr' id='par_1_51' title="bbox 366 4695 1986 4773">
     <span class='ocr_line' id='line_1_51' title="bbox 366 4695 1986 4773; baseline 0.01 -30"><span class='ocrx_word' id='word_1_333' title='bbox 366 4705 598 4761; x_wconf 90' lang='lat' dir='ltr'><strong>quorum</strong></span> <span class='ocrx_word' id='word_1_334' title='bbox 642 4695 792 4764; x_wconf 88' lang='lat' dir='ltr'><strong>prior</strong></span> <span class='ocrx_word' id='word_1_335' title='bbox 836 4699 905 4752; x_wconf 90' lang='lat' dir='ltr'><strong>ad</strong></span> <span class='ocrx_word' id='word_1_336' title='bbox 956 4698 1276 4765; x_wconf 88' lang='lat' dir='ltr'><strong>Lincoliam,</strong></span> <span class='ocrx_word' id='word_1_337' title='bbox 1335 4702 1613 4757; x_wconf 85' lang='lat' dir='ltr'><strong>secundus</strong></span> <span class='ocrx_word' id='word_1_338' title='bbox 1667 4703 1736 4757; x_wconf 90' lang='lat' dir='ltr'><strong>ad</strong></span> <span class='ocrx_word' id='word_1_339' title='bbox 1779 4705 1986 4773; x_wconf 79' lang='lat' dir='ltr'><strong>Butam,</strong></span> 
     </span>
    </p>
   </div>
   <div class='ocr_carea' id='block_1_52' title="bbox 367 4785 1989 4871">
    <p class='ocr_par' dir='ltr' id='par_1_52' title="bbox 367 4785 1989 4871">
     <span class='ocr_line' id='line_1_52' title="bbox 367 4785 1989 4871; baseline 0.011 -34"><span class='ocrx_word' id='word_1_340' title='bbox 367 4785 561 4840; x_wconf 87' lang='lat' dir='ltr'><strong>tertius</strong></span> <span class='ocrx_word' id='word_1_341' title='bbox 586 4788 655 4843; x_wconf 89' lang='lat' dir='ltr'><strong>ad</strong></span> <span class='ocrx_word' id='word_1_342' title='bbox 678 4788 920 4858; x_wconf 82' lang='lat' dir='ltr'><strong>Telford,</strong></span> <span class='ocrx_word' id='word_1_343' title='bbox 962 4793 1339 4850; x_wconf 84' lang='lat' dir='ltr'><strong>munificentia</strong></span> <span class='ocrx_word' id='word_1_344' title='bbox 1368 4797 1520 4870; x_wconf 90' lang='lat' dir='ltr'><strong>regis</strong></span> <span class='ocrx_word' id='word_1_345' title='bbox 1550 4803 1604 4851; x_wconf 91' lang='lat' dir='ltr'><strong>et</strong></span> <span class='ocrx_word' id='word_1_346' title='bbox 1632 4799 1989 4871; x_wconf 83' lang='lat' dir='ltr'><strong>suggestione</strong></span> 
     </span>
    </p>
   </div>
   <div class='ocr_carea' id='block_1_53' title="bbox 367 4878 1988 4961">
    <p class='ocr_par' dir='ltr' id='par_1_53' title="bbox 367 4878 1988 4961">
     <span class='ocr_line' id='line_1_53' title="bbox 367 4878 1988 4961; baseline 0.007 -28"><span class='ocrx_word' id='word_1_347' title='bbox 367 4878 653 4936; x_wconf 88' lang='lat' dir='ltr'><strong>Lanfranei</strong></span> <span class='ocrx_word' id='word_1_348' title='bbox 696 4892 888 4952; x_wconf 89' lang='lat' dir='ltr'><strong>postea</strong></span> <span class='ocrx_word' id='word_1_349' title='bbox 945 4887 1189 4941; x_wconf 84' lang='lat' dir='ltr'><strong>translati</strong></span> <span class='ocrx_word' id='word_1_350' title='bbox 1238 4898 1384 4944; x_wconf 89' lang='lat' dir='ltr'><strong>sunt.</strong></span> <span class='ocrx_word' id='word_1_351' title='bbox 1437 4888 1628 4956; x_wconf 82' lang='lat' dir='ltr'><strong>Elfato,</strong></span> <span class='ocrx_word' id='word_1_352' title='bbox 1672 4890 1766 4961; x_wconf 90' lang='lat' dir='ltr'><strong>qui</strong></span> <span class='ocrx_word' id='word_1_353' title='bbox 1808 4883 1988 4946; x_wconf 80' lang='lat' dir='ltr'><strong>fuerat</strong></span> 
     </span>
    </p>
   </div>
   <div class='ocr_carea' id='block_1_54' title="bbox 364 4972 1983 5051">
    <p class='ocr_par' dir='ltr' id='par_1_54' title="bbox 364 4972 1983 5051">
     <span class='ocr_line' id='line_1_54' title="bbox 364 4972 1983 5051; baseline 0.006 -24"><span class='ocrx_word' id='word_1_354' title='bbox 364 4972 683 5043; x_wconf 89' lang='lat' dir='ltr'><strong>capellanus</strong></span> <span class='ocrx_word' id='word_1_355' title='bbox 727 4974 992 5031; x_wconf 83' lang='lat' dir='ltr'><strong>Willermi</strong></span> <span class='ocrx_word' id='word_1_356' title='bbox 1034 4978 1198 5051; x_wconf 90' lang='lat' dir='ltr'><strong>regis,</strong></span> <span class='ocrx_word' id='word_1_357' title='bbox 1233 4979 1498 5034; x_wconf 88' lang='lat' dir='ltr'><strong>successit</strong></span> <span class='ocrx_word' id='word_1_358' title='bbox 1543 4980 1691 5050; x_wconf 89' lang='lat' dir='ltr'><strong>apud</strong></span> <span class='ocrx_word' id='word_1_359' title='bbox 1743 4980 1983 5037; x_wconf 90' lang='lat' dir='ltr'><strong>Teldfort</strong></span> 
     </span>
    </p>
   </div>
   <div class='ocr_carea' id='block_1_55' title="bbox 363 5061 1983 5140">
    <p class='ocr_par' dir='ltr' id='par_1_55' title="bbox 363 5061 1983 5140">
     <span class='ocr_line' id='line_1_55' title="bbox 363 5061 1983 5140; baseline 0.006 -22"><span class='ocrx_word' id='word_1_360' title='bbox 363 5061 679 5118; x_wconf 87' lang='lat' dir='ltr'><strong>Willermus</strong></span> <span class='ocrx_word' id='word_1_361' title='bbox 707 5064 774 5118; x_wconf 91' lang='lat' dir='ltr'><strong>de</strong></span> <span class='ocrx_word' id='word_1_362' title='bbox 815 5064 1026 5132; x_wconf 87' lang='lat' dir='ltr'><strong>Belfou,</strong></span> <span class='ocrx_word' id='word_1_363' title='bbox 1059 5066 1141 5121; x_wconf 92' lang='lat' dir='ltr'><strong>vir</strong></span> <span class='ocrx_word' id='word_1_364' title='bbox 1184 5083 1387 5140; x_wconf 88' lang='lat' dir='ltr'><strong>genere</strong></span> <span class='ocrx_word' id='word_1_365' title='bbox 1420 5068 1622 5123; x_wconf 89' lang='lat' dir='ltr'><strong>nobilis</strong></span> <span class='ocrx_word' id='word_1_366' title='bbox 1653 5077 1709 5124; x_wconf 89' lang='lat' dir='ltr'><strong>et</strong></span> <span class='ocrx_word' id='word_1_367' title='bbox 1762 5071 1983 5127; x_wconf 85' lang='lat' dir='ltr'><strong>cancel-</strong></span> 
     </span>
    </p>
   </div>
   <div class='ocr_carea' id='block_1_56' title="bbox 365 5149 1984 5228">
    <p class='ocr_par' dir='ltr' id='par_1_56' title="bbox 365 5149 1984 5228">
     <span class='ocr_line' id='line_1_56' title="bbox 365 5149 1984 5228; baseline 0.008 -24"><span class='ocrx_word' id='word_1_368' title='bbox 365 5149 536 5207; x_wconf 43' lang='lat' dir='ltr'><strong>l’arius</strong></span> <span class='ocrx_word' id='word_1_369' title='bbox 563 5153 813 5222; x_wconf 88' lang='lat' dir='ltr'><strong>ejusdem</strong></span> <span class='ocrx_word' id='word_1_370' title='bbox 832 5153 977 5228; x_wconf 87' lang='lat' dir='ltr'><strong>regis</strong></span> <span class='ocrx_word' id='word_1_371' title='bbox 1029 5154 1144 5218; x_wconf 84' lang='lat' dir='ltr'><strong>Quo</strong></span> <span class='ocrx_word' id='word_1_372' title='bbox 1173 5155 1229 5209; x_wconf 91' lang='lat' dir='ltr'><strong>in</strong></span> <span class='ocrx_word' id='word_1_373' title='bbox 1254 5156 1406 5212; x_wconf 87' lang='lat' dir='ltr'><strong>brevi</strong></span> <span class='ocrx_word' id='word_1_374' title='bbox 1436 5156 1698 5214; x_wconf 87' lang='lat' dir='ltr'><strong>defuncto</strong></span> <span class='ocrx_word' id='word_1_375' title='bbox 1719 5161 1984 5216; x_wconf 89' lang='lat' dir='ltr'><strong>successit</strong></span> 
     </span>
    </p>
   </div>
   <div class='ocr_carea' id='block_1_57' title="bbox 367 5238 1984 5321">
    <p class='ocr_par' dir='ltr' id='par_1_57' title="bbox 367 5238 1984 5321">
     <span class='ocr_line' id='line_1_57' title="bbox 367 5238 1984 5321; baseline 0.008 -29"><span class='ocrx_word' id='word_1_376' title='bbox 367 5238 417 5292; x_wconf 92' lang='lat' dir='ltr'><strong>ei</strong></span> <span class='ocrx_word' id='word_1_377' title='bbox 446 5241 593 5298; x_wconf 91' lang='lat' dir='ltr'><strong>dono</strong></span> <span class='ocrx_word' id='word_1_378' title='bbox 620 5241 890 5298; x_wconf 88' lang='lat' dir='ltr'><strong>Willermi</strong></span> <span class='ocrx_word' id='word_1_379' title='bbox 924 5243 1163 5311; x_wconf 91' lang='lat' dir='ltr'><strong>junioris</strong></span> <span class='ocrx_word' id='word_1_380' title='bbox 1205 5243 1520 5313; x_wconf 89' lang='lat' dir='ltr'><strong>Herbertus,</strong></span> <span class='ocrx_word' id='word_1_381' title='bbox 1567 5247 1649 5303; x_wconf 86' lang='lat' dir='ltr'><strong>vir</strong></span> <span class='ocrx_word' id='word_1_382' title='bbox 1697 5250 1984 5321; x_wconf 83' lang='lat' dir='ltr'><strong>magnani-</strong></span> 
     </span>
    </p>
   </div>
   <div class='ocr_carea' id='block_1_58' title="bbox 1606 209 2503 270">
    <p class='ocr_par' dir='ltr' id='par_1_58' title="bbox 1606 209 2503 270">
     <span class='ocr_line' id='line_1_58' title="bbox 1606 209 2503 270; baseline -0.007 -1"><span class='ocrx_word' id='word_1_383' title='bbox 1606 214 1945 270; x_wconf 80' lang='lat' dir='ltr'><strong>SIGEBERTI</strong></span> <span class='ocrx_word' id='word_1_384' title='bbox 1989 209 2503 269; x_wconf 82' lang='lat' dir='ltr'><strong>GEMBLACENSIS.</strong></span> 
     </span>
    </p>
   </div>
   <div class='ocr_carea' id='block_1_59' title="bbox 2014 330 3753 411">
    <p class='ocr_par' dir='ltr' id='par_1_59' title="bbox 2014 330 3753 411">
     <span class='ocr_line' id='line_1_59' title="bbox 2014 330 3753 411; baseline -0.005 -17"><span class='ocrx_word' id='word_1_385' title='bbox 2014 343 2069 411; x_wconf 83' lang='grc' dir='ltr'>Α</span> <span class='ocrx_word' id='word_1_386' title='bbox 2095 353 2217 393; x_wconf 91' lang='lat' dir='ltr'><strong>mus</strong></span> <span class='ocrx_word' id='word_1_387' title='bbox 2239 342 2294 392; x_wconf 91' lang='lat' dir='ltr'><strong>et</strong></span> <span class='ocrx_word' id='word_1_388' title='bbox 2314 335 2612 392; x_wconf 89' lang='lat' dir='ltr'><strong>admodum</strong></span> <span class='ocrx_word' id='word_1_389' title='bbox 2650 335 2920 391; x_wconf 89' lang='lat' dir='ltr'><strong>litteratus</strong></span> <span class='ocrx_word' id='word_1_390' title='bbox 3000 332 3096 387; x_wconf 84' lang='lat' dir='ltr'><strong>Hie</strong></span> <span class='ocrx_word' id='word_1_391' title='bbox 3134 332 3442 388; x_wconf 87' lang='lat' dir='ltr'><strong>monachus</strong></span> <span class='ocrx_word' id='word_1_392' title='bbox 3477 336 3533 386; x_wconf 91' lang='lat' dir='ltr'><strong>et</strong></span> <span class='ocrx_word' id='word_1_393' title='bbox 3566 330 3753 401; x_wconf 77' lang='lat' dir='ltr'><strong>prior</strong></span> 
     </span>
    </p>
   </div>
   <div class='ocr_carea' id='block_1_60' title="bbox 3627 203 3756 260">
    <p class='ocr_par' dir='ltr' id='par_1_60' title="bbox 3627 203 3756 260">
     <span class='ocr_line' id='line_1_60' title="bbox 3627 203 3756 260; baseline 0 0"><span class='ocrx_word' id='word_1_394' title='bbox 3627 203 3756 260; x_wconf 68' lang='lat'><strong>448</strong></span> 
     </span>
    </p>
   </div>
   <div class='ocr_carea' id='block_1_61' title="bbox 2094 422 3750 497">
    <p class='ocr_par' dir='ltr' id='par_1_61' title="bbox 2094 422 3750 497">
     <span class='ocr_line' id='line_1_61' title="bbox 2094 422 3750 497; baseline -0.005 -12"><span class='ocrx_word' id='word_1_395' title='bbox 2094 430 2197 486; x_wconf 84' lang='lat' dir='ltr'><strong>fuit</strong></span> <span class='ocrx_word' id='word_1_396' title='bbox 2232 427 2644 493; x_wconf 87' lang='lat' dir='ltr'><strong>Fiscannensis;</strong></span> <span class='ocrx_word' id='word_1_397' title='bbox 2678 434 2734 481; x_wconf 92' lang='lat' dir='ltr'><strong>et</strong></span> <span class='ocrx_word' id='word_1_398' title='bbox 2774 432 2898 497; x_wconf 92' lang='lat' dir='ltr'><strong>post</strong></span> <span class='ocrx_word' id='word_1_399' title='bbox 2926 433 3140 496; x_wconf 89' lang='lat' dir='ltr'><strong>patrem</strong></span> <span class='ocrx_word' id='word_1_400' title='bbox 3184 439 3344 479; x_wconf 90' lang='lat' dir='ltr'><strong>suum</strong></span> <span class='ocrx_word' id='word_1_401' title='bbox 3390 422 3569 478; x_wconf 82' lang='lat' dir='ltr'><strong>abbas</strong></span> <span class='ocrx_word' id='word_1_402' title='bbox 3623 422 3750 485; x_wconf 49' lang='lat' dir='ltr'><strong>Bas</strong></span> 
     </span>
    </p>
   </div>
   <div class='ocr_carea' id='block_1_62' title="bbox 2092 511 3748 586">
    <p class='ocr_par' dir='ltr' id='par_1_62' title="bbox 2092 511 3748 586">
     <span class='ocr_line' id='line_1_62' title="bbox 2092 511 3748 586; baseline -0.006 -10"><span class='ocrx_word' id='word_1_403' title='bbox 2092 519 2402 585; x_wconf 86' lang='lat' dir='ltr'><strong>mesiensis,</strong></span> <span class='ocrx_word' id='word_1_404' title='bbox 2445 519 2515 573; x_wconf 90' lang='lat' dir='ltr'><strong>ad</strong></span> <span class='ocrx_word' id='word_1_405' title='bbox 2551 517 2805 573; x_wconf 88' lang='lat' dir='ltr'><strong>ultimum</strong></span> <span class='ocrx_word' id='word_1_406' title='bbox 2845 531 2975 572; x_wconf 91' lang='lat' dir='ltr'><strong>vero</strong></span> <span class='ocrx_word' id='word_1_407' title='bbox 3036 515 3335 586; x_wconf 82' lang='lat' dir='ltr'><strong>episcopus</strong></span> <span class='ocrx_word' id='word_1_408' title='bbox 3369 511 3748 569; x_wconf 84' lang='lat' dir='ltr'><strong>Tedforden-</strong></span> 
     </span>
    </p>
   </div>
   <div class='ocr_carea' id='block_1_63' title="bbox 2091 605 3745 681">
    <p class='ocr_par' dir='ltr' id='par_1_63' title="bbox 2091 605 3745 681">
     <span class='ocr_line' id='line_1_63' title="bbox 2091 605 3745 681; baseline -0.006 -13"><span class='ocrx_word' id='word_1_409' title='bbox 2091 614 2187 668; x_wconf 85' lang='lat' dir='ltr'><strong>sis.</strong></span> <span class='ocrx_word' id='word_1_410' title='bbox 2230 613 2326 667; x_wconf 91' lang='lat' dir='ltr'><strong>Hic</strong></span> <span class='ocrx_word' id='word_1_411' title='bbox 2365 612 2514 681; x_wconf 63' lang='lat' dir='ltr'><strong>emit:</strong></span> <span class='ocrx_word' id='word_1_412' title='bbox 2538 610 2707 664; x_wconf 88' lang='lat' dir='ltr'><strong>multa</strong></span> <span class='ocrx_word' id='word_1_413' title='bbox 2735 608 2972 680; x_wconf 90' lang='lat' dir='ltr'><strong>pecunia</strong></span> <span class='ocrx_word' id='word_1_414' title='bbox 3028 612 3543 681; x_wconf 16' lang='lat' dir='ltr'><strong>magnamipartem</strong></span> <span class='ocrx_word' id='word_1_415' title='bbox 3584 605 3745 660; x_wconf 76' lang='lat' dir='ltr'><strong>villa</strong></span> 
     </span>
    </p>
   </div>
   <div class='ocr_carea' id='block_1_64' title="bbox 2084 692 3738 767">
    <p class='ocr_par' dir='ltr' id='par_1_64' title="bbox 2084 692 3738 767">
     <span class='ocr_line' id='line_1_64' title="bbox 2084 692 3738 767; baseline -0.006 -10"><span class='ocrx_word' id='word_1_416' title='bbox 2084 700 2478 767; x_wconf 80' lang='lat' dir='ltr'><strong>Norwicensis,</strong></span> <span class='ocrx_word' id='word_1_417' title='bbox 2504 707 2559 753; x_wconf 91' lang='lat' dir='ltr'><strong>et</strong></span> <span class='ocrx_word' id='word_1_418' title='bbox 2587 696 2789 752; x_wconf 80' lang='lat' dir='ltr'><strong>evulsis</strong></span> <span class='ocrx_word' id='word_1_419' title='bbox 2820 696 3078 751; x_wconf 90' lang='lat' dir='ltr'><strong>domibus</strong></span> <span class='ocrx_word' id='word_1_420' title='bbox 3107 702 3162 750; x_wconf 92' lang='lat' dir='ltr'><strong>et</strong></span> <span class='ocrx_word' id='word_1_421' title='bbox 3190 694 3312 749; x_wconf 88' lang='lat' dir='ltr'><strong>loco</strong></span> <span class='ocrx_word' id='word_1_422' title='bbox 3357 692 3738 763; x_wconf 78' lang='lat' dir='ltr'><strong>complanato</strong></span> 
     </span>
    </p>
   </div>
   <div class='ocr_carea' id='block_1_65' title="bbox 2091 782 3739 861">
    <p class='ocr_par' dir='ltr' id='par_1_65' title="bbox 2091 782 3739 861">
     <span class='ocr_line' id='line_1_65' title="bbox 2091 782 3739 861; baseline -0.006 -12"><span class='ocrx_word' id='word_1_423' title='bbox 2091 794 2146 849; x_wconf 90' lang='lat' dir='ltr'><strong>in</strong></span> <span class='ocrx_word' id='word_1_424' title='bbox 2173 792 2470 848; x_wconf 89' lang='lat' dir='ltr'><strong>maximum</strong></span> <span class='ocrx_word' id='word_1_425' title='bbox 2511 790 2770 861; x_wconf 90' lang='lat' dir='ltr'><strong>spatium,</strong></span> <span class='ocrx_word' id='word_1_426' title='bbox 2806 788 2862 844; x_wconf 93' lang='lat' dir='ltr'><strong>in</strong></span> <span class='ocrx_word' id='word_1_427' title='bbox 2891 787 3102 859; x_wconf 91' lang='lat' dir='ltr'><strong>optimo</strong></span> <span class='ocrx_word' id='word_1_428' title='bbox 3144 787 3266 842; x_wconf 92' lang='lat' dir='ltr'><strong>loco</strong></span> <span class='ocrx_word' id='word_1_429' title='bbox 3305 800 3476 856; x_wconf 89' lang='lat' dir='ltr'><strong>super</strong></span> <span class='ocrx_word' id='word_1_430' title='bbox 3531 782 3739 839; x_wconf 86' lang='lat' dir='ltr'><strong>Gerne</strong></span> 
     </span>
    </p>
   </div>
   <div class='ocr_carea' id='block_1_66' title="bbox 2096 875 3735 953">
    <p class='ocr_par' dir='ltr' id='par_1_66' title="bbox 2096 875 3735 953">
     <span class='ocr_line' id='line_1_66' title="bbox 2096 875 3735 953; baseline -0.007 -13"><span class='ocrx_word' id='word_1_431' title='bbox 2096 884 2323 940; x_wconf 87' lang='lat' dir='ltr'><strong>ﬂuvium</strong></span> <span class='ocrx_word' id='word_1_432' title='bbox 2344 881 2693 953; x_wconf 85' lang='lat' dir='ltr'><strong>perpulcram</strong></span> <span class='ocrx_word' id='word_1_433' title='bbox 2714 879 3006 935; x_wconf 88' lang='lat' dir='ltr'><strong>ecclesiam</strong></span> <span class='ocrx_word' id='word_1_434' title='bbox 3036 877 3093 931; x_wconf 91' lang='lat' dir='ltr'><strong>in</strong></span> <span class='ocrx_word' id='word_1_435' title='bbox 3113 875 3476 931; x_wconf 88' lang='lat' dir='ltr'><strong>veneratione</strong></span> <span class='ocrx_word' id='word_1_436' title='bbox 3491 889 3735 929; x_wconf 86' lang='lat' dir='ltr'><strong>summe</strong></span> 
     </span>
    </p>
   </div>
   <div class='ocr_carea' id='block_1_67' title="bbox 2095 963 3744 1035">
    <p class='ocr_par' dir='ltr' id='par_1_67' title="bbox 2095 963 3744 1035">
     <span class='ocr_line' id='line_1_67' title="bbox 2095 963 3744 1035; baseline -0.006 -8"><span class='ocrx_word' id='word_1_437' title='bbox 2095 972 2378 1028; x_wconf 86' lang='lat' dir='ltr'><strong>Trinitatis</strong></span> <span class='ocrx_word' id='word_1_438' title='bbox 2438 971 2508 1025; x_wconf 91' lang='lat' dir='ltr'><strong>ad</strong></span> <span class='ocrx_word' id='word_1_439' title='bbox 2567 969 2887 1025; x_wconf 89' lang='lat' dir='ltr'><strong>memoriam</strong></span> <span class='ocrx_word' id='word_1_440' title='bbox 2950 967 3122 1032; x_wconf 90' lang='lat' dir='ltr'><strong>illius,</strong></span> <span class='ocrx_word' id='word_1_441' title='bbox 3190 965 3349 1035; x_wconf 87' lang='lat' dir='ltr'><strong>cujus</strong></span> <span class='ocrx_word' id='word_1_442' title='bbox 3407 963 3744 1019; x_wconf 86' lang='lat' dir='ltr'><strong>monachus</strong></span> 
     </span>
    </p>
   </div>
   <div class='ocr_carea' id='block_1_68' title="bbox 2091 1052 3743 1129">
    <p class='ocr_par' dir='ltr' id='par_1_68' title="bbox 2091 1052 3743 1129">
     <span class='ocr_line' id='line_1_68' title="bbox 2091 1052 3743 1129; baseline -0.007 -12"><span class='ocrx_word' id='word_1_443' title='bbox 2091 1062 2364 1129; x_wconf 83' lang='lat' dir='ltr'><strong>extiterat,</strong></span> <span class='ocrx_word' id='word_1_444' title='bbox 2434 1057 2740 1123; x_wconf 80' lang='lat' dir='ltr'><strong>edificavit;</strong></span> <span class='ocrx_word' id='word_1_445' title='bbox 2800 1055 3001 1112; x_wconf 88' lang='lat' dir='ltr'><strong>additis</strong></span> <span class='ocrx_word' id='word_1_446' title='bbox 3053 1054 3219 1110; x_wconf 89' lang='lat' dir='ltr'><strong>etiam</strong></span> <span class='ocrx_word' id='word_1_447' title='bbox 3293 1052 3535 1109; x_wconf 83' lang='lat' dir='ltr'><strong>ofﬁcinis</strong></span> <span class='ocrx_word' id='word_1_448' title='bbox 3593 1068 3743 1123; x_wconf 83' lang='lat' dir='ltr'><strong>per-</strong></span> 
     </span>
    </p>
   </div>
   <div class='ocr_carea' id='block_1_69' title="bbox 2092 1144 3739 1228">
    <p class='ocr_par' dir='ltr' id='par_1_69' title="bbox 2092 1144 3739 1228">
     <span class='ocr_line' id='line_1_69' title="bbox 2092 1144 3739 1228; baseline -0.007 -19"><span class='ocrx_word' id='word_1_449' title='bbox 2092 1154 2396 1228; x_wconf 87' lang='lat' dir='ltr'><strong>grandibus</strong></span> <span class='ocrx_word' id='word_1_450' title='bbox 2434 1151 2502 1207; x_wconf 90' lang='lat' dir='ltr'><strong>ad</strong></span> <span class='ocrx_word' id='word_1_451' title='bbox 2543 1166 2685 1221; x_wconf 93' lang='lat' dir='ltr'><strong>opus</strong></span> <span class='ocrx_word' id='word_1_452' title='bbox 2732 1148 3128 1204; x_wconf 88' lang='lat' dir='ltr'><strong>monachorum</strong></span> <span class='ocrx_word' id='word_1_453' title='bbox 3181 1144 3533 1211; x_wconf 87' lang='lat' dir='ltr'><strong>necessariis,</strong></span> <span class='ocrx_word' id='word_1_454' title='bbox 3574 1158 3739 1215; x_wconf 81' lang='lat' dir='ltr'><strong>quos</strong></span> 
     </span>
    </p>
   </div>
   <div class='ocr_carea' id='block_1_70' title="bbox 2094 1235 3734 1316">
    <p class='ocr_par' dir='ltr' id='par_1_70' title="bbox 2094 1235 3734 1316">
     <span class='ocr_line' id='line_1_70' title="bbox 2094 1235 3734 1316; baseline -0.008 -14"><span class='ocrx_word' id='word_1_455' title='bbox 2094 1256 2149 1302; x_wconf 91' lang='lat' dir='ltr'><strong>et</strong></span> <span class='ocrx_word' id='word_1_456' title='bbox 2166 1246 2242 1301; x_wconf 90' lang='lat' dir='ltr'><strong>ibi</strong></span> <span class='ocrx_word' id='word_1_457' title='bbox 2264 1244 2445 1316; x_wconf 84' lang='lat' dir='ltr'><strong>posuit</strong></span> <span class='ocrx_word' id='word_1_458' title='bbox 2461 1243 2528 1297; x_wconf 88' lang='lat' dir='ltr'><strong>ad</strong></span> <span class='ocrx_word' id='word_1_459' title='bbox 2551 1241 2904 1298; x_wconf 90' lang='lat' dir='ltr'><strong>serviendum</strong></span> <span class='ocrx_word' id='word_1_460' title='bbox 2937 1241 3050 1294; x_wconf 89' lang='lat' dir='ltr'><strong>Deo</strong></span> <span class='ocrx_word' id='word_1_461' title='bbox 3080 1238 3134 1292; x_wconf 88' lang='lat' dir='ltr'><strong>in</strong></span> <span class='ocrx_word' id='word_1_462' title='bbox 3156 1237 3248 1291; x_wconf 92' lang='lat' dir='ltr'><strong>illa</strong></span> <span class='ocrx_word' id='word_1_463' title='bbox 3271 1235 3526 1300; x_wconf 89' lang='lat' dir='ltr'><strong>ecclesia,</strong></span> <span class='ocrx_word' id='word_1_464' title='bbox 3548 1251 3734 1306; x_wconf 86' lang='lat' dir='ltr'><strong>quam</strong></span> 
     </span>
    </p>
   </div>
   <div class='ocr_carea' id='block_1_71' title="bbox 2091 1324 3734 1399">
    <p class='ocr_par' dir='ltr' id='par_1_71' title="bbox 2091 1324 3734 1399">
     <span class='ocr_line' id='line_1_71' title="bbox 2091 1324 3734 1399; baseline -0.007 -9"><span class='ocrx_word' id='word_1_465' title='bbox 2091 1334 2374 1390; x_wconf 90' lang='lat' dir='ltr'><strong>constituit</strong></span> <span class='ocrx_word' id='word_1_466' title='bbox 2411 1332 2693 1386; x_wconf 90' lang='lat' dir='ltr'><strong>matricem</strong></span> <span class='ocrx_word' id='word_1_467' title='bbox 2733 1337 2788 1384; x_wconf 91' lang='lat' dir='ltr'><strong>et</strong></span> <span class='ocrx_word' id='word_1_468' title='bbox 2828 1328 3190 1399; x_wconf 88' lang='lat' dir='ltr'><strong>principalem</strong></span> <span class='ocrx_word' id='word_1_469' title='bbox 3246 1325 3437 1381; x_wconf 87' lang='lat' dir='ltr'><strong>sedem</strong></span> <span class='ocrx_word' id='word_1_470' title='bbox 3468 1324 3734 1379; x_wconf 86' lang='lat' dir='ltr'><strong>Nortful-</strong></span> 
     </span>
    </p>
   </div>
   <div class='ocr_carea' id='block_1_72' title="bbox 2090 1414 3731 1494">
    <p class='ocr_par' dir='ltr' id='par_1_72' title="bbox 2090 1414 3731 1494">
     <span class='ocr_line' id='line_1_72' title="bbox 2090 1414 3731 1494; baseline -0.007 -15"><span class='ocrx_word' id='word_1_471' title='bbox 2090 1425 2213 1479; x_wconf 90' lang='lat' dir='ltr'><strong>cani</strong></span> <span class='ocrx_word' id='word_1_472' title='bbox 2242 1424 2609 1494; x_wconf 83' lang='lat' dir='ltr'><strong>episeOpatus.</strong></span> <span class='ocrx_word' id='word_1_473' title='bbox 2670 1421 2838 1489; x_wconf 72' lang='lat' dir='ltr'><strong>{Huxr</strong></span> <span class='ocrx_word' id='word_1_474' title='bbox 2907 1420 3024 1489; x_wconf 87' lang='lat' dir='ltr'><strong>vn.)</strong></span> <span class='ocrx_word' id='word_1_475' title='bbox 3058 1417 3205 1471; x_wconf 88' lang='lat' dir='ltr'><strong>Fecit</strong></span> <span class='ocrx_word' id='word_1_476' title='bbox 3235 1415 3399 1470; x_wconf 89' lang='lat' dir='ltr'><strong>etiam</strong></span> <span class='ocrx_word' id='word_1_477' title='bbox 3434 1430 3527 1469; x_wconf 88' lang='lat' dir='ltr'><strong>rex</strong></span> <span class='ocrx_word' id='word_1_478' title='bbox 3560 1414 3731 1468; x_wconf 85' lang='lat' dir='ltr'><strong>Hen-</strong></span> 
     </span>
    </p>
   </div>
   <div class='ocr_carea' id='block_1_73' title="bbox 2092 1502 3721 1581">
    <p class='ocr_par' dir='ltr' id='par_1_73' title="bbox 2092 1502 3721 1581">
     <span class='ocr_line' id='line_1_73' title="bbox 2092 1502 3721 1581; baseline -0.007 -13"><span class='ocrx_word' id='word_1_479' title='bbox 2092 1515 2237 1569; x_wconf 91' lang='lat' dir='ltr'><strong>ricus</strong></span> <span class='ocrx_word' id='word_1_480' title='bbox 2270 1529 2468 1569; x_wconf 88' lang='lat' dir='ltr'><strong>novum</strong></span> <span class='ocrx_word' id='word_1_481' title='bbox 2521 1510 2900 1581; x_wconf 84' lang='lat' dir='ltr'><strong>episcOpatum</strong></span> <span class='ocrx_word' id='word_1_482' title='bbox 2940 1506 3086 1578; x_wconf 89' lang='lat' dir='ltr'><strong>apud</strong></span> <span class='ocrx_word' id='word_1_483' title='bbox 3121 1503 3343 1567; x_wconf 86' lang='lat' dir='ltr'><strong>Carluil,</strong></span> <span class='ocrx_word' id='word_1_484' title='bbox 3392 1504 3451 1557; x_wconf 90' lang='lat' dir='ltr'><strong>in</strong></span> <span class='ocrx_word' id='word_1_485' title='bbox 3499 1502 3721 1557; x_wconf 84' lang='lat' dir='ltr'><strong>ﬁnibus</strong></span> 
     </span>
    </p>
   </div>
   <div class='ocr_carea' id='block_1_74' title="bbox 2087 1596 3719 1680">
    <p class='ocr_par' dir='ltr' id='par_1_74' title="bbox 2087 1596 3719 1680">
     <span class='ocr_line' id='line_1_74' title="bbox 2087 1596 3719 1680; baseline -0.007 -20"><span class='ocrx_word' id='word_1_486' title='bbox 2087 1606 2281 1680; x_wconf 78' lang='lat' dir='ltr'><strong>Anglia</strong></span> <span class='ocrx_word' id='word_1_487' title='bbox 2312 1612 2366 1660; x_wconf 90' lang='lat' dir='ltr'><strong>et</strong></span> <span class='ocrx_word' id='word_1_488' title='bbox 2408 1604 2621 1669; x_wconf 89' lang='lat' dir='ltr'><strong>Seotie,</strong></span> <span class='ocrx_word' id='word_1_489' title='bbox 2661 1611 2716 1657; x_wconf 90' lang='lat' dir='ltr'><strong>et</strong></span> <span class='ocrx_word' id='word_1_490' title='bbox 2764 1600 2948 1671; x_wconf 88' lang='lat' dir='ltr'><strong>posuit</strong></span> <span class='ocrx_word' id='word_1_491' title='bbox 2978 1599 3055 1653; x_wconf 88' lang='lat' dir='ltr'><strong>ibi</strong></span> <span class='ocrx_word' id='word_1_492' title='bbox 3089 1598 3411 1668; x_wconf 89' lang='lat' dir='ltr'><strong>episcopum</strong></span> <span class='ocrx_word' id='word_1_493' title='bbox 3463 1596 3719 1666; x_wconf 91' lang='lat' dir='ltr'><strong>primum</strong></span> 
     </span>
    </p>
   </div>
   <div class='ocr_carea' id='block_1_75' title="bbox 2088 1684 3727 1763">
    <p class='ocr_par' dir='ltr' id='par_1_75' title="bbox 2088 1684 3727 1763">
     <span class='ocr_line' id='line_1_75' title="bbox 2088 1684 3727 1763; baseline -0.007 -14"><span class='ocrx_word' id='word_1_494' title='bbox 2088 1694 2399 1750; x_wconf 83' lang='lat' dir='ltr'><strong>Adalulfum</strong></span> <span class='ocrx_word' id='word_1_495' title='bbox 2452 1693 2693 1763; x_wconf 87' lang='lat' dir='ltr'><strong>priorem</strong></span> <span class='ocrx_word' id='word_1_496' title='bbox 2725 1689 3118 1744; x_wconf 89' lang='lat' dir='ltr'><strong>canonicorum</strong></span> <span class='ocrx_word' id='word_1_497' title='bbox 3157 1684 3497 1760; x_wconf 88' lang='lat' dir='ltr'><strong>regularium</strong></span> <span class='ocrx_word' id='word_1_498' title='bbox 3534 1684 3727 1739; x_wconf 89' lang='lat' dir='ltr'><strong>sancti</strong></span> 
     </span>
    </p>
   </div>
   <div class='ocr_carea' id='block_1_76' title="bbox 2090 1776 3730 1849">
    <p class='ocr_par' dir='ltr' id='par_1_76' title="bbox 2090 1776 3730 1849">
     <span class='ocr_line' id='line_1_76' title="bbox 2090 1776 3730 1849; baseline -0.008 -7"><span class='ocrx_word' id='word_1_499' title='bbox 2090 1787 2341 1847; x_wconf 87' lang='lat' dir='ltr'><strong>Oswaldi,</strong></span> <span class='ocrx_word' id='word_1_500' title='bbox 2374 1786 2462 1841; x_wconf 90' lang='lat' dir='ltr'><strong>eui</strong></span> <span class='ocrx_word' id='word_1_501' title='bbox 2502 1784 2696 1839; x_wconf 86' lang='lat' dir='ltr'><strong>solitus</strong></span> <span class='ocrx_word' id='word_1_502' title='bbox 2732 1789 2849 1837; x_wconf 86' lang='lat' dir='ltr'><strong>erat</strong></span> <span class='ocrx_word' id='word_1_503' title='bbox 2896 1778 3146 1836; x_wconf 84' lang='lat' dir='ltr'><strong>confiteri</strong></span> <span class='ocrx_word' id='word_1_504' title='bbox 3189 1786 3413 1849; x_wconf 88' lang='lat' dir='ltr'><strong>peccata</strong></span> <span class='ocrx_word' id='word_1_505' title='bbox 3461 1792 3583 1831; x_wconf 89' lang='lat' dir='ltr'><strong>sua.</strong></span> <span class='ocrx_word' id='word_1_506' title='bbox 3626 1776 3730 1830; x_wconf 82' lang='lat' dir='ltr'><strong>llic</strong></span> 
     </span>
    </p>
   </div>
   <div class='ocr_carea' id='block_1_77' title="bbox 2090 1868 3728 1951">
    <p class='ocr_par' dir='ltr' id='par_1_77' title="bbox 2090 1868 3728 1951">
     <span class='ocr_line' id='line_1_77' title="bbox 2090 1868 3728 1951; baseline -0.009 -14"><span class='ocrx_word' id='word_1_507' title='bbox 2090 1889 2275 1937; x_wconf 88' lang='lat' dir='ltr'><strong>autem</strong></span> <span class='ocrx_word' id='word_1_508' title='bbox 2325 1880 2623 1951; x_wconf 86' lang='lat' dir='ltr'><strong>episcOpus</strong></span> <span class='ocrx_word' id='word_1_509' title='bbox 2652 1875 2949 1932; x_wconf 88' lang='lat' dir='ltr'><strong>canonicos</strong></span> <span class='ocrx_word' id='word_1_510' title='bbox 2986 1872 3269 1947; x_wconf 80' lang='lat' dir='ltr'><strong>regulares</strong></span> <span class='ocrx_word' id='word_1_511' title='bbox 3298 1869 3480 1941; x_wconf 89' lang='lat' dir='ltr'><strong>posuit</strong></span> <span class='ocrx_word' id='word_1_512' title='bbox 3510 1868 3569 1923; x_wconf 90' lang='lat' dir='ltr'><strong>in</strong></span> <span class='ocrx_word' id='word_1_513' title='bbox 3625 1884 3728 1923; x_wconf 87' lang='lat' dir='ltr'><strong>ec-</strong></span> 
     </span>
    </p>
   </div>
   <div class='ocr_carea' id='block_1_78' title="bbox 2091 1957 3724 2036">
    <p class='ocr_par' dir='ltr' id='par_1_78' title="bbox 2091 1957 3724 2036">
     <span class='ocr_line' id='line_1_78' title="bbox 2091 1957 3724 2036; baseline -0.008 -11"><span class='ocrx_word' id='word_1_514' title='bbox 2091 1971 2264 2025; x_wconf 88' lang='lat' dir='ltr'><strong>clesia</strong></span> <span class='ocrx_word' id='word_1_515' title='bbox 2295 1970 2444 2024; x_wconf 88' lang='lat' dir='ltr'><strong>sedis</strong></span> <span class='ocrx_word' id='word_1_516' title='bbox 2481 1983 2601 2023; x_wconf 91' lang='lat' dir='ltr'><strong>sue.</strong></span> <span class='ocrx_word' id='word_1_517' title='bbox 2635 1968 2724 2036; x_wconf 80' lang='lat' dir='ltr'><strong>(A.</strong></span> <span class='ocrx_word' id='word_1_518' title='bbox 2772 1964 2955 2030; x_wconf 79' lang='lat' dir='ltr'><strong>Roth.)</strong></span> <span class='ocrx_word' id='word_1_519' title='bbox 2992 1962 3188 2016; x_wconf 86' lang='lat' dir='ltr'><strong>Passus</strong></span> <span class='ocrx_word' id='word_1_520' title='bbox 3231 1966 3315 2013; x_wconf 89' lang='lat' dir='ltr'><strong>est</strong></span> <span class='ocrx_word' id='word_1_521' title='bbox 3341 1958 3421 2014; x_wconf 89' lang='lat' dir='ltr'><strong>sol</strong></span> <span class='ocrx_word' id='word_1_522' title='bbox 3462 1957 3724 2029; x_wconf 89' lang='lat' dir='ltr'><strong>eclipsim</strong></span> 
     </span>
    </p>
   </div>
   <div class='ocr_carea' id='block_1_79' title="bbox 2093 2046 3724 2129">
    <p class='ocr_par' dir='ltr' id='par_1_79' title="bbox 2093 2046 3724 2129">
     <span class='ocr_line' id='line_1_79' title="bbox 2093 2046 3724 2129; baseline -0.008 -16"><span class='ocrx_word' id='word_1_523' title='bbox 2093 2061 2145 2114; x_wconf 75' lang='grc'><strong>4.</strong></span> <span class='ocrx_word' id='word_1_524' title='bbox 2180 2059 2320 2113; x_wconf 88' lang='lat' dir='ltr'><strong>Non.</strong></span> <span class='ocrx_word' id='word_1_525' title='bbox 2353 2059 2485 2129; x_wconf 86' lang='lat' dir='ltr'><strong>Aug.</strong></span> <span class='ocrx_word' id='word_1_526' title='bbox 2522 2054 2722 2110; x_wconf 87' lang='lat' dir='ltr'><strong>Eodem</strong></span> <span class='ocrx_word' id='word_1_527' title='bbox 2754 2052 2845 2106; x_wconf 92' lang='lat' dir='ltr'><strong>die</strong></span> <span class='ocrx_word' id='word_1_528' title='bbox 2886 2066 2982 2104; x_wconf 87' lang='lat' dir='ltr'><strong>rex</strong></span> <span class='ocrx_word' id='word_1_529' title='bbox 3024 2049 3286 2103; x_wconf 86' lang='lat' dir='ltr'><strong>Henricus</strong></span> <span class='ocrx_word' id='word_1_530' title='bbox 3340 2046 3724 2102; x_wconf 86' lang='lat' dir='ltr'><strong>transfretavit</strong></span> 
     </span>
    </p>
   </div>
   <div class='ocr_carea' id='block_1_80' title="bbox 2095 2138 3721 2212">
    <p class='ocr_par' dir='ltr' id='par_1_80' title="bbox 2095 2138 3721 2212">
     <span class='ocr_line' id='line_1_80' title="bbox 2095 2138 3721 2212; baseline -0.009 -8"><span class='ocrx_word' id='word_1_531' title='bbox 2095 2150 2151 2204; x_wconf 90' lang='lat' dir='ltr'><strong>in</strong></span> <span class='ocrx_word' id='word_1_532' title='bbox 2197 2148 2566 2212; x_wconf 85' lang='lat' dir='ltr'><strong>Normaniam,</strong></span> <span class='ocrx_word' id='word_1_533' title='bbox 2593 2160 2704 2201; x_wconf 91' lang='lat' dir='ltr'><strong>non</strong></span> <span class='ocrx_word' id='word_1_534' title='bbox 2760 2143 3070 2207; x_wconf 89' lang='lat' dir='ltr'><strong>rediturus;</strong></span> <span class='ocrx_word' id='word_1_535' title='bbox 3104 2138 3291 2194; x_wconf 91' lang='lat' dir='ltr'><strong>multis</strong></span> <span class='ocrx_word' id='word_1_536' title='bbox 3346 2139 3450 2194; x_wconf 90' lang='lat' dir='ltr'><strong>hoc</strong></span> <span class='ocrx_word' id='word_1_537' title='bbox 3484 2148 3721 2208; x_wconf 87' lang='lat' dir='ltr'><strong>propter</strong></span> 
     </span>
    </p>
   </div>
   <div class='ocr_carea' id='block_1_81' title="bbox 2093 2228 3723 2315">
    <p class='ocr_par' dir='ltr' id='par_1_81' title="bbox 2093 2228 3723 2315">
     <span class='ocr_line' id='line_1_81' title="bbox 2093 2228 3723 2315; baseline -0.009 -21"><span class='ocrx_word' id='word_1_538' title='bbox 2093 2241 2312 2315; x_wconf 89' lang='lat' dir='ltr'><strong>signum</strong></span> <span class='ocrx_word' id='word_1_539' title='bbox 2366 2238 2516 2310; x_wconf 89' lang='lat' dir='ltr'><strong>quod</strong></span> <span class='ocrx_word' id='word_1_540' title='bbox 2568 2237 2844 2292; x_wconf 88' lang='lat' dir='ltr'><strong>acciderat</strong></span> <span class='ocrx_word' id='word_1_541' title='bbox 2900 2230 3326 2289; x_wconf 86' lang='lat' dir='ltr'><strong>mussitantibus</strong></span> <span class='ocrx_word' id='word_1_542' title='bbox 3366 2229 3475 2284; x_wconf 90' lang='lat' dir='ltr'><strong>Hoc</strong></span> <span class='ocrx_word' id='word_1_543' title='bbox 3549 2228 3723 2284; x_wconf 89' lang='lat' dir='ltr'><strong>etiam</strong></span> 
     </span>
    </p>
   </div>
   <div class='ocr_carea' id='block_1_82' title="bbox 2098 2324 3718 2406">
    <p class='ocr_par' dir='ltr' id='par_1_82' title="bbox 2098 2324 3718 2406">
     <span class='ocr_line' id='line_1_82' title="bbox 2098 2324 3718 2406; baseline -0.009 -14"><span class='ocrx_word' id='word_1_544' title='bbox 2098 2345 2345 2406; x_wconf 87' lang='lat' dir='ltr'><strong>tempore</strong></span> <span class='ocrx_word' id='word_1_545' title='bbox 2379 2350 2521 2390; x_wconf 87' lang='lat' dir='ltr'><strong>vena</strong></span> <span class='ocrx_word' id='word_1_546' title='bbox 2554 2330 2864 2406; x_wconf 88' lang='lat' dir='ltr'><strong>argentaria</strong></span> <span class='ocrx_word' id='word_1_547' title='bbox 2908 2337 3126 2399; x_wconf 88' lang='lat' dir='ltr'><strong>reperta</strong></span> <span class='ocrx_word' id='word_1_548' title='bbox 3158 2326 3338 2380; x_wconf 84' lang='lat' dir='ltr'><strong>fuerat</strong></span> <span class='ocrx_word' id='word_1_549' title='bbox 3389 2324 3541 2395; x_wconf 83' lang='lat' dir='ltr'><strong>apud</strong></span> <span class='ocrx_word' id='word_1_550' title='bbox 3585 2324 3718 2377; x_wconf 73' lang='lat' dir='ltr'><strong>Car-</strong></span> 
     </span>
    </p>
   </div>
   <div class='ocr_carea' id='block_1_83' title="bbox 2095 2416 3721 2500">
    <p class='ocr_par' dir='ltr' id='par_1_83' title="bbox 2095 2416 3721 2500">
     <span class='ocr_line' id='line_1_83' title="bbox 2095 2416 3721 2500; baseline -0.008 -17"><span class='ocrx_word' id='word_1_551' title='bbox 2095 2429 2222 2495; x_wconf 89' lang='lat' dir='ltr'><strong>luil;</strong></span> <span class='ocrx_word' id='word_1_552' title='bbox 2281 2429 2428 2483; x_wconf 90' lang='lat' dir='ltr'><strong>unde</strong></span> <span class='ocrx_word' id='word_1_553' title='bbox 2470 2426 2912 2500; x_wconf 90' lang='lat' dir='ltr'><strong>investigatorcs,</strong></span> <span class='ocrx_word' id='word_1_554' title='bbox 2970 2420 3065 2492; x_wconf 92' lang='lat' dir='ltr'><strong>qui</strong></span> <span class='ocrx_word' id='word_1_555' title='bbox 3113 2435 3234 2474; x_wconf 91' lang='lat' dir='ltr'><strong>eam</strong></span> <span class='ocrx_word' id='word_1_556' title='bbox 3291 2419 3347 2473; x_wconf 85' lang='lat' dir='ltr'><strong>in</strong></span> <span class='ocrx_word' id='word_1_557' title='bbox 3404 2416 3721 2473; x_wconf 89' lang='lat' dir='ltr'><strong>visceribus</strong></span> 
     </span>
    </p>
   </div>
   <div class='ocr_carea' id='block_1_84' title="bbox 2094 2508 3721 2590">
    <p class='ocr_par' dir='ltr' id='par_1_84' title="bbox 2094 2508 3721 2590">
     <span class='ocr_line' id='line_1_84' title="bbox 2094 2508 3721 2590; baseline -0.007 -16"><span class='ocrx_word' id='word_1_558' title='bbox 2094 2528 2239 2575; x_wconf 90' lang='lat' dir='ltr'><strong>terre</strong></span> <span class='ocrx_word' id='word_1_559' title='bbox 2268 2516 2595 2590; x_wconf 86' lang='lat' dir='ltr'><strong>querebant,</strong></span> <span class='ocrx_word' id='word_1_560' title='bbox 2627 2515 2958 2588; x_wconf 88' lang='lat' dir='ltr'><strong>quingentas</strong></span> <span class='ocrx_word' id='word_1_561' title='bbox 2987 2512 3158 2565; x_wconf 90' lang='lat' dir='ltr'><strong>libras</strong></span> <span class='ocrx_word' id='word_1_562' title='bbox 3190 2510 3303 2585; x_wconf 88' lang='lat' dir='ltr'><strong>regi</strong></span> <span class='ocrx_word' id='word_1_563' title='bbox 3339 2508 3575 2564; x_wconf 87' lang='lat' dir='ltr'><strong>Henrico</strong></span> <span class='ocrx_word' id='word_1_564' title='bbox 3617 2524 3721 2563; x_wconf 84' lang='lat' dir='ltr'><strong>au-</strong></span> 
     </span>
    </p>
   </div>
   <div class='ocr_carea' id='block_1_85' title="bbox 2096 2597 3715 2678">
    <p class='ocr_par' dir='ltr' id='par_1_85' title="bbox 2096 2597 3715 2678">
     <span class='ocr_line' id='line_1_85' title="bbox 2096 2597 3715 2678; baseline -0.008 -14"><span class='ocrx_word' id='word_1_565' title='bbox 2096 2609 2300 2664; x_wconf 91' lang='lat' dir='ltr'><strong>nuatim</strong></span> <span class='ocrx_word' id='word_1_566' title='bbox 2332 2606 2733 2678; x_wconf 86' lang='lat' dir='ltr'><strong>persolvebant.</strong></span> <span class='ocrx_word' id='word_1_567' title='bbox 2766 2603 2952 2657; x_wconf 84' lang='lat' dir='ltr'><strong>Mense</strong></span> <span class='ocrx_word' id='word_1_568' title='bbox 2984 2600 3167 2655; x_wconf 86' lang='lat' dir='ltr'><strong>Marcii</strong></span> <span class='ocrx_word' id='word_1_569' title='bbox 3200 2609 3360 2653; x_wconf 89' lang='lat' dir='ltr'><strong>natus</strong></span> <span class='ocrx_word' id='word_1_570' title='bbox 3399 2604 3484 2652; x_wconf 87' lang='lat' dir='ltr'><strong>est</strong></span> <span class='ocrx_word' id='word_1_571' title='bbox 3512 2597 3715 2653; x_wconf 85' lang='lat' dir='ltr'><strong>Henri-</strong></span> 
     </span>
    </p>
   </div>
   <div class='ocr_carea' id='block_1_86' title="bbox 2095 2689 3718 2770">
    <p class='ocr_par' dir='ltr' id='par_1_86' title="bbox 2095 2689 3718 2770">
     <span class='ocr_line' id='line_1_86' title="bbox 2095 2689 3718 2770; baseline -0.008 -13"><span class='ocrx_word' id='word_1_572' title='bbox 2095 2718 2192 2757; x_wconf 90' lang='lat' dir='ltr'><strong>cus</strong></span> <span class='ocrx_word' id='word_1_573' title='bbox 2219 2698 2567 2765; x_wconf 88' lang='lat' dir='ltr'><strong>Cenomanis,</strong></span> <span class='ocrx_word' id='word_1_574' title='bbox 2594 2694 2996 2770; x_wconf 88' lang='lat' dir='ltr'><strong>primogeuitus</strong></span> <span class='ocrx_word' id='word_1_575' title='bbox 3038 2693 3181 2747; x_wconf 81' lang='lat' dir='ltr'><strong>filius</strong></span> <span class='ocrx_word' id='word_1_576' title='bbox 3218 2689 3463 2746; x_wconf 85' lang='lat' dir='ltr'><strong>Gaufridi</strong></span> <span class='ocrx_word' id='word_1_577' title='bbox 3493 2689 3718 2746; x_wconf 87' lang='lat' dir='ltr'><strong>comitis</strong></span> 
     </span>
    </p>
   </div>
   <div class='ocr_carea' id='block_1_87' title="bbox 2092 2788 2864 2862">
    <p class='ocr_par' dir='ltr' id='par_1_87' title="bbox 2092 2788 2864 2862">
     <span class='ocr_line' id='line_1_87' title="bbox 2092 2788 2864 2862; baseline -0.008 -15"><span class='ocrx_word' id='word_1_578' title='bbox 2092 2802 2147 2847; x_wconf 90' lang='lat' dir='ltr'><strong>et</strong></span> <span class='ocrx_word' id='word_1_579' title='bbox 2173 2792 2454 2848; x_wconf 84' lang='lat' dir='ltr'><strong>Mathildis</strong></span> <span class='ocrx_word' id='word_1_580' title='bbox 2482 2788 2864 2862; x_wconf 88' lang='lat' dir='ltr'><strong>imperatricis.</strong></span> 
     </span>
    </p>
   </div>
   <div class='ocr_carea' id='block_1_88' title="bbox 2160 2872 3710 2936">
    <p class='ocr_par' dir='ltr' id='par_1_88' title="bbox 2160 2872 3710 2936">
     <span class='ocr_line' id='line_1_88' title="bbox 2160 2872 3710 2936; baseline -0.006 0"><span class='ocrx_word' id='word_1_581' title='bbox 2160 2882 2315 2936; x_wconf 71' lang='grc'><strong>1134.</strong></span> <span class='ocrx_word' id='word_1_582' title='bbox 2693 2879 2747 2934; x_wconf 89' lang='grc'><strong>9.</strong></span> <span class='ocrx_word' id='word_1_583' title='bbox 3125 2874 3215 2935; x_wconf 62' lang='lat' dir='ltr'><strong>2i.</strong></span> <span class='ocrx_word' id='word_1_584' title='bbox 3612 2872 3710 2929; x_wconf 67' lang='lat' dir='ltr'><strong>3L</strong></span> 
     </span>
    </p>
   </div>
   <div class='ocr_carea' id='block_1_89' title="bbox 2160 2964 3704 3031">
    <p class='ocr_par' dir='ltr' id='par_1_89' title="bbox 2160 2964 3704 3031">
     <span class='ocr_line' id='line_1_89' title="bbox 2160 2964 3704 3031; baseline -0.007 0"><span class='ocrx_word' id='word_1_585' title='bbox 2160 2976 2326 3031; x_wconf 87' lang='lat' dir='ltr'><strong>Natus</strong></span> <span class='ocrx_word' id='word_1_586' title='bbox 2369 2980 2453 3029; x_wconf 91' lang='lat' dir='ltr'><strong>est</strong></span> <span class='ocrx_word' id='word_1_587' title='bbox 2525 2971 2818 3027; x_wconf 87' lang='lat' dir='ltr'><strong>Gaut&#39;ridus</strong></span> <span class='ocrx_word' id='word_1_588' title='bbox 2898 2968 3178 3025; x_wconf 87' lang='lat' dir='ltr'><strong>secundus</strong></span> <span class='ocrx_word' id='word_1_589' title='bbox 3244 2965 3393 3022; x_wconf 85' lang='lat' dir='ltr'><strong>ﬁlius</strong></span> <span class='ocrx_word' id='word_1_590' title='bbox 3456 2964 3704 3021; x_wconf 83' lang='lat' dir='ltr'><strong>Gaufridi</strong></span> 
     </span>
    </p>
   </div>
   <div class='ocr_carea' id='block_1_90' title="bbox 2085 3061 3703 3145">
    <p class='ocr_par' dir='ltr' id='par_1_90' title="bbox 2085 3061 3703 3145">
     <span class='ocr_line' id='line_1_90' title="bbox 2085 3061 3703 3145; baseline -0.005 -19"><span class='ocrx_word' id='word_1_591' title='bbox 2085 3069 2511 3145; x_wconf 85' lang='lat' dir='ltr'><strong>Andegavensis,</strong></span> <span class='ocrx_word' id='word_1_592' title='bbox 2560 3083 2751 3123; x_wconf 90' lang='lat' dir='ltr'><strong>mense</strong></span> <span class='ocrx_word' id='word_1_593' title='bbox 2795 3065 2935 3120; x_wconf 85' lang='lat' dir='ltr'><strong>Maio</strong></span> <span class='ocrx_word' id='word_1_594' title='bbox 2977 3064 3032 3118; x_wconf 89' lang='lat' dir='ltr'><strong>in</strong></span> <span class='ocrx_word' id='word_1_595' title='bbox 3078 3069 3443 3135; x_wconf 89' lang='lat' dir='ltr'><strong>pentecosten</strong></span> <span class='ocrx_word' id='word_1_596' title='bbox 3490 3061 3703 3118; x_wconf 82' lang='lat' dir='ltr'><strong>Rotho-</strong></span> 
     </span>
    </p>
   </div>
   <div class='ocr_carea' id='block_1_91' title="bbox 2080 3155 3699 3240">
    <p class='ocr_par' dir='ltr' id='par_1_91' title="bbox 2080 3155 3699 3240">
     <span class='ocr_line' id='line_1_91' title="bbox 2080 3155 3699 3240; baseline -0.004 -21"><span class='ocrx_word' id='word_1_597' title='bbox 2080 3166 2245 3240; x_wconf 89' lang='lat' dir='ltr'><strong>magi.</strong></span> <span class='ocrx_word' id='word_1_598' title='bbox 2282 3165 2342 3218; x_wconf 88' lang='lat' dir='ltr'><strong>Et</strong></span> <span class='ocrx_word' id='word_1_599' title='bbox 2370 3162 2645 3217; x_wconf 80' lang='lat' dir='ltr'><strong>inﬁrmata</strong></span> <span class='ocrx_word' id='word_1_600' title='bbox 2681 3167 2765 3217; x_wconf 89' lang='lat' dir='ltr'><strong>est</strong></span> <span class='ocrx_word' id='word_1_601' title='bbox 2794 3166 2967 3215; x_wconf 86' lang='lat' dir='ltr'><strong>mater</strong></span> <span class='ocrx_word' id='word_1_602' title='bbox 3004 3159 3125 3226; x_wconf 86' lang='lat' dir='ltr'><strong>ejus</strong></span> <span class='ocrx_word' id='word_1_603' title='bbox 3177 3156 3415 3212; x_wconf 85' lang='lat' dir='ltr'><strong>Matildis</strong></span> <span class='ocrx_word' id='word_1_604' title='bbox 3459 3155 3699 3226; x_wconf 87' lang='lat' dir='ltr'><strong>impera-</strong></span> 
     </span>
    </p>
   </div>
   <div class='ocr_carea' id='block_1_92' title="bbox 2082 3248 3703 3328">
    <p class='ocr_par' dir='ltr' id='par_1_92' title="bbox 2082 3248 3703 3328">
     <span class='ocr_line' id='line_1_92' title="bbox 2082 3248 3703 3328; baseline -0.005 -16"><span class='ocrx_word' id='word_1_605' title='bbox 2082 3258 2185 3312; x_wconf 88' lang='lat' dir='ltr'><strong>trix</strong></span> <span class='ocrx_word' id='word_1_606' title='bbox 2212 3263 2437 3328; x_wconf 90' lang='lat' dir='ltr'><strong>propter</strong></span> <span class='ocrx_word' id='word_1_607' title='bbox 2474 3254 2857 3309; x_wconf 78' lang='lat' dir='ltr'><strong>difficultatem</strong></span> <span class='ocrx_word' id='word_1_608' title='bbox 2890 3258 3078 3323; x_wconf 90' lang='lat' dir='ltr'><strong>partus</strong></span> <span class='ocrx_word' id='word_1_609' title='bbox 3118 3265 3298 3322; x_wconf 86' lang='lat' dir='ltr'><strong>usque</strong></span> <span class='ocrx_word' id='word_1_610' title='bbox 3327 3249 3395 3303; x_wconf 93' lang='lat' dir='ltr'><strong>ad</strong></span> <span class='ocrx_word' id='word_1_611' title='bbox 3433 3248 3703 3318; x_wconf 85' lang='lat' dir='ltr'><strong>despera-</strong></span> 
     </span>
    </p>
   </div>
   <div class='ocr_carea' id='block_1_93' title="bbox 2082 3343 3704 3417">
    <p class='ocr_par' dir='ltr' id='par_1_93' title="bbox 2082 3343 3704 3417">
     <span class='ocr_line' id='line_1_93' title="bbox 2082 3343 3704 3417; baseline -0.005 -12"><span class='ocrx_word' id='word_1_612' title='bbox 2082 3353 2309 3407; x_wconf 90' lang='lat' dir='ltr'><strong>tionem.</strong></span> <span class='ocrx_word' id='word_1_613' title='bbox 2350 3352 2438 3415; x_wconf 90' lang='lat' dir='ltr'><strong>(H.</strong></span> <span class='ocrx_word' id='word_1_614' title='bbox 2471 3352 2636 3406; x_wconf 83' lang='lat' dir='ltr'><strong>Henr.</strong></span> <span class='ocrx_word' id='word_1_615' title='bbox 2665 3350 2780 3411; x_wconf 75' lang='lat'><strong>28.)</strong></span> <span class='ocrx_word' id='word_1_616' title='bbox 2821 3347 2920 3402; x_wconf 91' lang='lat' dir='ltr'><strong>Ubi</strong></span> <span class='ocrx_word' id='word_1_617' title='bbox 2952 3344 3252 3417; x_wconf 87' lang='lat' dir='ltr'><strong>prudentia</strong></span> <span class='ocrx_word' id='word_1_618' title='bbox 3294 3343 3417 3414; x_wconf 84' lang='lat' dir='ltr'><strong>ejus</strong></span> <span class='ocrx_word' id='word_1_619' title='bbox 3465 3343 3704 3399; x_wconf 86' lang='lat' dir='ltr'><strong>eviden-</strong></span> 
     </span>
    </p>
   </div>
   <div class='ocr_carea' id='block_1_94' title="bbox 2081 3441 3708 3519">
    <p class='ocr_par' dir='ltr' id='par_1_94' title="bbox 2081 3441 3708 3519">
     <span class='ocr_line' id='line_1_94' title="bbox 2081 3441 3708 3519; baseline -0.006 -16"><span class='ocrx_word' id='word_1_620' title='bbox 2081 3449 2241 3519; x_wconf 28' lang='lat' dir='ltr'><strong>tibus.</strong></span> <span class='ocrx_word' id='word_1_621' title='bbox 2294 3446 2515 3501; x_wconf 90' lang='lat' dir='ltr'><strong>indiciis</strong></span> <span class='ocrx_word' id='word_1_622' title='bbox 2535 3443 2885 3499; x_wconf 86' lang='lat' dir='ltr'><strong>manifestata</strong></span> <span class='ocrx_word' id='word_1_623' title='bbox 2924 3450 3028 3497; x_wconf 92' lang='lat' dir='ltr'><strong>est.</strong></span> <span class='ocrx_word' id='word_1_624' title='bbox 3071 3441 3204 3496; x_wconf 85' lang='lat' dir='ltr'><strong>Nam</strong></span> <span class='ocrx_word' id='word_1_625' title='bbox 3244 3441 3531 3495; x_wconf 89' lang='lat' dir='ltr'><strong>thesauros</strong></span> <span class='ocrx_word' id='word_1_626' title='bbox 3574 3454 3708 3494; x_wconf 87' lang='lat' dir='ltr'><strong>suos</strong></span> 
     </span>
    </p>
   </div>
   <div class='ocr_carea' id='block_1_95' title="bbox 2078 3527 3706 3607">
    <p class='ocr_par' dir='ltr' id='par_1_95' title="bbox 2078 3527 3706 3607">
     <span class='ocr_line' id='line_1_95' title="bbox 2078 3527 3706 3607; baseline -0.005 -16"><span class='ocrx_word' id='word_1_627' title='bbox 2078 3536 2362 3607; x_wconf 89' lang='lat' dir='ltr'><strong>orphanis,</strong></span> <span class='ocrx_word' id='word_1_628' title='bbox 2393 3534 2576 3589; x_wconf 90' lang='lat' dir='ltr'><strong>viduis</strong></span> <span class='ocrx_word' id='word_1_629' title='bbox 2602 3540 2656 3587; x_wconf 91' lang='lat' dir='ltr'><strong>et</strong></span> <span class='ocrx_word' id='word_1_630' title='bbox 2706 3530 2936 3602; x_wconf 85' lang='lat' dir='ltr'><strong>reliquis</strong></span> <span class='ocrx_word' id='word_1_631' title='bbox 2971 3529 3311 3600; x_wconf 84' lang='lat' dir='ltr'><strong>pauperibus</strong></span> <span class='ocrx_word' id='word_1_632' title='bbox 3363 3535 3419 3583; x_wconf 89' lang='lat' dir='ltr'><strong>et</strong></span> <span class='ocrx_word' id='word_1_633' title='bbox 3470 3527 3706 3583; x_wconf 86' lang='lat' dir='ltr'><strong>maxime</strong></span> 
     </span>
    </p>
   </div>
   <div class='ocr_carea' id='block_1_96' title="bbox 2079 3616 3696 3693">
    <p class='ocr_par' dir='ltr' id='par_1_96' title="bbox 2079 3616 3696 3693">
     <span class='ocr_line' id='line_1_96' title="bbox 2079 3616 3696 3693; baseline -0.006 -13"><span class='ocrx_word' id='word_1_634' title='bbox 2079 3625 2400 3681; x_wconf 90' lang='lat' dir='ltr'><strong>ecclesiiset</strong></span> <span class='ocrx_word' id='word_1_635' title='bbox 2429 3621 2796 3688; x_wconf 90' lang='lat' dir='ltr'><strong>monasteriis,</strong></span> <span class='ocrx_word' id='word_1_636' title='bbox 2831 3636 2995 3675; x_wconf 90' lang='lat' dir='ltr'><strong>manu</strong></span> <span class='ocrx_word' id='word_1_637' title='bbox 3026 3618 3359 3693; x_wconf 87' lang='lat' dir='ltr'><strong>sicutlarga,</strong></span> <span class='ocrx_word' id='word_1_638' title='bbox 3394 3616 3467 3672; x_wconf 90' lang='lat' dir='ltr'><strong>ita</strong></span> <span class='ocrx_word' id='word_1_639' title='bbox 3504 3617 3696 3672; x_wconf 85' lang='lat' dir='ltr'><strong>devota</strong></span> 
     </span>
    </p>
   </div>
   <div class='ocr_carea' id='block_1_97' title="bbox 2078 3706 3690 3771">
    <p class='ocr_par' dir='ltr' id='par_1_97' title="bbox 2078 3706 3690 3771">
     <span class='ocr_line' id='line_1_97' title="bbox 2078 3706 3690 3771; baseline -0.007 -1"><span class='ocrx_word' id='word_1_640' title='bbox 2078 3714 2376 3771; x_wconf 90' lang='lat' dir='ltr'><strong>distribuit.</strong></span> <span class='ocrx_word' id='word_1_641' title='bbox 2408 3711 2796 3767; x_wconf 83' lang='lat' dir='ltr'><strong>Monasterium</strong></span> <span class='ocrx_word' id='word_1_642' title='bbox 2837 3725 2967 3765; x_wconf 88' lang='lat' dir='ltr'><strong>vero</strong></span> <span class='ocrx_word' id='word_1_643' title='bbox 3004 3709 3279 3763; x_wconf 88' lang='lat' dir='ltr'><strong>Beceense</strong></span> <span class='ocrx_word' id='word_1_644' title='bbox 3308 3706 3690 3760; x_wconf 87' lang='lat' dir='ltr'><strong>abundantiori</strong></span> 
     </span>
    </p>
   </div>
   <div class='ocr_carea' id='block_1_98' title="bbox 2079 3795 3692 3872">
    <p class='ocr_par' dir='ltr' id='par_1_98' title="bbox 2079 3795 3692 3872">
     <span class='ocr_line' id='line_1_98' title="bbox 2079 3795 3692 3872; baseline -0.006 -15"><span class='ocrx_word' id='word_1_645' title='bbox 2079 3800 2470 3857; x_wconf 87' lang='lat' dir='ltr'><strong>benedictione</strong></span> <span class='ocrx_word' id='word_1_646' title='bbox 2510 3801 2563 3854; x_wconf 90' lang='lat' dir='ltr'><strong>in</strong></span> <span class='ocrx_word' id='word_1_647' title='bbox 2595 3815 2730 3854; x_wconf 90' lang='lat' dir='ltr'><strong>auro</strong></span> <span class='ocrx_word' id='word_1_648' title='bbox 2775 3805 2829 3853; x_wconf 92' lang='lat' dir='ltr'><strong>et</strong></span> <span class='ocrx_word' id='word_1_649' title='bbox 2876 3806 3106 3872; x_wconf 83' lang='lat' dir='ltr'><strong>argento</strong></span> <span class='ocrx_word' id='word_1_650' title='bbox 3159 3802 3214 3851; x_wconf 86' lang='lat' dir='ltr'><strong>et</strong></span> <span class='ocrx_word' id='word_1_651' title='bbox 3246 3795 3525 3866; x_wconf 90' lang='lat' dir='ltr'><strong>lapidibus</strong></span> <span class='ocrx_word' id='word_1_652' title='bbox 3566 3810 3692 3865; x_wconf 88' lang='lat' dir='ltr'><strong>pre-</strong></span> 
     </span>
    </p>
   </div>
   <div class='ocr_carea' id='block_1_99' title="bbox 2078 3885 3690 3961">
    <p class='ocr_par' dir='ltr' id='par_1_99' title="bbox 2078 3885 3690 3961">
     <span class='ocr_line' id='line_1_99' title="bbox 2078 3885 3690 3961; baseline -0.006 -13"><span class='ocrx_word' id='word_1_653' title='bbox 2078 3892 2236 3948; x_wconf 90' lang='lat' dir='ltr'><strong>tiosis</strong></span> <span class='ocrx_word' id='word_1_654' title='bbox 2280 3899 2334 3946; x_wconf 91' lang='lat' dir='ltr'><strong>et</strong></span> <span class='ocrx_word' id='word_1_655' title='bbox 2373 3890 2913 3961; x_wconf 56' lang='lat' dir='ltr'><strong>multiplieLornatu</strong></span> <span class='ocrx_word' id='word_1_656' title='bbox 2961 3887 3217 3954; x_wconf 85' lang='lat' dir='ltr'><strong>ecclesie,</strong></span> <span class='ocrx_word' id='word_1_657' title='bbox 3259 3902 3425 3958; x_wconf 89' lang='lat' dir='ltr'><strong>quam</strong></span> <span class='ocrx_word' id='word_1_658' title='bbox 3483 3885 3690 3958; x_wconf 88' lang='lat' dir='ltr'><strong>reliqua</strong></span> 
     </span>
    </p>
   </div>
   <div class='ocr_carea' id='block_1_100' title="bbox 2077 3978 3693 4052">
    <p class='ocr_par' dir='ltr' id='par_1_100' title="bbox 2077 3978 3693 4052">
     <span class='ocr_line' id='line_1_100' title="bbox 2077 3978 3693 4052; baseline -0.005 -13"><span class='ocrx_word' id='word_1_659' title='bbox 2077 3984 2408 4040; x_wconf 87' lang='lat' dir='ltr'><strong>monasteria</strong></span> <span class='ocrx_word' id='word_1_660' title='bbox 2438 3982 2755 4038; x_wconf 90' lang='lat' dir='ltr'><strong>cumulavit.</strong></span> <span class='ocrx_word' id='word_1_661' title='bbox 2802 3982 2923 4052; x_wconf 84' lang='lat' dir='ltr'><strong>(1b.,</strong></span> <span class='ocrx_word' id='word_1_662' title='bbox 2963 3980 3076 4049; x_wconf 83' lang='lat'><strong>&#39;29.)</strong></span> <span class='ocrx_word' id='word_1_663' title='bbox 3108 3978 3362 4049; x_wconf 85' lang='lat' dir='ltr'><strong>Poposcit</strong></span> <span class='ocrx_word' id='word_1_664' title='bbox 3386 3978 3553 4033; x_wconf 89' lang='lat' dir='ltr'><strong>etiam</strong></span> <span class='ocrx_word' id='word_1_665' title='bbox 3594 3994 3693 4048; x_wconf 88' lang='lat' dir='ltr'><strong>pa-</strong></span> 
     </span>
    </p>
   </div>
   <div class='ocr_carea' id='block_1_101' title="bbox 2076 4066 3698 4141">
    <p class='ocr_par' dir='ltr' id='par_1_101' title="bbox 2076 4066 3698 4141">
     <span class='ocr_line' id='line_1_101' title="bbox 2076 4066 3698 4141; baseline -0.004 -12"><span class='ocrx_word' id='word_1_666' title='bbox 2076 4080 2213 4129; x_wconf 89' lang='lat' dir='ltr'><strong>trem</strong></span> <span class='ocrx_word' id='word_1_667' title='bbox 2253 4090 2437 4141; x_wconf 90' lang='lat' dir='ltr'><strong>suum,</strong></span> <span class='ocrx_word' id='word_1_668' title='bbox 2471 4079 2530 4126; x_wconf 90' lang='lat' dir='ltr'><strong>ut</strong></span> <span class='ocrx_word' id='word_1_669' title='bbox 2584 4070 2792 4125; x_wconf 91' lang='lat' dir='ltr'><strong>ibidem</strong></span> <span class='ocrx_word' id='word_1_670' title='bbox 2832 4069 3179 4139; x_wconf 87' lang='lat' dir='ltr'><strong>sepeliretur.</strong></span> <span class='ocrx_word' id='word_1_671' title='bbox 3242 4067 3397 4132; x_wconf 86' lang='lat' dir='ltr'><strong>Quod</strong></span> <span class='ocrx_word' id='word_1_672' title='bbox 3447 4083 3574 4121; x_wconf 90' lang='lat' dir='ltr'><strong>cum</strong></span> <span class='ocrx_word' id='word_1_673' title='bbox 3606 4066 3698 4123; x_wconf 87' lang='lat' dir='ltr'><strong>ille</strong></span> 
     </span>
    </p>
   </div>
   <div class='ocr_carea' id='block_1_102' title="bbox 2078 4156 3697 4234">
    <p class='ocr_par' dir='ltr' id='par_1_102' title="bbox 2078 4156 3697 4234">
     <span class='ocr_line' id='line_1_102' title="bbox 2078 4156 3697 4234; baseline -0.005 -17"><span class='ocrx_word' id='word_1_674' title='bbox 2078 4163 2230 4234; x_wconf 90' lang='lat' dir='ltr'><strong>prius</strong></span> <span class='ocrx_word' id='word_1_675' title='bbox 2278 4168 2552 4223; x_wconf 88' lang='lat' dir='ltr'><strong>renueret,</strong></span> <span class='ocrx_word' id='word_1_676' title='bbox 2600 4160 2795 4215; x_wconf 89' lang='lat' dir='ltr'><strong>dicens</strong></span> <span class='ocrx_word' id='word_1_677' title='bbox 2850 4158 3071 4231; x_wconf 81' lang='lat' dir='ltr'><strong>dignius</strong></span> <span class='ocrx_word' id='word_1_678' title='bbox 3112 4171 3233 4210; x_wconf 90' lang='lat' dir='ltr'><strong>esse</strong></span> <span class='ocrx_word' id='word_1_679' title='bbox 3275 4163 3334 4210; x_wconf 91' lang='lat' dir='ltr'><strong>ut</strong></span> <span class='ocrx_word' id='word_1_680' title='bbox 3377 4156 3697 4227; x_wconf 82' lang='lat' dir='ltr'><strong>Rothomagi</strong></span> 
     </span>
    </p>
   </div>
   <div class='ocr_carea' id='block_1_103' title="bbox 2076 4244 3700 4322">
    <p class='ocr_par' dir='ltr' id='par_1_103' title="bbox 2076 4244 3700 4322">
     <span class='ocr_line' id='line_1_103' title="bbox 2076 4244 3700 4322; baseline -0.004 -17"><span class='ocrx_word' id='word_1_681' title='bbox 2076 4251 2293 4322; x_wconf 89' lang='lat' dir='ltr'><strong>sepulta</strong></span> <span class='ocrx_word' id='word_1_682' title='bbox 2321 4251 2661 4314; x_wconf 90' lang='lat' dir='ltr'><strong>eondiretur,</strong></span> <span class='ocrx_word' id='word_1_683' title='bbox 2720 4247 2815 4301; x_wconf 94' lang='lat' dir='ltr'><strong>ubi</strong></span> <span class='ocrx_word' id='word_1_684' title='bbox 2854 4258 2910 4301; x_wconf 89' lang='lat' dir='ltr'><strong>et</strong></span> <span class='ocrx_word' id='word_1_685' title='bbox 2948 4251 3329 4300; x_wconf 85' lang='lat' dir='ltr'><strong>antecessores</strong></span> <span class='ocrx_word' id='word_1_686' title='bbox 3390 4244 3534 4312; x_wconf 89' lang='lat' dir='ltr'><strong>ejus,</strong></span> <span class='ocrx_word' id='word_1_687' title='bbox 3577 4245 3700 4299; x_wconf 83' lang='lat' dir='ltr'><strong>Rol-</strong></span> 
     </span>
    </p>
   </div>
   <div class='ocr_carea' id='block_1_104' title="bbox 2079 4335 3694 4408">
    <p class='ocr_par' dir='ltr' id='par_1_104' title="bbox 2079 4335 3694 4408">
     <span class='ocr_line' id='line_1_104' title="bbox 2079 4335 3694 4408; baseline -0.005 -11"><span class='ocrx_word' id='word_1_688' title='bbox 2079 4343 2262 4397; x_wconf 90' lang='lat' dir='ltr'><strong>lonem</strong></span> <span class='ocrx_word' id='word_1_689' title='bbox 2288 4349 2342 4397; x_wconf 91' lang='lat' dir='ltr'><strong>et</strong></span> <span class='ocrx_word' id='word_1_690' title='bbox 2382 4341 2723 4395; x_wconf 86' lang='lat' dir='ltr'><strong>Willermum</strong></span> <span class='ocrx_word' id='word_1_691' title='bbox 2749 4338 2920 4392; x_wconf 76' lang='lat' dir='ltr'><strong>tilium</strong></span> <span class='ocrx_word' id='word_1_692' title='bbox 2954 4337 3076 4407; x_wconf 91' lang='lat' dir='ltr'><strong>ejus</strong></span> <span class='ocrx_word' id='word_1_693' title='bbox 3104 4337 3252 4402; x_wconf 91' lang='lat' dir='ltr'><strong>dico,</strong></span> <span class='ocrx_word' id='word_1_694' title='bbox 3290 4335 3694 4408; x_wconf 87' lang='lat' dir='ltr'><strong>requiesceret;</strong></span> 
     </span>
    </p>
   </div>
   <div class='ocr_carea' id='block_1_105' title="bbox 2081 4431 3695 4506">
    <p class='ocr_par' dir='ltr' id='par_1_105' title="bbox 2081 4431 3695 4506">
     <span class='ocr_line' id='line_1_105' title="bbox 2081 4431 3695 4506; baseline -0.006 -13"><span class='ocrx_word' id='word_1_695' title='bbox 2081 4438 2217 4494; x_wconf 85' lang='lat' dir='ltr'><strong>dixit</strong></span> <span class='ocrx_word' id='word_1_696' title='bbox 2253 4437 2492 4492; x_wconf 88' lang='lat' dir='ltr'><strong>animam</strong></span> <span class='ocrx_word' id='word_1_697' title='bbox 2523 4452 2678 4490; x_wconf 88' lang='lat' dir='ltr'><strong>suam</strong></span> <span class='ocrx_word' id='word_1_698' title='bbox 2718 4450 2999 4506; x_wconf 90' lang='lat' dir='ltr'><strong>nunquam</strong></span> <span class='ocrx_word' id='word_1_699' title='bbox 3058 4448 3181 4487; x_wconf 90' lang='lat' dir='ltr'><strong>esse</strong></span> <span class='ocrx_word' id='word_1_700' title='bbox 3211 4433 3376 4487; x_wconf 84' lang='lat' dir='ltr'><strong>letam</strong></span> <span class='ocrx_word' id='word_1_701' title='bbox 3410 4431 3515 4486; x_wconf 91' lang='lat' dir='ltr'><strong>nisi</strong></span> <span class='ocrx_word' id='word_1_702' title='bbox 3545 4446 3695 4486; x_wconf 86' lang='lat' dir='ltr'><strong>com-</strong></span> 
     </span>
    </p>
   </div>
   <div class='ocr_carea' id='block_1_106' title="bbox 2083 4520 3698 4599">
    <p class='ocr_par' dir='ltr' id='par_1_106' title="bbox 2083 4520 3698 4599">
     <span class='ocr_line' id='line_1_106' title="bbox 2083 4520 3698 4599; baseline -0.006 -16"><span class='ocrx_word' id='word_1_703' title='bbox 2083 4543 2184 4599; x_wconf 89' lang='lat' dir='ltr'><strong>pos</strong></span> <span class='ocrx_word' id='word_1_704' title='bbox 2209 4527 2319 4583; x_wconf 90' lang='lat' dir='ltr'><strong>voti</strong></span> <span class='ocrx_word' id='word_1_705' title='bbox 2345 4526 2400 4580; x_wconf 92' lang='lat' dir='ltr'><strong>in</strong></span> <span class='ocrx_word' id='word_1_706' title='bbox 2425 4527 2529 4580; x_wconf 88' lang='lat' dir='ltr'><strong>hac</strong></span> <span class='ocrx_word' id='word_1_707' title='bbox 2554 4525 2817 4579; x_wconf 87' lang='lat' dir='ltr'><strong>duntaxat</strong></span> <span class='ocrx_word' id='word_1_708' title='bbox 2847 4528 2999 4594; x_wconf 87' lang='lat' dir='ltr'><strong>parte</strong></span> <span class='ocrx_word' id='word_1_709' title='bbox 3039 4520 3217 4577; x_wconf 82' lang='lat' dir='ltr'><strong>fieret.</strong></span> <span class='ocrx_word' id='word_1_710' title='bbox 3243 4520 3527 4576; x_wconf 89' lang='lat' dir='ltr'><strong>Concessit</strong></span> <span class='ocrx_word' id='word_1_711' title='bbox 3548 4530 3698 4590; x_wconf 88' lang='lat' dir='ltr'><strong>pater</strong></span> 
     </span>
    </p>
   </div>
   <div class='ocr_carea' id='block_1_107' title="bbox 2090 4608 3700 4690">
    <p class='ocr_par' dir='ltr' id='par_1_107' title="bbox 2090 4608 3700 4690">
     <span class='ocr_line' id='line_1_107' title="bbox 2090 4608 3700 4690; baseline -0.006 -18"><span class='ocrx_word' id='word_1_712' title='bbox 2090 4615 2240 4690; x_wconf 89' lang='lat' dir='ltr'><strong>quod</strong></span> <span class='ocrx_word' id='word_1_713' title='bbox 2270 4616 2518 4687; x_wconf 88' lang='lat' dir='ltr'><strong>petebat;</strong></span> <span class='ocrx_word' id='word_1_714' title='bbox 2565 4614 2663 4669; x_wconf 88' lang='lat' dir='ltr'><strong>sed</strong></span> <span class='ocrx_word' id='word_1_715' title='bbox 2696 4614 2925 4669; x_wconf 88' lang='lat' dir='ltr'><strong>Domino</strong></span> <span class='ocrx_word' id='word_1_716' title='bbox 2976 4611 3219 4677; x_wconf 88' lang='lat' dir='ltr'><strong>volente,</strong></span> <span class='ocrx_word' id='word_1_717' title='bbox 3267 4609 3497 4664; x_wconf 88' lang='lat' dir='ltr'><strong>sanitati</strong></span> <span class='ocrx_word' id='word_1_718' title='bbox 3548 4608 3700 4663; x_wconf 89' lang='lat' dir='ltr'><strong>resti-</strong></span> 
     </span>
    </p>
   </div>
   <div class='ocr_carea' id='block_1_108' title="bbox 2092 4700 3699 4775">
    <p class='ocr_par' dir='ltr' id='par_1_108' title="bbox 2092 4700 3699 4775">
     <span class='ocr_line' id='line_1_108' title="bbox 2092 4700 3699 4775; baseline -0.006 -11"><span class='ocrx_word' id='word_1_719' title='bbox 2092 4716 2207 4765; x_wconf 89' lang='lat' dir='ltr'><strong>tuta</strong></span> <span class='ocrx_word' id='word_1_720' title='bbox 2246 4716 2347 4763; x_wconf 89' lang='lat' dir='ltr'><strong>est.</strong></span> <span class='ocrx_word' id='word_1_721' title='bbox 2405 4708 2592 4775; x_wconf 71' lang='lat' dir='ltr'><strong>(Hum.</strong></span> <span class='ocrx_word' id='word_1_722' title='bbox 2634 4710 2751 4772; x_wconf 86' lang='lat' dir='ltr'><strong>vn.)</strong></span> <span class='ocrx_word' id='word_1_723' title='bbox 2806 4705 2916 4760; x_wconf 85' lang='lat' dir='ltr'><strong>Hoc</strong></span> <span class='ocrx_word' id='word_1_724' title='bbox 2963 4719 3108 4758; x_wconf 86' lang='lat' dir='ltr'><strong>anno</strong></span> <span class='ocrx_word' id='word_1_725' title='bbox 3142 4709 3254 4758; x_wconf 89' lang='lat' dir='ltr'><strong>toto</strong></span> <span class='ocrx_word' id='word_1_726' title='bbox 3307 4718 3402 4756; x_wconf 87' lang='lat' dir='ltr'><strong>rex</strong></span> <span class='ocrx_word' id='word_1_727' title='bbox 3443 4700 3699 4756; x_wconf 86' lang='lat' dir='ltr'><strong>Henricus</strong></span> 
     </span>
    </p>
   </div>
   <div class='ocr_carea' id='block_1_109' title="bbox 2092 4792 3693 4865">
    <p class='ocr_par' dir='ltr' id='par_1_109' title="bbox 2092 4792 3693 4865">
     <span class='ocr_line' id='line_1_109' title="bbox 2092 4792 3693 4865; baseline -0.006 -13"><span class='ocrx_word' id='word_1_728' title='bbox 2092 4806 2334 4854; x_wconf 88' lang='lat' dir='ltr'><strong>moratus</strong></span> <span class='ocrx_word' id='word_1_729' title='bbox 2362 4805 2444 4851; x_wconf 90' lang='lat' dir='ltr'><strong>est</strong></span> <span class='ocrx_word' id='word_1_730' title='bbox 2490 4798 2546 4851; x_wconf 92' lang='lat' dir='ltr'><strong>in</strong></span> <span class='ocrx_word' id='word_1_731' title='bbox 2585 4794 2996 4858; x_wconf 85' lang='lat' dir='ltr'><strong>Normanniam,</strong></span> <span class='ocrx_word' id='word_1_732' title='bbox 3042 4808 3140 4863; x_wconf 90' lang='lat' dir='ltr'><strong>pro</strong></span> <span class='ocrx_word' id='word_1_733' title='bbox 3171 4792 3376 4865; x_wconf 86' lang='lat' dir='ltr'><strong>gaudio</strong></span> <span class='ocrx_word' id='word_1_734' title='bbox 3437 4797 3693 4860; x_wconf 89' lang='lat' dir='ltr'><strong>nepotum</strong></span> 
     </span>
    </p>
   </div>
   <div class='ocr_carea' id='block_1_110' title="bbox 2089 4879 3698 4946">
    <p class='ocr_par' dir='ltr' id='par_1_110' title="bbox 2089 4879 3698 4946">
     <span class='ocr_line' id='line_1_110' title="bbox 2089 4879 3698 4946; baseline -0.007 -1"><span class='ocrx_word' id='word_1_735' title='bbox 2089 4905 2311 4946; x_wconf 91' lang='lat' dir='ltr'><strong>suorum</strong></span> <span class='ocrx_word' id='word_1_736' title='bbox 2344 4888 2563 4943; x_wconf 88' lang='lat' dir='ltr'><strong>Henrici</strong></span> <span class='ocrx_word' id='word_1_737' title='bbox 2608 4895 2663 4942; x_wconf 90' lang='lat' dir='ltr'><strong>et</strong></span> <span class='ocrx_word' id='word_1_738' title='bbox 2702 4886 2965 4941; x_wconf 86' lang='lat' dir='ltr'><strong>Gaufridi.</strong></span> <span class='ocrx_word' id='word_1_739' title='bbox 3011 4884 3215 4940; x_wconf 88' lang='lat' dir='ltr'><strong>Eodem</strong></span> <span class='ocrx_word' id='word_1_740' title='bbox 3255 4898 3400 4938; x_wconf 87' lang='lat' dir='ltr'><strong>anno</strong></span> <span class='ocrx_word' id='word_1_741' title='bbox 3440 4898 3534 4936; x_wconf 84' lang='lat' dir='ltr'><strong>rex</strong></span> <span class='ocrx_word' id='word_1_742' title='bbox 3566 4879 3698 4935; x_wconf 83' lang='lat' dir='ltr'><strong>Hen-</strong></span> 
     </span>
    </p>
   </div>
   <div class='ocr_carea' id='block_1_111' title="bbox 2085 4973 3694 5051">
    <p class='ocr_par' dir='ltr' id='par_1_111' title="bbox 2085 4973 3694 5051">
     <span class='ocr_line' id='line_1_111' title="bbox 2085 4973 3694 5051; baseline -0.003 -15"><span class='ocrx_word' id='word_1_743' title='bbox 2085 4982 2231 5036; x_wconf 88' lang='lat' dir='ltr'><strong>ricus</strong></span> <span class='ocrx_word' id='word_1_744' title='bbox 2268 4981 2493 5036; x_wconf 87' lang='lat' dir='ltr'><strong>donavit</strong></span> <span class='ocrx_word' id='word_1_745' title='bbox 2522 4981 2898 5051; x_wconf 89' lang='lat' dir='ltr'><strong>episcopatum</strong></span> <span class='ocrx_word' id='word_1_746' title='bbox 2930 4977 3284 5047; x_wconf 89' lang='lat' dir='ltr'><strong>Bajocensem</strong></span> <span class='ocrx_word' id='word_1_747' title='bbox 3330 4974 3561 5030; x_wconf 79' lang='lat' dir='ltr'><strong>Ricardo</strong></span> <span class='ocrx_word' id='word_1_748' title='bbox 3589 4973 3694 5031; x_wconf 80' lang='lat' dir='ltr'><strong>filio</strong></span> 
     </span>
    </p>
   </div>
   <div class='ocr_carea' id='block_1_112' title="bbox 2086 5058 3693 5139">
    <p class='ocr_par' dir='ltr' id='par_1_112' title="bbox 2086 5058 3693 5139">
     <span class='ocr_line' id='line_1_112' title="bbox 2086 5058 3693 5139; baseline -0.004 -12"><span class='ocrx_word' id='word_1_749' title='bbox 2086 5072 2312 5127; x_wconf 79' lang='lat' dir='ltr'><strong>Roberti</strong></span> <span class='ocrx_word' id='word_1_750' title='bbox 2385 5071 2604 5127; x_wconf 90' lang='lat' dir='ltr'><strong>comitis</strong></span> <span class='ocrx_word' id='word_1_751' title='bbox 2684 5058 3039 5133; x_wconf 87' lang='lat' dir='ltr'><strong>Gloecestrie,</strong></span> <span class='ocrx_word' id='word_1_752' title='bbox 3130 5068 3511 5139; x_wconf 85' lang='lat' dir='ltr'><strong>episcopatum</strong></span> <span class='ocrx_word' id='word_1_753' title='bbox 3575 5081 3693 5121; x_wconf 86' lang='lat' dir='ltr'><strong>vero</strong></span> 
     </span>
    </p>
   </div>
   <div class='ocr_carea' id='block_1_113' title="bbox 2081 5154 3694 5216">
    <p class='ocr_par' dir='ltr' id='par_1_113' title="bbox 2081 5154 3694 5216">
     <span class='ocr_line' id='line_1_113' title="bbox 2081 5154 3694 5216; baseline -0.004 -1"><span class='ocrx_word' id='word_1_754' title='bbox 2081 5161 2535 5216; x_wconf 85' lang='lat' dir='ltr'><strong>Abrincatensem</strong></span> <span class='ocrx_word' id='word_1_755' title='bbox 2577 5159 2811 5215; x_wconf 79' lang='lat' dir='ltr'><strong>Rieardo</strong></span> <span class='ocrx_word' id='word_1_756' title='bbox 2865 5158 2934 5213; x_wconf 89' lang='lat' dir='ltr'><strong>de</strong></span> <span class='ocrx_word' id='word_1_757' title='bbox 2995 5155 3206 5213; x_wconf 85' lang='lat' dir='ltr'><strong>Belfou.</strong></span> <span class='ocrx_word' id='word_1_758' title='bbox 3262 5154 3407 5211; x_wconf 90' lang='lat' dir='ltr'><strong>Obiit</strong></span> <span class='ocrx_word' id='word_1_759' title='bbox 3437 5154 3694 5211; x_wconf 82' lang='lat' dir='ltr'><strong>Robertus</strong></span> 
     </span>
    </p>
   </div>
   <div class='ocr_carea' id='block_1_114' title="bbox 2087 5243 3694 5319">
    <p class='ocr_par' dir='ltr' id='par_1_114' title="bbox 2087 5243 3694 5319">
     <span class='ocr_line' id='line_1_114' title="bbox 2087 5243 3694 5319; baseline -0.005 -15"><span class='ocrx_word' id='word_1_760' title='bbox 2087 5249 2196 5304; x_wconf 83' lang='lat' dir='ltr'><strong>dux</strong></span> <span class='ocrx_word' id='word_1_761' title='bbox 2256 5249 2722 5315; x_wconf 86' lang='lat' dir='ltr'><strong>Normannorum,</strong></span> <span class='ocrx_word' id='word_1_762' title='bbox 2793 5246 2939 5302; x_wconf 83' lang='lat' dir='ltr'><strong>ﬁlius</strong></span> <span class='ocrx_word' id='word_1_763' title='bbox 3011 5245 3281 5302; x_wconf 86' lang='lat' dir='ltr'><strong>Willermi</strong></span> <span class='ocrx_word' id='word_1_764' title='bbox 3372 5243 3539 5319; x_wconf 83' lang='lat' dir='ltr'><strong>regis,</strong></span> <span class='ocrx_word' id='word_1_765' title='bbox 3609 5243 3694 5314; x_wconf 88' lang='lat' dir='ltr'><strong>qui</strong></span> 
     </span>
    </p>
   </div>
   <div class='ocr_carea' id='block_1_115' title="bbox 1715 5357 2347 5415">
    <p class='ocr_par' dir='ltr' id='par_1_115' title="bbox 1715 5357 2347 5415">
     <span class='ocr_line' id='line_1_115' title="bbox 1715 5357 2347 5415; baseline 0.006 -4"><span class='ocrx_word' id='word_1_766' title='bbox 1715 5357 1933 5414; x_wconf 71' lang='lat' dir='ltr'><strong>VARl/E</strong></span> <span class='ocrx_word' id='word_1_767' title='bbox 1962 5358 2239 5414; x_wconf 83' lang='lat' dir='ltr'><strong>LECTION</strong></span> <span class='ocrx_word' id='word_1_768' title='bbox 2250 5360 2347 5415; x_wconf 87' lang='lat' dir='ltr'><strong>ES.</strong></span> 
     </span>
    </p>
   </div>
   <div class='ocr_carea' id='block_1_116' title="bbox 438 5419 941 5476">
    <p class='ocr_par' dir='ltr' id='par_1_116' title="bbox 438 5419 941 5476">
     <span class='ocr_line' id='line_1_116' title="bbox 438 5419 941 5476; baseline 0.006 -3"><span class='ocrx_word' id='word_1_769' title='bbox 438 5419 506 5454; x_wconf 70' lang='lat'><strong>559</strong></span> <span class='ocrx_word' id='word_1_770' title='bbox 540 5419 847 5475; x_wconf 90' lang='lat' dir='ltr'><strong>Dumelmie</strong></span> <span class='ocrx_word' id='word_1_771' title='bbox 886 5422 941 5476; x_wconf 80' lang='grc' dir='ltr'><strong>Ε.</strong></span> 
     </span>
    </p>
   </div>
   <div class='ocr_carea' id='block_1_117' title="bbox 1932 5532 2137 5588">
    <p class='ocr_par' dir='ltr' id='par_1_117' title="bbox 1932 5532 2137 5588">
     <span class='ocr_line' id='line_1_117' title="bbox 1932 5532 2137 5588; baseline -0.005 -2"><span class='ocrx_word' id='word_1_772' title='bbox 1932 5532 2137 5588; x_wconf 71' lang='lat' dir='ltr'><strong>NOTAE.</strong></span> 
     </span>
    </p>
   </div>
   <div class='ocr_carea' id='block_1_118' title="bbox 442 5588 1032 5664">
    <p class='ocr_par' dir='ltr' id='par_1_118' title="bbox 442 5588 1032 5664">
     <span class='ocr_line' id='line_1_118' title="bbox 442 5588 1032 5664; baseline 0.003 -21"><span class='ocrx_word' id='word_1_773' title='bbox 442 5590 454 5657; x_wconf 75' lang='grc' dir='ltr'><strong><em>ζ</em></strong></span> <span class='ocrx_word' id='word_1_774' title='bbox 459 5588 581 5659; x_wconf 85' lang='grc'><strong>586)</strong></span> <span class='ocrx_word' id='word_1_775' title='bbox 623 5589 1032 5664; x_wconf 67' lang='lat' dir='ltr'><strong>Glastingbury.</strong></span> 
     </span>
    </p>
   </div>
  </div>
