3916 6064
177 217 284 270 449

218 335 228 344 ’
323 355 688 396 ιιοιιηοιιυκ.
852 354 1195 394 rassconuu.
1346 356 1651 396 ANGLORUM.

177 432 428 504 Rngliam
459 431 564 486 sibi
589 429 859 496 subdidit,
901 429 1302 500 primogenitus
1331 453 1347 495 ;
1376 441 1430 486 ct
1451 431 1798 501 sepultusest

178 525 326 594 apud
366 520 724 575 Gloecestrie.

255 615 410 672 1135.
459 615 756 670 Lotharius
791 612 874 669 10.
903 611 1204 666 Ludovicus
1233 612 1320 665 2T3.
1356 611 1623 668 Henricus
1650 617 1681 670 Ι
1703 613 1789 671 35.

251 705 402 761 Luna
433 721 595 776 passa
647 711 734 759 est
784 703 1048 776 eclypsim
1106 705 1158 759 4.
1215 703 1350 760 Non.
1407 703 1652 760 Januarii
1707 706 1767 773 (Α

1055 214 1397 268 CllRONlCA.
1443 243 1508 252 —
1548 213 1926 268 AUC'I‘ABIUM
1969 213 2250 268 ROBEBTI
2292 214 2373 268 DE
2413 214 2652 269 MUNTE.

1821 344 1876 411 Α
1902 338 2106 393 Colmie
2172 354 2352 405 mons,

3407 224 3512 277 450

2446 339 2591 394 Pons
2673 339 2917 407 Ursonis,
3014 341 3258 398 Castrum
3333 348 3513 402 sancti

1899 427 2143 498 Dionysii
2208 427 2261 481 in
2318 428 2533 494 Leons,
2598 428 2764 481 Vallis
2833 429 3047 484 liodulti
3117 432 3259 498 (588)
3332 441 3511 489 turres

1899 522 2274 588 Ebroicarum,
2307 530 2485 577 turres
2517 522 2814 588 Alentonii,
2839 533 3016 577 turres
3042 523 3508 585 Constantiarum.

1896 611 2104 680 milli.)
2139 612 2286 666 Fecit
2311 612 2458 666 enim
2490 611 2545 665 in
2584 611 2917 666 Normauuia
2964 621 3018 667 et
3058 613 3113 666 in
3171 616 3362 686 Anglia
3397 631 3516 672 mo-

1896 708 2134 763 nasteria
2161 711 2414 782 plurima,
2442 712 2656 766 scilicet
2697 713 3090 768 monasterium
3138 713 3514 784 Radingense,

177 798 365 870 Roth.)
421 797 630 853 Ventus
694 797 1000 852 vehemens
1045 795 1221 852 factus
1275 805 1359 852 est
1413 797 1689 853 horribilis
1739 803 1793 853 et
1892 801 2288 856 monasterium
2341 793 2732 859 canonicorum
2791 804 3127 879 regularium
3176 806 3325 876 apud
3370 805 3516 861 Cire-

178 901 397 950 mentes
413 893 702 949 hominum
731 892 892 946 valde
938 891 1249 958 deterrens,
1296 899 1474 946 turres
1511 899 1569 946 et
1599 892 1793 948 domos

177 985 471 1056 dejiciens,
492 993 546 1040 et
561 985 726 1039 silvas
754 983 1064 1048 eradicans,
1117 984 1172 1036 in
1204 983 1391 1056 vigilia
1417 985 1791 1054 apostolorum

178 1073 437 1146 Symonis
475 1081 529 1130 et
579 1074 720 1130 lude
765 1073 935 1145 (587).
991 1082 1223 1129 mortem
1277 1074 1461 1148 magni
1528 1075 1796 1146 principis

182 1171 403 1226 Henrici
433 1178 487 1225 et
535 1169 702 1226 totius
732 1169 904 1240 patrie
961 1168 1238 1224 excidium
1292 1167 1539 1225 forsitam
1574 1179 1798 1241 porten-

181 1262 322 1316 dens
377 1260 541 1314 Huu'r.
573 1259 694 1330 vn)
756 1259 866 1314 Hoc
917 1258 1082 1314 etiam
1138 1264 1252 1314 toto
1293 1274 1440 1314 anno
1473 1275 1564 1314 rex
1595 1259 1798 1314 Henri-

181 1371 281 1410 cus
305 1355 571 1411 continue
601 1359 847 1409 moratus
877 1359 958 1408 est
989 1353 1044 1406 in
1076 1351 1430 1416 Normannia.
1457 1360 1511 1408 et
1541 1369 1674 1424 sepe
1691 1370 1800 1410 non

181 1444 466 1500 rediturus
494 1444 551 1498 in
591 1443 838 1514 Angliam
874 1441 1056 1497 redire
1103 1443 1482 1513 proponebat;
1515 1443 1612 1498 sed
1653 1445 1797 1499 dcti-

180 1535 351 1590 nebat
381 1551 505 1590 eum
538 1531 651 1588 ﬁlia
673 1535 794 1601 ejus
821 1531 1114 1588 discordiis
1141 1533 1326 1600 variis,
1351 1549 1458 1604 que
1479 1535 1798 1591 oriebantur

1894 899 2092 955 cestre,
2139 892 2530 947 monasterium
2595 893 2662 947 de
2713 893 2872 949 Prato
2899 895 3044 964 apud
3088 895 3511 971 Rothomagum,

1897 981 2288 1035 monasterium
2343 982 2412 1036 de
2467 983 2696 1050 ,Mortuo
2757 984 2914 1039 mari.
2998 984 3146 1038 Fecit
3193 983 3356 1040 etiam
3411 984 3517 1039 alia

1896 1069 2067 1124 multa
2123 1070 2346 1140 pietatis
2391 1086 2583 1141 opera,
2639 1088 2746 1143 que
2804 1073 2858 1126 in
2912 1073 3056 1128 libro
3108 1073 3176 1128 de
3230 1073 3342 1128 vita
3399 1073 3518 1143 ejus

1900 1157 2117 1228 plenius
2137 1160 2601 1214 enumeravimus.
2636 1160 2819 1231 (Hum.
2879 1166 3018 1230 vm.)
3070 1161 3336 1218 Defuncto
3385 1177 3516 1236 rege

1905 1250 2139 1306 Henrico
2186 1251 2332 1322 apud
2391 1251 2646 1306 Sanctum
2695 1253 3077 1308 Dionisiumin
3107 1254 3254 1308 Silva
3292 1254 3518 1310 leonum

1903 1344 1955 1396 4.
1989 1343 2106 1398 Non
2159 1343 2481 1410 Decenbris,
2509 1344 2730 1398 allatum
2761 1353 2845 1399 est
2893 1361 3094 1417 corpus
3143 1347 3264 1416 ejus
3303 1347 3360 1402 in
3386 1349 3524 1404 civi-

1904 1441 2068 1490 tatem
2103 1435 2508 1510 Rolhomagum
2538 1437 2606 1490 ab
2631 1437 3049 1508 archiepiscOpo
3081 1446 3135 1493 et
3163 1439 3440 1510 episcOpis
3470 1449 3526 1497 et

1896 1524 2192 1580 comitibus
2223 1525 2630 1590 etbaronihus,
2683 1525 2779 1597 qui
2829 1526 2985 1580 multi
3037 1539 3437 1596 convenerant,
3468 1538 3523 1586 et

179 1625 441 1697 pluribus
469 1622 651 1679 causis
693 1622 837 1678 inter
882 1638 1070 1696 regem
1119 1629 1172 1676 et
1227 1623 1508 1678 consulem
1540 1625 1799 1696 Andcga-
1900 1619 1955 1674 iu
1993 1619 2229 1674 ecclesia
2259 1627 2448 1674 sancte
2497 1619 2664 1674 Marie
2717 1630 2990 1690 apertum,
3023 1627 3078 1675 et
3125 1636 3222 1676 cor
3253 1629 3307 1676 et
3339 1623 3528 1697 lingua

180 1711 676 1778 vensem,artibus
713 1711 925 1766 scilicet
980 1709 1092 1765 tilie
1139 1725 1258 1765 sue.
1315 1711 1523 1775 Quibus
1551 1698 1960 1768 stimula—Bet
1987 1712 2200 1766 viscera
2257 1713 2384 1781 ejus
2448 1713 2502 1766 in
2564 1712 2896 1767 monasterio
2963 1712 3105 1766 Prati
3173 1722 3300 1768 ante
3357 1715 3530 1771 altare

183 1801 436 1857 tionibus
463 1818 560 1856 rex
608 1800 664 1854 in
719 1799 856 1854 iram
903 1805 957 1854 et
992 1798 1160 1854 animi
1211 1815 1497 1855 rancorem
1533 1799 1804 1856 excitatus

182 1898 270 1946 est
298 1909 314 1956 ;
339 1907 448 1964 que
479 1907 511 1946 a
542 1889 826 1949 nonnullis
887 1905 1052 1944 causa
1090 1888 1358 1944 naturalis
1405 1888 1804 1954 refridationis,

186 1989 243 2039 et
277 1993 474 2055 postea
494 1983 689 2039 mortis
738 1984 859 2053 ejus
897 1997 1061 2036 causa
1107 1981 1252 2037 dicte
1292 1988 1422 2036 sunt
1443 1981 1632 2037 fuisse.
1671 1982 1801 2037 Cum

187 2074 361 2146 igitur
403 2073 472 2128 de
498 2079 700 2127 venatu
755 2089 849 2127 rex
895 2072 1044 2126 idem
1085 2071 1319 2131 redisset
1365 2072 1512 2143 apud
1543 2071 1804 2127 Sanctum

185 2155 510 2236 Dionysium
539 2164 594 2218 in
622 2163 770 2218 Silva
817 2164 1060 2228 leonum,
1126 2162 1368 2216 comedit
1395 2177 1590 2217 carnes
1619 2179 1801 2217 mure-

185 2275 406 2324 narum,
465 2273 577 2330 que
627 2272 849 2328 semper
900 2256 950 2310 ei
1009 2257 1304 2322 nocebant,
1347 2263 1403 2312 et
1446 2271 1668 2328 semper
1711 2273 1806 2312 eas

187 2351 429 2407 amabat.
483 2349 614 2405 Cum
645 2356 827 2404 autem
883 2349 1134 2403 medicus
1168 2349 1270 2404 hoc
1299 2349 1514 2404 comedi
1548 2349 1806 2420 prohibe-

186 2447 292 2508 ret,
325 2455 439 2496 non
467 2437 752 2510 adquievit
796 2455 890 2492 rex
939 2436 1145 2492 salubri
1206 2437 1440 2494 consilio
1495 2439 1804 2494 secundum

188 2529 340 2602 quod
379 2527 585 2584 dicitur
634 2545 648 2582 :
687 2529 932 2584 Nitimur
983 2528 1043 2581 in
1093 2531 1334 2593 vetitum,
1391 2543 1598 2597 semper
1651 2530 1809 2598 cupi-

184 2638 417 2692 musque
441 2625 656 2689 negata.
683 2619 792 2675 Hec
817 2619 992 2692 igitur
1008 2619 1292 2685 comestio,
1317 2619 1541 2690 pessimi
1561 2620 1808 2675 humoris

187 2711 391 2767 illatrix
421 2718 476 2766 et
503 2708 876 2766 consimilium
916 2709 1220 2764 vehemens
1269 2709 1580 2776 excitatrix,
1635 2709 1809 2765 senile

192 2816 400 2872 corpus
425 2797 664 2854 letaliter
693 2796 985 2865 refridans,
1023 2795 1262 2851 subitam
1295 2805 1350 2852 et
1376 2813 1648 2852 summam
1683 2797 1811 2852 fecit

195 2887 688 2960 perturbationem.
737 2885 935 2941 Contra
972 2885 1122 2957 quod
1174 2892 1369 2940 natura
1399 2885 1643 2940 renitens
1673 2885 1814 2942 exci-

1906 1805 2170 1858 tumulata
2216 1811 2348 1859 sunt
2398 1819 2643 1874 ;corpus
2691 1819 2821 1859 vero
2869 1804 3146 1876 reliquum
3204 1805 3317 1860 sale
3358 1807 3531 1864 multo

1903 1909 2187 1964 aspersum
2236 1893 2403 1950 coriis
2433 1901 2518 1948 est
2565 1893 2896 1960 involutum,
2935 1899 2989 1947 et
3016 1893 3314 1948 Cadomum
3353 1905 3529 1951 trans-

1904 1988 2094 2062 latum,
2124 1981 2358 2050 etjuxta
2409 1982 2684 2036 tumulum
2739 1982 2912 2052 patris
2950 1983 3035 2037 sui
3089 1983 3143 2037 in
3190 1986 3528 2042 monasterio

1903 2073 2078 2128 sancti
2109 2071 2374 2143 Stephaui
2409 2071 2976 2142 positum,usquoquo
2992 2081 3216 2126 ventum
3249 2073 3315 2126 ad
3351 2081 3530 2128 trans-

1907 2161 2214 2216 fretandum
2255 2161 2682 2215 convenientem
2738 2167 3134 2231 exsequutores
3165 2162 3528 2232 exequiarum

1907 2249 2028 2317 ejus
2077 2250 2361 2304 haberent.
2411 2249 2555 2303 Infra
2601 2263 2735 2320 ergo
2801 2249 3095 2303 duodecim
3158 2249 3282 2304 dies
3331 2251 3530 2305 natalis

1908 2335 2124 2392 Domini
2165 2337 2440 2406 sepultum
2490 2343 2572 2391 est
2617 2337 2674 2390 in
2731 2337 3064 2392 monasterio
3112 2344 3301 2392 sancte
3363 2337 3529 2393 Marie

1910 2426 2267 2498 Radingensi,
2303 2427 2451 2498 quod
2477 2443 2512 2480 a-
2527 2425 2901 2482 fundamentis
2922 2426 3038 2497 ipse
3068 2425 3441 2494 editicaverat,
3477 2438 3531 2484 et

1908 2515 2248 2571 ornamentis
2299 2523 2356 2571 et
2407 2515 2854 2586 possessionibus
2921 2516 3208 2571 ditaverat.
3277 2517 3532 2572 Interfuit

1910 2604 2160 2676 exequiis
2211 2621 2332 2674 ejus
2387 2605 2698 2676 Stephanus
2743 2605 2856 2673 jam
2927 2621 3018 2659 rex
3069 2621 3244 2676 nepos
3283 2605 3425 2673 ejus,
3479 2614 3535 2661 et

1911 2697 2362 2768 archiepiscopus
2449 2698 2858 2752 Cantuariensis
2917 2697 3252 2761 Willermus,
3325 2708 3381 2753 et
3433 2699 3528 2753 alii

1912 2803 2172 2859 proceres
2194 2789 2371 2861 regni.
2404 2789 2689 2860 Siquidem
2721 2790 3002 2860 prodictus
3041 2790 3363 2858 Stephanus
3407 2805 3530 2845 cum

1914 2892 2063 2939 esset
2095 2883 2149 2937 in
2171 2884 2432 2940 comitatu
2485 2899 2586 2940 suo
2637 2884 2882 2949 Bolonie,
2935 2884 3120 2938 audita
3161 2892 3335 2939 morte
3357 2901 3534 2940 avun-

193 2979 330 3034 tavit
383 2977 592 3034 febrem
650 2983 887 3043 acutam,
935 2976 1003 3031 ad
1073 2976 1341 3048 impetum
1396 2976 1812 3033 dissolvendum
1844 2997 1894 3066 ρ
1917 2977 2024 3033 culi
2057 2977 2140 3032 sui
2171 2976 2796 3032 tranfretavitcitissime
2817 2975 2870 3029 in
2903 2974 3152 3048 Angliam
3188 2974 3310 3029 :vir
3339 2992 3538 3049 magne

192 3070 447 3126 materiei
511 3069 855 3146 gravissime.
907 3068 1037 3122 Cum
1077 3076 1259 3124 autem
1319 3076 1526 3124 restare
1571 3070 1723 3125 nulla
1763 3071 1814 3124 vi
1859 3063 1882 3066 ⁷
1916 3066 2264 3121 strenuitatis
2319 3073 2374 3121 et
2436 3065 2684 3120 audacie.
2754 3065 2814 3119 Et
2881 3063 3134 3136 quamvis
3199 3066 3543 3135 promisisset

196 3169 405 3232 posset,
426 3159 665 3214 decessit
691 3175 785 3214 rex
813 3173 1066 3233 magnus,
1093 3175 1218 3213 cum
1243 3167 1532 3234 regnasset
1559 3160 1630 3214 35
1656 3159 1820 3215 anuis
1917 3168 2324 3217 sacramentum
2382 3159 2666 3215 fidelitatis
2735 3157 2944 3232 Anglici
3007 3157 3163 3230 regni
3232 3158 3344 3213 tilie
3392 3161 3541 3233 regis

193 3247 626 3315 etémensibus,
666 3247 720 3302 in
746 3247 922 3317 prima
952 3248 1040 3303 die
1061 3248 1400 3304 Decembris.

194 3342 285 3411 (Η.
308 3342 479 3406 Henr,
510 3337 624 3408 35.)
679 3339 832 3406 Quod
869 3340 1137 3396 modicum
1194 3346 1458 3412 prestent,
1511 3343 1659 3412 quod
1695 3358 1818 3412 opes

1095 3435 1376 3508 [magnum
1403 3438 1576 3491 nichil
1612 3442 1815 3492 extent.

193 3523 314 3578 Rea:
336 3521 534 3592 probat
573 3523 856 3579 Henricus.
891 3527 1005 3580 Res.-
1023 3527 1208 3580 uiuens
1229 3527 1384 3595 pacis
1399 3527 1607 3581 amicus

195 3613 472 3666 Extiterat
503 3629 518 3678 ;
546 3613 814 3683 siquidem
845 3629 948 3683 pre
973 3615 1179 3668 cunctis
1209 3615 1378 3668 ditior
1404 3616 1568 3680 item,

194 3704 424 3760 Occidue
449 3707 598 3771 genti
619 3719 752 3774 quos
765 3705 995 3775 pretulit
1023 3705 1155 3759 ordo
1183 3705 1425 3774 regendi.

193 3792 406 3862 Quippe
428 3798 587 3862 pater
613 3793 821 3864 populi,
845 3809 946 3848 rea:
973 3795 1142 3847 tutela
1163 3795 1362 3863 pusilli

193 3883 336 3936 Dum
353 3883 480 3950 pius
495 3883 610 3950 ipse
633 3884 768 3948 ruit,
797 3883 941 3948 furit
969 3883 1189 3951 impius,
1223 3884 1502 3952 apprimit,
1533 3885 1674 3937 urit.

197 3972 407 4040 Anglia
443 3973 624 4040 lugeat
645 3974 792 4040 hinc,
823 3975 1194 4029 Normannica
1209 3989 1337 4041 gens
1365 3979 1491 4042 ﬂeat
1514 3976 1690 4030 illinc.

199 4060 437 4125 Occidis,
465 4063 712 4127 Hatrice,
734 4065 858 4115 tunc
867 4077 1010 4130 pax,
1040 4077 1182 4118 nunc
1211 4062 1388 4118 luctus
1408 4065 1648 4132 utrique.

199 4149 316 4215 Quo
333 4148 470 4204 dum
497 4150 640 4204 dura
655 4150 1021 4219 febrisprimu
1044 4151 1141 4204 sub
1171 4155 1321 4205 nocte
1346 4153 1644 4206 Decembris

197 4240 462 4296 Hundum
487 4243 735 4310 nudavit,
757 4241 958 4296 mundo
983 4243 1131 4296 mala
1159 4244 1570 4312 multiplicauit.

198 4332 390 4398 Sensu,
419 4333 656 4400 diuitiis,
682 4335 860 4400 aditu,
885 4333 1106 4400 feritate
1131 4334 1363 4401 decenti,

198 4422 361 4488 Mire,
379 4422 510 4491 plus
546 4423 717 4489 dictu,
747 4424 859 4476 vim
878 4425 1170 4492 perpessis,
1194 4424 1490 4490 scelerosis,

201 4514 512 4582 Eccellens,
540 4515 794 4586 locuples,
822 4515 973 4568 haud
1007 4509 1278 4584 difﬁcilis,
1316 4518 1656 4584 reverendus,

202 4607 308 4660 Hic
318 4606 469 4675 jacet
494 4608 765 4663 Henricus
788 4621 908 4669 rear,
932 4608 1208 4677 quondam
1231 4624 1370 4678 pum,
1401 4609 1559 4663 decus
1585 4609 1729 4664 orbis

1921 3250 2164 3315 Henrici,
2197 3257 2380 3305 tamen
2401 3251 2465 3284 ⁵⁶¹
2499 3248 2653 3322 regni
2676 3248 2932 3302 diadema
2951 3248 3173 3301 audatia
3195 3265 3294 3303 sua
3315 3250 3537 3305 invasit.

1921 3339 2241 3394 Willermus
2297 3337 2704 3392 Cantuariensis
2747 3336 3227 3407 archiepiscopus,
3283 3338 3377 3408 qui
3429 3341 3544 3410 pri-

1919 3449 2042 3488 mus
2066 3439 2470 3488 sacramentum
2500 3433 2614 3486 tilie
2655 3431 2800 3505 regis
2844 3432 3068 3497 fecerat,
3116 3448 3241 3486 eum
3263 3433 3316 3486 in
3343 3448 3529 3507 regem

1919 3521 2221 3596 benedixit,
2256 3527 2310 3574 et
2332 3528 2454 3592 post
2478 3537 2683 3575 annum
2716 3536 2827 3576 non
2851 3520 3000 3576 vixit.
3022 3520 3288 3594 Rogerius
3317 3521 3545 3594 Magnus

1923 3612 2357 3668 Salesberiensis
2415 3613 2732 3684 episcOpus,
2798 3613 2892 3682 qui
2945 3612 3224 3666 secundus
3264 3612 3366 3668 hoc
3395 3613 3540 3668 idem

1927 3702 2132 3757 fecerat
2153 3708 2206 3756 et
2236 3701 2498 3756 omnibus
2517 3701 2641 3756 aliis
2671 3700 3092 3771 predictaverat.
3123 3699 3379 3755 diadema
3419 3702 3546 3757 eiet

1925 3793 2070 3848 vires
2125 3792 2314 3846 auxilii
2362 3792 2446 3846 sui
2486 3791 2697 3846 tribuit.
2755 3790 2909 3846 Unde
2968 3798 3180 3862 postea,
3243 3791 3391 3860 justo
3451 3793 3545 3848 Dei

1918 3881 2150 3951 judicio,
2180 3881 2250 3936 ab
2275 3881 2495 3945 eodem,
2520 3895 2682 3951 quem
2734 3881 2940 3936 creavit
2991 3880 3044 3934 in
3099 3895 3308 3954 regem,
3341 3890 3538 3952 captus

1925 3981 1980 4028 et
2024 3973 2387 4037 excruciatus,
2433 3973 2810 4027 miserandum
2866 3972 3092 4028 sortitus
3149 3980 3230 4027 est
3277 3974 3548 4029 extermi-

1925 4063 2096 4117 nium.
2131 4061 2236 4116 Sed
2268 4061 2400 4132 quid
2433 4076 2612 4117 morer
2668 4060 2696 4113 ?
2725 4061 2932 4116 Omnes
2992 4061 3086 4133 qui
3137 4068 3546 4117 sacramentum

1927 4153 2183 4222 inierant,
2214 4157 2320 4205 tam
2350 4151 2598 4222 presules
2628 4166 2791 4222 quam
2851 4151 3127 4219 consules,
3161 4151 3229 4206 ad
3247 4151 3379 4223 quid
3421 4151 3554 4208 inde

1924 4239 2179 4295 venerint
2213 4240 2566 4312 perspicuum
2621 4249 2726 4298 est.
2773 4241 2864 4312 (Η.
2896 4245 3086 4310 Henr.)
3137 4241 3334 4296 Audita
3380 4250 3556 4298 morte

1846 4333 2072 4440 Dregis
2139 4333 2378 4401 Henrici,
2442 4350 2628 4391 comes
2674 4335 3092 4408 Andegavensis
3148 4345 3204 4390 et
3250 4351 3387 4391 uxor
3437 4337 3559 4404 eius

1925 4426 2184 4491 Matildis,
2225 4426 2338 4482 tilia
2370 4427 2621 4496 ejusdem
2666 4427 3066 4501 regis,absque
3096 4427 3209 4481 ulla
3226 4427 3555 4482 difﬁcultate

1924 4521 2150 4577 castella
2171 4520 2504 4577 Normannie
2560 4521 2945 4585 obtinuerunt,
2975 4519 3235 4574 videlicet
3272 4519 3551 4576 Danfron-

1926 4619 2058 4677 tem,
2125 4609 2525 4683 Argentolium,
2581 4609 2852 4674 Oximum,
2919 4607 3233 4675 Ambreras;
3297 4607 3546 4672 Gorram,

279 4699 358 4767 (Ib
410 4699 528 4770 31.)
556 4699 791 4754 Nomina
845 4699 1216 4767 castellorum,
1269 4716 1377 4771 que
1418 4700 1473 4755 in
1492 4700 1826 4755 Normannia
1927 4700 2133 4756 Colmie
2166 4707 2426 4756 montem.
2461 4699 2567 4754 lsta
2625 4699 2724 4754 tria
2775 4699 2969 4754 ultimo
2999 4698 3282 4754 nominata
3314 4698 3544 4755 interim

206 4789 512 4866 exiutegro
549 4791 676 4847 fecit
701 4808 794 4848 rex
837 4792 1102 4849 Henricus
1135 4792 1188 4859 in
1223 4793 1472 4866 margine
1501 4791 1676 4862 ipsius
1705 4809 1827 4863 pro~

1925 4803 2113 4843 comes
2139 4786 2641 4842 concessitGihello
2672 4786 2742 4841 de
2756 4785 3043 4853 Meduana,
3063 4786 3165 4842 hac
3193 4785 3548 4852 conditione,

206 4877 412 4945 vincie,
446 4879 546 4936 hec
567 4886 698 4935 sunt
729 4898 743 4934 :
773 4881 1096 4947 Drincurtis,
1147 4880 1354 4936 Novum
1376 4890 1617 4936 castrum
1658 4897 1828 4952 super
1925 4891 1987 4936 ut
2019 4881 2135 4952 ipse
2167 4897 2292 4936 eum
2335 4881 2574 4936 ﬁdeliter
2603 4880 2889 4952 adjuvaret
2917 4880 2972 4935 in
3003 4881 3352 4953 adquirendo
3378 4881 3549 4937 here-

206 4966 422 5038 Eptam,
461 4967 1253 5036 Vernolium,Nonanticurtis,
1306 4970 1824 5034 Bonmolendinum,

1928 4969 2153 5024 ditatem
2185 4969 2371 5024 uxoris
2390 4984 2490 5025 sue
2515 4977 2572 5024 et
2601 4967 2836 5024 ﬁliorum
2865 4985 3114 5026 suorum.
3141 4969 3369 5026 Dicebat
3396 4968 3547 5024 enim

1561 5097 1782 5152 VARUE
1817 5097 2197 5153 LECTIONES.

281 5191 354 5269 εξ)
382 5198 588 5269 turrem
610 5193 664 5269 S.
697 5195 966 5250 Johannis
985 5196 1140 5269 juxta
1168 5203 1411 5269 montem
1444 5196 1499 5269 S.
1533 5196 1817 5251 Michaelis
1857 5205 1912 5269 et
1965 5196 2100 5251 alias
2144 5196 2352 5269 plures,
2402 5213 2540 5269 quas
2559 5213 2727 5268 supra
2757 5197 3310 5254 commemoravimus
3341 5194 3552 5252 addunt

209 5263 270 5338 4.
293 5263 387 5338 ῃ).
419 5263 512 5320 8d.
543 5267 743 5322 Ibidem
767 5263 1046 5337 sequentia
1081 5267 1312 5322 Fecit—
1335 5267 1569 5338 plurima
1598 5270 1808 5324 desunt.
1866 5267 2011 5324 Fecit
2035 5299 2094 5308 —
2123 5263 2521 5324 canonicor'um
2555 5285 2615 5324 re
2631 5263 2702 5324 'in
2729 5285 2930 5325 rasura
2985 5271 3261 5338 Rolbertus
3288 5270 3434 5322 circa
3485 5282 3540 5338 α,

213 5334 367 5414 1j8§
395 5339 657 5414 correxit.
687 5339 752 5373 ⁵⁶¹
783 5334 915 5414 ante
935 5345 987 5394 et
1018 5346 1136 5414 post
1168 5334 1353 5414 tamen
1375 5342 1447 5414 in
1473 5339 1508 5392 E
1570 5355 1790 5414 erasum
1829 5347 1906 5396 est
1959 5341 2164 5409 aliquid
2194 5357 2206 5393 :
2240 5339 2410 5414 fretus
2468 5350 2652 5396 tamen
2673 5341 2859 5414 vigore
2883 5346 2937 5395 et
2990 5337 3340 5412 prudentiam
3383 5337 3546 5410 regni

207 5405 300 5460 7b.
335 5406 428 5460 8d.
454 5408 502 5461 t'r
564 5416 747 5464 tamen
781 5410 968 5485 vigore
998 5405 1055 5466 et
1077 5409 1444 5482 impudentia,
1486 5410 1641 5484 regni
1663 5411 1716 5465 2.
1749 5418 1801 5466 et
1832 5405 2092 5467 Henricus
2119 5412 2418 5481 IIunlinqd.

1779 5515 1984 5572 ΝΟΤᾸΞ.

285 5609 434 5682 (587)
468 5611 530 5667 D.
556 5611 625 5667 2'7
665 5611 766 5669 Oct

2027 5615 2175 5686 (588)
2206 5614 2528 5673 Vaudreuil.
2560 5612 2758 5680 BOUQ.
