  <div class='ocr_page' id='page_1' title='image "/cluster/home/n/w/nwhite01/storage/ocr_20150623/160/hvd.32044054760186/231.png"; bbox 0 0 3916 6064; ppageno 0'>
   <div class='ocr_carea' id='block_1_1' title="bbox 402 210 500 265">
    <p class='ocr_par' dir='ltr' id='par_1_1' title="bbox 402 210 500 265">
     <span class='ocr_line' id='line_1_1' title="bbox 402 210 500 265; baseline -0.02 0"><span class='ocrx_word' id='word_1_1' title='bbox 402 210 500 265; x_wconf 75' lang='grc'>451</span> 
     </span>
    </p>
   </div>
   <div class='ocr_carea' id='block_1_2' title="bbox 528 343 1852 388">
    <p class='ocr_par' dir='ltr' id='par_1_2' title="bbox 528 343 1852 388">
     <span class='ocr_line' id='line_1_2' title="bbox 528 343 1852 388; baseline -0.004 0"><span class='ocrx_word' id='word_1_2' title='bbox 528 346 881 388; x_wconf 71' lang='lat' dir='ltr'>ROMANORUM.</span> <span class='ocrx_word' id='word_1_3' title='bbox 1038 343 1385 385; x_wconf 68' lang='lat' dir='ltr'>FRANCORUU.</span> <span class='ocrx_word' id='word_1_4' title='bbox 1542 344 1852 383; x_wconf 75' lang='lat' dir='ltr'>ANGLORUM.</span> 
     </span>
    </p>
   </div>
   <div class='ocr_carea' id='block_1_3' title="bbox 385 420 1998 493">
    <p class='ocr_par' dir='ltr' id='par_1_3' title="bbox 385 420 1998 493">
     <span class='ocr_line' id='line_1_3' title="bbox 385 420 1998 493; baseline -0.004 -12"><span class='ocrx_word' id='word_1_5' title='bbox 385 428 531 481; x_wconf 91' lang='lat' dir='ltr'>idem</span> <span class='ocrx_word' id='word_1_6' title='bbox 569 424 833 488; x_wconf 88' lang='lat' dir='ltr'>Gihellus,</span> <span class='ocrx_word' id='word_1_7' title='bbox 892 422 985 476; x_wconf 87' lang='lat' dir='ltr'>illa</span> <span class='ocrx_word' id='word_1_8' title='bbox 1024 422 1231 493; x_wconf 87' lang='lat' dir='ltr'>oppida</span> <span class='ocrx_word' id='word_1_9' title='bbox 1260 437 1383 476; x_wconf 90' lang='lat' dir='ltr'>esse</span> <span class='ocrx_word' id='word_1_10' title='bbox 1412 421 1469 475; x_wconf 90' lang='lat' dir='ltr'>in</span> <span class='ocrx_word' id='word_1_11' title='bbox 1511 427 1655 476; x_wconf 90' lang='lat' dir='ltr'>terra</span> <span class='ocrx_word' id='word_1_12' title='bbox 1702 437 1824 476; x_wconf 90' lang='lat' dir='ltr'>sua.</span> <span class='ocrx_word' id='word_1_13' title='bbox 1852 420 1998 475; x_wconf 82' lang='lat' dir='ltr'>Red-</span> 
     </span>
    </p>
   </div>
   <div class='ocr_carea' id='block_1_4' title="bbox 384 508 1998 584">
    <p class='ocr_par' dir='ltr' id='par_1_4' title="bbox 384 508 1998 584">
     <span class='ocr_line' id='line_1_4' title="bbox 384 508 1998 584; baseline -0.004 -13"><span class='ocrx_word' id='word_1_14' title='bbox 384 517 498 571; x_wconf 91' lang='lat' dir='ltr'>dite</span> <span class='ocrx_word' id='word_1_15' title='bbox 549 523 676 570; x_wconf 91' lang='lat' dir='ltr'>sunt</span> <span class='ocrx_word' id='word_1_16' title='bbox 718 514 881 569; x_wconf 88' lang='lat' dir='ltr'>etiam</span> <span class='ocrx_word' id='word_1_17' title='bbox 940 512 1187 584; x_wconf 84' lang='lat' dir='ltr'>predicto</span> <span class='ocrx_word' id='word_1_18' title='bbox 1241 510 1429 566; x_wconf 90' lang='lat' dir='ltr'>comiti</span> <span class='ocrx_word' id='word_1_19' title='bbox 1468 520 1663 565; x_wconf 84' lang='lat' dir='ltr'>omnes</span> <span class='ocrx_word' id='word_1_20' title='bbox 1709 508 1998 566; x_wconf 89' lang='lat' dir='ltr'>ﬁrmitates</span> 
     </span>
    </p>
   </div>
   <div class='ocr_carea' id='block_1_5' title="bbox 380 601 1996 671">
    <p class='ocr_par' dir='ltr' id='par_1_5' title="bbox 380 601 1996 671">
     <span class='ocr_line' id='line_1_5' title="bbox 380 601 1996 671; baseline -0.004 -8"><span class='ocrx_word' id='word_1_21' title='bbox 380 606 648 663; x_wconf 88' lang='lat' dir='ltr'>Willermi</span> <span class='ocrx_word' id='word_1_22' title='bbox 678 607 898 660; x_wconf 88' lang='lat' dir='ltr'>Talevat</span> <span class='ocrx_word' id='word_1_23' title='bbox 952 603 1170 659; x_wconf 87' lang='lat' dir='ltr'>comitis</span> <span class='ocrx_word' id='word_1_24' title='bbox 1213 601 1449 668; x_wconf 81' lang='lat' dir='ltr'>Pontivi,</span> <span class='ocrx_word' id='word_1_25' title='bbox 1497 617 1636 671; x_wconf 89' lang='lat' dir='ltr'>quas</span> <span class='ocrx_word' id='word_1_26' title='bbox 1663 601 1905 657; x_wconf 76' lang='lat' dir='ltr'>habebat</span> <span class='ocrx_word' id='word_1_27' title='bbox 1939 602 1996 656; x_wconf 90' lang='lat' dir='ltr'>in</span> 
     </span>
    </p>
   </div>
   <div class='ocr_carea' id='block_1_6' title="bbox 383 688 1994 765">
    <p class='ocr_par' dir='ltr' id='par_1_6' title="bbox 383 688 1994 765">
     <span class='ocr_line' id='line_1_6' title="bbox 383 688 1994 765; baseline -0.002 -15"><span class='ocrx_word' id='word_1_28' title='bbox 383 696 739 763; x_wconf 88' lang='lat' dir='ltr'>Normannia,</span> <span class='ocrx_word' id='word_1_29' title='bbox 785 709 923 765; x_wconf 91' lang='lat' dir='ltr'>quas</span> <span class='ocrx_word' id='word_1_30' title='bbox 976 709 1066 746; x_wconf 77' lang='lat' dir='ltr'>rex</span> <span class='ocrx_word' id='word_1_31' title='bbox 1097 690 1362 746; x_wconf 81' lang='lat' dir='ltr'>Henricus</span> <span class='ocrx_word' id='word_1_32' title='bbox 1416 688 1655 745; x_wconf 82' lang='lat' dir='ltr'>habebat</span> <span class='ocrx_word' id='word_1_33' title='bbox 1714 690 1770 745; x_wconf 92' lang='lat' dir='ltr'>in</span> <span class='ocrx_word' id='word_1_34' title='bbox 1829 707 1994 746; x_wconf 87' lang='lat' dir='ltr'>manu</span> 
     </span>
    </p>
   </div>
   <div class='ocr_carea' id='block_1_7' title="bbox 380 779 1999 851">
    <p class='ocr_par' dir='ltr' id='par_1_7' title="bbox 380 779 1999 851">
     <span class='ocr_line' id='line_1_7' title="bbox 380 779 1999 851; baseline -0.004 -10"><span class='ocrx_word' id='word_1_35' title='bbox 380 802 484 841; x_wconf 89' lang='lat' dir='ltr'>sua</span> <span class='ocrx_word' id='word_1_36' title='bbox 507 792 635 841; x_wconf 83' lang='lat' dir='ltr'>ante</span> <span class='ocrx_word' id='word_1_37' title='bbox 665 792 894 840; x_wconf 90' lang='lat' dir='ltr'>mortem</span> <span class='ocrx_word' id='word_1_38' title='bbox 919 798 1095 848; x_wconf 85' lang='lat' dir='ltr'>suam,</span> <span class='ocrx_word' id='word_1_39' title='bbox 1128 787 1182 835; x_wconf 91' lang='lat' dir='ltr'>et</span> <span class='ocrx_word' id='word_1_40' title='bbox 1219 797 1249 835; x_wconf 92' lang='lat' dir='ltr'>a</span> <span class='ocrx_word' id='word_1_41' title='bbox 1288 779 1491 851; x_wconf 86' lang='lat' dir='ltr'>quibus</span> <span class='ocrx_word' id='word_1_42' title='bbox 1512 780 1824 835; x_wconf 78' lang='lat' dir='ltr'>exulaverat</span> <span class='ocrx_word' id='word_1_43' title='bbox 1854 797 1999 835; x_wconf 86' lang='lat' dir='ltr'>eun—</span> 
     </span>
    </p>
   </div>
   <div class='ocr_carea' id='block_1_8' title="bbox 382 869 2001 941">
    <p class='ocr_par' dir='ltr' id='par_1_8' title="bbox 382 869 2001 941">
     <span class='ocr_line' id='line_1_8' title="bbox 382 869 2001 941; baseline -0.003 -12"><span class='ocrx_word' id='word_1_44' title='bbox 382 874 509 929; x_wconf 91' lang='lat' dir='ltr'>dem</span> <span class='ocrx_word' id='word_1_45' title='bbox 538 873 902 929; x_wconf 87' lang='lat' dir='ltr'>Willermum.</span> <span class='ocrx_word' id='word_1_46' title='bbox 936 871 995 925; x_wconf 89' lang='lat' dir='ltr'>Et</span> <span class='ocrx_word' id='word_1_47' title='bbox 1026 871 1153 925; x_wconf 89' lang='lat' dir='ltr'>ideo</span> <span class='ocrx_word' id='word_1_48' title='bbox 1205 870 1486 941; x_wconf 88' lang='lat' dir='ltr'>aliquanta</span> <span class='ocrx_word' id='word_1_49' title='bbox 1513 870 1792 925; x_wconf 82' lang='lat' dir='ltr'>discordia</span> <span class='ocrx_word' id='word_1_50' title='bbox 1824 869 2001 925; x_wconf 84' lang='lat' dir='ltr'>fuerat</span> 
     </span>
    </p>
   </div>
   <div class='ocr_carea' id='block_1_9' title="bbox 383 960 2000 1037">
    <p class='ocr_par' dir='ltr' id='par_1_9' title="bbox 383 960 2000 1037">
     <span class='ocr_line' id='line_1_9' title="bbox 383 960 2000 1037; baseline -0.006 -15"><span class='ocrx_word' id='word_1_51' title='bbox 383 968 529 1022; x_wconf 91' lang='lat' dir='ltr'>inter</span> <span class='ocrx_word' id='word_1_52' title='bbox 549 979 733 1037; x_wconf 81' lang='lat' dir='ltr'>regem</span> <span class='ocrx_word' id='word_1_53' title='bbox 748 973 801 1018; x_wconf 91' lang='lat' dir='ltr'>et</span> <span class='ocrx_word' id='word_1_54' title='bbox 828 960 1086 1017; x_wconf 91' lang='lat' dir='ltr'>comitem</span> <span class='ocrx_word' id='word_1_55' title='bbox 1120 968 1173 1016; x_wconf 91' lang='lat' dir='ltr'>et</span> <span class='ocrx_word' id='word_1_56' title='bbox 1200 960 1605 1032; x_wconf 89' lang='lat' dir='ltr'>imperatricem</span> <span class='ocrx_word' id='word_1_57' title='bbox 1618 970 1746 1016; x_wconf 89' lang='lat' dir='ltr'>ante</span> <span class='ocrx_word' id='word_1_58' title='bbox 1769 969 2000 1015; x_wconf 88' lang='lat' dir='ltr'>mortem</span> 
     </span>
    </p>
   </div>
   <div class='ocr_carea' id='block_1_10' title="bbox 386 1050 1999 1128">
    <p class='ocr_par' dir='ltr' id='par_1_10' title="bbox 386 1050 1999 1128">
     <span class='ocr_line' id='line_1_10' title="bbox 386 1050 1999 1128; baseline -0.006 -16"><span class='ocrx_word' id='word_1_59' title='bbox 386 1058 559 1128; x_wconf 83' lang='lat' dir='ltr'>ipsius</span> <span class='ocrx_word' id='word_1_60' title='bbox 588 1055 755 1128; x_wconf 85' lang='lat' dir='ltr'>regis,</span> <span class='ocrx_word' id='word_1_61' title='bbox 785 1052 915 1124; x_wconf 85' lang='lat' dir='ltr'>quia</span> <span class='ocrx_word' id='word_1_62' title='bbox 954 1052 1179 1107; x_wconf 81' lang='lat' dir='ltr'>nolebat</span> <span class='ocrx_word' id='word_1_63' title='bbox 1230 1051 1460 1105; x_wconf 90' lang='lat' dir='ltr'>reddere</span> <span class='ocrx_word' id='word_1_64' title='bbox 1492 1050 1773 1105; x_wconf 87' lang='lat' dir='ltr'>Willermo</span> <span class='ocrx_word' id='word_1_65' title='bbox 1816 1065 1999 1104; x_wconf 86' lang='lat' dir='ltr'>cassa-</span> 
     </span>
    </p>
   </div>
   <div class='ocr_carea' id='block_1_11' title="bbox 385 1139 2002 1210">
    <p class='ocr_par' dir='ltr' id='par_1_11' title="bbox 385 1139 2002 1210">
     <span class='ocr_line' id='line_1_11' title="bbox 385 1139 2002 1210; baseline -0.006 -8"><span class='ocrx_word' id='word_1_66' title='bbox 385 1154 632 1202; x_wconf 91' lang='lat' dir='ltr'>mentum</span> <span class='ocrx_word' id='word_1_67' title='bbox 662 1160 839 1199; x_wconf 92' lang='lat' dir='ltr'>suum.</span> <span class='ocrx_word' id='word_1_68' title='bbox 882 1143 1007 1196; x_wconf 88' lang='lat' dir='ltr'>Erat</span> <span class='ocrx_word' id='word_1_69' title='bbox 1061 1150 1114 1197; x_wconf 89' lang='lat' dir='ltr'>et</span> <span class='ocrx_word' id='word_1_70' title='bbox 1159 1142 1266 1196; x_wconf 89' lang='lat' dir='ltr'>alia</span> <span class='ocrx_word' id='word_1_71' title='bbox 1313 1157 1479 1195; x_wconf 88' lang='lat' dir='ltr'>causa</span> <span class='ocrx_word' id='word_1_72' title='bbox 1511 1139 1685 1210; x_wconf 83' lang='lat' dir='ltr'>ipsius</span> <span class='ocrx_word' id='word_1_73' title='bbox 1724 1139 2002 1194; x_wconf 78' lang='lat' dir='ltr'>discordia</span> 
     </span>
    </p>
   </div>
   <div class='ocr_carea' id='block_1_12' title="bbox 385 1226 2001 1308">
    <p class='ocr_par' dir='ltr' id='par_1_12' title="bbox 385 1226 2001 1308">
     <span class='ocr_line' id='line_1_12' title="bbox 385 1226 2001 1308; baseline -0.006 -17"><span class='ocrx_word' id='word_1_74' title='bbox 385 1238 578 1308; x_wconf 87' lang='lat' dir='ltr'>major,</span> <span class='ocrx_word' id='word_1_75' title='bbox 621 1234 751 1306; x_wconf 87' lang='lat' dir='ltr'>quia</span> <span class='ocrx_word' id='word_1_76' title='bbox 788 1250 880 1288; x_wconf 87' lang='lat' dir='ltr'>rex</span> <span class='ocrx_word' id='word_1_77' title='bbox 921 1231 1147 1287; x_wconf 87' lang='lat' dir='ltr'>nolebat</span> <span class='ocrx_word' id='word_1_78' title='bbox 1187 1229 1364 1285; x_wconf 89' lang='lat' dir='ltr'>facere</span> <span class='ocrx_word' id='word_1_79' title='bbox 1415 1227 1735 1283; x_wconf 87' lang='lat' dir='ltr'>ﬁdelitatem</span> <span class='ocrx_word' id='word_1_80' title='bbox 1770 1226 1879 1282; x_wconf 92' lang='lat' dir='ltr'>ﬁlie</span> <span class='ocrx_word' id='word_1_81' title='bbox 1902 1243 2001 1283; x_wconf 90' lang='lat' dir='ltr'>sue</span> 
     </span>
    </p>
   </div>
   <div class='ocr_carea' id='block_1_13' title="bbox 381 1320 1999 1396">
    <p class='ocr_par' dir='ltr' id='par_1_13' title="bbox 381 1320 1999 1396">
     <span class='ocr_line' id='line_1_13' title="bbox 381 1320 1999 1396; baseline -0.006 -13"><span class='ocrx_word' id='word_1_82' title='bbox 381 1338 436 1385; x_wconf 89' lang='lat' dir='ltr'>et</span> <span class='ocrx_word' id='word_1_83' title='bbox 463 1330 660 1383; x_wconf 89' lang='lat' dir='ltr'>marito</span> <span class='ocrx_word' id='word_1_84' title='bbox 691 1328 813 1396; x_wconf 85' lang='lat' dir='ltr'>ejus</span> <span class='ocrx_word' id='word_1_85' title='bbox 843 1325 989 1381; x_wconf 89' lang='lat' dir='ltr'>idem</span> <span class='ocrx_word' id='word_1_86' title='bbox 1017 1321 1346 1394; x_wconf 85' lang='lat' dir='ltr'>requirenti,</span> <span class='ocrx_word' id='word_1_87' title='bbox 1394 1321 1463 1375; x_wconf 90' lang='lat' dir='ltr'>de</span> <span class='ocrx_word' id='word_1_88' title='bbox 1488 1320 1744 1375; x_wconf 90' lang='lat' dir='ltr'>omnibus</span> <span class='ocrx_word' id='word_1_89' title='bbox 1763 1320 1999 1375; x_wconf 90' lang='lat' dir='ltr'>ﬁrmita-</span> 
     </span>
    </p>
   </div>
   <div class='ocr_carea' id='block_1_14' title="bbox 384 1416 2004 1490">
    <p class='ocr_par' dir='ltr' id='par_1_14' title="bbox 384 1416 2004 1490">
     <span class='ocr_line' id='line_1_14' title="bbox 384 1416 2004 1490; baseline -0.004 -13"><span class='ocrx_word' id='word_1_90' title='bbox 384 1419 886 1478; x_wconf 87' lang='lat' dir='ltr'>tibusNormannie</span> <span class='ocrx_word' id='word_1_91' title='bbox 941 1426 995 1474; x_wconf 89' lang='lat' dir='ltr'>et</span> <span class='ocrx_word' id='word_1_92' title='bbox 1048 1417 1261 1489; x_wconf 87' lang='lat' dir='ltr'>Anglic.</span> <span class='ocrx_word' id='word_1_93' title='bbox 1324 1416 1434 1472; x_wconf 84' lang='lat' dir='ltr'>iloc</span> <span class='ocrx_word' id='word_1_94' title='bbox 1465 1418 1613 1471; x_wconf 87' lang='lat' dir='ltr'>enim</span> <span class='ocrx_word' id='word_1_95' title='bbox 1649 1417 2004 1490; x_wconf 79' lang='lat' dir='ltr'>requirebant</span> 
     </span>
    </p>
   </div>
   <div class='ocr_carea' id='block_1_15' title="bbox 383 1509 2005 1587">
    <p class='ocr_par' dir='ltr' id='par_1_15' title="bbox 383 1509 2005 1587">
     <span class='ocr_line' id='line_1_15' title="bbox 383 1509 2005 1587; baseline -0.002 -18"><span class='ocrx_word' id='word_1_96' title='bbox 383 1523 612 1587; x_wconf 92' lang='lat' dir='ltr'>pr0pter</span> <span class='ocrx_word' id='word_1_97' title='bbox 633 1512 776 1569; x_wconf 94' lang='lat' dir='ltr'>ﬁlios</span> <span class='ocrx_word' id='word_1_98' title='bbox 812 1527 962 1577; x_wconf 90' lang='lat' dir='ltr'>suos,</span> <span class='ocrx_word' id='word_1_99' title='bbox 992 1509 1086 1581; x_wconf 87' lang='lat' dir='ltr'>qui</span> <span class='ocrx_word' id='word_1_100' title='bbox 1147 1515 1303 1562; x_wconf 88' lang='lat' dir='ltr'>erant</span> <span class='ocrx_word' id='word_1_101' title='bbox 1329 1509 1559 1583; x_wconf 90' lang='lat' dir='ltr'>legitimi</span> <span class='ocrx_word' id='word_1_102' title='bbox 1593 1511 1828 1566; x_wconf 88' lang='lat' dir='ltr'>heredes</span> <span class='ocrx_word' id='word_1_103' title='bbox 1857 1511 2005 1586; x_wconf 87' lang='lat' dir='ltr'>regis</span> 
     </span>
    </p>
   </div>
   <div class='ocr_carea' id='block_1_16' title="bbox 386 1604 2005 1680">
    <p class='ocr_par' dir='ltr' id='par_1_16' title="bbox 386 1604 2005 1680">
     <span class='ocr_line' id='line_1_16' title="bbox 386 1604 2005 1680; baseline -0.002 -16"><span class='ocrx_word' id='word_1_104' title='bbox 386 1610 623 1665; x_wconf 83' lang='lat' dir='ltr'>Henrici.</span> <span class='ocrx_word' id='word_1_105' title='bbox 666 1608 860 1664; x_wconf 89' lang='lat' dir='ltr'>Comes</span> <span class='ocrx_word' id='word_1_106' title='bbox 920 1621 1050 1661; x_wconf 87' lang='lat' dir='ltr'>vero</span> <span class='ocrx_word' id='word_1_107' title='bbox 1109 1604 1404 1659; x_wconf 86' lang='lat' dir='ltr'>Gaufridus</span> <span class='ocrx_word' id='word_1_108' title='bbox 1459 1604 1700 1680; x_wconf 87' lang='lat' dir='ltr'>benigne</span> <span class='ocrx_word' id='word_1_109' title='bbox 1762 1607 2005 1661; x_wconf 77' lang='lat' dir='ltr'>reddidit</span> 
     </span>
    </p>
   </div>
   <div class='ocr_carea' id='block_1_17' title="bbox 386 1696 1997 1774">
    <p class='ocr_par' dir='ltr' id='par_1_17' title="bbox 386 1696 1997 1774">
     <span class='ocr_line' id='line_1_17' title="bbox 386 1696 1997 1774; baseline -0.002 -17"><span class='ocrx_word' id='word_1_110' title='bbox 386 1701 610 1757; x_wconf 89' lang='lat' dir='ltr'>easdem</span> <span class='ocrx_word' id='word_1_111' title='bbox 642 1698 927 1754; x_wconf 77' lang='lat' dir='ltr'>ﬁrmitates</span> <span class='ocrx_word' id='word_1_112' title='bbox 954 1696 1198 1768; x_wconf 89' lang='lat' dir='ltr'>predicto</span> <span class='ocrx_word' id='word_1_113' title='bbox 1244 1696 1550 1752; x_wconf 87' lang='lat' dir='ltr'>Willermo.</span> <span class='ocrx_word' id='word_1_114' title='bbox 1615 1697 1824 1754; x_wconf 81' lang='lat' dir='ltr'>Mortuo</span> <span class='ocrx_word' id='word_1_115' title='bbox 1849 1716 1997 1774; x_wconf 87' lang='lat' dir='ltr'>rege,</span> 
     </span>
    </p>
   </div>
   <div class='ocr_carea' id='block_1_18' title="bbox 384 1789 1999 1864">
    <p class='ocr_par' dir='ltr' id='par_1_18' title="bbox 384 1789 1999 1864">
     <span class='ocr_line' id='line_1_18' title="bbox 384 1789 1999 1864; baseline -0.002 -16"><span class='ocrx_word' id='word_1_116' title='bbox 384 1792 776 1864; x_wconf 90' lang='lat' dir='ltr'>utpredictum</span> <span class='ocrx_word' id='word_1_117' title='bbox 822 1798 925 1855; x_wconf 91' lang='lat' dir='ltr'>est,</span> <span class='ocrx_word' id='word_1_118' title='bbox 984 1790 1277 1860; x_wconf 86' lang='lat' dir='ltr'>Optimates</span> <span class='ocrx_word' id='word_1_119' title='bbox 1334 1789 1671 1844; x_wconf 85' lang='lat' dir='ltr'>Normannie</span> <span class='ocrx_word' id='word_1_120' title='bbox 1704 1789 1999 1845; x_wconf 85' lang='lat' dir='ltr'>confestim</span> 
     </span>
    </p>
   </div>
   <div class='ocr_carea' id='block_1_19' title="bbox 383 1878 1999 1953">
    <p class='ocr_par' dir='ltr' id='par_1_19' title="bbox 383 1878 1999 1953">
     <span class='ocr_line' id='line_1_19' title="bbox 383 1878 1999 1953; baseline -0.002 -15"><span class='ocrx_word' id='word_1_121' title='bbox 383 1884 653 1938; x_wconf 91' lang='lat' dir='ltr'>miserunt</span> <span class='ocrx_word' id='word_1_122' title='bbox 682 1888 911 1953; x_wconf 88' lang='lat' dir='ltr'>pr0pter</span> <span class='ocrx_word' id='word_1_123' title='bbox 960 1880 1222 1934; x_wconf 90' lang='lat' dir='ltr'>comitem</span> <span class='ocrx_word' id='word_1_124' title='bbox 1280 1878 1609 1942; x_wconf 87' lang='lat' dir='ltr'>Tebaldum,</span> <span class='ocrx_word' id='word_1_125' title='bbox 1663 1886 1726 1934; x_wconf 89' lang='lat' dir='ltr'>ut</span> <span class='ocrx_word' id='word_1_126' title='bbox 1770 1880 1999 1936; x_wconf 87' lang='lat' dir='ltr'>veniens</span> 
     </span>
    </p>
   </div>
   <div class='ocr_carea' id='block_1_20' title="bbox 382 1968 1994 2045">
    <p class='ocr_par' dir='ltr' id='par_1_20' title="bbox 382 1968 1994 2045">
     <span class='ocr_line' id='line_1_20' title="bbox 382 1968 1994 2045; baseline -0.001 -18"><span class='ocrx_word' id='word_1_127' title='bbox 382 1972 655 2043; x_wconf 84' lang='lat' dir='ltr'>reciperet</span> <span class='ocrx_word' id='word_1_128' title='bbox 707 1968 1120 2026; x_wconf 88' lang='lat' dir='ltr'>Normanniam.</span> <span class='ocrx_word' id='word_1_129' title='bbox 1162 1968 1320 2022; x_wconf 88' lang='lat' dir='ltr'>Venit</span> <span class='ocrx_word' id='word_1_130' title='bbox 1351 1968 1535 2040; x_wconf 86' lang='lat' dir='ltr'>itaque</span> <span class='ocrx_word' id='word_1_131' title='bbox 1570 1968 1994 2045; x_wconf 79' lang='lat' dir='ltr'>Rothomagum,</span> 
     </span>
    </p>
   </div>
   <div class='ocr_carea' id='block_1_21' title="bbox 385 2059 1997 2135">
    <p class='ocr_par' dir='ltr' id='par_1_21' title="bbox 385 2059 1997 2135">
     <span class='ocr_line' id='line_1_21' title="bbox 385 2059 1997 2135; baseline -0.002 -16"><span class='ocrx_word' id='word_1_132' title='bbox 385 2073 441 2119; x_wconf 87' lang='lat' dir='ltr'>et</span> <span class='ocrx_word' id='word_1_133' title='bbox 470 2072 661 2135; x_wconf 90' lang='lat' dir='ltr'>postea</span> <span class='ocrx_word' id='word_1_134' title='bbox 696 2060 967 2117; x_wconf 85' lang='lat' dir='ltr'>Luxovias</span> <span class='ocrx_word' id='word_1_135' title='bbox 992 2061 1046 2113; x_wconf 90' lang='lat' dir='ltr'>in</span> <span class='ocrx_word' id='word_1_136' title='bbox 1083 2059 1312 2114; x_wconf 85' lang='lat' dir='ltr'>sabatho</span> <span class='ocrx_word' id='word_1_137' title='bbox 1352 2059 1548 2132; x_wconf 89' lang='lat' dir='ltr'>jejunii</span> <span class='ocrx_word' id='word_1_138' title='bbox 1581 2060 1779 2115; x_wconf 89' lang='lat' dir='ltr'>decimi</span> <span class='ocrx_word' id='word_1_139' title='bbox 1842 2077 1997 2115; x_wconf 92' lang='lat' dir='ltr'>men-</span> 
     </span>
    </p>
   </div>
   <div class='ocr_carea' id='block_1_22' title="bbox 383 2152 1997 2228">
    <p class='ocr_par' dir='ltr' id='par_1_22' title="bbox 383 2152 1997 2228">
     <span class='ocr_line' id='line_1_22' title="bbox 383 2152 1997 2228; baseline -0.004 -14"><span class='ocrx_word' id='word_1_140' title='bbox 383 2158 459 2215; x_wconf 92' lang='lat' dir='ltr'>sis</span> <span class='ocrx_word' id='word_1_141' title='bbox 518 2157 683 2228; x_wconf 80' lang='lat'>(589).</span> <span class='ocrx_word' id='word_1_142' title='bbox 738 2157 796 2210; x_wconf 89' lang='lat' dir='ltr'>ln</span> <span class='ocrx_word' id='word_1_143' title='bbox 852 2155 1094 2211; x_wconf 91' lang='lat' dir='ltr'>crastino</span> <span class='ocrx_word' id='word_1_144' title='bbox 1142 2153 1275 2208; x_wconf 92' lang='lat' dir='ltr'>dum</span> <span class='ocrx_word' id='word_1_145' title='bbox 1320 2153 1731 2225; x_wconf 90' lang='lat' dir='ltr'>colloqueretur</span> <span class='ocrx_word' id='word_1_146' title='bbox 1768 2152 1889 2224; x_wconf 90' lang='lat' dir='ltr'>ipse</span> <span class='ocrx_word' id='word_1_147' title='bbox 1941 2161 1997 2209; x_wconf 90' lang='lat' dir='ltr'>et</span> 
     </span>
    </p>
   </div>
   <div class='ocr_carea' id='block_1_23' title="bbox 382 2248 2002 2313">
    <p class='ocr_par' dir='ltr' id='par_1_23' title="bbox 382 2248 2002 2313">
     <span class='ocr_line' id='line_1_23' title="bbox 382 2248 2002 2313; baseline -0.004 -4"><span class='ocrx_word' id='word_1_148' title='bbox 382 2268 570 2309; x_wconf 93' lang='lat' dir='ltr'>comes</span> <span class='ocrx_word' id='word_1_149' title='bbox 588 2250 918 2307; x_wconf 84' lang='lat' dir='ltr'>Gloecestrie</span> <span class='ocrx_word' id='word_1_150' title='bbox 968 2250 1263 2313; x_wconf 85' lang='lat' dir='ltr'>Robertus,</span> <span class='ocrx_word' id='word_1_151' title='bbox 1314 2248 1466 2303; x_wconf 88' lang='lat' dir='ltr'>venit</span> <span class='ocrx_word' id='word_1_152' title='bbox 1510 2249 1743 2303; x_wconf 90' lang='lat' dir='ltr'>nuncius</span> <span class='ocrx_word' id='word_1_153' title='bbox 1792 2249 1861 2303; x_wconf 92' lang='lat' dir='ltr'>de</span> <span class='ocrx_word' id='word_1_154' title='bbox 1890 2250 2002 2304; x_wconf 91' lang='lat' dir='ltr'>An-</span> 
     </span>
    </p>
   </div>
   <div class='ocr_carea' id='block_1_24' title="bbox 382 2339 1999 2418">
    <p class='ocr_par' dir='ltr' id='par_1_24' title="bbox 382 2339 1999 2418">
     <span class='ocr_line' id='line_1_24' title="bbox 382 2339 1999 2418; baseline -0.002 -18"><span class='ocrx_word' id='word_1_155' title='bbox 382 2345 512 2418; x_wconf 85' lang='lat' dir='ltr'>glia,</span> <span class='ocrx_word' id='word_1_156' title='bbox 580 2343 775 2399; x_wconf 92' lang='lat' dir='ltr'>dicens</span> <span class='ocrx_word' id='word_1_157' title='bbox 826 2342 1166 2413; x_wconf 86' lang='lat' dir='ltr'>Stephanum</span> <span class='ocrx_word' id='word_1_158' title='bbox 1206 2339 1431 2395; x_wconf 87' lang='lat' dir='ltr'>fratrem</span> <span class='ocrx_word' id='word_1_159' title='bbox 1500 2355 1658 2394; x_wconf 90' lang='lat' dir='ltr'>suum</span> <span class='ocrx_word' id='word_1_160' title='bbox 1705 2340 1817 2409; x_wconf 89' lang='lat' dir='ltr'>jam</span> <span class='ocrx_word' id='word_1_161' title='bbox 1875 2356 1999 2396; x_wconf 91' lang='lat' dir='ltr'>esse</span> 
     </span>
    </p>
   </div>
   <div class='ocr_carea' id='block_1_25' title="bbox 383 2431 1999 2513">
    <p class='ocr_par' dir='ltr' id='par_1_25' title="bbox 383 2431 1999 2513">
     <span class='ocr_line' id='line_1_25' title="bbox 383 2431 1999 2513; baseline -0.003 -23"><span class='ocrx_word' id='word_1_162' title='bbox 383 2452 589 2513; x_wconf 80' lang='lat' dir='ltr'>regem.</span> <span class='ocrx_word' id='word_1_163' title='bbox 651 2435 742 2489; x_wconf 86' lang='lat' dir='ltr'>llis</span> <span class='ocrx_word' id='word_1_164' title='bbox 792 2433 1014 2499; x_wconf 89' lang='lat' dir='ltr'>auditis,</span> <span class='ocrx_word' id='word_1_165' title='bbox 1073 2447 1260 2487; x_wconf 90' lang='lat' dir='ltr'>comes</span> <span class='ocrx_word' id='word_1_166' title='bbox 1341 2431 1674 2487; x_wconf 85' lang='lat' dir='ltr'>Gloecestris</span> <span class='ocrx_word' id='word_1_167' title='bbox 1755 2431 1999 2486; x_wconf 89' lang='lat' dir='ltr'>reddidit</span> 
     </span>
    </p>
   </div>
   <div class='ocr_carea' id='block_1_26' title="bbox 379 2526 2000 2598">
    <p class='ocr_par' dir='ltr' id='par_1_26' title="bbox 379 2526 2000 2598">
     <span class='ocr_line' id='line_1_26' title="bbox 379 2526 2000 2598; baseline -0.002 -12"><span class='ocrx_word' id='word_1_168' title='bbox 379 2541 614 2587; x_wconf 89' lang='lat' dir='ltr'>castrum</span> <span class='ocrx_word' id='word_1_169' title='bbox 674 2529 899 2592; x_wconf 89' lang='lat' dir='ltr'>Falesie,</span> <span class='ocrx_word' id='word_1_170' title='bbox 946 2528 1090 2598; x_wconf 90' lang='lat' dir='ltr'>quod</span> <span class='ocrx_word' id='word_1_171' title='bbox 1168 2526 1423 2589; x_wconf 85' lang='lat' dir='ltr'>habebat,</span> <span class='ocrx_word' id='word_1_172' title='bbox 1490 2527 1804 2597; x_wconf 88' lang='lat' dir='ltr'>absportata</span> <span class='ocrx_word' id='word_1_173' title='bbox 1847 2528 2000 2598; x_wconf 89' lang='lat' dir='ltr'>prius</span> 
     </span>
    </p>
   </div>
   <div class='ocr_carea' id='block_1_27' title="bbox 381 2616 2001 2692">
    <p class='ocr_par' dir='ltr' id='par_1_27' title="bbox 381 2616 2001 2692">
     <span class='ocr_line' id='line_1_27' title="bbox 381 2616 2001 2692; baseline -0.001 -18"><span class='ocrx_word' id='word_1_174' title='bbox 381 2636 582 2692; x_wconf 88' lang='lat' dir='ltr'>magna</span> <span class='ocrx_word' id='word_1_175' title='bbox 637 2626 791 2689; x_wconf 89' lang='lat' dir='ltr'>parte</span> <span class='ocrx_word' id='word_1_176' title='bbox 845 2616 1089 2670; x_wconf 83' lang='lat' dir='ltr'>thesauri</span> <span class='ocrx_word' id='word_1_177' title='bbox 1137 2617 1283 2689; x_wconf 90' lang='lat' dir='ltr'>regis</span> <span class='ocrx_word' id='word_1_178' title='bbox 1337 2616 1576 2684; x_wconf 89' lang='lat' dir='ltr'>Henrici,</span> <span class='ocrx_word' id='word_1_179' title='bbox 1618 2616 1767 2688; x_wconf 88' lang='lat' dir='ltr'>quod</span> <span class='ocrx_word' id='word_1_180' title='bbox 1822 2633 2001 2688; x_wconf 87' lang='lat' dir='ltr'>nuper</span> 
     </span>
    </p>
   </div>
   <div class='ocr_carea' id='block_1_28' title="bbox 384 2706 1161 2779">
    <p class='ocr_par' dir='ltr' id='par_1_28' title="bbox 384 2706 1161 2779">
     <span class='ocr_line' id='line_1_28' title="bbox 384 2706 1161 2779; baseline -0.005 -14"><span class='ocrx_word' id='word_1_181' title='bbox 384 2710 606 2765; x_wconf 88' lang='lat' dir='ltr'>allatum</span> <span class='ocrx_word' id='word_1_182' title='bbox 641 2706 819 2762; x_wconf 84' lang='lat' dir='ltr'>fuerat</span> <span class='ocrx_word' id='word_1_183' title='bbox 840 2707 909 2761; x_wconf 91' lang='lat' dir='ltr'>de</span> <span class='ocrx_word' id='word_1_184' title='bbox 950 2706 1161 2779; x_wconf 78' lang='lat' dir='ltr'>Anglia.</span> 
     </span>
    </p>
   </div>
   <div class='ocr_carea' id='block_1_29' title="bbox 454 2793 1993 2868">
    <p class='ocr_par' dir='ltr' id='par_1_29' title="bbox 454 2793 1993 2868">
     <span class='ocr_line' id='line_1_29' title="bbox 454 2793 1993 2868; baseline 0.006 -21"><span class='ocrx_word' id='word_1_185' title='bbox 454 2793 614 2850; x_wconf 86' lang='lat'>1136.</span> <span class='ocrx_word' id='word_1_186' title='bbox 656 2796 951 2850; x_wconf 86' lang='lat' dir='ltr'>Lotharius</span> <span class='ocrx_word' id='word_1_187' title='bbox 989 2795 1077 2851; x_wconf 90' lang='lat'>11.</span> <span class='ocrx_word' id='word_1_188' title='bbox 1126 2797 1427 2852; x_wconf 81' lang='lat' dir='ltr'>Ludovicus</span> <span class='ocrx_word' id='word_1_189' title='bbox 1465 2797 1555 2852; x_wconf 79' lang='lat'>26.</span> <span class='ocrx_word' id='word_1_190' title='bbox 1597 2799 1904 2868; x_wconf 81' lang='lat' dir='ltr'>Stephanus</span> <span class='ocrx_word' id='word_1_191' title='bbox 1940 2801 1993 2857; x_wconf 85' lang='lat'>1.</span> 
     </span>
    </p>
   </div>
   <div class='ocr_carea' id='block_1_30' title="bbox 455 2883 1997 2963">
    <p class='ocr_par' dir='ltr' id='par_1_30' title="bbox 455 2883 1997 2963">
     <span class='ocr_line' id='line_1_30' title="bbox 455 2883 1997 2963; baseline 0.005 -27"><span class='ocrx_word' id='word_1_192' title='bbox 455 2883 647 2951; x_wconf 73' lang='lat' dir='ltr'>(ilum.</span> <span class='ocrx_word' id='word_1_193' title='bbox 676 2886 809 2952; x_wconf 82' lang='lat' dir='ltr'>VIII.)</span> <span class='ocrx_word' id='word_1_194' title='bbox 837 2883 1145 2954; x_wconf 85' lang='lat' dir='ltr'>Stephanus</span> <span class='ocrx_word' id='word_1_195' title='bbox 1202 2901 1295 2943; x_wconf 80' lang='lat' dir='ltr'>rex</span> <span class='ocrx_word' id='word_1_196' title='bbox 1345 2886 1500 2941; x_wconf 90' lang='lat' dir='ltr'>duxit</span> <span class='ocrx_word' id='word_1_197' title='bbox 1551 2903 1811 2963; x_wconf 87' lang='lat' dir='ltr'>magnum</span> <span class='ocrx_word' id='word_1_198' title='bbox 1838 2904 1997 2945; x_wconf 90' lang='lat' dir='ltr'>exer-</span> 
     </span>
    </p>
   </div>
   <div class='ocr_carea' id='block_1_31' title="bbox 385 2976 1995 3050">
    <p class='ocr_par' dir='ltr' id='par_1_31' title="bbox 385 2976 1995 3050">
     <span class='ocr_line' id='line_1_31' title="bbox 385 2976 1995 3050; baseline 0.004 -19"><span class='ocrx_word' id='word_1_199' title='bbox 385 2977 551 3031; x_wconf 91' lang='lat' dir='ltr'>citum</span> <span class='ocrx_word' id='word_1_200' title='bbox 582 2976 638 3030; x_wconf 90' lang='lat' dir='ltr'>in</span> <span class='ocrx_word' id='word_1_201' title='bbox 669 2976 929 3044; x_wconf 90' lang='lat' dir='ltr'>Scotiam,</span> <span class='ocrx_word' id='word_1_202' title='bbox 959 2983 1015 3032; x_wconf 89' lang='lat' dir='ltr'>et</span> <span class='ocrx_word' id='word_1_203' title='bbox 1044 2992 1136 3031; x_wconf 86' lang='lat' dir='ltr'>rex</span> <span class='ocrx_word' id='word_1_204' title='bbox 1190 2978 1361 3033; x_wconf 86' lang='lat' dir='ltr'>David</span> <span class='ocrx_word' id='word_1_205' title='bbox 1412 2978 1733 3050; x_wconf 79' lang='lat' dir='ltr'>pacificatus</span> <span class='ocrx_word' id='word_1_206' title='bbox 1770 2988 1854 3037; x_wconf 92' lang='lat' dir='ltr'>est</span> <span class='ocrx_word' id='word_1_207' title='bbox 1873 2998 1995 3037; x_wconf 88' lang='lat' dir='ltr'>cum</span> 
     </span>
    </p>
   </div>
   <div class='ocr_carea' id='block_1_32' title="bbox 384 3068 2001 3143">
    <p class='ocr_par' dir='ltr' id='par_1_32' title="bbox 384 3068 2001 3143">
     <span class='ocr_line' id='line_1_32' title="bbox 384 3068 2001 3143; baseline 0.004 -22"><span class='ocrx_word' id='word_1_208' title='bbox 384 3082 473 3125; x_wconf 93' lang='lat' dir='ltr'>eo.</span> <span class='ocrx_word' id='word_1_209' title='bbox 498 3068 809 3123; x_wconf 82' lang='lat' dir='ltr'>Hominium</span> <span class='ocrx_word' id='word_1_210' title='bbox 832 3075 1014 3123; x_wconf 89' lang='lat' dir='ltr'>tamen</span> <span class='ocrx_word' id='word_1_211' title='bbox 1063 3084 1175 3125; x_wconf 93' lang='lat' dir='ltr'>non</span> <span class='ocrx_word' id='word_1_212' title='bbox 1220 3068 1351 3125; x_wconf 91' lang='lat' dir='ltr'>fecit</span> <span class='ocrx_word' id='word_1_213' title='bbox 1380 3070 1451 3136; x_wconf 89' lang='lat' dir='ltr'>ei,</span> <span class='ocrx_word' id='word_1_214' title='bbox 1494 3072 1624 3143; x_wconf 86' lang='lat' dir='ltr'>quia</span> <span class='ocrx_word' id='word_1_215' title='bbox 1665 3073 1871 3143; x_wconf 84' lang='lat' dir='ltr'>primus</span> <span class='ocrx_word' id='word_1_216' title='bbox 1900 3074 2001 3128; x_wconf 85' lang='lat' dir='ltr'>lai-</span> 
     </span>
    </p>
   </div>
   <div class='ocr_carea' id='block_1_33' title="bbox 385 3161 1998 3234">
    <p class='ocr_par' dir='ltr' id='par_1_33' title="bbox 385 3161 1998 3234">
     <span class='ocr_line' id='line_1_33' title="bbox 385 3161 1998 3234; baseline 0.003 -18"><span class='ocrx_word' id='word_1_217' title='bbox 385 3176 575 3217; x_wconf 87' lang='lat' dir='ltr'>corum</span> <span class='ocrx_word' id='word_1_218' title='bbox 635 3171 1040 3217; x_wconf 89' lang='lat' dir='ltr'>sacramentum</span> <span class='ocrx_word' id='word_1_219' title='bbox 1087 3161 1291 3219; x_wconf 82' lang='lat' dir='ltr'>fecerat</span> <span class='ocrx_word' id='word_1_220' title='bbox 1332 3164 1691 3234; x_wconf 90' lang='lat' dir='ltr'>imperatrici,</span> <span class='ocrx_word' id='word_1_221' title='bbox 1725 3166 1821 3220; x_wconf 91' lang='lat' dir='ltr'>sed</span> <span class='ocrx_word' id='word_1_222' title='bbox 1857 3166 1998 3221; x_wconf 85' lang='lat' dir='ltr'>Hen-</span> 
     </span>
    </p>
   </div>
   <div class='ocr_carea' id='block_1_34' title="bbox 383 3257 1999 3335">
    <p class='ocr_par' dir='ltr' id='par_1_34' title="bbox 383 3257 1999 3335">
     <span class='ocr_line' id='line_1_34' title="bbox 383 3257 1999 3335; baseline 0.003 -23"><span class='ocrx_word' id='word_1_223' title='bbox 383 3257 526 3313; x_wconf 87' lang='lat' dir='ltr'>ricus</span> <span class='ocrx_word' id='word_1_224' title='bbox 551 3257 696 3313; x_wconf 90' lang='lat' dir='ltr'>ﬁlius</span> <span class='ocrx_word' id='word_1_225' title='bbox 748 3258 922 3329; x_wconf 91' lang='lat' dir='ltr'>ipsius</span> <span class='ocrx_word' id='word_1_226' title='bbox 972 3258 1140 3313; x_wconf 88' lang='lat' dir='ltr'>David</span> <span class='ocrx_word' id='word_1_227' title='bbox 1193 3259 1497 3315; x_wconf 92' lang='lat' dir='ltr'>hominium</span> <span class='ocrx_word' id='word_1_228' title='bbox 1548 3259 1676 3316; x_wconf 87' lang='lat' dir='ltr'>fecit</span> <span class='ocrx_word' id='word_1_229' title='bbox 1733 3262 1847 3335; x_wconf 87' lang='lat' dir='ltr'>regi</span> <span class='ocrx_word' id='word_1_230' title='bbox 1876 3263 1999 3317; x_wconf 88' lang='lat' dir='ltr'>Ste-</span> 
     </span>
    </p>
   </div>
   <div class='ocr_carea' id='block_1_35' title="bbox 382 3350 1993 3426">
    <p class='ocr_par' dir='ltr' id='par_1_35' title="bbox 382 3350 1993 3426">
     <span class='ocr_line' id='line_1_35' title="bbox 382 3350 1993 3426; baseline 0.003 -23"><span class='ocrx_word' id='word_1_231' title='bbox 382 3351 586 3421; x_wconf 89' lang='lat' dir='ltr'>phano.</span> <span class='ocrx_word' id='word_1_232' title='bbox 620 3350 697 3404; x_wconf 90' lang='lat' dir='ltr'>Ad</span> <span class='ocrx_word' id='word_1_233' title='bbox 732 3350 1049 3424; x_wconf 78' lang='lat' dir='ltr'>rogationes</span> <span class='ocrx_word' id='word_1_234' title='bbox 1087 3365 1209 3406; x_wconf 90' lang='lat' dir='ltr'>cum</span> <span class='ocrx_word' id='word_1_235' title='bbox 1266 3359 1412 3407; x_wconf 91' lang='lat' dir='ltr'>esset</span> <span class='ocrx_word' id='word_1_236' title='bbox 1437 3351 1774 3424; x_wconf 80' lang='lat' dir='ltr'>divulgatum</span> <span class='ocrx_word' id='word_1_237' title='bbox 1806 3368 1993 3426; x_wconf 86' lang='lat' dir='ltr'>regem</span> 
     </span>
    </p>
   </div>
   <div class='ocr_carea' id='block_1_36' title="bbox 382 3443 1992 3517">
    <p class='ocr_par' dir='ltr' id='par_1_36' title="bbox 382 3443 1992 3517">
     <span class='ocr_line' id='line_1_36' title="bbox 382 3443 1992 3517; baseline 0.003 -21"><span class='ocrx_word' id='word_1_238' title='bbox 382 3457 503 3497; x_wconf 89' lang='lat' dir='ltr'>esse</span> <span class='ocrx_word' id='word_1_239' title='bbox 533 3449 834 3510; x_wconf 90' lang='lat' dir='ltr'>mortuum,</span> <span class='ocrx_word' id='word_1_240' title='bbox 869 3443 1016 3513; x_wconf 88' lang='lat' dir='ltr'>cepit</span> <span class='ocrx_word' id='word_1_241' title='bbox 1045 3443 1197 3517; x_wconf 86' lang='lat' dir='ltr'>Hugo</span> <span class='ocrx_word' id='word_1_242' title='bbox 1240 3444 1410 3517; x_wconf 85' lang='lat' dir='ltr'>Bigog</span> <span class='ocrx_word' id='word_1_243' title='bbox 1436 3445 1721 3499; x_wconf 86' lang='lat' dir='ltr'>castellum</span> <span class='ocrx_word' id='word_1_244' title='bbox 1770 3444 1992 3515; x_wconf 89' lang='lat' dir='ltr'>Norwit,</span> 
     </span>
    </p>
   </div>
   <div class='ocr_carea' id='block_1_37' title="bbox 382 3535 1991 3609">
    <p class='ocr_par' dir='ltr' id='par_1_37' title="bbox 382 3535 1991 3609">
     <span class='ocr_line' id='line_1_37' title="bbox 382 3535 1991 3609; baseline 0.004 -20"><span class='ocrx_word' id='word_1_245' title='bbox 382 3535 621 3591; x_wconf 86' lang='lat' dir='ltr'>reddidit</span> <span class='ocrx_word' id='word_1_246' title='bbox 652 3535 785 3609; x_wconf 87' lang='lat' dir='ltr'>regi.</span> <span class='ocrx_word' id='word_1_247' title='bbox 811 3537 943 3591; x_wconf 90' lang='lat' dir='ltr'>ltem</span> <span class='ocrx_word' id='word_1_248' title='bbox 987 3552 1079 3592; x_wconf 88' lang='lat' dir='ltr'>rex</span> <span class='ocrx_word' id='word_1_249' title='bbox 1133 3536 1278 3607; x_wconf 80' lang='lat' dir='ltr'>cepit</span> <span class='ocrx_word' id='word_1_250' title='bbox 1316 3538 1601 3592; x_wconf 82' lang='lat' dir='ltr'>castellum</span> <span class='ocrx_word' id='word_1_251' title='bbox 1634 3539 1991 3609; x_wconf 90' lang='lat' dir='ltr'>Bachentum,</span> 
     </span>
    </p>
   </div>
   <div class='ocr_carea' id='block_1_38' title="bbox 380 3623 1993 3701">
    <p class='ocr_par' dir='ltr' id='par_1_38' title="bbox 380 3623 1993 3701">
     <span class='ocr_line' id='line_1_38' title="bbox 380 3623 1993 3701; baseline 0.004 -23"><span class='ocrx_word' id='word_1_252' title='bbox 380 3623 508 3695; x_wconf 87' lang='lat' dir='ltr'>quia</span> <span class='ocrx_word' id='word_1_253' title='bbox 540 3624 809 3680; x_wconf 78' lang='lat' dir='ltr'>Robertus</span> <span class='ocrx_word' id='word_1_254' title='bbox 840 3625 1099 3680; x_wconf 91' lang='lat' dir='ltr'>dominus</span> <span class='ocrx_word' id='word_1_255' title='bbox 1129 3625 1250 3695; x_wconf 88' lang='lat' dir='ltr'>ejus</span> <span class='ocrx_word' id='word_1_256' title='bbox 1280 3643 1309 3680; x_wconf 90' lang='lat' dir='ltr'>a</span> <span class='ocrx_word' id='word_1_257' title='bbox 1348 3641 1475 3701; x_wconf 91' lang='lat' dir='ltr'>rege</span> <span class='ocrx_word' id='word_1_258' title='bbox 1504 3627 1826 3683; x_wconf 87' lang='lat' dir='ltr'>desciverat.</span> <span class='ocrx_word' id='word_1_259' title='bbox 1860 3630 1993 3685; x_wconf 84' lang='lat' dir='ltr'>inde</span> 
     </span>
    </p>
   </div>
   <div class='ocr_carea' id='block_1_39' title="bbox 378 3713 1996 3787">
    <p class='ocr_par' dir='ltr' id='par_1_39' title="bbox 378 3713 1996 3787">
     <span class='ocr_line' id='line_1_39' title="bbox 378 3713 1996 3787; baseline 0.004 -17"><span class='ocrx_word' id='word_1_260' title='bbox 378 3713 601 3772; x_wconf 84' lang='lat' dir='ltr'>obsedit</span> <span class='ocrx_word' id='word_1_261' title='bbox 654 3715 997 3783; x_wconf 88' lang='lat' dir='ltr'>Excecestre,</span> <span class='ocrx_word' id='word_1_262' title='bbox 1057 3733 1219 3787; x_wconf 91' lang='lat' dir='ltr'>quam</span> <span class='ocrx_word' id='word_1_263' title='bbox 1296 3717 1522 3772; x_wconf 90' lang='lat' dir='ltr'>tenebat</span> <span class='ocrx_word' id='word_1_264' title='bbox 1575 3719 1872 3774; x_wconf 89' lang='lat' dir='ltr'>Balduinus</span> <span class='ocrx_word' id='word_1_265' title='bbox 1926 3722 1996 3777; x_wconf 91' lang='lat' dir='ltr'>de</span> 
     </span>
    </p>
   </div>
   <div class='ocr_carea' id='block_1_40' title="bbox 379 3808 1987 3871">
    <p class='ocr_par' dir='ltr' id='par_1_40' title="bbox 379 3808 1987 3871">
     <span class='ocr_line' id='line_1_40' title="bbox 379 3808 1987 3871; baseline 0.005 -8"><span class='ocrx_word' id='word_1_266' title='bbox 379 3808 601 3864; x_wconf 78' lang='lat' dir='ltr'>Revers.</span> <span class='ocrx_word' id='word_1_267' title='bbox 632 3809 866 3864; x_wconf 85' lang='lat' dir='ltr'>Reddito</span> <span class='ocrx_word' id='word_1_268' title='bbox 895 3810 1121 3865; x_wconf 90' lang='lat' dir='ltr'>castello</span> <span class='ocrx_word' id='word_1_269' title='bbox 1147 3811 1371 3866; x_wconf 88' lang='lat' dir='ltr'>abstulit</span> <span class='ocrx_word' id='word_1_270' title='bbox 1390 3828 1479 3866; x_wconf 86' lang='lat' dir='ltr'>rex</span> <span class='ocrx_word' id='word_1_271' title='bbox 1506 3813 1725 3868; x_wconf 89' lang='lat' dir='ltr'>Vectam</span> <span class='ocrx_word' id='word_1_272' title='bbox 1755 3816 1987 3871; x_wconf 90' lang='lat' dir='ltr'>insulam</span> 
     </span>
    </p>
   </div>
   <div class='ocr_carea' id='block_1_41' title="bbox 375 3897 1987 3977">
    <p class='ocr_par' dir='ltr' id='par_1_41' title="bbox 375 3897 1987 3977">
     <span class='ocr_line' id='line_1_41' title="bbox 375 3897 1987 3977; baseline 0.006 -26"><span class='ocrx_word' id='word_1_273' title='bbox 375 3897 557 3952; x_wconf 92' lang='lat' dir='ltr'>eidem</span> <span class='ocrx_word' id='word_1_274' title='bbox 590 3897 880 3963; x_wconf 89' lang='lat' dir='ltr'>Balduino,</span> <span class='ocrx_word' id='word_1_275' title='bbox 911 3906 966 3951; x_wconf 90' lang='lat' dir='ltr'>et</span> <span class='ocrx_word' id='word_1_276' title='bbox 1022 3898 1260 3953; x_wconf 89' lang='lat' dir='ltr'>exulavit</span> <span class='ocrx_word' id='word_1_277' title='bbox 1289 3915 1415 3954; x_wconf 91' lang='lat' dir='ltr'>eum</span> <span class='ocrx_word' id='word_1_278' title='bbox 1447 3900 1515 3953; x_wconf 92' lang='lat' dir='ltr'>ab</span> <span class='ocrx_word' id='word_1_279' title='bbox 1560 3902 1774 3977; x_wconf 83' lang='lat' dir='ltr'>Anglia.</span> <span class='ocrx_word' id='word_1_280' title='bbox 1803 3905 1987 3961; x_wconf 89' lang='lat' dir='ltr'>Mense</span> 
     </span>
    </p>
   </div>
   <div class='ocr_carea' id='block_1_42' title="bbox 373 3984 1988 4063">
    <p class='ocr_par' dir='ltr' id='par_1_42' title="bbox 373 3984 1988 4063">
     <span class='ocr_line' id='line_1_42' title="bbox 373 3984 1988 4063; baseline 0.006 -25"><span class='ocrx_word' id='word_1_281' title='bbox 373 3988 616 4059; x_wconf 85' lang='lat' dir='ltr'>Augusto</span> <span class='ocrx_word' id='word_1_282' title='bbox 645 3984 791 4054; x_wconf 88' lang='lat' dir='ltr'>apud</span> <span class='ocrx_word' id='word_1_283' title='bbox 820 3986 1279 4058; x_wconf 83' lang='lat' dir='ltr'>Argentomagum</span> <span class='ocrx_word' id='word_1_284' title='bbox 1329 3996 1488 4042; x_wconf 90' lang='lat' dir='ltr'>natus</span> <span class='ocrx_word' id='word_1_285' title='bbox 1528 3995 1610 4043; x_wconf 90' lang='lat' dir='ltr'>est</span> <span class='ocrx_word' id='word_1_286' title='bbox 1637 3989 1988 4063; x_wconf 87' lang='lat' dir='ltr'>Guillermus,</span> 
     </span>
    </p>
   </div>
   <div class='ocr_carea' id='block_1_43' title="bbox 367 4074 1991 4158">
    <p class='ocr_par' dir='ltr' id='par_1_43' title="bbox 367 4074 1991 4158">
     <span class='ocr_line' id='line_1_43' title="bbox 367 4074 1991 4158; baseline 0.008 -28"><span class='ocrx_word' id='word_1_287' title='bbox 367 4075 571 4130; x_wconf 89' lang='lat' dir='ltr'>tercius</span> <span class='ocrx_word' id='word_1_288' title='bbox 598 4074 744 4129; x_wconf 91' lang='lat' dir='ltr'>ﬁlius</span> <span class='ocrx_word' id='word_1_289' title='bbox 793 4077 1011 4131; x_wconf 89' lang='lat' dir='ltr'>comitis</span> <span class='ocrx_word' id='word_1_290' title='bbox 1056 4077 1321 4132; x_wconf 75' lang='lat' dir='ltr'>Gaufriili.</span> <span class='ocrx_word' id='word_1_291' title='bbox 1384 4081 1479 4151; x_wconf 81' lang='lat' dir='ltr'>(II.</span> <span class='ocrx_word' id='word_1_292' title='bbox 1548 4084 1733 4147; x_wconf 83' lang='lat' dir='ltr'>Henr.)</span> <span class='ocrx_word' id='word_1_293' title='bbox 1785 4085 1991 4158; x_wconf 69' lang='lat' dir='ltr'>Vigilia</span> 
     </span>
    </p>
   </div>
   <div class='ocr_carea' id='block_1_44' title="bbox 370 4166 1990 4238">
    <p class='ocr_par' dir='ltr' id='par_1_44' title="bbox 370 4166 1990 4238">
     <span class='ocr_line' id='line_1_44' title="bbox 370 4166 1990 4238; baseline 0.006 -16"><span class='ocrx_word' id='word_1_294' title='bbox 370 4167 668 4238; x_wconf 88' lang='lat' dir='ltr'>epiphanie</span> <span class='ocrx_word' id='word_1_295' title='bbox 720 4166 893 4223; x_wconf 87' lang='lat' dir='ltr'>factus</span> <span class='ocrx_word' id='word_1_296' title='bbox 948 4176 1031 4223; x_wconf 92' lang='lat' dir='ltr'>est</span> <span class='ocrx_word' id='word_1_297' title='bbox 1077 4178 1275 4225; x_wconf 88' lang='lat' dir='ltr'>ventus</span> <span class='ocrx_word' id='word_1_298' title='bbox 1331 4172 1617 4227; x_wconf 89' lang='lat' dir='ltr'>maximus.</span> <span class='ocrx_word' id='word_1_299' title='bbox 1660 4173 1805 4229; x_wconf 87' lang='lat' dir='ltr'>Obiit</span> <span class='ocrx_word' id='word_1_300' title='bbox 1854 4176 1990 4232; x_wconf 89' lang='lat' dir='ltr'>Wil-</span> 
     </span>
    </p>
   </div>
   <div class='ocr_carea' id='block_1_45' title="bbox 369 4258 1988 4335">
    <p class='ocr_par' dir='ltr' id='par_1_45' title="bbox 369 4258 1988 4335">
     <span class='ocr_line' id='line_1_45' title="bbox 369 4258 1988 4335; baseline 0.008 -22"><span class='ocrx_word' id='word_1_301' title='bbox 369 4260 573 4314; x_wconf 90' lang='lat' dir='ltr'>lermus</span> <span class='ocrx_word' id='word_1_302' title='bbox 625 4258 1037 4316; x_wconf 87' lang='lat' dir='ltr'>Cantuariensis</span> <span class='ocrx_word' id='word_1_303' title='bbox 1108 4262 1575 4335; x_wconf 89' lang='lat' dir='ltr'>archiepiscopus.</span> <span class='ocrx_word' id='word_1_304' title='bbox 1638 4266 1699 4321; x_wconf 81' lang='lat' dir='ltr'>Et</span> <span class='ocrx_word' id='word_1_305' title='bbox 1754 4270 1988 4326; x_wconf 86' lang='lat' dir='ltr'>cessavit</span> 
     </span>
    </p>
   </div>
   <div class='ocr_carea' id='block_1_46' title="bbox 368 4348 1983 4428">
    <p class='ocr_par' dir='ltr' id='par_1_46' title="bbox 368 4348 1983 4428">
     <span class='ocr_line' id='line_1_46' title="bbox 368 4348 1983 4428; baseline 0.007 -25"><span class='ocrx_word' id='word_1_306' title='bbox 368 4348 878 4421; x_wconf 87' lang='lat' dir='ltr'>archiepisc0patus</span> <span class='ocrx_word' id='word_1_307' title='bbox 944 4349 1357 4407; x_wconf 90' lang='lat' dir='ltr'>Cantuariensis</span> <span class='ocrx_word' id='word_1_308' title='bbox 1455 4369 1555 4423; x_wconf 91' lang='lat' dir='ltr'>per</span> <span class='ocrx_word' id='word_1_309' title='bbox 1643 4356 1983 4428; x_wconf 89' lang='lat' dir='ltr'>aliquantum</span> 
     </span>
    </p>
   </div>
   <div class='ocr_carea' id='block_1_47' title="bbox 368 4439 1974 4518">
    <p class='ocr_par' dir='ltr' id='par_1_47' title="bbox 368 4439 1974 4518">
     <span class='ocr_line' id='line_1_47' title="bbox 368 4439 1974 4518; baseline 0.007 -25"><span class='ocrx_word' id='word_1_310' title='bbox 368 4439 652 4510; x_wconf 91' lang='lat' dir='ltr'>temporis.</span> <span class='ocrx_word' id='word_1_311' title='bbox 710 4439 932 4494; x_wconf 82' lang='lat' dir='ltr'>Interim</span> <span class='ocrx_word' id='word_1_312' title='bbox 993 4440 1138 4495; x_wconf 90' lang='lat' dir='ltr'>mala</span> <span class='ocrx_word' id='word_1_313' title='bbox 1190 4442 1362 4496; x_wconf 88' lang='lat' dir='ltr'>multa</span> <span class='ocrx_word' id='word_1_314' title='bbox 1417 4444 1783 4515; x_wconf 88' lang='lat' dir='ltr'>multiplicata</span> <span class='ocrx_word' id='word_1_315' title='bbox 1826 4456 1974 4518; x_wconf 91' lang='lat' dir='ltr'>sunt,</span> 
     </span>
    </p>
   </div>
   <div class='ocr_carea' id='block_1_48' title="bbox 368 4536 1983 4612">
    <p class='ocr_par' dir='ltr' id='par_1_48' title="bbox 368 4536 1983 4612">
     <span class='ocr_line' id='line_1_48' title="bbox 368 4536 1983 4612; baseline 0.005 -22"><span class='ocrx_word' id='word_1_316' title='bbox 368 4549 477 4591; x_wconf 89' lang='lat' dir='ltr'>non</span> <span class='ocrx_word' id='word_1_317' title='bbox 509 4536 687 4591; x_wconf 92' lang='lat' dir='ltr'>solum</span> <span class='ocrx_word' id='word_1_318' title='bbox 719 4536 775 4590; x_wconf 91' lang='lat' dir='ltr'>in</span> <span class='ocrx_word' id='word_1_319' title='bbox 818 4537 1031 4612; x_wconf 81' lang='lat' dir='ltr'>Anglia,</span> <span class='ocrx_word' id='word_1_320' title='bbox 1086 4537 1182 4592; x_wconf 92' lang='lat' dir='ltr'>sed</span> <span class='ocrx_word' id='word_1_321' title='bbox 1240 4538 1404 4592; x_wconf 88' lang='lat' dir='ltr'>etiam</span> <span class='ocrx_word' id='word_1_322' title='bbox 1453 4539 1509 4593; x_wconf 91' lang='lat' dir='ltr'>in</span> <span class='ocrx_word' id='word_1_323' title='bbox 1552 4539 1888 4596; x_wconf 88' lang='lat' dir='ltr'>Normannia</span> <span class='ocrx_word' id='word_1_324' title='bbox 1929 4550 1983 4598; x_wconf 91' lang='lat' dir='ltr'>et</span> 
     </span>
    </p>
   </div>
   <div class='ocr_carea' id='block_1_49' title="bbox 367 4630 1980 4707">
    <p class='ocr_par' dir='ltr' id='par_1_49' title="bbox 367 4630 1980 4707">
     <span class='ocr_line' id='line_1_49' title="bbox 367 4630 1980 4707; baseline 0.006 -23"><span class='ocrx_word' id='word_1_325' title='bbox 367 4630 554 4686; x_wconf 91' lang='lat' dir='ltr'>multis</span> <span class='ocrx_word' id='word_1_326' title='bbox 586 4631 708 4686; x_wconf 90' lang='lat' dir='ltr'>aliis</span> <span class='ocrx_word' id='word_1_327' title='bbox 735 4631 890 4687; x_wconf 88' lang='lat' dir='ltr'>locis.</span> <span class='ocrx_word' id='word_1_328' title='bbox 926 4632 1021 4704; x_wconf 81' lang='grc'><strong>(11.</strong></span> <span class='ocrx_word' id='word_1_329' title='bbox 1055 4633 1227 4699; x_wconf 76' lang='lat' dir='ltr'>Ilenr,</span> <span class='ocrx_word' id='word_1_330' title='bbox 1260 4633 1370 4704; x_wconf 73' lang='grc'>42.)</span> <span class='ocrx_word' id='word_1_331' title='bbox 1422 4633 1567 4689; x_wconf 89' lang='lat' dir='ltr'>Obiit</span> <span class='ocrx_word' id='word_1_332' title='bbox 1597 4635 1688 4707; x_wconf 91' lang='lat' dir='ltr'>pie</span> <span class='ocrx_word' id='word_1_333' title='bbox 1713 4637 1980 4693; x_wconf 88' lang='lat' dir='ltr'>memorie</span> 
     </span>
    </p>
   </div>
   <div class='ocr_carea' id='block_1_50' title="bbox 362 4716 1974 4796">
    <p class='ocr_par' dir='ltr' id='par_1_50' title="bbox 362 4716 1974 4796">
     <span class='ocr_line' id='line_1_50' title="bbox 362 4716 1974 4796; baseline 0.004 -19"><span class='ocrx_word' id='word_1_334' title='bbox 362 4723 598 4779; x_wconf 90' lang='lat' dir='ltr'>domnus</span> <span class='ocrx_word' id='word_1_335' title='bbox 622 4724 781 4790; x_wconf 87' lang='lat' dir='ltr'>Boso,</span> <span class='ocrx_word' id='word_1_336' title='bbox 834 4732 1067 4796; x_wconf 90' lang='lat' dir='ltr'>quartus</span> <span class='ocrx_word' id='word_1_337' title='bbox 1114 4726 1286 4781; x_wconf 87' lang='lat' dir='ltr'>abbas</span> <span class='ocrx_word' id='word_1_338' title='bbox 1317 4726 1608 4783; x_wconf 91' lang='lat' dir='ltr'>Beecensis</span> <span class='ocrx_word' id='word_1_339' title='bbox 1635 4716 1974 4795; x_wconf 87' lang='lat' dir='ltr'>monasterii,</span> 
     </span>
    </p>
   </div>
   <div class='ocr_carea' id='block_1_51' title="bbox 362 4813 1975 4891">
    <p class='ocr_par' dir='ltr' id='par_1_51' title="bbox 362 4813 1975 4891">
     <span class='ocr_line' id='line_1_51' title="bbox 362 4813 1975 4891; baseline 0.004 -24"><span class='ocrx_word' id='word_1_340' title='bbox 362 4813 446 4868; x_wconf 92' lang='lat' dir='ltr'>vir</span> <span class='ocrx_word' id='word_1_341' title='bbox 466 4830 663 4888; x_wconf 86' lang='lat' dir='ltr'>magne</span> <span class='ocrx_word' id='word_1_342' title='bbox 694 4816 1057 4885; x_wconf 87' lang='lat' dir='ltr'>auctoritatis,</span> <span class='ocrx_word' id='word_1_343' title='bbox 1096 4817 1218 4873; x_wconf 88' lang='lat' dir='ltr'>orbi</span> <span class='ocrx_word' id='word_1_344' title='bbox 1276 4818 1477 4887; x_wconf 91' lang='lat' dir='ltr'>clarus,</span> <span class='ocrx_word' id='word_1_345' title='bbox 1511 4819 1803 4890; x_wconf 89' lang='lat' dir='ltr'>sapientia,</span> <span class='ocrx_word' id='word_1_346' title='bbox 1836 4837 1975 4891; x_wconf 89' lang='lat' dir='ltr'>pru-</span> 
     </span>
    </p>
   </div>
   <div class='ocr_carea' id='block_1_52' title="bbox 362 4902 1978 4979">
    <p class='ocr_par' dir='ltr' id='par_1_52' title="bbox 362 4902 1978 4979">
     <span class='ocr_line' id='line_1_52' title="bbox 362 4902 1978 4979; baseline 0.004 -21"><span class='ocrx_word' id='word_1_347' title='bbox 362 4902 569 4969; x_wconf 90' lang='lat' dir='ltr'>dentia,</span> <span class='ocrx_word' id='word_1_348' title='bbox 630 4904 1002 4976; x_wconf 89' lang='lat' dir='ltr'>precipueque</span> <span class='ocrx_word' id='word_1_349' title='bbox 1066 4906 1261 4978; x_wconf 87' lang='lat' dir='ltr'>spiritu</span> <span class='ocrx_word' id='word_1_350' title='bbox 1311 4907 1527 4963; x_wconf 89' lang='lat' dir='ltr'>consilii</span> <span class='ocrx_word' id='word_1_351' title='bbox 1581 4908 1816 4979; x_wconf 90' lang='lat' dir='ltr'>pollens.</span> <span class='ocrx_word' id='word_1_352' title='bbox 1882 4909 1978 4965; x_wconf 83' lang='lat' dir='ltr'>Hic</span> 
     </span>
    </p>
   </div>
   <div class='ocr_carea' id='block_1_53' title="bbox 360 4993 1979 5054">
    <p class='ocr_par' dir='ltr' id='par_1_53' title="bbox 360 4993 1979 5054">
     <span class='ocr_line' id='line_1_53' title="bbox 360 4993 1979 5054; baseline 0.004 -8"><span class='ocrx_word' id='word_1_353' title='bbox 360 5007 507 5049; x_wconf 90' lang='lat' dir='ltr'>anno</span> <span class='ocrx_word' id='word_1_354' title='bbox 538 4993 699 5049; x_wconf 90' lang='lat' dir='ltr'>etatis</span> <span class='ocrx_word' id='word_1_355' title='bbox 743 5009 840 5049; x_wconf 91' lang='lat' dir='ltr'>sue</span> <span class='ocrx_word' id='word_1_356' title='bbox 893 4995 1113 5051; x_wconf 86' lang='lat' dir='ltr'>circiter</span> <span class='ocrx_word' id='word_1_357' title='bbox 1159 4998 1253 5051; x_wconf 77' lang='lat'>23°</span> <span class='ocrx_word' id='word_1_358' title='bbox 1322 4997 1493 5053; x_wconf 84' lang='lat' dir='ltr'>factus</span> <span class='ocrx_word' id='word_1_359' title='bbox 1537 5004 1621 5053; x_wconf 88' lang='lat' dir='ltr'>est</span> <span class='ocrx_word' id='word_1_360' title='bbox 1675 5000 1979 5054; x_wconf 84' lang='lat' dir='ltr'>monachus</span> 
     </span>
    </p>
   </div>
   <div class='ocr_carea' id='block_1_54' title="bbox 362 5081 1978 5153">
    <p class='ocr_par' dir='ltr' id='par_1_54' title="bbox 362 5081 1978 5153">
     <span class='ocr_line' id='line_1_54' title="bbox 362 5081 1978 5153; baseline 0.003 -17"><span class='ocrx_word' id='word_1_361' title='bbox 362 5081 518 5137; x_wconf 89' lang='lat' dir='ltr'>Becci</span> <span class='ocrx_word' id='word_1_362' title='bbox 544 5082 646 5137; x_wconf 90' lang='lat' dir='ltr'>sub</span> <span class='ocrx_word' id='word_1_363' title='bbox 676 5089 864 5139; x_wconf 87' lang='lat' dir='ltr'>sancto</span> <span class='ocrx_word' id='word_1_364' title='bbox 894 5084 1169 5149; x_wconf 89' lang='lat' dir='ltr'>Anselmo,</span> <span class='ocrx_word' id='word_1_365' title='bbox 1222 5085 1342 5153; x_wconf 89' lang='lat' dir='ltr'>ejus</span> <span class='ocrx_word' id='word_1_366' title='bbox 1385 5085 1488 5140; x_wconf 92' lang='lat' dir='ltr'>loci</span> <span class='ocrx_word' id='word_1_367' title='bbox 1551 5084 1775 5153; x_wconf 91' lang='lat' dir='ltr'>abbate,</span> <span class='ocrx_word' id='word_1_368' title='bbox 1804 5086 1978 5141; x_wconf 86' lang='lat' dir='ltr'>Annis</span> 
     </span>
    </p>
   </div>
   <div class='ocr_carea' id='block_1_55' title="bbox 358 5176 1977 5252">
    <p class='ocr_par' dir='ltr' id='par_1_55' title="bbox 358 5176 1977 5252">
     <span class='ocr_line' id='line_1_55' title="bbox 358 5176 1977 5252; baseline 0.003 -22"><span class='ocrx_word' id='word_1_369' title='bbox 358 5176 427 5231; x_wconf 77' lang='lat'><strong>26</strong></span> <span class='ocrx_word' id='word_1_370' title='bbox 449 5178 753 5233; x_wconf 87' lang='lat' dir='ltr'>monachus</span> <span class='ocrx_word' id='word_1_371' title='bbox 790 5178 911 5233; x_wconf 91' lang='lat' dir='ltr'>sine</span> <span class='ocrx_word' id='word_1_372' title='bbox 944 5178 1250 5249; x_wconf 89' lang='lat' dir='ltr'>prelatione</span> <span class='ocrx_word' id='word_1_373' title='bbox 1283 5178 1422 5245; x_wconf 82' lang='lat' dir='ltr'>fuit;</span> <span class='ocrx_word' id='word_1_374' title='bbox 1456 5180 1663 5234; x_wconf 92' lang='lat' dir='ltr'>deinde</span> <span class='ocrx_word' id='word_1_375' title='bbox 1691 5181 1843 5252; x_wconf 92' lang='lat' dir='ltr'>prior</span> <span class='ocrx_word' id='word_1_376' title='bbox 1873 5185 1977 5236; x_wconf 89' lang='lat' dir='ltr'>sub</span> 
     </span>
    </p>
   </div>
   <div class='ocr_carea' id='block_1_56' title="bbox 358 5264 1977 5337">
    <p class='ocr_par' dir='ltr' id='par_1_56' title="bbox 358 5264 1977 5337">
     <span class='ocr_line' id='line_1_56' title="bbox 358 5264 1977 5337; baseline 0.004 -17"><span class='ocrx_word' id='word_1_377' title='bbox 358 5264 543 5322; x_wconf 86' lang='lat' dir='ltr'>donno</span> <span class='ocrx_word' id='word_1_378' title='bbox 571 5266 851 5323; x_wconf 90' lang='lat' dir='ltr'>Willermo</span> <span class='ocrx_word' id='word_1_379' title='bbox 882 5267 1101 5337; x_wconf 90' lang='lat' dir='ltr'>abbate,</span> <span class='ocrx_word' id='word_1_380' title='bbox 1154 5268 1388 5337; x_wconf 88' lang='lat' dir='ltr'>predicti</span> <span class='ocrx_word' id='word_1_381' title='bbox 1448 5270 1692 5326; x_wconf 89' lang='lat' dir='ltr'>Anselmi</span> <span class='ocrx_word' id='word_1_382' title='bbox 1748 5287 1977 5327; x_wconf 90' lang='lat' dir='ltr'>succes-</span> 
     </span>
    </p>
   </div>
   <div class='ocr_carea' id='block_1_57' title="bbox 1611 199 2515 260">
    <p class='ocr_par' dir='ltr' id='par_1_57' title="bbox 1611 199 2515 260">
     <span class='ocr_line' id='line_1_57' title="bbox 1611 199 2515 260; baseline 0.002 -3"><span class='ocrx_word' id='word_1_383' title='bbox 1611 199 1957 257; x_wconf 84' lang='lat' dir='ltr'>SlGEBERTI</span> <span class='ocrx_word' id='word_1_384' title='bbox 1999 199 2515 260; x_wconf 70' lang='lat' dir='ltr'>GEMBLACENSIS.</span> 
     </span>
    </p>
   </div>
   <div class='ocr_carea' id='block_1_58' title="bbox 2036 1656 2085 1722">
    <p class='ocr_par' dir='ltr' id='par_1_58' title="bbox 2036 1656 2085 1722">
     <span class='ocr_line' id='line_1_58' title="bbox 2036 1656 2085 1722; baseline 0 0"><span class='ocrx_word' id='word_1_385' title='bbox 2036 1656 2085 1722; x_wconf 90' lang='grc' dir='ltr'>Β</span> 
     </span>
    </p>
   </div>
   <div class='ocr_carea' id='block_1_59' title="bbox 2702 154 2731 165">
    <p class='ocr_par' dir='ltr' id='par_1_59' title="bbox 2702 154 2731 165">
     <span class='ocr_line' id='line_1_59' title="bbox 2702 154 2731 165; baseline 0 0"><span class='ocrx_word' id='word_1_386' title='bbox 2702 154 2731 165; x_wconf 68' lang='grc' dir='ltr'><strong><em>ιο</em></strong></span> 
     </span>
    </p>
   </div>
   <div class='ocr_carea' id='block_1_60' title="bbox 3628 212 3746 267">
    <p class='ocr_par' dir='ltr' id='par_1_60' title="bbox 3628 212 3746 267">
     <span class='ocr_line' id='line_1_60' title="bbox 3628 212 3746 267; baseline 0.008 -1"><span class='ocrx_word' id='word_1_387' title='bbox 3628 212 3746 267; x_wconf 74' lang='grc'>452</span> 
     </span>
    </p>
   </div>
   <div class='ocr_carea' id='block_1_61' title="bbox 2023 329 3739 410">
    <p class='ocr_par' dir='ltr' id='par_1_61' title="bbox 2023 329 3739 410">
     <span class='ocr_line' id='line_1_61' title="bbox 2023 329 3739 410; baseline 0.004 -26"><span class='ocrx_word' id='word_1_388' title='bbox 2023 331 2074 398; x_wconf 88' lang='grc' dir='ltr'>Α</span> <span class='ocrx_word' id='word_1_389' title='bbox 2099 344 2244 397; x_wconf 88' lang='lat' dir='ltr'>sore,</span> <span class='ocrx_word' id='word_1_390' title='bbox 2276 330 2310 383; x_wconf 92' lang='lat'><strong>9</strong></span> <span class='ocrx_word' id='word_1_391' title='bbox 2338 329 2520 385; x_wconf 91' lang='lat' dir='ltr'>annis.</span> <span class='ocrx_word' id='word_1_392' title='bbox 2553 330 2684 387; x_wconf 88' lang='lat' dir='ltr'>Post</span> <span class='ocrx_word' id='word_1_393' title='bbox 2710 347 2877 404; x_wconf 89' lang='lat' dir='ltr'>quem</span> <span class='ocrx_word' id='word_1_394' title='bbox 2923 332 3193 389; x_wconf 90' lang='lat' dir='ltr'>electione</span> <span class='ocrx_word' id='word_1_395' title='bbox 3260 334 3430 390; x_wconf 89' lang='lat' dir='ltr'>totius</span> <span class='ocrx_word' id='word_1_396' title='bbox 3478 349 3739 410; x_wconf 88' lang='lat' dir='ltr'>congre-</span> 
     </span>
    </p>
   </div>
   <div class='ocr_carea' id='block_1_62' title="bbox 2096 420 3737 493">
    <p class='ocr_par' dir='ltr' id='par_1_62' title="bbox 2096 420 3737 493">
     <span class='ocr_line' id='line_1_62' title="bbox 2096 420 3737 493; baseline 0.005 -19"><span class='ocrx_word' id='word_1_397' title='bbox 2096 420 2339 493; x_wconf 86' lang='lat' dir='ltr'>gationis</span> <span class='ocrx_word' id='word_1_398' title='bbox 2368 422 2540 477; x_wconf 89' lang='lat' dir='ltr'>abbas</span> <span class='ocrx_word' id='word_1_399' title='bbox 2568 424 2916 493; x_wconf 87' lang='lat' dir='ltr'>constitutus,</span> <span class='ocrx_word' id='word_1_400' title='bbox 2973 425 3115 480; x_wconf 89' lang='lat' dir='ltr'>rexit</span> <span class='ocrx_word' id='word_1_401' title='bbox 3169 426 3403 482; x_wconf 89' lang='lat' dir='ltr'>eandem</span> <span class='ocrx_word' id='word_1_402' title='bbox 3446 427 3737 483; x_wconf 88' lang='lat' dir='ltr'>abbatiam</span> 
     </span>
    </p>
   </div>
   <div class='ocr_carea' id='block_1_63' title="bbox 2099 511 3742 577">
    <p class='ocr_par' dir='ltr' id='par_1_63' title="bbox 2099 511 3742 577">
     <span class='ocr_line' id='line_1_63' title="bbox 2099 511 3742 577; baseline 0.004 -13"><span class='ocrx_word' id='word_1_403' title='bbox 2099 511 2259 566; x_wconf 89' lang='lat' dir='ltr'>annis</span> <span class='ocrx_word' id='word_1_404' title='bbox 2289 512 2375 577; x_wconf 73' lang='lat'>12,</span> <span class='ocrx_word' id='word_1_405' title='bbox 2409 512 2606 569; x_wconf 90' lang='lat' dir='ltr'>diebus</span> <span class='ocrx_word' id='word_1_406' title='bbox 2625 514 2712 568; x_wconf 74' lang='lat'>12.</span> <span class='ocrx_word' id='word_1_407' title='bbox 2740 514 2976 570; x_wconf 87' lang='lat' dir='ltr'>Transiit</span> <span class='ocrx_word' id='word_1_408' title='bbox 3000 522 3183 570; x_wconf 92' lang='lat' dir='ltr'>autem</span> <span class='ocrx_word' id='word_1_409' title='bbox 3231 524 3394 572; x_wconf 90' lang='lat' dir='ltr'>nocte</span> <span class='ocrx_word' id='word_1_410' title='bbox 3423 516 3742 572; x_wconf 86' lang='lat' dir='ltr'>nativitatis</span> 
     </span>
    </p>
   </div>
   <div class='ocr_carea' id='block_1_64' title="bbox 2098 602 3735 677">
    <p class='ocr_par' dir='ltr' id='par_1_64' title="bbox 2098 602 3735 677">
     <span class='ocr_line' id='line_1_64' title="bbox 2098 602 3735 677; baseline 0.004 -22"><span class='ocrx_word' id='word_1_411' title='bbox 2098 603 2273 657; x_wconf 88' lang='lat' dir='ltr'>sancti</span> <span class='ocrx_word' id='word_1_412' title='bbox 2300 602 2570 659; x_wconf 58' lang='lat' dir='ltr'>Johannis</span> <span class='ocrx_word' id='word_1_413' title='bbox 2613 605 2874 677; x_wconf 88' lang='lat' dir='ltr'>baptiste,</span> <span class='ocrx_word' id='word_1_414' title='bbox 2929 607 3032 662; x_wconf 91' lang='lat' dir='ltr'>hoc</span> <span class='ocrx_word' id='word_1_415' title='bbox 3063 613 3146 661; x_wconf 88' lang='lat' dir='ltr'>est</span> <span class='ocrx_word' id='word_1_416' title='bbox 3197 607 3250 661; x_wconf 91' lang='lat'>8.</span> <span class='ocrx_word' id='word_1_417' title='bbox 3307 607 3535 663; x_wconf 84' lang='lat' dir='ltr'>Kalend.</span> <span class='ocrx_word' id='word_1_418' title='bbox 3567 606 3735 671; x_wconf 86' lang='lat' dir='ltr'>Julii,</span> 
     </span>
    </p>
   </div>
   <div class='ocr_carea' id='block_1_65' title="bbox 2100 696 3737 773">
    <p class='ocr_par' dir='ltr' id='par_1_65' title="bbox 2100 696 3737 773">
     <span class='ocr_line' id='line_1_65' title="bbox 2100 696 3737 773; baseline 0.004 -24"><span class='ocrx_word' id='word_1_419' title='bbox 2100 710 2245 751; x_wconf 89' lang='lat' dir='ltr'>anno</span> <span class='ocrx_word' id='word_1_420' title='bbox 2272 696 2433 751; x_wconf 90' lang='lat' dir='ltr'>etatis</span> <span class='ocrx_word' id='word_1_421' title='bbox 2461 712 2562 752; x_wconf 92' lang='lat' dir='ltr'>sue</span> <span class='ocrx_word' id='word_1_422' title='bbox 2589 697 2676 765; x_wconf 88' lang='lat'>71,</span> <span class='ocrx_word' id='word_1_423' title='bbox 2698 700 3060 755; x_wconf 88' lang='lat' dir='ltr'>monachatus</span> <span class='ocrx_word' id='word_1_424' title='bbox 3086 715 3214 755; x_wconf 77' lang='lat' dir='ltr'>vero</span> <span class='ocrx_word' id='word_1_425' title='bbox 3262 701 3354 756; x_wconf 77' lang='grc'>47.</span> <span class='ocrx_word' id='word_1_426' title='bbox 3405 700 3552 773; x_wconf 88' lang='grc'>(390)</span> <span class='ocrx_word' id='word_1_427' title='bbox 3584 701 3737 755; x_wconf 89' lang='lat' dir='ltr'>Pau-</span> 
     </span>
    </p>
   </div>
   <div class='ocr_carea' id='block_1_66' title="bbox 2101 788 3733 862">
    <p class='ocr_par' dir='ltr' id='par_1_66' title="bbox 2101 788 3733 862">
     <span class='ocr_line' id='line_1_66' title="bbox 2101 788 3733 862; baseline 0.005 -19"><span class='ocrx_word' id='word_1_428' title='bbox 2101 788 2291 861; x_wconf 88' lang='lat' dir='ltr'>cisque</span> <span class='ocrx_word' id='word_1_429' title='bbox 2314 790 2656 862; x_wconf 88' lang='lat' dir='ltr'>interpositis</span> <span class='ocrx_word' id='word_1_430' title='bbox 2690 793 2910 862; x_wconf 90' lang='lat' dir='ltr'>diebus,</span> <span class='ocrx_word' id='word_1_431' title='bbox 2944 797 3156 850; x_wconf 88' lang='lat' dir='ltr'>electus</span> <span class='ocrx_word' id='word_1_432' title='bbox 3177 804 3261 850; x_wconf 88' lang='lat' dir='ltr'>est</span> <span class='ocrx_word' id='word_1_433' title='bbox 3299 795 3472 852; x_wconf 81' lang='lat' dir='ltr'>abbas</span> <span class='ocrx_word' id='word_1_434' title='bbox 3501 797 3733 851; x_wconf 88' lang='lat' dir='ltr'>donnus</span> 
     </span>
    </p>
   </div>
   <div class='ocr_carea' id='block_1_67' title="bbox 2103 880 3736 959">
    <p class='ocr_par' dir='ltr' id='par_1_67' title="bbox 2103 880 3736 959">
     <span class='ocr_line' id='line_1_67' title="bbox 2103 880 3736 959; baseline 0.004 -25"><span class='ocrx_word' id='word_1_435' title='bbox 2103 880 2439 950; x_wconf 87' lang='lat' dir='ltr'>Thebaldus,</span> <span class='ocrx_word' id='word_1_436' title='bbox 2492 883 2578 939; x_wconf 87' lang='lat' dir='ltr'>vir</span> <span class='ocrx_word' id='word_1_437' title='bbox 2618 885 2822 941; x_wconf 90' lang='lat' dir='ltr'>nobilis</span> <span class='ocrx_word' id='word_1_438' title='bbox 2868 892 2921 941; x_wconf 87' lang='lat' dir='ltr'>et</span> <span class='ocrx_word' id='word_1_439' title='bbox 2992 886 3225 957; x_wconf 83' lang='lat' dir='ltr'>probus,</span> <span class='ocrx_word' id='word_1_440' title='bbox 3280 889 3376 959; x_wconf 93' lang='lat' dir='ltr'>qui</span> <span class='ocrx_word' id='word_1_441' title='bbox 3424 895 3557 943; x_wconf 88' lang='lat' dir='ltr'>tunc</span> <span class='ocrx_word' id='word_1_442' title='bbox 3610 895 3736 943; x_wconf 90' lang='lat' dir='ltr'>erat</span> 
     </span>
    </p>
   </div>
   <div class='ocr_carea' id='block_1_68' title="bbox 2105 970 2621 1045">
    <p class='ocr_par' dir='ltr' id='par_1_68' title="bbox 2105 970 2621 1045">
     <span class='ocr_line' id='line_1_68' title="bbox 2105 970 2621 1045; baseline 0.01 -21"><span class='ocrx_word' id='word_1_443' title='bbox 2105 970 2254 1040; x_wconf 88' lang='lat' dir='ltr'>prior</span> <span class='ocrx_word' id='word_1_444' title='bbox 2285 971 2382 1042; x_wconf 82' lang='grc' dir='ltr'>(Η.</span> <span class='ocrx_word' id='word_1_445' title='bbox 2414 970 2575 1028; x_wconf 86' lang='lat' dir='ltr'>Henr.</span> <span class='ocrx_word' id='word_1_446' title='bbox 2583 980 2621 1045; x_wconf 85' lang='lat'>).</span> 
     </span>
    </p>
   </div>
   <div class='ocr_carea' id='block_1_69' title="bbox 2208 1063 3369 1133">
    <p class='ocr_par' dir='ltr' id='par_1_69' title="bbox 2208 1063 3369 1133">
     <span class='ocr_line' id='line_1_69' title="bbox 2208 1063 3369 1133; baseline 0.004 -16"><span class='ocrx_word' id='word_1_447' title='bbox 2208 1063 2380 1117; x_wconf 86' lang='lat' dir='ltr'>Lucta</span> <span class='ocrx_word' id='word_1_448' title='bbox 2399 1066 2567 1131; x_wconf 74' lang='lat' dir='ltr'>ﬁnita</span> <span class='ocrx_word' id='word_1_449' title='bbox 2603 1081 2727 1121; x_wconf 86' lang='lat' dir='ltr'>cum</span> <span class='ocrx_word' id='word_1_450' title='bbox 2755 1081 2940 1133; x_wconf 82' lang='lat' dir='ltr'>carne,</span> <span class='ocrx_word' id='word_1_451' title='bbox 2966 1068 3054 1120; x_wconf 85' lang='lat' dir='ltr'>vir</span> <span class='ocrx_word' id='word_1_452' title='bbox 3079 1066 3369 1122; x_wconf 83' lang='lat' dir='ltr'>Israhelita</span> 
     </span>
    </p>
   </div>
   <div class='ocr_carea' id='block_1_70' title="bbox 2207 1151 3409 1226">
    <p class='ocr_par' dir='ltr' id='par_1_70' title="bbox 2207 1151 3409 1226">
     <span class='ocr_line' id='line_1_70' title="bbox 2207 1151 3409 1226; baseline 0.006 -22"><span class='ocrx_word' id='word_1_453' title='bbox 2207 1151 2394 1206; x_wconf 84' lang='lat' dir='ltr'>Abbas</span> <span class='ocrx_word' id='word_1_454' title='bbox 2421 1154 2555 1208; x_wconf 82' lang='lat' dir='ltr'>Bosa</span> <span class='ocrx_word' id='word_1_455' title='bbox 2576 1154 2662 1208; x_wconf 85' lang='lat' dir='ltr'>die</span> <span class='ocrx_word' id='word_1_456' title='bbox 2690 1157 2973 1225; x_wconf 74' lang='lat' dir='ltr'>requievit,</span> <span class='ocrx_word' id='word_1_457' title='bbox 3014 1172 3126 1226; x_wconf 87' lang='lat' dir='ltr'>qua</span> <span class='ocrx_word' id='word_1_458' title='bbox 3149 1157 3409 1211; x_wconf 82' lang='lat' dir='ltr'>Zacharie</span> 
     </span>
    </p>
   </div>
   <div class='ocr_carea' id='block_1_71' title="bbox 2210 1240 3432 1316">
    <p class='ocr_par' dir='ltr' id='par_1_71' title="bbox 2210 1240 3432 1316">
     <span class='ocr_line' id='line_1_71' title="bbox 2210 1240 3432 1316; baseline 0.005 -23"><span class='ocrx_word' id='word_1_459' title='bbox 2210 1240 2380 1296; x_wconf 85' lang='lat' dir='ltr'>Filius</span> <span class='ocrx_word' id='word_1_460' title='bbox 2410 1244 2675 1311; x_wconf 70' lang='lat' dir='ltr'>exoritur,</span> <span class='ocrx_word' id='word_1_461' title='bbox 2693 1260 2798 1314; x_wconf 87' lang='lat' dir='ltr'>quo</span> <span class='ocrx_word' id='word_1_462' title='bbox 2818 1246 2998 1314; x_wconf 84' lang='lat' dir='ltr'>major</span> <span class='ocrx_word' id='word_1_463' title='bbox 3025 1260 3136 1301; x_wconf 88' lang='lat' dir='ltr'>non</span> <span class='ocrx_word' id='word_1_464' title='bbox 3154 1248 3432 1316; x_wconf 80' lang='lat' dir='ltr'>reperitur</span> 
     </span>
    </p>
   </div>
   <div class='ocr_carea' id='block_1_72' title="bbox 2210 1336 3441 1409">
    <p class='ocr_par' dir='ltr' id='par_1_72' title="bbox 2210 1336 3441 1409">
     <span class='ocr_line' id='line_1_72' title="bbox 2210 1336 3441 1409; baseline -0.004 -13"><span class='ocrx_word' id='word_1_465' title='bbox 2210 1340 2443 1409; x_wconf 66' lang='lat' dir='ltr'>Surgere</span> <span class='ocrx_word' id='word_1_466' title='bbox 2468 1338 2783 1391; x_wconf 86' lang='lat' dir='ltr'>cunctarum</span> <span class='ocrx_word' id='word_1_467' title='bbox 2806 1340 2962 1391; x_wconf 87' lang='lat' dir='ltr'>natos</span> <span class='ocrx_word' id='word_1_468' title='bbox 2980 1340 3126 1391; x_wconf 82' lang='lat' dir='ltr'>inter</span> <span class='ocrx_word' id='word_1_469' title='bbox 3153 1336 3441 1391; x_wconf 80' lang='lat' dir='ltr'>mulierum</span> 
     </span>
    </p>
   </div>
   <div class='ocr_carea' id='block_1_73' title="bbox 2214 1424 3260 1496">
    <p class='ocr_par' dir='ltr' id='par_1_73' title="bbox 2214 1424 3260 1496">
     <span class='ocr_line' id='line_1_73' title="bbox 2214 1424 3260 1496; baseline -0.004 -15"><span class='ocrx_word' id='word_1_470' title='bbox 2214 1427 2317 1481; x_wconf 82' lang='lat' dir='ltr'>Hec</span> <span class='ocrx_word' id='word_1_471' title='bbox 2344 1430 2544 1496; x_wconf 81' lang='lat' dir='ltr'>pietate</span> <span class='ocrx_word' id='word_1_472' title='bbox 2562 1427 2661 1481; x_wconf 89' lang='lat' dir='ltr'>Dei</span> <span class='ocrx_word' id='word_1_473' title='bbox 2689 1429 2803 1480; x_wconf 87' lang='lat' dir='ltr'>tam</span> <span class='ocrx_word' id='word_1_474' title='bbox 2836 1426 2932 1478; x_wconf 83' lang='lat' dir='ltr'>tete</span> <span class='ocrx_word' id='word_1_475' title='bbox 2959 1426 3103 1491; x_wconf 86' lang='lat' dir='ltr'>festa</span> <span class='ocrx_word' id='word_1_476' title='bbox 3130 1424 3260 1491; x_wconf 85' lang='lat' dir='ltr'>diei,</span> 
     </span>
    </p>
   </div>
   <div class='ocr_carea' id='block_1_74' title="bbox 2212 1515 3317 1586">
    <p class='ocr_par' dir='ltr' id='par_1_74' title="bbox 2212 1515 3317 1586">
     <span class='ocr_line' id='line_1_74' title="bbox 2212 1515 3317 1586; baseline -0.005 -13"><span class='ocrx_word' id='word_1_477' title='bbox 2212 1517 2334 1573; x_wconf 82' lang='lat' dir='ltr'>Sint</span> <span class='ocrx_word' id='word_1_478' title='bbox 2360 1521 2633 1586; x_wconf 84' lang='lat' dir='ltr'>ingressus</span> <span class='ocrx_word' id='word_1_479' title='bbox 2653 1518 2703 1570; x_wconf 90' lang='lat' dir='ltr'>ei</span> <span class='ocrx_word' id='word_1_480' title='bbox 2720 1515 3074 1586; x_wconf 87' lang='lat' dir='ltr'>paradisiace</span> <span class='ocrx_word' id='word_1_481' title='bbox 3095 1516 3317 1584; x_wconf 83' lang='lat' dir='ltr'>requiei.</span> 
     </span>
    </p>
   </div>
   <div class='ocr_carea' id='block_1_75' title="bbox 2213 1607 3437 1678">
    <p class='ocr_par' dir='ltr' id='par_1_75' title="bbox 2213 1607 3437 1678">
     <span class='ocr_line' id='line_1_75' title="bbox 2213 1607 3437 1678; baseline -0.005 -12"><span class='ocrx_word' id='word_1_482' title='bbox 2213 1610 2392 1666; x_wconf 81' lang='lat' dir='ltr'>Abbas</span> <span class='ocrx_word' id='word_1_483' title='bbox 2417 1611 2707 1675; x_wconf 84' lang='lat' dir='ltr'>Beecensis,</span> <span class='ocrx_word' id='word_1_484' title='bbox 2740 1608 2895 1678; x_wconf 86' lang='lat' dir='ltr'>cujus</span> <span class='ocrx_word' id='word_1_485' title='bbox 2925 1622 3096 1662; x_wconf 83' lang='lat' dir='ltr'>sermo</span> <span class='ocrx_word' id='word_1_486' title='bbox 3121 1607 3236 1674; x_wconf 82' lang='lat' dir='ltr'>fuit</span> <span class='ocrx_word' id='word_1_487' title='bbox 3271 1608 3437 1661; x_wconf 86' lang='lat' dir='ltr'>ensis.</span> 
     </span>
    </p>
   </div>
   <div class='ocr_carea' id='block_1_76' title="bbox 2317 1698 3477 1768">
    <p class='ocr_par' dir='ltr' id='par_1_76' title="bbox 2317 1698 3477 1768">
     <span class='ocr_line' id='line_1_76' title="bbox 2317 1698 3477 1768; baseline -0.005 -10"><span class='ocrx_word' id='word_1_488' title='bbox 2317 1702 2607 1758; x_wconf 81' lang='lat' dir='ltr'>Abradens</span> <span class='ocrx_word' id='word_1_489' title='bbox 2636 1702 2835 1755; x_wconf 87' lang='lat' dir='ltr'>vicium</span> <span class='ocrx_word' id='word_1_490' title='bbox 2866 1716 2881 1765; x_wconf 91' lang='lat'><strong>;</strong></span> <span class='ocrx_word' id='word_1_491' title='bbox 2911 1714 3018 1768; x_wconf 87' lang='lat' dir='ltr'>quo</span> <span class='ocrx_word' id='word_1_492' title='bbox 3038 1698 3205 1754; x_wconf 82' lang='lat' dir='ltr'>datur</span> <span class='ocrx_word' id='word_1_493' title='bbox 3221 1700 3477 1764; x_wconf 67' lang='lat' dir='ltr'>exicium,</span> 
     </span>
    </p>
   </div>
   <div class='ocr_carea' id='block_1_77' title="bbox 2208 1792 3626 1866">
    <p class='ocr_par' dir='ltr' id='par_1_77' title="bbox 2208 1792 3626 1866">
     <span class='ocr_line' id='line_1_77' title="bbox 2208 1792 3626 1866; baseline -0.004 -14"><span class='ocrx_word' id='word_1_494' title='bbox 2208 1798 2342 1853; x_wconf 86' lang='lat' dir='ltr'>Bosa</span> <span class='ocrx_word' id='word_1_495' title='bbox 2366 1802 2526 1866; x_wconf 75' lang='lat' dir='ltr'>pater</span> <span class='ocrx_word' id='word_1_496' title='bbox 2550 1810 2801 1863; x_wconf 81' lang='lat' dir='ltr'>magnus,</span> <span class='ocrx_word' id='word_1_497' title='bbox 2832 1793 3056 1847; x_wconf 84' lang='lat' dir='ltr'>tumidis</span> <span class='ocrx_word' id='word_1_498' title='bbox 3074 1792 3169 1854; x_wconf 85' lang='lat' dir='ltr'>leo,</span> <span class='ocrx_word' id='word_1_499' title='bbox 3199 1793 3423 1847; x_wconf 81' lang='lat' dir='ltr'>mitibus</span> <span class='ocrx_word' id='word_1_500' title='bbox 3451 1807 3626 1861; x_wconf 84' lang='lat' dir='ltr'>agnus</span> 
     </span>
    </p>
   </div>
   <div class='ocr_carea' id='block_1_78' title="bbox 2314 1882 3460 1955">
    <p class='ocr_par' dir='ltr' id='par_1_78' title="bbox 2314 1882 3460 1955">
     <span class='ocr_line' id='line_1_78' title="bbox 2314 1882 3460 1955; baseline -0.005 -14"><span class='ocrx_word' id='word_1_501' title='bbox 2314 1887 2380 1941; x_wconf 85' lang='lat' dir='ltr'>Et</span> <span class='ocrx_word' id='word_1_502' title='bbox 2405 1886 2579 1940; x_wconf 75' lang='lat' dir='ltr'>dulcis</span> <span class='ocrx_word' id='word_1_503' title='bbox 2602 1885 2828 1955; x_wconf 83' lang='lat' dir='ltr'>populo,</span> <span class='ocrx_word' id='word_1_504' title='bbox 2856 1885 2919 1952; x_wconf 81' lang='lat' dir='ltr'>ﬁt</span> <span class='ocrx_word' id='word_1_505' title='bbox 2946 1885 3082 1937; x_wconf 87' lang='lat' dir='ltr'>cinis</span> <span class='ocrx_word' id='word_1_506' title='bbox 3112 1883 3207 1937; x_wconf 80' lang='lat' dir='ltr'>hoc</span> <span class='ocrx_word' id='word_1_507' title='bbox 3236 1882 3460 1948; x_wconf 81' lang='lat' dir='ltr'>tumulo,</span> 
     </span>
    </p>
   </div>
   <div class='ocr_carea' id='block_1_79' title="bbox 2205 1973 3631 2044">
    <p class='ocr_par' dir='ltr' id='par_1_79' title="bbox 2205 1973 3631 2044">
     <span class='ocr_line' id='line_1_79' title="bbox 2205 1973 3631 2044; baseline -0.004 -12"><span class='ocrx_word' id='word_1_508' title='bbox 2205 1979 2295 2033; x_wconf 88' lang='lat' dir='ltr'>Fit</span> <span class='ocrx_word' id='word_1_509' title='bbox 2320 1978 2456 2032; x_wconf 85' lang='lat' dir='ltr'>cinis</span> <span class='ocrx_word' id='word_1_510' title='bbox 2478 1977 2578 2030; x_wconf 84' lang='lat' dir='ltr'>hac</span> <span class='ocrx_word' id='word_1_511' title='bbox 2588 1976 2793 2041; x_wconf 87' lang='lat' dir='ltr'>tumba,</span> <span class='ocrx_word' id='word_1_512' title='bbox 2825 1976 2923 2044; x_wconf 85' lang='lat' dir='ltr'>qui</span> <span class='ocrx_word' id='word_1_513' title='bbox 2944 1988 3162 2043; x_wconf 76' lang='lat' dir='ltr'>serpens</span> <span class='ocrx_word' id='word_1_514' title='bbox 3193 1978 3356 2043; x_wconf 87' lang='lat' dir='ltr'>atque</span> <span class='ocrx_word' id='word_1_515' title='bbox 3383 1973 3631 2028; x_wconf 80' lang='lat' dir='ltr'>columba</span> 
     </span>
    </p>
   </div>
   <div class='ocr_carea' id='block_1_80' title="bbox 2307 2063 3431 2134">
    <p class='ocr_par' dir='ltr' id='par_1_80' title="bbox 2307 2063 3431 2134">
     <span class='ocr_line' id='line_1_80' title="bbox 2307 2063 3431 2134; baseline -0.002 -14"><span class='ocrx_word' id='word_1_516' title='bbox 2307 2068 2393 2121; x_wconf 78' lang='lat' dir='ltr'>Ea:</span> <span class='ocrx_word' id='word_1_517' title='bbox 2420 2065 2686 2134; x_wconf 75' lang='lat' dir='ltr'>probitate</span> <span class='ocrx_word' id='word_1_518' title='bbox 2713 2065 2847 2131; x_wconf 87' lang='lat' dir='ltr'>fuit,</span> <span class='ocrx_word' id='word_1_519' title='bbox 2878 2065 3055 2117; x_wconf 82' lang='lat' dir='ltr'>vivere</span> <span class='ocrx_word' id='word_1_520' title='bbox 3081 2063 3210 2117; x_wconf 86' lang='lat' dir='ltr'>dum</span> <span class='ocrx_word' id='word_1_521' title='bbox 3232 2065 3431 2132; x_wconf 86' lang='lat' dir='ltr'>potuit.</span> 
     </span>
    </p>
   </div>
   <div class='ocr_carea' id='block_1_81' title="bbox 2203 2152 3538 2223">
    <p class='ocr_par' dir='ltr' id='par_1_81' title="bbox 2203 2152 3538 2223">
     <span class='ocr_line' id='line_1_81' title="bbox 2203 2152 3538 2223; baseline -0.003 -13"><span class='ocrx_word' id='word_1_522' title='bbox 2203 2157 2352 2223; x_wconf 84' lang='lat' dir='ltr'>Ergo</span> <span class='ocrx_word' id='word_1_523' title='bbox 2380 2154 2569 2208; x_wconf 80' lang='lat' dir='ltr'>videns</span> <span class='ocrx_word' id='word_1_524' title='bbox 2596 2168 2802 2218; x_wconf 88' lang='lat' dir='ltr'>versus,</span> <span class='ocrx_word' id='word_1_525' title='bbox 2825 2158 2951 2206; x_wconf 88' lang='lat' dir='ltr'>atra</span> <span class='ocrx_word' id='word_1_526' title='bbox 2972 2167 3037 2205; x_wconf 85' lang='lat' dir='ltr'>ne</span> <span class='ocrx_word' id='word_1_527' title='bbox 3057 2154 3129 2206; x_wconf 85' lang='lat' dir='ltr'>sit</span> <span class='ocrx_word' id='word_1_528' title='bbox 3159 2152 3305 2219; x_wconf 82' lang='lat' dir='ltr'>Stige</span> <span class='ocrx_word' id='word_1_529' title='bbox 3332 2165 3538 2206; x_wconf 81' lang='lat' dir='ltr'>mersus</span> 
     </span>
    </p>
   </div>
   <div class='ocr_carea' id='block_1_82' title="bbox 2312 2245 3599 2315">
    <p class='ocr_par' dir='ltr' id='par_1_82' title="bbox 2312 2245 3599 2315">
     <span class='ocr_line' id='line_1_82' title="bbox 2312 2245 3599 2315; baseline -0.005 -14"><span class='ocrx_word' id='word_1_530' title='bbox 2312 2248 2444 2315; x_wconf 82' lang='lat' dir='ltr'>Regi</span> <span class='ocrx_word' id='word_1_531' title='bbox 2466 2245 2637 2313; x_wconf 85' lang='lat' dir='ltr'>funde</span> <span class='ocrx_word' id='word_1_532' title='bbox 2660 2259 2896 2315; x_wconf 85' lang='lat' dir='ltr'>precem,</span> <span class='ocrx_word' id='word_1_533' title='bbox 2929 2258 3088 2313; x_wconf 89' lang='lat' dir='ltr'>quem</span> <span class='ocrx_word' id='word_1_534' title='bbox 3117 2245 3259 2296; x_wconf 82' lang='lat' dir='ltr'>necis</span> <span class='ocrx_word' id='word_1_535' title='bbox 3284 2257 3395 2297; x_wconf 89' lang='lat' dir='ltr'>esse</span> <span class='ocrx_word' id='word_1_536' title='bbox 3422 2256 3599 2296; x_wconf 87' lang='lat' dir='ltr'>necem</span> 
     </span>
    </p>
   </div>
   <div class='ocr_carea' id='block_1_83' title="bbox 2208 2333 3549 2405">
    <p class='ocr_par' dir='ltr' id='par_1_83' title="bbox 2208 2333 3549 2405">
     <span class='ocr_line' id='line_1_83' title="bbox 2208 2333 3549 2405; baseline -0.006 -11"><span class='ocrx_word' id='word_1_537' title='bbox 2208 2338 2509 2404; x_wconf 83' lang='lat' dir='ltr'>Credimus,</span> <span class='ocrx_word' id='word_1_538' title='bbox 2528 2342 2579 2391; x_wconf 88' lang='lat' dir='ltr'>et</span> <span class='ocrx_word' id='word_1_539' title='bbox 2605 2338 2751 2402; x_wconf 87' lang='lat' dir='ltr'>celis,</span> <span class='ocrx_word' id='word_1_540' title='bbox 2768 2335 2984 2390; x_wconf 83' lang='lat' dir='ltr'>scandit</span> <span class='ocrx_word' id='word_1_541' title='bbox 3006 2350 3116 2405; x_wconf 86' lang='lat' dir='ltr'>qua</span> <span class='ocrx_word' id='word_1_542' title='bbox 3133 2335 3363 2404; x_wconf 86' lang='lat' dir='ltr'>quisque</span> <span class='ocrx_word' id='word_1_543' title='bbox 3376 2333 3549 2403; x_wconf 81' lang='lat' dir='ltr'>ﬁdelis</span> 
     </span>
    </p>
   </div>
   <div class='ocr_carea' id='block_1_84' title="bbox 2311 2424 3508 2498">
    <p class='ocr_par' dir='ltr' id='par_1_84' title="bbox 2311 2424 3508 2498">
     <span class='ocr_line' id='line_1_84' title="bbox 2311 2424 3508 2498; baseline -0.006 -14"><span class='ocrx_word' id='word_1_544' title='bbox 2311 2432 2409 2484; x_wconf 89' lang='lat' dir='ltr'>Det</span> <span class='ocrx_word' id='word_1_545' title='bbox 2441 2430 2569 2498; x_wconf 87' lang='lat' dir='ltr'>pius</span> <span class='ocrx_word' id='word_1_546' title='bbox 2598 2442 2707 2482; x_wconf 87' lang='lat' dir='ltr'>esse</span> <span class='ocrx_word' id='word_1_547' title='bbox 2731 2427 2858 2493; x_wconf 81' lang='lat' dir='ltr'>sibi,</span> <span class='ocrx_word' id='word_1_548' title='bbox 2886 2427 2985 2497; x_wconf 86' lang='lat' dir='ltr'>qui</span> <span class='ocrx_word' id='word_1_549' title='bbox 3020 2427 3155 2480; x_wconf 90' lang='lat' dir='ltr'>Deus</span> <span class='ocrx_word' id='word_1_550' title='bbox 3186 2429 3386 2490; x_wconf 69' lang='lat' dir='ltr'>exstat,</span> <span class='ocrx_word' id='word_1_551' title='bbox 3408 2424 3508 2480; x_wconf 85' lang='lat' dir='ltr'>ibi.</span> 
     </span>
    </p>
   </div>
   <div class='ocr_carea' id='block_1_85' title="bbox 2173 2515 3729 2590">
    <p class='ocr_par' dir='ltr' id='par_1_85' title="bbox 2173 2515 3729 2590">
     <span class='ocr_line' id='line_1_85' title="bbox 2173 2515 3729 2590; baseline -0.003 -16"><span class='ocrx_word' id='word_1_552' title='bbox 2173 2520 2369 2577; x_wconf 86' lang='lat' dir='ltr'>Comes</span> <span class='ocrx_word' id='word_1_553' title='bbox 2394 2518 2670 2575; x_wconf 87' lang='lat' dir='ltr'>Tebaldus</span> <span class='ocrx_word' id='word_1_554' title='bbox 2692 2533 2866 2589; x_wconf 90' lang='lat' dir='ltr'>nepos</span> <span class='ocrx_word' id='word_1_555' title='bbox 2922 2517 3068 2590; x_wconf 87' lang='lat' dir='ltr'>regis</span> <span class='ocrx_word' id='word_1_556' title='bbox 3108 2516 3349 2583; x_wconf 81' lang='lat' dir='ltr'>Henrici,</span> <span class='ocrx_word' id='word_1_557' title='bbox 3370 2515 3681 2572; x_wconf 89' lang='lat' dir='ltr'>conductus</span> <span class='ocrx_word' id='word_1_558' title='bbox 3697 2533 3729 2570; x_wconf 89' lang='lat' dir='ltr'>a</span> 
     </span>
    </p>
   </div>
   <div class='ocr_carea' id='block_1_86' title="bbox 2102 2606 3723 2678">
    <p class='ocr_par' dir='ltr' id='par_1_86' title="bbox 2102 2606 3723 2678">
     <span class='ocr_line' id='line_1_86' title="bbox 2102 2606 3723 2678; baseline -0.002 -15"><span class='ocrx_word' id='word_1_559' title='bbox 2102 2609 2339 2665; x_wconf 85' lang='lat' dir='ltr'>Roberto</span> <span class='ocrx_word' id='word_1_560' title='bbox 2370 2608 2570 2665; x_wconf 89' lang='lat' dir='ltr'>comite</span> <span class='ocrx_word' id='word_1_561' title='bbox 2630 2606 2948 2674; x_wconf 88' lang='lat' dir='ltr'>Leicestrie,</span> <span class='ocrx_word' id='word_1_562' title='bbox 3009 2606 3226 2661; x_wconf 90' lang='lat' dir='ltr'>obsedit</span> <span class='ocrx_word' id='word_1_563' title='bbox 3282 2613 3506 2678; x_wconf 90' lang='lat' dir='ltr'>pontem</span> <span class='ocrx_word' id='word_1_564' title='bbox 3546 2606 3723 2659; x_wconf 85' lang='lat' dir='ltr'>sancti</span> 
     </span>
    </p>
   </div>
   <div class='ocr_carea' id='block_1_87' title="bbox 2098 2697 3715 2773">
    <p class='ocr_par' dir='ltr' id='par_1_87' title="bbox 2098 2697 3715 2773">
     <span class='ocr_line' id='line_1_87' title="bbox 2098 2697 3715 2773; baseline -0.002 -18"><span class='ocrx_word' id='word_1_565' title='bbox 2098 2701 2264 2769; x_wconf 90' lang='lat' dir='ltr'>Petri,</span> <span class='ocrx_word' id='word_1_566' title='bbox 2295 2708 2351 2757; x_wconf 89' lang='lat' dir='ltr'>et</span> <span class='ocrx_word' id='word_1_567' title='bbox 2402 2700 2551 2772; x_wconf 89' lang='lat' dir='ltr'>cepit</span> <span class='ocrx_word' id='word_1_568' title='bbox 2588 2716 2714 2754; x_wconf 90' lang='lat' dir='ltr'>eum</span> <span class='ocrx_word' id='word_1_569' title='bbox 2772 2715 2941 2769; x_wconf 88' lang='lat' dir='ltr'>super</span> <span class='ocrx_word' id='word_1_570' title='bbox 2997 2698 3289 2773; x_wconf 82' lang='lat' dir='ltr'>Rogerium</span> <span class='ocrx_word' id='word_1_571' title='bbox 3352 2698 3420 2751; x_wconf 83' lang='lat' dir='ltr'>de</span> <span class='ocrx_word' id='word_1_572' title='bbox 3458 2697 3715 2768; x_wconf 80' lang='lat' dir='ltr'>Toenejo</span> 
     </span>
    </p>
   </div>
   <div class='ocr_carea' id='block_1_88' title="bbox 2100 2789 3719 2864">
    <p class='ocr_par' dir='ltr' id='par_1_88' title="bbox 2100 2789 3719 2864">
     <span class='ocr_line' id='line_1_88' title="bbox 2100 2789 3719 2864; baseline -0.003 -16"><span class='ocrx_word' id='word_1_573' title='bbox 2100 2794 2291 2864; x_wconf 84' lang='lat' dir='ltr'>(Jun).</span> <span class='ocrx_word' id='word_1_574' title='bbox 2322 2795 2410 2863; x_wconf 84' lang='grc' dir='ltr'>(Η.</span> <span class='ocrx_word' id='word_1_575' title='bbox 2452 2793 2642 2863; x_wconf 80' lang='lat' dir='ltr'>Henr.)</span> <span class='ocrx_word' id='word_1_576' title='bbox 2683 2790 2888 2847; x_wconf 87' lang='lat' dir='ltr'>Eodem</span> <span class='ocrx_word' id='word_1_577' title='bbox 2945 2806 3090 2846; x_wconf 88' lang='lat' dir='ltr'>anno</span> <span class='ocrx_word' id='word_1_578' title='bbox 3135 2790 3395 2845; x_wconf 90' lang='lat' dir='ltr'>obierunt</span> <span class='ocrx_word' id='word_1_579' title='bbox 3426 2789 3617 2860; x_wconf 91' lang='lat' dir='ltr'>plures</span> <span class='ocrx_word' id='word_1_580' title='bbox 3649 2806 3719 2844; x_wconf 82' lang='lat' dir='ltr'>ex</span> 
     </span>
    </p>
   </div>
   <div class='ocr_carea' id='block_1_89' title="bbox 2099 2881 3719 2958">
    <p class='ocr_par' dir='ltr' id='par_1_89' title="bbox 2099 2881 3719 2958">
     <span class='ocr_line' id='line_1_89' title="bbox 2099 2881 3719 2958; baseline -0.003 -18"><span class='ocrx_word' id='word_1_581' title='bbox 2099 2886 2445 2957; x_wconf 90' lang='lat' dir='ltr'>principibus</span> <span class='ocrx_word' id='word_1_582' title='bbox 2474 2884 2697 2958; x_wconf 86' lang='lat' dir='ltr'>Anglie:</span> <span class='ocrx_word' id='word_1_583' title='bbox 2733 2883 3050 2938; x_wconf 89' lang='lat' dir='ltr'>Willermus</span> <span class='ocrx_word' id='word_1_584' title='bbox 3095 2881 3386 2937; x_wconf 88' lang='lat' dir='ltr'>Cantuarie</span> <span class='ocrx_word' id='word_1_585' title='bbox 3431 2881 3719 2953; x_wconf 72' lang='lat' dir='ltr'>archiepi-</span> 
     </span>
    </p>
   </div>
   <div class='ocr_carea' id='block_1_90' title="bbox 2099 2970 3719 3046">
    <p class='ocr_par' dir='ltr' id='par_1_90' title="bbox 2099 2970 3719 3046">
     <span class='ocr_line' id='line_1_90' title="bbox 2099 2970 3719 3046; baseline -0.004 -15"><span class='ocrx_word' id='word_1_586' title='bbox 2099 2990 2323 3046; x_wconf 88' lang='lat' dir='ltr'>scopus,</span> <span class='ocrx_word' id='word_1_587' title='bbox 2353 2974 2637 3030; x_wconf 84' lang='lat' dir='ltr'>Johannes</span> <span class='ocrx_word' id='word_1_588' title='bbox 2679 2972 2975 3044; x_wconf 84' lang='lat' dir='ltr'>episcOpus</span> <span class='ocrx_word' id='word_1_589' title='bbox 3022 2971 3465 3039; x_wconf 82' lang='lat' dir='ltr'>Roverecestrie,</span> <span class='ocrx_word' id='word_1_590' title='bbox 3499 2970 3719 3025; x_wconf 90' lang='lat' dir='ltr'>Willer-</span> 
     </span>
    </p>
   </div>
   <div class='ocr_carea' id='block_1_91' title="bbox 2099 3064 3714 3141">
    <p class='ocr_par' dir='ltr' id='par_1_91' title="bbox 2099 3064 3714 3141">
     <span class='ocr_line' id='line_1_91' title="bbox 2099 3064 3714 3141; baseline -0.004 -16"><span class='ocrx_word' id='word_1_591' title='bbox 2099 3086 2223 3125; x_wconf 88' lang='lat' dir='ltr'>mus</span> <span class='ocrx_word' id='word_1_592' title='bbox 2251 3070 2547 3141; x_wconf 86' lang='lat' dir='ltr'>episcOpus</span> <span class='ocrx_word' id='word_1_593' title='bbox 2593 3067 2821 3134; x_wconf 87' lang='lat' dir='ltr'>Exonie,</span> <span class='ocrx_word' id='word_1_594' title='bbox 2882 3067 3151 3122; x_wconf 84' lang='lat' dir='ltr'>Ricardus</span> <span class='ocrx_word' id='word_1_595' title='bbox 3184 3064 3332 3121; x_wconf 90' lang='lat' dir='ltr'>ﬁlius</span> <span class='ocrx_word' id='word_1_596' title='bbox 3397 3065 3714 3133; x_wconf 89' lang='lat' dir='ltr'>Gisleberti,</span> 
     </span>
    </p>
   </div>
   <div class='ocr_carea' id='block_1_92' title="bbox 2102 3156 3722 3230">
    <p class='ocr_par' dir='ltr' id='par_1_92' title="bbox 2102 3156 3722 3230">
     <span class='ocr_line' id='line_1_92' title="bbox 2102 3156 3722 3230; baseline -0.004 -12"><span class='ocrx_word' id='word_1_597' title='bbox 2102 3163 2371 3219; x_wconf 82' lang='lat' dir='ltr'>Robertus</span> <span class='ocrx_word' id='word_1_598' title='bbox 2399 3161 2546 3216; x_wconf 90' lang='lat' dir='ltr'>ﬁlius</span> <span class='ocrx_word' id='word_1_599' title='bbox 2576 3159 2791 3215; x_wconf 82' lang='lat' dir='ltr'>Ricardi</span> <span class='ocrx_word' id='word_1_600' title='bbox 2842 3165 3069 3230; x_wconf 89' lang='lat' dir='ltr'>patruus</span> <span class='ocrx_word' id='word_1_601' title='bbox 3095 3157 3237 3226; x_wconf 90' lang='lat' dir='ltr'>ejus,</span> <span class='ocrx_word' id='word_1_602' title='bbox 3279 3157 3549 3212; x_wconf 85' lang='lat' dir='ltr'>Ricardus</span> <span class='ocrx_word' id='word_1_603' title='bbox 3574 3156 3722 3212; x_wconf 89' lang='lat' dir='ltr'>ﬁlius</span> 
     </span>
    </p>
   </div>
   <div class='ocr_carea' id='block_1_93' title="bbox 2102 3246 3719 3316">
    <p class='ocr_par' dir='ltr' id='par_1_93' title="bbox 2102 3246 3719 3316">
     <span class='ocr_line' id='line_1_93' title="bbox 2102 3246 3719 3316; baseline -0.002 -11"><span class='ocrx_word' id='word_1_604' title='bbox 2102 3249 2351 3305; x_wconf 89' lang='lat' dir='ltr'>Balduini</span> <span class='ocrx_word' id='word_1_605' title='bbox 2398 3248 2764 3306; x_wconf 88' lang='lat' dir='ltr'>consobrinus</span> <span class='ocrx_word' id='word_1_606' title='bbox 2785 3247 2925 3316; x_wconf 87' lang='lat' dir='ltr'>ejus,</span> <span class='ocrx_word' id='word_1_607' title='bbox 2956 3246 3235 3303; x_wconf 84' lang='lat' dir='ltr'>secundus</span> <span class='ocrx_word' id='word_1_608' title='bbox 3278 3246 3600 3301; x_wconf 87' lang='lat' dir='ltr'>Willermus</span> <span class='ocrx_word' id='word_1_609' title='bbox 3652 3247 3719 3301; x_wconf 91' lang='lat' dir='ltr'>de</span> 
     </span>
    </p>
   </div>
   <div class='ocr_carea' id='block_1_94' title="bbox 2098 3338 3713 3410">
    <p class='ocr_par' dir='ltr' id='par_1_94' title="bbox 2098 3338 3713 3410">
     <span class='ocr_line' id='line_1_94' title="bbox 2098 3338 3713 3410; baseline -0.004 -11"><span class='ocrx_word' id='word_1_610' title='bbox 2098 3344 2570 3399; x_wconf 87' lang='lat' dir='ltr'>Warennacomes</span> <span class='ocrx_word' id='word_1_611' title='bbox 2582 3340 2803 3397; x_wconf 89' lang='lat' dir='ltr'>Surreie</span> <span class='ocrx_word' id='word_1_612' title='bbox 2838 3339 3020 3396; x_wconf 81' lang='lat' dir='ltr'>Mense</span> <span class='ocrx_word' id='word_1_613' title='bbox 3046 3338 3390 3410; x_wconf 87' lang='lat' dir='ltr'>Septembris</span> <span class='ocrx_word' id='word_1_614' title='bbox 3417 3338 3713 3395; x_wconf 83' lang='lat' dir='ltr'>Gaufridus</span> 
     </span>
    </p>
   </div>
   <div class='ocr_carea' id='block_1_95' title="bbox 2095 3428 3711 3507">
    <p class='ocr_par' dir='ltr' id='par_1_95' title="bbox 2095 3428 3711 3507">
     <span class='ocr_line' id='line_1_95' title="bbox 2095 3428 3711 3507; baseline -0.003 -18"><span class='ocrx_word' id='word_1_615' title='bbox 2095 3448 2283 3490; x_wconf 91' lang='lat' dir='ltr'>comes</span> <span class='ocrx_word' id='word_1_616' title='bbox 2310 3430 2722 3507; x_wconf 86' lang='lat' dir='ltr'>Andegavensis</span> <span class='ocrx_word' id='word_1_617' title='bbox 2788 3429 3011 3484; x_wconf 90' lang='lat' dir='ltr'>adduxit</span> <span class='ocrx_word' id='word_1_618' title='bbox 3058 3428 3354 3484; x_wconf 86' lang='lat' dir='ltr'>maximum</span> <span class='ocrx_word' id='word_1_619' title='bbox 3409 3429 3711 3484; x_wconf 86' lang='lat' dir='ltr'>exercitum</span> 
     </span>
    </p>
   </div>
   <div class='ocr_carea' id='block_1_96' title="bbox 2095 3521 3709 3596">
    <p class='ocr_par' dir='ltr' id='par_1_96' title="bbox 2095 3521 3709 3596">
     <span class='ocr_line' id='line_1_96' title="bbox 2095 3521 3709 3596; baseline -0.003 -15"><span class='ocrx_word' id='word_1_620' title='bbox 2095 3527 2152 3581; x_wconf 92' lang='lat' dir='ltr'>in</span> <span class='ocrx_word' id='word_1_621' title='bbox 2173 3526 2561 3582; x_wconf 86' lang='lat' dir='ltr'>Normanniam</span> <span class='ocrx_word' id='word_1_622' title='bbox 2584 3540 2761 3596; x_wconf 90' lang='lat' dir='ltr'>usque</span> <span class='ocrx_word' id='word_1_623' title='bbox 2803 3523 3088 3586; x_wconf 88' lang='lat' dir='ltr'>Luxovias,</span> <span class='ocrx_word' id='word_1_624' title='bbox 3144 3522 3367 3594; x_wconf 88' lang='lat' dir='ltr'>quando</span> <span class='ocrx_word' id='word_1_625' title='bbox 3424 3521 3709 3579; x_wconf 90' lang='lat' dir='ltr'>combusta</span> 
     </span>
    </p>
   </div>
   <div class='ocr_carea' id='block_1_97' title="bbox 2094 3612 3702 3685">
    <p class='ocr_par' dir='ltr' id='par_1_97' title="bbox 2094 3612 3702 3685">
     <span class='ocr_line' id='line_1_97' title="bbox 2094 3612 3702 3685; baseline -0.004 -11"><span class='ocrx_word' id='word_1_626' title='bbox 2094 3626 2179 3674; x_wconf 92' lang='lat' dir='ltr'>est</span> <span class='ocrx_word' id='word_1_627' title='bbox 2207 3618 2399 3674; x_wconf 91' lang='lat' dir='ltr'>eadem</span> <span class='ocrx_word' id='word_1_628' title='bbox 2432 3617 2645 3673; x_wconf 89' lang='lat' dir='ltr'>civitas.</span> <span class='ocrx_word' id='word_1_629' title='bbox 2679 3616 2739 3670; x_wconf 93' lang='lat' dir='ltr'>ln</span> <span class='ocrx_word' id='word_1_630' title='bbox 2782 3615 3069 3671; x_wconf 89' lang='lat' dir='ltr'>redeundo</span> <span class='ocrx_word' id='word_1_631' title='bbox 3118 3614 3266 3685; x_wconf 90' lang='lat' dir='ltr'>cepit</span> <span class='ocrx_word' id='word_1_632' title='bbox 3295 3613 3501 3685; x_wconf 87' lang='lat' dir='ltr'>Sapum</span> <span class='ocrx_word' id='word_1_633' title='bbox 3530 3612 3702 3685; x_wconf 79' lang='lat'>(591).</span> 
     </span>
    </p>
   </div>
   <div class='ocr_carea' id='block_1_98' title="bbox 2100 3708 3714 3785">
    <p class='ocr_par' dir='ltr' id='par_1_98' title="bbox 2100 3708 3714 3785">
     <span class='ocr_line' id='line_1_98' title="bbox 2100 3708 3714 3785; baseline -0.004 -18"><span class='ocrx_word' id='word_1_634' title='bbox 2100 3713 2302 3769; x_wconf 88' lang='lat' dir='ltr'>Eadem</span> <span class='ocrx_word' id='word_1_635' title='bbox 2350 3714 2664 3785; x_wconf 88' lang='lat' dir='ltr'>septimana</span> <span class='ocrx_word' id='word_1_636' title='bbox 2720 3710 2969 3766; x_wconf 86' lang='lat' dir='ltr'>Galerius</span> <span class='ocrx_word' id='word_1_637' title='bbox 3038 3725 3226 3766; x_wconf 90' lang='lat' dir='ltr'>comes</span> <span class='ocrx_word' id='word_1_638' title='bbox 3270 3708 3514 3765; x_wconf 81' lang='lat' dir='ltr'>Mellenti</span> <span class='ocrx_word' id='word_1_639' title='bbox 3563 3708 3714 3778; x_wconf 90' lang='lat' dir='ltr'>cepit</span> 
     </span>
    </p>
   </div>
   <div class='ocr_carea' id='block_1_99' title="bbox 2094 3796 3717 3874">
    <p class='ocr_par' dir='ltr' id='par_1_99' title="bbox 2094 3796 3717 3874">
     <span class='ocr_line' id='line_1_99' title="bbox 2094 3796 3717 3874; baseline -0.003 -17"><span class='ocrx_word' id='word_1_640' title='bbox 2094 3804 2242 3874; x_wconf 90' lang='lat' dir='ltr'>apud</span> <span class='ocrx_word' id='word_1_641' title='bbox 2296 3804 2603 3858; x_wconf 90' lang='lat' dir='ltr'>Achinnum</span> <span class='ocrx_word' id='word_1_642' title='bbox 2673 3801 2969 3873; x_wconf 77' lang='lat' dir='ltr'>Rogerium</span> <span class='ocrx_word' id='word_1_643' title='bbox 3018 3799 3089 3855; x_wconf 91' lang='lat' dir='ltr'>de</span> <span class='ocrx_word' id='word_1_644' title='bbox 3132 3798 3363 3868; x_wconf 89' lang='lat' dir='ltr'>Toenio,</span> <span class='ocrx_word' id='word_1_645' title='bbox 3413 3796 3608 3870; x_wconf 87' lang='lat' dir='ltr'>rapine</span> <span class='ocrx_word' id='word_1_646' title='bbox 3660 3803 3717 3852; x_wconf 88' lang='lat' dir='ltr'>et</span> 
     </span>
    </p>
   </div>
   <div class='ocr_carea' id='block_1_100' title="bbox 2090 3879 2775 3964">
    <p class='ocr_par' dir='ltr' id='par_1_100' title="bbox 2090 3879 2775 3964">
     <span class='ocr_line' id='line_1_100' title="bbox 2090 3879 2775 3964; baseline -0.001 -15"><span class='ocrx_word' id='word_1_647' title='bbox 2090 3894 2350 3964; x_wconf 68' lang='lat' dir='ltr'>incendio</span> <span class='ocrx_word' id='word_1_648' title='bbox 2376 3900 2687 3951; x_wconf 88' lang='lat' dir='ltr'>vacantem.</span> <span class='ocrx_word' id='word_1_649' title='bbox 2762 3879 2775 3895; x_wconf 84' lang='grc'><em>’</em></span> 
     </span>
    </p>
   </div>
   <div class='ocr_carea' id='block_1_101' title="bbox 2164 3983 3714 4042">
    <p class='ocr_par' dir='ltr' id='par_1_101' title="bbox 2164 3983 3714 4042">
     <span class='ocr_line' id='line_1_101' title="bbox 2164 3983 3714 4042; baseline -0.003 -1"><span class='ocrx_word' id='word_1_650' title='bbox 2164 3988 2327 4042; x_wconf 88' lang='grc'><strong>1137.</strong></span> <span class='ocrx_word' id='word_1_651' title='bbox 2672 3986 2763 4040; x_wconf 75' lang='grc'><strong>12.</strong></span> <span class='ocrx_word' id='word_1_652' title='bbox 3113 3984 3207 4038; x_wconf 74' lang='lat'>27.</span> <span class='ocrx_word' id='word_1_653' title='bbox 3655 3983 3714 4038; x_wconf 81' lang='lat'>2.</span> 
     </span>
    </p>
   </div>
   <div class='ocr_carea' id='block_1_102' title="bbox 2163 4073 3717 4151">
    <p class='ocr_par' dir='ltr' id='par_1_102' title="bbox 2163 4073 3717 4151">
     <span class='ocr_line' id='line_1_102' title="bbox 2163 4073 3717 4151; baseline -0.004 -16"><span class='ocrx_word' id='word_1_654' title='bbox 2163 4080 2477 4151; x_wconf 88' lang='lat' dir='ltr'>Stephanus</span> <span class='ocrx_word' id='word_1_655' title='bbox 2495 4094 2591 4134; x_wconf 88' lang='lat' dir='ltr'>rex</span> <span class='ocrx_word' id='word_1_656' title='bbox 2617 4076 2915 4151; x_wconf 85' lang='lat' dir='ltr'>Anglorum</span> <span class='ocrx_word' id='word_1_657' title='bbox 2956 4075 3013 4131; x_wconf 91' lang='lat' dir='ltr'>in</span> <span class='ocrx_word' id='word_1_658' title='bbox 3044 4073 3467 4149; x_wconf 86' lang='lat' dir='ltr'>quadragesima</span> <span class='ocrx_word' id='word_1_659' title='bbox 3495 4075 3717 4130; x_wconf 89' lang='lat' dir='ltr'>transiit</span> 
     </span>
    </p>
   </div>
   <div class='ocr_carea' id='block_1_103' title="bbox 2091 4170 3713 4244">
    <p class='ocr_par' dir='ltr' id='par_1_103' title="bbox 2091 4170 3713 4244">
     <span class='ocr_line' id='line_1_103' title="bbox 2091 4170 3713 4244; baseline -0.002 -15"><span class='ocrx_word' id='word_1_660' title='bbox 2091 4174 2147 4230; x_wconf 90' lang='lat' dir='ltr'>in</span> <span class='ocrx_word' id='word_1_661' title='bbox 2196 4175 2611 4244; x_wconf 89' lang='lat' dir='ltr'>Normanniam,</span> <span class='ocrx_word' id='word_1_662' title='bbox 2659 4179 2715 4228; x_wconf 92' lang='lat' dir='ltr'>et</span> <span class='ocrx_word' id='word_1_663' title='bbox 2765 4171 2986 4229; x_wconf 90' lang='lat' dir='ltr'>obsedit</span> <span class='ocrx_word' id='word_1_664' title='bbox 3042 4171 3384 4227; x_wconf 84' lang='lat' dir='ltr'>Lislebonam</span> <span class='ocrx_word' id='word_1_665' title='bbox 3436 4176 3493 4224; x_wconf 90' lang='lat' dir='ltr'>et</span> <span class='ocrx_word' id='word_1_666' title='bbox 3534 4170 3713 4242; x_wconf 89' lang='lat' dir='ltr'>cepit,</span> 
     </span>
    </p>
   </div>
   <div class='ocr_carea' id='block_1_104' title="bbox 2088 4261 3717 4339">
    <p class='ocr_par' dir='ltr' id='par_1_104' title="bbox 2088 4261 3717 4339">
     <span class='ocr_line' id='line_1_104' title="bbox 2088 4261 3717 4339; baseline -0.003 -18"><span class='ocrx_word' id='word_1_667' title='bbox 2088 4282 2251 4339; x_wconf 91' lang='lat' dir='ltr'>quam</span> <span class='ocrx_word' id='word_1_668' title='bbox 2300 4267 2523 4323; x_wconf 89' lang='lat' dir='ltr'>tenebat</span> <span class='ocrx_word' id='word_1_669' title='bbox 2576 4265 2837 4320; x_wconf 80' lang='lat' dir='ltr'>Rabellus</span> <span class='ocrx_word' id='word_1_670' title='bbox 2884 4263 3238 4320; x_wconf 89' lang='lat' dir='ltr'>eamerarius.</span> <span class='ocrx_word' id='word_1_671' title='bbox 3292 4263 3428 4318; x_wconf 88' lang='lat' dir='ltr'>Inde</span> <span class='ocrx_word' id='word_1_672' title='bbox 3494 4261 3717 4318; x_wconf 91' lang='lat' dir='ltr'>obsedit</span> 
     </span>
    </p>
   </div>
   <div class='ocr_carea' id='block_1_105' title="bbox 2086 4358 3699 4431">
    <p class='ocr_par' dir='ltr' id='par_1_105' title="bbox 2086 4358 3699 4431">
     <span class='ocr_line' id='line_1_105' title="bbox 2086 4358 3699 4431; baseline -0.002 -15"><span class='ocrx_word' id='word_1_673' title='bbox 2086 4361 2443 4418; x_wconf 89' lang='lat' dir='ltr'>Grantsilvam</span> <span class='ocrx_word' id='word_1_674' title='bbox 2491 4362 2728 4418; x_wconf 89' lang='lat' dir='ltr'>Locutus</span> <span class='ocrx_word' id='word_1_675' title='bbox 2774 4367 2858 4416; x_wconf 90' lang='lat' dir='ltr'>est</span> <span class='ocrx_word' id='word_1_676' title='bbox 2899 4362 3065 4416; x_wconf 90' lang='lat' dir='ltr'>etiam</span> <span class='ocrx_word' id='word_1_677' title='bbox 3087 4359 3235 4431; x_wconf 89' lang='lat' dir='ltr'>apud</span> <span class='ocrx_word' id='word_1_678' title='bbox 3290 4358 3550 4415; x_wconf 86' lang='lat' dir='ltr'>Ebroicas</span> <span class='ocrx_word' id='word_1_679' title='bbox 3572 4373 3699 4413; x_wconf 89' lang='lat' dir='ltr'>cum</span> 
     </span>
    </p>
   </div>
   <div class='ocr_carea' id='block_1_106' title="bbox 2084 4450 3706 4525">
    <p class='ocr_par' dir='ltr' id='par_1_106' title="bbox 2084 4450 3706 4525">
     <span class='ocr_line' id='line_1_106' title="bbox 2084 4450 3706 4525; baseline -0.003 -16"><span class='ocrx_word' id='word_1_680' title='bbox 2084 4453 2251 4509; x_wconf 89' lang='lat' dir='ltr'>fratre</span> <span class='ocrx_word' id='word_1_681' title='bbox 2280 4470 2381 4510; x_wconf 91' lang='lat' dir='ltr'>suo</span> <span class='ocrx_word' id='word_1_682' title='bbox 2401 4454 2603 4510; x_wconf 90' lang='lat' dir='ltr'>comite</span> <span class='ocrx_word' id='word_1_683' title='bbox 2632 4453 2951 4519; x_wconf 88' lang='lat' dir='ltr'>Teobaudo,</span> <span class='ocrx_word' id='word_1_684' title='bbox 2980 4462 3036 4507; x_wconf 91' lang='lat' dir='ltr'>et</span> <span class='ocrx_word' id='word_1_685' title='bbox 3084 4451 3299 4525; x_wconf 80' lang='lat' dir='ltr'>pepigit</span> <span class='ocrx_word' id='word_1_686' title='bbox 3321 4450 3372 4506; x_wconf 92' lang='lat' dir='ltr'>ei</span> <span class='ocrx_word' id='word_1_687' title='bbox 3394 4451 3504 4506; x_wconf 91' lang='lat' dir='ltr'>duo</span> <span class='ocrx_word' id='word_1_688' title='bbox 3547 4451 3706 4505; x_wconf 88' lang='lat' dir='ltr'>milia</span> 
     </span>
    </p>
   </div>
   <div class='ocr_carea' id='block_1_107' title="bbox 2085 4542 3709 4620">
    <p class='ocr_par' dir='ltr' id='par_1_107' title="bbox 2085 4542 3709 4620">
     <span class='ocr_line' id='line_1_107' title="bbox 2085 4542 3709 4620; baseline -0.002 -20"><span class='ocrx_word' id='word_1_689' title='bbox 2085 4546 2557 4620; x_wconf 88' lang='lat' dir='ltr'>marchasargenti</span> <span class='ocrx_word' id='word_1_690' title='bbox 2589 4563 2690 4617; x_wconf 89' lang='lat' dir='ltr'>per</span> <span class='ocrx_word' id='word_1_691' title='bbox 2717 4562 2922 4601; x_wconf 86' lang='lat' dir='ltr'>annum</span> <span class='ocrx_word' id='word_1_692' title='bbox 2952 4560 2965 4613; x_wconf 92' lang='lat'>;</span> <span class='ocrx_word' id='word_1_693' title='bbox 2997 4545 3130 4617; x_wconf 88' lang='lat' dir='ltr'>quia</span> <span class='ocrx_word' id='word_1_694' title='bbox 3156 4558 3345 4600; x_wconf 92' lang='lat' dir='ltr'>comes</span> <span class='ocrx_word' id='word_1_695' title='bbox 3385 4542 3709 4613; x_wconf 81' lang='lat' dir='ltr'>Tebbaldus</span> 
     </span>
    </p>
   </div>
   <div class='ocr_carea' id='block_1_108' title="bbox 2081 4635 3704 4713">
    <p class='ocr_par' dir='ltr' id='par_1_108' title="bbox 2081 4635 3704 4713">
     <span class='ocr_line' id='line_1_108' title="bbox 2081 4635 3704 4713; baseline -0.001 -22"><span class='ocrx_word' id='word_1_696' title='bbox 2081 4637 2473 4713; x_wconf 85' lang='lat' dir='ltr'>indignabatur</span> <span class='ocrx_word' id='word_1_697' title='bbox 2501 4638 2650 4710; x_wconf 90' lang='lat' dir='ltr'>quod</span> <span class='ocrx_word' id='word_1_698' title='bbox 2682 4638 2826 4693; x_wconf 90' lang='lat' dir='ltr'>idem</span> <span class='ocrx_word' id='word_1_699' title='bbox 2860 4637 3192 4707; x_wconf 88' lang='lat' dir='ltr'>Stephanus,</span> <span class='ocrx_word' id='word_1_700' title='bbox 3221 4636 3316 4707; x_wconf 89' lang='lat' dir='ltr'>qui</span> <span class='ocrx_word' id='word_1_701' title='bbox 3339 4635 3531 4704; x_wconf 89' lang='lat' dir='ltr'>junior</span> <span class='ocrx_word' id='word_1_702' title='bbox 3560 4642 3704 4701; x_wconf 88' lang='lat' dir='ltr'>erat,</span> 
     </span>
    </p>
   </div>
   <div class='ocr_carea' id='block_1_109' title="bbox 2079 4724 3710 4799">
    <p class='ocr_par' dir='ltr' id='par_1_109' title="bbox 2079 4724 3710 4799">
     <span class='ocr_line' id='line_1_109' title="bbox 2079 4724 3710 4799; baseline -0.001 -17"><span class='ocrx_word' id='word_1_703' title='bbox 2079 4734 2368 4799; x_wconf 88' lang='lat' dir='ltr'>acceperat</span> <span class='ocrx_word' id='word_1_704' title='bbox 2383 4743 2666 4795; x_wconf 89' lang='lat' dir='ltr'>coronam,</span> <span class='ocrx_word' id='word_1_705' title='bbox 2695 4743 2803 4799; x_wconf 88' lang='lat' dir='ltr'>que</span> <span class='ocrx_word' id='word_1_706' title='bbox 2836 4726 2964 4794; x_wconf 90' lang='lat' dir='ltr'>sibi,</span> <span class='ocrx_word' id='word_1_707' title='bbox 3011 4733 3073 4781; x_wconf 92' lang='lat' dir='ltr'>ut</span> <span class='ocrx_word' id='word_1_708' title='bbox 3104 4726 3347 4793; x_wconf 89' lang='lat' dir='ltr'>dicebat,</span> <span class='ocrx_word' id='word_1_709' title='bbox 3379 4724 3710 4781; x_wconf 87' lang='lat' dir='ltr'>debebatur.</span> 
     </span>
    </p>
   </div>
   <div class='ocr_carea' id='block_1_110' title="bbox 2081 4814 3716 4892">
    <p class='ocr_par' dir='ltr' id='par_1_110' title="bbox 2081 4814 3716 4892">
     <span class='ocr_line' id='line_1_110' title="bbox 2081 4814 3716 4892; baseline -0.001 -21"><span class='ocrx_word' id='word_1_710' title='bbox 2081 4816 2313 4872; x_wconf 81' lang='lat' dir='ltr'>Reddita</span> <span class='ocrx_word' id='word_1_711' title='bbox 2344 4817 2510 4892; x_wconf 89' lang='lat' dir='ltr'>igitur</span> <span class='ocrx_word' id='word_1_712' title='bbox 2551 4816 2807 4872; x_wconf 88' lang='lat' dir='ltr'>ﬁrmitate</span> <span class='ocrx_word' id='word_1_713' title='bbox 2861 4815 3191 4881; x_wconf 82' lang='lat' dir='ltr'>Grantsilve,</span> <span class='ocrx_word' id='word_1_714' title='bbox 3225 4814 3595 4870; x_wconf 89' lang='lat' dir='ltr'>concordatus</span> <span class='ocrx_word' id='word_1_715' title='bbox 3625 4821 3716 4869; x_wconf 87' lang='lat' dir='ltr'>est</span> 
     </span>
    </p>
   </div>
   <div class='ocr_carea' id='block_1_111' title="bbox 2079 4904 3714 4983">
    <p class='ocr_par' dir='ltr' id='par_1_111' title="bbox 2079 4904 3714 4983">
     <span class='ocr_line' id='line_1_111' title="bbox 2079 4904 3714 4983; baseline -0.002 -22"><span class='ocrx_word' id='word_1_716' title='bbox 2079 4924 2173 4963; x_wconf 89' lang='lat' dir='ltr'>rex</span> <span class='ocrx_word' id='word_1_717' title='bbox 2203 4908 2516 4979; x_wconf 90' lang='lat' dir='ltr'>Stephanus</span> <span class='ocrx_word' id='word_1_718' title='bbox 2546 4924 2667 4963; x_wconf 93' lang='lat' dir='ltr'>cum</span> <span class='ocrx_word' id='word_1_719' title='bbox 2713 4923 2844 4983; x_wconf 84' lang='lat' dir='ltr'>rege</span> <span class='ocrx_word' id='word_1_720' title='bbox 2902 4908 3254 4963; x_wconf 88' lang='lat' dir='ltr'>Francorum.</span> <span class='ocrx_word' id='word_1_721' title='bbox 3293 4906 3355 4961; x_wconf 87' lang='lat' dir='ltr'>Et</span> <span class='ocrx_word' id='word_1_722' title='bbox 3383 4904 3714 4959; x_wconf 87' lang='lat' dir='ltr'>Eustachius</span> 
     </span>
    </p>
   </div>
   <div class='ocr_carea' id='block_1_112' title="bbox 2082 4994 3714 5068">
    <p class='ocr_par' dir='ltr' id='par_1_112' title="bbox 2082 4994 3714 5068">
     <span class='ocr_line' id='line_1_112' title="bbox 2082 4994 3714 5068; baseline -0.003 -15"><span class='ocrx_word' id='word_1_723' title='bbox 2082 4997 2227 5053; x_wconf 85' lang='lat' dir='ltr'>ﬁlius</span> <span class='ocrx_word' id='word_1_724' title='bbox 2255 4999 2375 5068; x_wconf 88' lang='lat' dir='ltr'>ejus</span> <span class='ocrx_word' id='word_1_725' title='bbox 2407 4998 2533 5054; x_wconf 82' lang='lat' dir='ltr'>fecit</span> <span class='ocrx_word' id='word_1_726' title='bbox 2578 4998 2627 5054; x_wconf 91' lang='lat' dir='ltr'>ei</span> <span class='ocrx_word' id='word_1_727' title='bbox 2677 4998 2962 5054; x_wconf 90' lang='lat' dir='ltr'>hominum</span> <span class='ocrx_word' id='word_1_728' title='bbox 2980 4997 3049 5052; x_wconf 92' lang='lat' dir='ltr'>de</span> <span class='ocrx_word' id='word_1_729' title='bbox 3101 4995 3454 5062; x_wconf 88' lang='lat' dir='ltr'>Normannia,</span> <span class='ocrx_word' id='word_1_730' title='bbox 3482 4994 3714 5066; x_wconf 85' lang='lat' dir='ltr'>quead-</span> 
     </span>
    </p>
   </div>
   <div class='ocr_carea' id='block_1_113' title="bbox 2073 5085 3707 5165">
    <p class='ocr_par' dir='ltr' id='par_1_113' title="bbox 2073 5085 3707 5165">
     <span class='ocr_line' id='line_1_113' title="bbox 2073 5085 3707 5165; baseline -0.004 -20"><span class='ocrx_word' id='word_1_731' title='bbox 2073 5090 2222 5159; x_wconf 89' lang='lat' dir='ltr'>jacet</span> <span class='ocrx_word' id='word_1_732' title='bbox 2236 5106 2405 5165; x_wconf 90' lang='lat' dir='ltr'>regno</span> <span class='ocrx_word' id='word_1_733' title='bbox 2437 5092 2794 5157; x_wconf 86' lang='lat' dir='ltr'>Francorum,</span> <span class='ocrx_word' id='word_1_734' title='bbox 2852 5089 3060 5145; x_wconf 86' lang='lat' dir='ltr'>Exinde</span> <span class='ocrx_word' id='word_1_735' title='bbox 3090 5105 3216 5145; x_wconf 90' lang='lat' dir='ltr'>cum</span> <span class='ocrx_word' id='word_1_736' title='bbox 3242 5088 3554 5159; x_wconf 88' lang='lat' dir='ltr'>Stephanus</span> <span class='ocrx_word' id='word_1_737' title='bbox 3585 5085 3707 5140; x_wconf 88' lang='lat' dir='ltr'>vel-</span> 
     </span>
    </p>
   </div>
   <div class='ocr_carea' id='block_1_114' title="bbox 2080 5179 3708 5257">
    <p class='ocr_par' dir='ltr' id='par_1_114' title="bbox 2080 5179 3708 5257">
     <span class='ocr_line' id='line_1_114' title="bbox 2080 5179 3708 5257; baseline -0.003 -18"><span class='ocrx_word' id='word_1_738' title='bbox 2080 5186 2157 5240; x_wconf 91' lang='lat' dir='ltr'>let</span> <span class='ocrx_word' id='word_1_739' title='bbox 2197 5184 2279 5239; x_wconf 93' lang='lat' dir='ltr'>ire</span> <span class='ocrx_word' id='word_1_740' title='bbox 2320 5184 2375 5238; x_wconf 92' lang='lat' dir='ltr'>in</span> <span class='ocrx_word' id='word_1_741' title='bbox 2425 5192 2623 5240; x_wconf 89' lang='lat' dir='ltr'>terram</span> <span class='ocrx_word' id='word_1_742' title='bbox 2676 5184 2896 5239; x_wconf 90' lang='lat' dir='ltr'>comitis</span> <span class='ocrx_word' id='word_1_743' title='bbox 2946 5181 3382 5257; x_wconf 87' lang='lat' dir='ltr'>Andegavensis,</span> <span class='ocrx_word' id='word_1_744' title='bbox 3435 5179 3577 5237; x_wconf 80' lang='lat' dir='ltr'>facta</span> <span class='ocrx_word' id='word_1_745' title='bbox 3617 5186 3708 5235; x_wconf 83' lang='lat' dir='ltr'>est</span> 
     </span>
    </p>
   </div>
   <div class='ocr_carea' id='block_1_115' title="bbox 2082 5268 3707 5345">
    <p class='ocr_par' dir='ltr' id='par_1_115' title="bbox 2082 5268 3707 5345">
     <span class='ocr_line' id='line_1_115' title="bbox 2082 5268 3707 5345; baseline -0.002 -18"><span class='ocrx_word' id='word_1_746' title='bbox 2082 5273 2360 5328; x_wconf 90' lang='lat' dir='ltr'>discordia</span> <span class='ocrx_word' id='word_1_747' title='bbox 2419 5289 2618 5345; x_wconf 87' lang='lat' dir='ltr'>magna</span> <span class='ocrx_word' id='word_1_748' title='bbox 2675 5273 2730 5327; x_wconf 92' lang='lat' dir='ltr'>in</span> <span class='ocrx_word' id='word_1_749' title='bbox 2768 5271 3015 5328; x_wconf 86' lang='lat' dir='ltr'>exercitu</span> <span class='ocrx_word' id='word_1_750' title='bbox 3072 5271 3193 5341; x_wconf 91' lang='lat' dir='ltr'>ejus</span> <span class='ocrx_word' id='word_1_751' title='bbox 3234 5270 3383 5342; x_wconf 90' lang='lat' dir='ltr'>apud</span> <span class='ocrx_word' id='word_1_752' title='bbox 3444 5268 3707 5325; x_wconf 88' lang='lat' dir='ltr'>Livarrou</span> 
     </span>
    </p>
   </div>
   <div class='ocr_carea' id='block_1_116' title="bbox 1929 5393 2145 5450">
    <p class='ocr_par' dir='ltr' id='par_1_116' title="bbox 1929 5393 2145 5450">
     <span class='ocr_line' id='line_1_116' title="bbox 1929 5393 2145 5450; baseline 0.005 -1"><span class='ocrx_word' id='word_1_753' title='bbox 1929 5393 2145 5450; x_wconf 62' lang='lat' dir='ltr'>NOTAE.</span> 
     </span>
    </p>
   </div>
   <div class='ocr_carea' id='block_1_117' title="bbox 450 5481 1164 5624">
    <p class='ocr_par' dir='ltr' id='par_1_117' title="bbox 450 5481 1164 5624">
     <span class='ocr_line' id='line_1_117' title="bbox 450 5481 1164 5624; baseline 0.008 -89"><span class='ocrx_word' id='word_1_754' title='bbox 450 5481 578 5624; x_wconf 47' lang='lat'>589;</span> <span class='ocrx_word' id='word_1_755' title='bbox 604 5483 941 5568; x_wconf 75' lang='lat' dir='ltr'>Decembris.</span> <span class='ocrx_word' id='word_1_756' title='bbox 970 5485 1164 5554; x_wconf 86' lang='lat' dir='ltr'>BOUQ.</span> 
     </span>
     <span class='ocr_line' id='line_1_118' title="bbox 453 5551 1162 5624; baseline 0.011 -17"><span class='ocrx_word' id='word_1_757' title='bbox 453 5551 558 5624; x_wconf 74' lang='grc'>590</span> <span class='ocrx_word' id='word_1_758' title='bbox 656 5555 730 5611; x_wconf 81' lang='lat' dir='ltr'>Cf.</span> <span class='ocrx_word' id='word_1_759' title='bbox 798 5557 974 5614; x_wconf 81' lang='lat' dir='ltr'>Vitam</span> <span class='ocrx_word' id='word_1_760' title='bbox 1056 5559 1162 5615; x_wconf 89' lang='lat' dir='ltr'>Bos</span> 
     </span>
    </p>
   </div>
   <div class='ocr_carea' id='block_1_118' title="bbox 453 5551 1861 5628">
    <p class='ocr_par' dir='ltr' id='par_1_118' title="bbox 453 5551 1861 5628">
     <span class='ocr_line' id='line_1_119' title="bbox 453 5551 1861 5628; baseline 0.009 -21"><span class='ocrx_word' id='word_1_761' title='bbox 453 5551 613 5628; x_wconf 87' lang='lat'>5_90)__</span> <span class='ocrx_word' id='word_1_762' title='bbox 656 5555 730 5611; x_wconf 82' lang='lat' dir='ltr'>Ct‘.</span> <span class='ocrx_word' id='word_1_763' title='bbox 798 5557 974 5628; x_wconf 84' lang='lat' dir='ltr'>Vitam</span> <span class='ocrx_word' id='word_1_764' title='bbox 1056 5551 1292 5615; x_wconf 79' lang='lat' dir='ltr'>Bosonis</span> <span class='ocrx_word' id='word_1_765' title='bbox 1384 5568 1529 5618; x_wconf 87' lang='lat' dir='ltr'>auct.</span> <span class='ocrx_word' id='word_1_766' title='bbox 1600 5562 1802 5619; x_wconf 76' lang='lat' dir='ltr'>Milone</span> <span class='ocrx_word' id='word_1_767' title='bbox 1847 5604 1861 5628; x_wconf 89' lang='lat'>,</span> 
     </span>
    </p>
   </div>
   <div class='ocr_carea' id='block_1_119' title="bbox 360 5621 1172 5696">
    <p class='ocr_par' dir='ltr' id='par_1_119' title="bbox 360 5621 1172 5696">
     <span class='ocr_line' id='line_1_120' title="bbox 360 5621 1172 5696; baseline 0.011 -20"><span class='ocrx_word' id='word_1_768' title='bbox 360 5621 615 5678; x_wconf 78' lang='lat' dir='ltr'>Dacherii</span> <span class='ocrx_word' id='word_1_769' title='bbox 656 5641 825 5696; x_wconf 88' lang='lat' dir='ltr'>opera</span> <span class='ocrx_word' id='word_1_770' title='bbox 856 5627 1172 5686; x_wconf 85' lang='lat' dir='ltr'>Lanfranci.</span> 
     </span>
    </p>
   </div>
   <div class='ocr_carea' id='block_1_120' title="bbox 2162 5488 3710 5565">
    <p class='ocr_par' dir='ltr' id='par_1_120' title="bbox 2162 5488 3710 5565">
     <span class='ocr_line' id='line_1_121' title="bbox 2162 5488 3710 5565; baseline -0.003 -17"><span class='ocrx_word' id='word_1_771' title='bbox 2162 5492 2307 5561; x_wconf 86' lang='lat'>(591)</span> <span class='ocrx_word' id='word_1_772' title='bbox 2339 5493 2409 5549; x_wconf 88' lang='lat' dir='ltr'>Le</span> <span class='ocrx_word' id='word_1_773' title='bbox 2449 5493 2575 5565; x_wconf 91' lang='lat' dir='ltr'>Sap.</span> <span class='ocrx_word' id='word_1_774' title='bbox 2613 5492 2755 5550; x_wconf 86' lang='lat' dir='ltr'>inter</span> <span class='ocrx_word' id='word_1_775' title='bbox 2789 5492 3047 5552; x_wconf 87' lang='lat' dir='ltr'>ﬂuviolos</span> <span class='ocrx_word' id='word_1_776' title='bbox 3076 5490 3341 5564; x_wconf 84' lang='lat' dir='ltr'>Touques</span> <span class='ocrx_word' id='word_1_777' title='bbox 3373 5495 3429 5547; x_wconf 91' lang='lat' dir='ltr'>et</span> <span class='ocrx_word' id='word_1_778' title='bbox 3458 5488 3710 5546; x_wconf 86' lang='lat' dir='ltr'>Charen-</span> 
     </span>
    </p>
   </div>
   <div class='ocr_carea' id='block_1_121' title="bbox 1931 5570 2355 5633">
    <p class='ocr_par' dir='ltr' id='par_1_121' title="bbox 1931 5570 2355 5633">
     <span class='ocr_line' id='line_1_122' title="bbox 1931 5570 2355 5633; baseline 0.002 -14"><span class='ocrx_word' id='word_1_779' title='bbox 1931 5570 2056 5633; x_wconf 90' lang='lat' dir='ltr'>post</span> <span class='ocrx_word' id='word_1_780' title='bbox 2163 5572 2355 5621; x_wconf 90' lang='lat' dir='ltr'>tonne.</span> 
     </span>
    </p>
   </div>
  </div>
