3916 6064
201 206 316 263 453

355 347 711 390 ΒΟΙΔΝΟΒΠΜ.
859 349 1204 390 PMNCORUI.
1350 351 1660 392 ANGLORUI.

206 429 439 492 prOpter
466 438 630 476 unam
665 422 854 476 bosam
909 421 1044 489 vini,
1089 439 1252 494 quam
1280 425 1578 480 abstulerat
1607 425 1834 497 quidam

205 516 560 571 Flandrensis
608 516 824 572 cuidam
880 519 1155 592 armigero
1205 518 1427 592 Hugoni
1487 520 1557 574 de
1609 519 1830 576 Gornai.

209 603 371 660 Facta
408 612 491 660 est
529 605 716 676 itaque
747 622 946 680 magna
984 607 1261 662 dissensio
1322 608 1468 663 inter
1491 608 1835 665 Normannos

209 703 266 752 et
307 697 694 752 Flandrenses.
724 697 910 752 Rediit
932 713 1063 770 ergo
1079 714 1175 753 rex
1208 699 1412 755 infecto
1446 701 1689 775 negotio.
1723 701 1834 758 Nec

207 799 368 840 mora
419 785 644 852 exinde,
695 785 841 858 quod
883 803 1072 842 comes
1138 787 1548 862 Andegavensis
1602 789 1834 844 adduxit

207 875 516 931 exercitum
580 875 754 930 multo
813 876 1079 945 majorem
1123 875 1242 944 illo,
1291 893 1457 949 quem
1501 885 1630 934 ante
1685 893 1829 934 anno

211 961 818 1033 preteritoadduxerat.
864 965 1364 1021 lntercurrentibus
1397 971 1582 1021 tamen
1625 967 1832 1022 nuntiis

213 1054 359 1109 inter
387 1055 566 1126 ipsum
598 1063 653 1110 et
683 1071 869 1130 regem
925 1056 1290 1128 Stephanum,
1354 1057 1484 1112 item
1525 1059 1638 1114 dux
1676 1060 1832 1115 dedit

213 1144 418 1199 trevias
443 1160 618 1216 usque
649 1144 717 1199 ad
751 1153 859 1200 tres
916 1161 1112 1214 annos,
1154 1147 1257 1202 hac
1286 1147 1624 1213 conditione,
1656 1155 1716 1204 ut
1743 1165 1838 1204 rex

207 1236 444 1312 singulis
482 1237 644 1290 annis
671 1236 826 1291 daret
857 1236 909 1292 ei
953 1237 1065 1292 duo
1122 1238 1272 1292 milia
1305 1239 1558 1295 marchas
1582 1240 1793 1312 argenti
1820 1256 1834 1294 :

211 1337 268 1384 et
306 1328 377 1383 de
409 1329 586 1398 primo
612 1345 758 1384 anno
790 1329 974 1384 statim
1025 1329 1268 1385 debitam
1301 1346 1571 1386 summam
1600 1333 1834 1404 accepit.

217 1423 326 1478 Iste
358 1422 532 1478 trevie
579 1438 691 1479 uno
743 1439 890 1479 anno
934 1423 1194 1496 utrinque
1246 1424 1600 1491 duraverunt,
1642 1425 1698 1480 id
1754 1433 1837 1481 est

215 1530 398 1587 usque
443 1515 511 1569 ad
578 1514 929 1571 festivitatem
983 1515 1161 1572 sancti
1185 1516 1452 1571 Johannis
1479 1517 1611 1572 anni
1644 1515 1832 1573 futuri.

217 1603 312 1658 His
343 1603 528 1675 itaque
561 1603 754 1676 gestis,
810 1619 904 1660 rex
942 1604 1259 1675 Stephanus
1307 1605 1362 1659 in
1391 1605 1631 1661 adventu
1671 1607 1836 1662 rediit

214 1695 273 1750 in
301 1695 574 1771 Angliam.
634 1697 785 1766 (Aug
847 1696 928 1764 1.)
988 1695 1136 1752 Obiit
1185 1695 1493 1752 Ludovicus
1523 1697 1714 1752 senior
1741 1714 1834 1754 rex

214 1785 574 1854 Francorum,
606 1794 662 1843 et
709 1787 977 1842 successit
1025 1786 1175 1843 filius
1213 1787 1335 1856 ejus
1381 1787 1708 1856 Ludovicus,
1738 1790 1834 1862 qui

215 1881 433 1952 accepit
459 1880 625 1936 ﬁliam
659 1881 817 1938 ducis
872 1882 1269 1954 Aquitanorum
1308 1883 1532 1940 Alienor
1585 1884 1835 1953 nomine,

214 1987 281 2026 ex
313 1986 423 2042 qua
451 1970 646 2045 genuit
695 1970 834 2026 duas
884 1969 1044 2026 filias.
1103 1970 1245 2043 (Dec.
1280 1971 1361 2041 2.)
1423 1971 1622 2027 Eodem
1691 1988 1836 2029 anno

215 2065 468 2114 mortuus
487 2067 571 2114 est
627 2058 915 2114 Lotharius
965 2059 1262 2130 imperator
1319 2060 1710 2128 Romanorum,
1749 2063 1838 2118 cui

214 2151 486 2206 successit
508 2150 790 2206 Conradus
833 2166 1007 2223 nepos
1042 2151 1261 2208 Henrici
1293 2153 1496 2226 quarti,
1529 2153 1709 2210 mariti
1731 2154 1836 2209 im-

217 2246 528 2318 peratricis,
552 2247 647 2319 qui
673 2254 798 2302 ante
845 2247 1157 2304 Lotharium
1197 2249 1566 2320 imperaverat
1606 2249 1812 2304 Kalend

212 2340 355 2414 Aug.
383 2337 606 2410 quando
647 2355 736 2394 rex
762 2338 1070 2396 Ludovicus
1116 2340 1454 2406 decesserat,
1487 2341 1833 2397 combustum

215 2440 305 2487 est
332 2432 451 2504 ipsa
481 2439 641 2488 nocte
673 2433 1066 2490 monasterium
1095 2434 1325 2490 Corbeie
1372 2437 1497 2508 Ipso
1521 2452 1666 2492 anno
1689 2442 1838 2491 tanta

213 2525 439 2581 siccitas
475 2524 598 2592 fuit,
624 2532 683 2581 ut
711 2526 876 2581 etiam
934 2532 1131 2582 stanna
1184 2537 1240 2582 et
1271 2527 1500 2582 ﬂumina
1525 2528 1694 2584 multa
1726 2527 1838 2583 sic-

216 2623 500 2684 carentur,
541 2625 686 2673 terra
733 2617 789 2672 in
819 2619 1006 2674 multis
1062 2618 1200 2674 locis
1253 2619 1561 2676 diutissime
1601 2620 1837 2688 arderet,

215 2711 451 2766 arbores
477 2711 718 2781 plurime
748 2712 805 2766 in
827 2711 978 2766 silvis
1008 2719 1063 2766 et
1092 2712 1346 2786 virgultis
1372 2719 1692 2768 arescentes
1723 2726 1844 2768 mo-

217 2806 494 2867 rerentur,
542 2806 596 2854 et
659 2800 918 2855 arderent
975 2800 1126 2855 nullo
1181 2800 1536 2856 incendente.
1569 2799 1842 2855 Tebaldus

212 2885 427 2942 electus
452 2887 745 2943 Beccensis
793 2888 1050 2956 ecclesic,
1095 2888 1178 2943 vir
1233 2904 1432 2962 magne
1467 2889 1758 2959 probitatis
1785 2895 1842 2943 et

215 2982 475 3050 scientie,
523 2982 852 3038 benedictus
903 2990 987 3038 est
1043 2983 1216 3038 abbas
1279 2983 1525 3054 ejusdem
1568 2984 1840 3050 ecclesiae,

217 3075 374 3131 omni
399 3084 676 3131 conventu
705 3076 890 3131 animo
932 3075 1124 3131 libenti
1155 3076 1524 3135 concedente.
1565 3077 1712 3148 apud
1729 3077 1844 3132 Ro-

214 3166 541 3241 thomagum
578 3183 608 3221 a
649 3167 853 3222 domno
884 3167 1112 3242 Hugone
1142 3167 1582 3240 archiepiscopo.

295 3258 457 3314 1138.
513 3259 793 3316 Conradus
845 3259 895 3313 1.
928 3259 1233 3314 Ludovicus
1293 3265 1338 3317 l.
1373 3261 1678 3330 Stephanus
1715 3259 1769 3314 3.

299 3347 490 3414 (Hum.
532 3347 690 3416 Vlll.)
731 3347 1040 3418 Stephanus
1089 3348 1160 3382 ⁵⁸³
1191 3363 1282 3403 rex
1333 3348 1630 3423 Anglorum
1659 3347 1716 3402 in
1746 3361 1846 3402 na-

239 3433 337 3488 tali
368 3433 587 3489 obsedit
615 3433 872 3490 Bedefort
925 3453 941 3500 ;
975 3451 1085 3506 qua
1123 3436 1360 3501 reddita,
1392 3437 1689 3492 exercitum
1737 3450 1866 3506 pro-

223 3527 403 3583 movit
430 3527 486 3581 in
544 3526 806 3583 Scotiam.
857 3527 970 3582 Rex
1024 3545 1266 3600 namque
1323 3529 1612 3584 Scotorum
1670 3527 1841 3582 David

221 3616 323 3688 qui
362 3623 766 3672 sacramentum
816 3615 1025 3672 fecerat
1075 3617 1189 3673 ﬁlie
1229 3617 1378 3693 regis
1421 3617 1662 3684 Henrici,
1705 3621 1863 3705 quasi

219 3705 329 3760 sub
362 3705 676 3760 velamento
705 3705 1015 3760 sanctitatis
1042 3723 1144 3777 per
1165 3722 1295 3762 suos
1316 3707 1700 3762 execrabiliter
1726 3705 1860 3780 egit_

223 3798 489 3870 Mulieres
515 3799 665 3854 enim
706 3799 960 3872 gravidas
985 3799 1294 3870 ﬁndebant,
1326 3809 1382 3858 et
1411 3801 1556 3858 fetus
1587 3801 1863 3872 anticipa-

223 3899 313 3947 tos
353 3891 754 3948 abstrabebant
785 3909 800 3958 ;
841 3892 1184 3964 presbiteros
1205 3910 1374 3966 super
1409 3893 1602 3949 altaria
1630 3893 1862 3948 detrun-

225 3984 450 4052 cabant,
483 3991 538 4040 et
563 3985 670 4040 alia
708 3985 879 4041 multa
935 3988 1080 4043 mala
1127 3988 1538 4060 perpetrabant.
1579 3989 1857 4056 Quecum-

229 4091 339 4148 que
366 4075 535 4150 igitur
583 4075 768 4130 Scothi
823 4075 1187 4150 attingebant,
1241 4077 1427 4133 omnia
1475 4084 1631 4134 erant
1693 4079 1858 4149 plena

231 4171 478 4227 horroris
516 4169 715 4225 Aderat
743 4171 954 4226 clamor
987 4171 1303 4236 mulierum,
1361 4173 1598 4243 ejulatus
1634 4189 1851 4240 senum,

229 4261 586 4318 morientium
635 4261 896 4337 gemitus,
974 4263 1280 4320 viventium
1336 4264 1680 4338 desperatio.
1741 4266 1852 4322 Rex

231 4355 403 4430 igitur
426 4355 741 4426 Stephanus
799 4355 1092 4428 insurgens
1145 4357 1429 4413 combuxit
1487 4364 1543 4414 et
1581 4357 1853 4414 destruxit

231 4446 499 4502 australes
529 4453 712 4518 partes
749 4449 904 4522 regni
937 4449 1083 4521 regis
1105 4449 1295 4517 David,
1328 4449 1450 4520 ipso
1480 4450 1702 4521 quidem
1738 4465 1850 4508 non

232 4534 477 4590 audente
507 4535 555 4590 ei
575 4535 861 4608 congredi.
894 4536 1023 4592 Post
1085 4538 1288 4610 pascha
1318 4553 1448 4594 vero
1502 4539 1702 4594 exarsit
1752 4556 1846 4594 ra-

231 4623 356 4680 bies
383 4624 728 4696 proditorum
757 4626 1014 4682 neianda.
1043 4627 1273 4694 Quidam
1344 4645 1582 4700 namque
1625 4629 1852 4686 Talebot

235 4715 464 4770 nomine
484 4715 663 4770 tenuit
697 4722 889 4770 contra
949 4733 1137 4789 regem
1187 4717 1468 4774 castellum
1501 4717 1763 4774 Hereford
1793 4719 1848 4774 in

235 4807 443 4875 Wales,
475 4807 625 4878 quod
668 4825 764 4864 rex
828 4823 927 4880 per
981 4808 1330 4866 obsidionem
1396 4809 1453 4865 in
1493 4827 1592 4866 sua
1617 4810 1845 4880 recepit.

233 4902 511 4959 Robertus
539 4901 734 4958 consul
784 4901 854 4957 de
906 4903 1220 4959 Gloecestre
1277 4903 1456 4959 tenuit
1499 4911 1690 4960 contra
1723 4920 1849 4959 eum

234 4991 492 5047 Bristond
536 4999 592 5046 et
645 4990 832 5057 Slede,
901 4991 1165 5048 Radulfus
1215 4993 1407 5048 Luvelt
1461 4994 1742 5050 castellum
1779 4993 1848 5050 de

236 5086 380 5152 Cari,
409 5085 739 5161 Paganellus
775 5087 1058 5143 castellum
1109 5087 1178 5143 de
1211 5087 1505 5155 Ludelave,
1535 5088 1852 5144 Willermus

235 5174 305 5231 dc
329 5173 530 5230 Movim
571 5174 852 5231 castellum
883 5175 954 5231 de
1011 5175 1302 5244 Dunestor,
1345 5177 1616 5234 Robertus
1655 5178 1725 5233 de
1757 5178 1850 5233 Ni-

237 5262 361 5318 colc
387 5262 672 5319 castellum
703 5264 773 5319 de
801 5263 1064 5332 Warhan,
1107 5265 1429 5322 Eustachius
1470 5265 1616 5322 ﬁlius
1639 5267 1852 5324 Johan-

237 5354 327 5410 nis
352 5353 648 5420 Mealtune,
706 5355 1024 5412 Willermus
1061 5355 1214 5412 filius
1265 5357 1418 5413 Alani
1459 5357 1802 5430 Salopesbiri
1835 5377 1851 5426 ;

1077 207 1421 264 CHRONICA.
1465 240 1530 248 ——
1571 209 1963 268 AUCTARIUM
2006 211 2289 270 ROBERTI
2332 215 2416 270 DE
2455 217 2697 274 MONTE.

3450 234 3558 289 454

1865 347 1916 414 Α
1941 340 2087 411 quod
2117 357 2210 397 rex
2242 343 2470 414 quidem
2499 346 2647 416 cepit
2682 349 2868 414 armis,
2892 357 3290 426 captorumque
3320 359 3559 414 nonnul-

1933 430 2018 485 los
2042 434 2350 503 suSpendit.
2407 435 2782 494 Walchelinus
2815 441 2883 495 de
2951 443 3126 499 Dovre
3153 446 3259 501 hoc
3296 449 3554 518 audiens,

1934 520 2179 576 reddidit
2203 532 2443 578 castrum
2498 526 2672 582 Dovre
2711 529 2898 602 regine
2929 547 2990 586 se
3032 533 3333 591 obsidenti.
3368 539 3551 594 Occu-

1935 618 2062 680 pato
2090 612 2254 686 igitur
2278 630 2407 687 rege
2457 617 2602 672 circa
2655 627 2840 690 partes
2871 624 3106 680 autrales
3135 627 3350 700 Anglic,
3382 629 3552 684 David

1935 701 2220 758 Scotorum
2279 720 2370 760 rex
2437 707 2898 767 innumerabilem
2941 717 3242 771 exercitum
3281 721 3555 788 promovit

1934 791 1987 844 in
2009 791 2279 866 Angliam.
2317 793 2514 850 Contra
2563 815 2726 870 quem
2769 817 3028 872 proceres
3067 803 3554 881 borealisznglie,

1932 881 2332 936 ammonitione
2391 890 2446 938 et
2479 883 2636 954 jussu
2684 888 2910 944 Tustani
2945 892 3306 949 Eboracensis
3332 897 3546 952 archie-

1931 967 2142 1038 piscOpi
2178 969 2531 1028 restituerunt
2561 974 2812 1041 viriliter,
2841 976 3232 1048 fixostandart,
3276 983 3328 1038 id
3361 993 3549 1039 estre-

1931 1057 2023 1129 gio
2063 1057 2289 1131 insigni,
2323 1060 2469 1130 apud
2535 1063 2852 1120 Alvertune.
2910 1067 2990 1121 lbi
3059 1070 3361 1126 duodecim
3405 1075 3556 1129 milia

1940 1149 2227 1206 Scotorum
2251 1152 2392 1208 fama
2426 1154 2594 1210 refert
2614 1159 2815 1218 occisa.
2860 1167 3009 1217 extra
3039 1179 3137 1220 eos
3167 1167 3260 1237 qui
3303 1167 3358 1221 in
3391 1183 3555 1240 sege-

1939 1244 2088 1300 tibus
2119 1252 2174 1300 et
2201 1247 2353 1302 silvis
2409 1249 2618 1305 inventi
2675 1261 2804 1309 sunt
2864 1259 3156 1329 perempti.
3219 1259 3394 1316 Ceteri
3425 1279 3555 1319 vero

1938 1333 2172 1391 minimo
2211 1337 2480 1410 sanguine
2514 1340 2633 1396 fuso
2675 1341 2910 1399 feliciter
2935 1347 3357 1418 triumpharent.
3388 1351 3558 1422 Hujus

1937 1443 2123 1498 pugne
2151 1428 2259 1483 dux
2293 1429 2395 1485 fuit
2450 1431 2762 1488 Willermus
2805 1431 3001 1492 consul
3055 1440 3124 1494 de
3164 1440 3472 1498 Albemarle
3506 1451 3560 1499 et

1937 1517 2252 1575 Willermus
2281 1522 2586 1594 Piperellus
2641 1525 2710 1580 de
2765 1527 3132 1602 Notingehan,
3180 1543 3234 1587 et
3261 1533 3559 1591 Walterius

1937 1609 2112 1682 Espec
2131 1618 2184 1666 et
2214 1613 2446 1670 libertus
2474 1615 2542 1670 de
2591 1616 2737 1684 Laci,
2797 1619 2954 1688 cujus
2996 1621 3161 1677 frater
3202 1623 3281 1678 ibi
3312 1625 3462 1680 solus
3493 1643 3558 1681 ex

1935 1705 2196 1762 omnibus
2225 1709 2508 1778 equitibus
2538 1711 2756 1767 occisus
2815 1720 2918 1768 est.
2950 1714 3116 1786 Cujus
3153 1725 3388 1774 eventus
3425 1719 3561 1776 belli

1935 1813 2060 1852 cum
2084 1797 2200 1873 regi
2246 1798 2529 1870 Stephano
2578 1803 2863 1859 nuntiatus
2911 1813 3081 1874 esset,
3115 1807 3250 1878 ipse
3289 1815 3342 1864 et
3371 1824 3565 1866 omnes

1937 1890 2032 1962 qui
2055 1892 2309 1960 aderant,
2357 1911 2602 1950 summas
2644 1897 2754 1953 Deo
2803 1901 3010 1972 gratias
3061 1902 3409 1959 exolverunt.
3453 1905 3566 1961 Hoc

1938 1981 2147 2037 bellum
2189 1985 2416 2060 Augusti
2459 2003 2650 2043 mense
2680 1987 2884 2044 factum
2923 1998 3025 2046 est.
3089 1993 3148 2048 In
3190 1995 3428 2052 adventu
3455 1997 3567 2053 Do-

1941 2073 2078 2128 mini
2103 2075 2398 2131 concilium
2439 2079 2586 2149 apud
2643 2079 2982 2136 Londoniam
3033 2082 3284 2141 Albricus
3329 2087 3566 2144 ecclesie

1940 2165 2188 2222 Romane
2214 2168 2427 2243 legatus
2473 2177 2528 2225 et
2585 2170 2893 2227 Hostiensis
2951 2175 3250 2246 episcOpus
3281 2180 3478 2245 tenuit,
3511 2189 3566 2235 et

1940 2257 2168 2324 ibidem,
2196 2261 2482 2318 adnitente
2542 2281 2668 2338 rege
2721 2266 3002 2338 Stephano
3032 2275 3087 2323 et
3137 2271 3347 2342 regina,
3366 2271 3564 2328 Tebal-

1939 2346 2043 2402 dus
2070 2349 2240 2404 abbas
2272 2351 2564 2407 Beccensis
2617 2354 2872 2418 ecclesie,
2932 2357 3016 2411 vir
3062 2357 3360 2415 admodum
3393 2377 3562 2417 vene-

1939 2438 2167 2500 randus.
2219 2439 2630 2497 Cantuariensis
2660 2443 2896 2500 ecclesie
2949 2446 3407 2518 archiepiscopus
3429 2447 3564 2504 eﬂ‘e-

1940 2536 2061 2583 ctus
2097 2538 2202 2596 est,
2244 2534 2536 2588 transactis
2574 2535 2792 2590 duobus
2829 2537 2993 2591 annis
3019 2545 3074 2593 et
3122 2539 3381 2605 dimidio,
3417 2547 3566 2612 post-

1943 2621 2106 2688 quam
2150 2621 2322 2676 abbas
2381 2623 2715 2679 constitutus
2772 2625 2967 2681 fuerat.
3039 2626 3390 2701 Consilioque
3446 2629 3566 2700 ejus

1944 2710 2047 2765 fuit
2074 2710 2296 2766 abbatia
2322 2712 2478 2767 Becci
2524 2715 2644 2768 sine
2676 2713 2875 2770 abbate
2903 2715 3006 2770 sub
3040 2716 3270 2772 Ricardo
3297 2723 3352 2772 et
3377 2717 3568 2774 Belfou

1944 2799 2148 2869 priore.
2181 2816 2211 2854 a
2243 2799 2525 2857 nativitate
2559 2802 2774 2857 Domini
2808 2804 2892 2858 vel
2944 2805 3108 2874 paulo
3137 2813 3264 2861 ante
3296 2823 3471 2878 usque
3501 2807 3569 2862 ad

1943 2897 2326 2959 pentecosten,
2393 2893 2946 2966 quousquevidelicct
3003 2896 3122 2968 ipse
3171 2913 3203 2952 a
3257 2897 3428 2954 Roma
3482 2915 3571 2954 re-

1943 2977 2104 3034 diret.
2142 2978 2252 3035 Hoc
2273 2979 2469 3035 eodem
2525 2997 2694 3050 anno,
2735 2999 2926 3038 mense
2981 2983 3226 3054 Octobri,
3277 2986 3568 3043 Gaufridus

1945 3081 2132 3121 comes
2186 3068 2599 3143 Andegavensis
2676 3071 2974 3128 obsederat
3018 3074 3279 3130 Falesiam
3341 3091 3440 3148 per
3503 3079 3571 3132 15

1945 3153 2066 3209 dies
2091 3170 2216 3210 cum
2248 3173 2448 3230 magno
2479 3159 2744 3226 exercitu,
2777 3166 2832 3214 et
2879 3161 3152 3218 Robertus
3181 3179 3368 3220 comes
3401 3165 3572 3221 Gloe-

1945 3246 2145 3302 cestrie
2193 3264 2321 3303 cum
2369 3264 2456 3315 eo,
2493 3251 2587 3321 qui
2645 3251 2793 3306 circa
2829 3253 3154 3323 preteritum
3197 3257 3402 3326 pascha
3440 3273 3573 3312 con-

1945 3335 2186 3390 cordiam
2220 3354 2345 3392 cum
2377 3354 2444 3394 eo
2475 3338 2694 3394 fecerat.
2729 3340 2838 3396 Hoc
2867 3341 3033 3396 etiam
3065 3358 3210 3398 anno
3245 3344 3572 3401 Oximenses

1966 3434 2021 3481 et
2058 3427 2388 3496 Bajocenses
2409 3431 2614 3485 subditi
2639 3437 2767 3486 sunt
2793 3431 2843 3486 ei
2874 3433 2962 3484 ⁸⁸³.

2037 3517 2196 3574 H39.
2589 3522 2644 3577 2.
3063 3523 3118 3578 2.
3513 3528 3570 3584 4.

2037 3609 2156 3679 (1b.)
2187 3610 2298 3665 Rex
2323 3611 2620 3684 Anglorum
2647 3614 2716 3647 ⁸⁸⁸
2750 3613 3062 3684 Stephanus
3087 3625 3210 3686 post
3247 3617 3428 3674 natale
3453 3635 3574 3674 cas-

1964 3701 2152 3756 tellum
2167 3703 2236 3758 de
2263 3703 2426 3759 Slede
2455 3703 2604 3776 cepit
2642 3704 2950 3762 obsidione.
3001 3706 3137 3762 Post'
3185 3708 3288 3764 hec
3327 3711 3570 3780 perrexit

1963 3795 2021 3850 in
2053 3781 2351 3864 Scothiam,
2395 3798 2488 3853 ubi
2513 3815 2636 3854 cum
2683 3816 2794 3854 rem
2854 3799 3022 3856 Marte
3059 3810 3115 3857 et
3139 3802 3381 3859 Vulcano
3419 3804 3576 3860 duci-

1963 3885 2070 3941 bus
2093 3894 2302 3960 ageret,
2333 3903 2425 3943 rex
2454 3887 2636 3943 Scotie
2693 3905 2816 3944 cum
2872 3905 2940 3944 eo
2993 3891 3316 3946 concordari
3356 3899 3579 3948 coactus

1959 3983 2060 4031 est.
2087 3975 2378 4032 llenricum
2438 3977 2606 4052 igitur
2662 3977 2834 4034 tilium
2889 3979 3036 4054 regis
3067 3979 3356 4037 Scotorum
3388 3998 3576 4038 secum

1958 4064 2234 4121 ducensin
2266 4064 2535 4138 Angliam,
2581 4066 2729 4137 cepit
2769 4065 3078 4136 Ludelawe,
3101 4068 3196 4124 ubi
3252 4069 3400 4125 idem
3433 4070 3580 4126 Hen-

1957 4158 2106 4214 ricus
2131 4175 2275 4215 unco
2307 4157 2488 4213 ferreo
2533 4174 2677 4230 equo
2710 4159 3016 4216 abstractus
3048 4177 3192 4232 pene
3217 4168 3414 4232 captus
3447 4171 3531 4219 est
3562 4181 3576 4229 ;

1954 4253 2051 4309 sed
2076 4255 2192 4325 ipse
2223 4270 2316 4308 rex
2373 4255 2442 4309 ab
2482 4255 2734 4310 hostibus
2783 4272 2908 4311 eum
2971 4257 3264 4328 splendide
3328 4259 3574 4314 retraxit.

1957 4351 2088 4406 [nde
2114 4367 2172 4406 re
2196 4350 2440 4422 perfecta
2483 4351 2892 4408 Oxincfordiam
2941 4345 3117 4424 petiit.
3161 4353 3260 4408 Ubi
3293 4370 3381 4409 res
3429 4355 3577 4410 infa-

1952 4440 2060 4496 mia
2081 4440 2342 4496 notabilis
2356 4447 2410 4495 et
2438 4441 2507 4495 ab
2539 4441 2691 4496 omni
2722 4441 3127 4496 consuetudine
3181 4449 3390 4498 remota
3420 4458 3576 4499 com-

1951 4531 2150 4604 paruit.
2171 4532 2286 4588 Rex
2324 4548 2562 4604 namque
2618 4532 2915 4606 Rogerium
2969 4534 3288 4604 episcopum
3330 4534 3576 4592 Salesbi-

1951 4636 2191 4685 reusem,
2229 4626 2284 4675 et
2316 4619 2680 4676 Alexandrum
2735 4619 3139 4676 Lincoliensem
3185 4621 3363 4693 ipsius
3394 4639 3575 4695 nepo-

1951 4725 2062 4771 tem
2091 4713 2386 4780 ,violenter
2415 4713 2470 4769 in
2509 4715 2660 4770 curia
2710 4731 2810 4770 sua
2836 4715 3004 4786 cepit,
3042 4716 3214 4772 nichil
3243 4718 3378 4774 recti
3412 4735 3571 4776 recu-

1950 4816 2152 4862 santes.
2187 4807 2405 4861 Ponens
2452 4805 2620 4880 igitur
2677 4805 2880 4861 ibidem
2929 4807 3297 4864 Alexandrum
3341 4811 3567 4882 episco-

1952 4916 2080 4971 pum
2103 4899 2160 4953 in
2198 4913 2498 4966 carcerem,
2531 4897 2854 4969 episcOpum
2907 4899 3344 4957 Salesbirensem
3379 4918 3566 4958 secum

1952 4992 2105 5048 duxit
2133 4992 2200 5046 ad
2231 4990 2512 5046 castellum
2567 4990 2837 5059 ejusdem,
2897 4993 3044 5064 quod
3092 5000 3322 5050 vocatur
3359 4994 3564 5064 Divise,

1951 5099 2062 5156 quo
2101 5098 2212 5139 non
2243 5089 2360 5137 erat
2381 5081 2726 5153 splendidius
2760 5090 2903 5139 intra
2953 5083 3092 5140 fines
3120 5087 3354 5156 Europe.
3383 5086 3565 5158 Auga-

1955 5179 2105 5234 rians
2135 5179 2300 5254 igitur
2317 5193 2442 5233 eum
2473 5176 2636 5243 fame,
2666 5185 2720 5234 et
2787 5177 2882 5234 filii
2917 5179 3056 5250 ejus,
3075 5181 3169 5252 qui
3201 5179 3566 5236 caucellarius

1956 5265 2154 5334 fuerat,
2185 5265 2329 5322 collo
2359 5266 2617 5338 laqueum
2664 5267 2954 5324 innectens
3009 5277 3071 5324 ut
3106 5267 3561 5339 suspenderetur,

1955 5361 2063 5416 sibi
2095 5361 2187 5416 tali
2217 5360 2383 5418 modo
2401 5361 2688 5418 castellum
2741 5363 2988 5431 extorsit,
3037 5377 3150 5418 non
3196 5361 3330 5417 satis
3383 5376 3566 5420 recor-

1599 5482 1821 5540 VARIAE
1841 5484 2223 5541 LECTIONES.
2777 5529 2790 5538 .

309 5575 382 5611 ‘°'
411 5576 755 5656 gicjncipit
789 5579 880 5635 8b.
922 5579 994 5615 “3
1020 5579 1169 5656 Obiit
1184 5579 1487 5656 Gaufridus
1498 5581 1790 5656 secundus
1827 5582 2000 5639 abbas
2028 5582 2254 5656 Savign.
2285 5581 2446 5638 addit
2482 5583 2542 5638 in
2563 5580 2618 5636 2.
2649 5580 2766 5637 alia
2793 5593 2988 5636 manus
3015 5594 3118 5636 sec.
3151 5580 3299 5636 XIII.
3328 5581 3388 5635 in
3418 5593 3569 5634 mar-

237 5650 382 5715 gine.
416 5647 486 5683 ⁵⁸⁸
513 5647 1216 5722 Hunc’annumprecedenti
1234 5652 1432 5722 jungit
1459 5652 1551 5708 8b.
