3916 6064
325 247 433 302 455

473 397 831 440 ROMANORUM.
980 395 1333 436 FRANCORUM.
1480 396 1796 436 ANGLORUI.

330 474 469 531 dans
497 476 768 529 bonorum
796 487 903 543 que
953 471 1009 525 in
1056 472 1283 526 introitu
1336 471 1491 545 regni
1551 471 1643 526 ille
1691 471 1798 525 sibi
1847 487 1944 543 pre

330 571 453 627 aliis
483 574 851 641 congesserat.
907 567 1170 622 Similiter
1199 568 1346 638 cepit
1385 566 1762 633 Sireburnam,
1798 566 1946 638 quod

330 682 519 738 parum
548 664 747 720 Divisis
761 664 962 719 decore
990 663 1244 718 cedebat.
1284 662 1687 733 Accipiensque
1713 663 1943 717 thesau-

330 770 421 811 ros
446 752 717 825 episcopi,
744 753 1083 823 comparavit
1133 752 1262 807 inde
1312 752 1943 807 Constantiamsororem

328 843 591 900 Ludovici
616 842 764 917 regis
789 841 1116 897 Francorum
1170 840 1285 897 ﬁlio
1330 857 1432 897 suo
1460 841 1774 897 Eustachio.
1811 842 1944 898 lude

331 948 425 986 rex
455 931 697 996 rediens,
730 930 985 984 similiter
1041 930 1157 1005 egit
1186 929 1254 985 de
1302 930 1609 985 Alexandro
1658 930 1944 1002 episcOpo,

330 1027 511 1082 donec
535 1026 843 1097 reciperent
865 1024 1149 1079 castellum
1187 1025 1256 1078 de
1302 1026 1625 1079 Newerthan
1654 1026 1949 1080 amenissi-

333 1132 505 1170 mum.
543 1114 809 1168 Similiter
847 1113 1125 1168 redditum
1161 1122 1245 1169 est
1294 1114 1344 1167 ei
1382 1114 1629 1169 Eslaford
1651 1116 1956 1170 castellum.

331 1207 480 1262 Tunc
507 1207 639 1261 satis
671 1206 917 1277 proxime
950 1204 1062 1259 tilia
1099 1205 1255 1280 regis
1317 1204 1557 1273 Henrici,
1617 1224 1726 1277 que
1786 1207 1963 1265 fuerat

333 1301 653 1373 imperatrix
681 1299 1029 1364 Alemannie,
1059 1301 1147 1354 cui
1177 1301 1369 1372 Anglia
1404 1301 1718 1369 juramento
1745 1303 1963 1358 addicta

328 1392 515 1448 fuerat
548 1411 562 1458 ;
596 1401 651 1448 et
676 1392 947 1447 Robertus
993 1406 1182 1446 comes
1225 1389 1581 1459 Gloecestrie,
1625 1393 1793 1449 frater
1821 1395 1943 1463 ejus

1538 240 1879 296 SIGEBERTI
1921 237 2430 296 GEMBLACENSIS.

3547 243 3662 299 456

1970 383 2020 448 Α
2046 392 2196 432 mon.
2232 378 2379 433 Obiit
2434 377 2694 434 Rabellus
2741 382 3092 445 camerarius,
3129 391 3185 438 et
3211 382 3481 439 successit
3517 382 3667 438 Wil-

2048 465 2252 521 lermus
2301 465 2447 521 ﬁlius
2478 467 2620 536 ejus.
2676 468 2821 524 Obiit
2868 471 3131 526 Henricus
3169 487 3356 528 comes
3384 472 3453 528 de
3480 472 3580 540 Ou,
3612 481 3675 529 et

2048 555 2624 611 successitJohannes
2667 555 2813 612 ﬁlius
2868 559 3005 627 ejus.
3074 559 3218 615 Obiit
3265 561 3522 616 Tustatus
3575 577 3674 616 ar-

2046 650 2437 722 chiepiscopus
2484 651 2870 721 Eboracensis,
2932 661 2985 709 et
3028 655 3299 710 successit
3348 655 3676 711 Willermus

2046 746 2427 801 thesaurarius
2456 746 2707 815 ejusdem
2743 750 2995 805 ecclesie.
3045 750 3190 805 Obiit
3221 751 3517 807 Audoeuus
3546 751 3678 822 cpi-

2046 854 2246 909 scOpus
2274 839 2621 895 Ebroicensis
2673 840 2729 896 in
2762 842 2973 917 Anglia,
3003 850 3059 898 et
3098 844 3365 900 successit
3395 844 3677 900 Rotrodus

2044 930 2127 986 vir
2155 930 2470 1005 religiosus,
2502 931 2666 987 bonis
2696 941 2923 989 ornatus
2975 935 3223 991 moribus
3268 941 3322 990 et
3350 935 3584 991 dilectus
3607 937 3680 991 ab

2058 1019 2338 1085 omnibus,
2374 1018 2519 1073 filius
2558 1020 2773 1077 Henrici
2821 1023 3040 1078 comitis
3086 1024 3155 1078 de
3175 1024 3429 1080 Warwic.
3462 1025 3682 1080 Gaufri-

2061 1111 2164 1165 dus
2203 1128 2389 1167 eomes
2416 1114 2828 1187 Andegavensis
2859 1115 3078 1170 obsedit
3106 1126 3160 1170 et
3188 1124 3377 1187 postea
3410 1116 3687 1171 destruxit

2064 1204 2121 1258 in
2150 1190 2427 1260 Oximensi
2460 1221 2600 1278 pago
2632 1206 2917 1261 castellum
2950 1206 3334 1272 Fontanetum,
3375 1208 3689 1263 munitissi-

2066 1312 2218 1350 mum
2239 1304 2292 1350 et
2324 1304 2437 1352 arte
2488 1305 2542 1351 et
2594 1305 2810 1367 natura,
2866 1299 2997 1370 quia
3053 1299 3327 1354 Robertus
3367 1299 3689 1368 Marmium,

2068 1386 2327 1440 dominus
2354 1386 2527 1457 ipsius
2579 1388 2812 1455 castelli,
2843 1389 3065 1443 tenebat
3114 1397 3305 1445 contra
3355 1405 3480 1443 eum
3526 1388 3693 1444 Fale-

335 1501 527 1539 mense
559 1487 805 1559 Augusto
873 1482 1211 1537 transierunt
1239 1483 1293 1537 in
1333 1484 1602 1559 Angliam.
1636 1463 1955 1559 lnvitavera;

2069 1477 2226 1530 siam.
2258 1476 2525 1532 Henricus
2554 1477 2702 1548 (592)
2760 1478 2819 1534 ﬁt
2849 1479 3022 1534 abbas
3075 1479 3480 1548 Fiscannensis,
3510 1494 3695 1551 nepos

334 1575 483 1629 enim
516 1590 613 1629 eos
661 1573 989 1627 Willermus
1021 1572 1087 1625 de
1142 1573 1461 1641 Albinneio,
1492 1575 1587 1645 qui
1608 1575 1837 1629 duxerat
1862 1574 1974 1633 Eliz
2076 1571 2221 1642 regis
2248 1571 2531 1643 Stephani.

338 1664 617 1734 quondam
640 1662 911 1771 reginam,
975 1676 1084 1771 qpe
1116 1660 1359 1771 habebat
1390 1664 1672 1767 castellum
1704 1670 1759 1718 et
1790 1663 1962 1718 comi-
1991 1704 2041 1771 Β
2141 1659 2277 1771 31.40
2300 1660 2717 1771 ﬁgurati-usa“
2750 1666 3055 1771 Ludﬁovicus
3103 1665 3155 1719 3.
3222 1665 3527 1771 Stephanus
3555 1665 3590 1771 Si

336 1766 511 1815 talum
553 1756 849 1822 Harundel,
881 1756 1028 1827 quod
1079 1772 1174 1810 rex
1242 1757 1505 1812 Henricus
1559 1758 1789 1813 dederat
1821 1759 1869 1813 ei
1904 1758 1961 1812 in

339 1848 491 1903 dote.
521 1846 865 1917 Appulerunt
909 1846 1100 1917 itaque
1131 1846 1279 1916 apud
1313 1846 1613 1914 Harundel,
1658 1847 1786 1917 quia
1832 1854 1962 1903 tunc

337 1935 506 1991 alium
547 1941 761 2005 portum
792 1949 902 1988 non
927 1933 1229 1988 habebant.
1282 1933 1487 1987 Exinde
1525 1949 1714 1989 comes
1750 1933 1963 1989 Hober-

343 2038 432 2085 tus
457 2046 579 2084 cum
606 2029 807 2084 decem
839 2028 1109 2082 militibus
1155 2034 1208 2083 et
1239 2028 1431 2083 decem
1464 2028 1817 2100 equestribus
1872 2044 1964 2083 sa-

342 2122 577 2195 gittariis
609 2137 709 2193 per
733 2120 972 2175 mediam
1005 2129 1202 2174 terram
1243 2120 1506 2190 Stephani
1538 2119 1684 2191 regis
1723 2119 1967 2190 pernici-

342 2223 426 2271 ter
448 2216 600 2270 venit
633 2213 1087 2287 Warengueford,
1109 2219 1163 2268 et
1200 2213 1329 2267 inde
1352 2212 1709 2279 Gloecestrie,
1742 2221 1796 2266 et
1826 2228 1962 2267 nun—

342 2303 812 2361 tiavitadventum
871 2302 1239 2373 imperatricis
1270 2302 1514 2357 Brientio
1570 2300 1684 2357 filio
1741 2302 1963 2357 comitis

342 2410 401 2454 et
450 2397 639 2453 Miloni
691 2398 761 2452 de
816 2395 1174 2463 Glocceslrie,
1257 2413 1418 2467 quam
1491 2396 1796 2468 reliquerat
1837 2412 1961 2451 curn

341 2503 511 2543 uxore
532 2503 631 2541 sua
662 2493 716 2541 et
746 2487 869 2540 aliis
923 2486 1341 2557 impedimentis
1373 2486 1427 2540 in
1484 2487 1709 2541 castello
1743 2486 1960 2541 Harun-

346 2580 459 2646 del,
482 2578 576 2633 ubi
609 2594 699 2632 rex
721 2578 1029 2647 Stephanus
1057 2578 1278 2632 obsedit
1306 2578 1559 2645 eam,sed
1585 2585 1775 2649 postea
1805 2577 1961 2631 abire

347 2667 779 2739 permisitpacto
819 2666 1056 2737 quodam
1108 2666 1173 2720 ad
1238 2667 1497 2722 Bristout.
1532 2665 1963 2737 ObiitRogerius

348 2756 633 2828 predictus
656 2754 955 2826 episcopus
1007 2754 1462 2822 Salesberiensis,
1496 2764 1601 2810 tam
1650 2771 1867 2811 merere
1894 2755 1962 2789 ⁵⁸⁵

352 2865 515 2921 quam
538 2848 695 2903 senio
723 2846 1028 2902 confectus.
1065 2848 1427 2903 Innocentius
1461 2865 1600 2919 papa
1631 2848 1806 2903 tenuit
1831 2864 1966 2903 con-

347 2943 531 2998 cilium
559 2941 752 3005 Rome,
779 2939 865 2993 cui
908 2938 1158 2993 interfuit
1208 2939 1524 2994 Thebaldus
1556 2940 1963 2996 Cantuariensis

350 3032 820 3101 archiepiscopus.
869 3028 1087 3083 Electus
1165 3036 1245 3082 est
1304 3036 1357 3083 et
1404 3030 1735 3085 constitutus
1792 3029 1964 3084 abbas

352 3125 645 3181 Bcccensis
668 3124 922 3189 ecclesie,
954 3123 1022 3176 ab
1038 3123 1187 3178 omni
1219 3123 1489 3194 equaliter
1508 3125 1958 3198 congregatione,

350 3216 435 3271 vir
455 3232 652 3291 magne
674 3214 978 3270 sanctitatis
1021 3215 1324 3270 etseientie
1384 3216 1604 3271 donnus
1635 3216 1957 3273 Lethardus.

353 3306 422 3361 de
439 3304 697 3360 Beccensi
756 3303 1012 3375 prosapia
1050 3313 1229 3370 natus,
1264 3305 1318 3358 in
1368 3312 1603 3376 utroque
1632 3312 1961 3362 testamento

350 3395 598 3465 apprime
619 3392 887 3457 eruditus,
920 3392 1139 3463 pollens
1167 3392 1421 3459 consilio,
1451 3391 1684 3448 affabilis
1715 3393 1961 3465 eloquio,

351 3485 665 3539 moderatus
695 3483 748 3537 in
789 3481 994 3547 verbis,
1049 3481 1320 3536 discretus
1370 3482 1425 3535 in
1458 3482 1790 3553 disciplinis,
1810 3482 1964 3537 tarde

353 3576 496 3633 letus
523 3576 577 3630 in
611 3574 1104 3644 terrenis,semper
1122 3573 1371 3648 gaudens
1390 3574 1445 3628 in
1469 3574 1693 3640 etcrnis,
1727 3575 1965 3647 diligens

352 3666 552 3731 bonos,
585 3663 868 3736 corrigens
899 3662 1111 3728 malos;
1146 3664 1239 3735 qui
1272 3679 1369 3733 pro
1402 3664 1665 3735 qualitate
1697 3664 1967 3736 temporis

351 3774 572 3833 gregem
601 3756 708 3810 sibi
754 3754 1108 3809 commissum
1149 3755 1359 3825 optime
1415 3756 1572 3822 rexit,
1623 3756 1751 3810 licet
1774 3757 1825 3809 in
1867 3772 1966 3811 suo

349 3856 597 3919 tempore
619 3846 840 3900 assidua
867 3851 1192 3913 tempestate
1218 3846 1390 3914 patria
1424 3846 1737 3899 turbaretur
1766 3847 1834 3881 ³⁸⁵

424 3937 552 4005 (An.
612 3933 795 4003 1140.)
842 3933 1153 4002 Stephanus
1190 3934 1259 3966 εδδ
1317 3950 1408 3987 rex
1455 3933 1662 4005 fugavit
1692 3935 1960 4006 Nigellum

350 4023 671 4095 episcopum
705 4020 1013 4075 Heliensem
1050 4020 1116 4074 de
1145 4020 1466 4091 episcopatu
1490 4037 1612 4087 suo,
1643 4024 1772 4094 quia
1791 4040 1963 4095 nepos

350 4114 597 4186 episc0pi
628 4112 1043 4168 Salesbiriensis
1106 4120 1244 4179 erat,
1303 4130 1334 4167 a
1383 4129 1493 4184 quo
1534 4113 1863 4169 invectivum
1906 4116 1959 4171 in

352 4210 672 4284 progeniem
710 4209 829 4277 ejus
880 4215 1130 4261 traxerat.
1194 4206 1292 4262 Ubi
1319 4215 1501 4263 autem
1555 4208 1622 4263 ad
1652 4210 1831 4265 natale
1875 4212 1961 4266 vel

351 4298 419 4354 ad
451 4299 654 4369 pascha
685 4296 873 4363 fuerit,
933 4295 1118 4351 dicere
1172 4311 1283 4351 non
1336 4297 1531 4352 attinet
1563 4316 1577 4364 ;
1606 4298 1717 4367 jam
1752 4300 1960 4371 quippe

351 4390 501 4446 curic
533 4388 835 4454 sollennes,
867 4396 922 4441 et
952 4393 1175 4442 ornatus
1228 4386 1369 4461 regii
1424 4388 1680 4443 scematis
1718 4390 1787 4444 ab
1819 4391 1961 4445 anti-

350 4497 459 4554 qua
488 4481 633 4536 serie
688 4479 1036 4535 descendens
1092 4494 1317 4549 prorsus
1345 4491 1703 4546 evanuerant,
1764 4482 1962 4557 ingens

350 4574 595 4629 thesauri
627 4573 783 4643 cepia
811 4572 1142 4643 deperierat,
1186 4588 1288 4642 pax
1334 4570 1386 4626 in
1428 4578 1573 4627 terra
1611 4574 1781 4641 nulla,
1815 4575 1966 4629 cedi-

352 4664 477 4730 bus,
542 4665 837 4732 incendiis,
886 4663 1097 4734 rapinis
1152 4663 1339 4718 omnia
1396 4665 1963 4732 cxterminabantur;

354 4754 648 4819 clamor,et
672 4753 869 4821 luctus,
897 4760 951 4808 et
983 4754 1177 4810 horror
1216 4752 1423 4824 ubique
1473 4754 1564 4807 ⁵⁸⁷.
1616 4753 1763 4810 Obiit
1785 4771 1972 4811 comes

355 4847 707 4904 Ebroicensis
748 4847 1070 4915 Amalricus,
1099 4855 1153 4903 et
1214 4848 1479 4903 successit
1510 4847 1676 4904 frater
1700 4850 1819 4921 ejus
1870 4852 1971 4923 Sy-

2138 1751 2620 1823 (An.1l4l.l[ib]
2683 1753 2792 1807 Rex
2857 1754 3169 1825 Stephanus
3224 1751 3688 1808 Lincolieurbem

2070 1838 2208 1894 infra
2240 1840 2421 1895 natale
2453 1841 2694 1904 obsedit,
2715 1842 2875 1909 cujus
2901 1842 3239 1897 munitiones
3269 1840 3491 1914 ingenio
3522 1854 3694 1911 cepe-

2070 1931 2473 1987 ratRannulfus
2538 1948 2723 1988 comes
2773 1932 3097 1989 Castrensis.
3158 1933 3427 2005 Seditque
3483 1932 3561 1987 ibi
3592 1948 3690 1987 rex

2070 2036 2249 2092 usque
2278 2021 2347 2074 ad
2371 2019 2812 2090 purificationem
2868 2029 3057 2078 sancte
3113 2022 3299 2078 Marie.
3351 2022 3501 2077 Tunc
3529 2037 3691 2077 nam-

2070 2127 2179 2183 que
2205 2112 2511 2167 Rannulfus
2564 2113 2843 2183 predictus
2909 2114 3140 2169 adduxit
3174 2130 3360 2169 secum
3387 2112 3689 2169 Robertum

2063 2198 2236 2253 filium
2258 2201 2403 2275 regis
2432 2201 2671 2268 Henrici,
2696 2202 2903 2257 socium
2936 2219 3122 2268 suum,
3181 2209 3233 2257 et
3256 2217 3515 2274 proceres
3541 2201 3690 2256 mul-

2064 2302 2150 2349 tos
2180 2300 2233 2348 et
2261 2294 2466 2349 milites
2486 2294 2879 2360 validissimos,
2904 2296 2973 2350 ad
3004 2294 3359 2351 obsidionem
3390 2294 3536 2369 regis
3565 2294 3687 2348 dis-

2062 2386 2383 2441 solvendam
2431 2385 2563 2441 Cum
2583 2392 2763 2441 autem
2787 2387 2980 2441 consul
3006 2386 3381 2441 validissimus
3426 2394 3480 2442 et
3510 2386 3692 2441 auda-

2064 2478 2316 2534 cissimus
2343 2478 2599 2549 paludem
2633 2495 2774 2551 pene
2823 2479 3229 2534 intransibilem
3260 2480 3346 2534 vix
3381 2480 3692 2548 transisset,

2064 2569 2120 2623 in
2148 2569 2266 2640 ipsa
2288 2570 2377 2625 die
2408 2570 2633 2625 aciebus
2678 2571 2964 2643 dispositis
3018 2589 3203 2645 regem
3254 2571 3402 2627 bello
3433 2587 3694 2646 agressus

2065 2671 2163 2719 est.
2188 2664 2309 2735 Ipse
2332 2680 2454 2718 cum
2482 2663 2613 2725 suis,
2640 2663 3136 2719 utviradmirande
3168 2664 3480 2736 probitatis,
3513 2663 3694 2719 aciem

2066 2758 2294 2829 primam
2328 2763 2704 2812 construxerat
2763 2772 2777 2825 ;
2810 2757 3109 2813 secundam
3153 2758 3255 2823 illi,
3285 2774 3428 2830 quos
3459 2758 3694 2830 Stepha-

2067 2865 2168 2903 nus
2191 2864 2284 2902 rex
2311 2848 2791 2903 dehereditaverat
2815 2866 2828 2913 ;
2865 2848 3077 2903 tertiam
3110 2848 3384 2903 Robertus
3412 2848 3524 2902 dux
3556 2865 3684 2903 ma-

2064 2957 2206 3015 gnus
2252 2957 2375 2996 cum
2408 2940 2543 2995 suis.
2615 2940 2726 2994 Rex
2786 2940 2995 2995 interea
3052 2941 3366 3011 Stephanus
3426 2957 3687 2996 curarum

2020 3039 2358 3105 ‘exestuans
2408 3031 2680 3094 ﬂuctibus,
2743 3032 2962 3087 missam
3022 3033 3078 3087 in
3138 3040 3294 3088 tanta
3344 3033 3689 3088 solemnitate

2064 3123 2314 3177 audierat
2381 3122 2551 3193 (Febr.
2600 3123 2678 3191 2.)
2707 3120 2836 3176 Cum
2895 3130 3080 3177 autem
3150 3121 3219 3177 de
3252 3138 3404 3178 more
3463 3138 3690 3178 cereum

2063 3226 2192 3285 rege
2220 3210 2447 3281 dignum
2480 3213 2592 3265 Deo
2635 3209 2891 3276 oﬂ‘crens,
2923 3211 3180 3265 manibus
3240 3211 3529 3266 Alexandri
3559 3210 3692 3282 epi-

2063 3302 2217 3374 scopi
2247 3302 2576 3374 imponeret,
2636 3303 2946 3357 confractus
3004 3309 3104 3357 est.
3176 3303 3287 3358 Hoc
3344 3302 3447 3358 fuit
3478 3320 3591 3376 regi
3615 3304 3693 3358 si-

2065 3409 2232 3466 gnum
2265 3392 2639 3447 contricionis.
2676 3390 2881 3446 Cecidit
2937 3391 3101 3446 etiam
3135 3407 3303 3462 super
3330 3392 3497 3447 altare
3522 3391 3686 3463 pixis,

2068 3501 2267 3555 corpus
2324 3484 2539 3540 Domini
2598 3483 2797 3550 inerat,
2839 3483 3076 3553 abrupto
3134 3482 3379 3550 vinculo,
3429 3491 3686 3554 presente

2066 3577 2333 3648 episcopi.
2360 3577 2470 3632 Hoc
2492 3578 2653 3632 etiam
2710 3575 2813 3630 fuit
2870 3575 2985 3650 regi
3004 3575 3223 3650 signum
3240 3575 3415 3630 ruine.
3445 3574 3684 3630 Proinde

2069 3687 2160 3725 rex
2190 3669 2607 3725 strenuissimus
2638 3667 3009 3741 progreditur,
3034 3667 3294 3738 aciesque
3320 3682 3443 3721 cum
3470 3681 3685 3721 summa

2067 3761 2360 3816 securitate
2390 3761 2540 3816 bello
2572 3759 2834 3830 disponit.
2894 3760 3017 3831 lpse
3074 3760 3248 3830 pedes
3288 3775 3508 3815 omnem
3536 3758 3681 3814 circa

2068 3868 2129 3906 se
2161 3851 2570 3907 multitudinem
2615 3851 2986 3912 loricatorum.
3030 3851 3189 3923 equis
3239 3848 3513 3916 abductis,
3554 3850 3680 3904 stri-

2066 3941 2312 3995 ctissime
2344 3939 2671 4007 collocavit;
2705 3939 2963 3995 cousules
3023 3955 3146 3994 cum
3206 3938 3322 3992 suis
3381 3938 3434 3992 in
3467 3938 3683 3993 duabus

2063 4033 2287 4088 aciebus
2309 4033 2467 4104 equis
2521 4039 2859 4107 pugnaturos
2911 4031 3165 4086 instituit.
3225 4030 3335 4085 Deo
3378 4029 3675 4084 admodum

2065 4145 2230 4200 parve
2260 4136 2543 4200 equestres
2554 4128 2701 4183 acies
2724 4126 2816 4181 ille
2835 4133 3255 4198 comparuerant
3274 4142 3287 4190 ;
3306 4140 3511 4196 paucos
3526 4124 3676 4179 enim

2062 4236 2250 4275 secum
2281 4218 2390 4274 ficti
2424 4216 2699 4274 etfactiosi
2733 4217 2988 4272 consules
3005 4215 3366 4271 adduxerant.
3392 4214 3549 4271 Acies
3577 4231 3679 4269 au-

2063 4315 2172 4363 tem
2215 4307 2415 4381 regalis
2443 4306 2677 4360 maxima
2707 4313 2845 4372 erat,
2879 4320 2989 4360 uno
3015 4312 3248 4371 tantum,
3277 4303 3682 4376 scilicetipsius

2069 4403 2216 4475 regis
2276 4398 2536 4474 insignita
2587 4397 2805 4452 vexillo.
2871 4396 3201 4468 Principium
3260 4412 3465 4470 pugne.
3525 4395 3685 4451 Acies

2069 4491 2549 4557 exheredatorum,
2579 4504 2687 4560 que
2740 4487 2977 4559 preibat,
3016 4488 3286 4560 percussit
3315 4488 3488 4544 aciem
3522 4504 3682 4560 rega-

2071 4590 2198 4650 lem,
2248 4587 2300 4641 in
2329 4602 2437 4658 qua
2476 4584 2666 4640 consul
2698 4584 2898 4639 Alanus
2919 4592 2974 4639 et
3005 4584 3096 4639 ille
3114 4583 3417 4639 deMellent
3442 4592 3498 4640 et
3530 4585 3681 4659 Hugo

2073 4675 2267 4732 consul
2298 4676 2367 4730 de
2395 4673 2650 4746 Estangle
2682 4682 2737 4728 et
2766 4673 2967 4745 Symon
3000 4689 3189 4730 comes
3249 4680 3305 4728 et
3335 4673 3427 4729 ille
3457 4674 3526 4729 de
3548 4673 3681 4727 Wa-

2072 4781 2245 4820 renna
2276 4763 2511 4830 inerant,
2562 4769 2713 4817 tanto
2778 4761 3009 4832 impetu,
3039 4762 3189 4833 quod
3228 4762 3411 4817 statim
3443 4762 3598 4834 quasi
3629 4760 3683 4816 in

2072 4853 2181 4909 ictu
2213 4852 2358 4908 oculi
2382 4850 2645 4921 dissipata
2697 4856 2800 4915 est,
2836 4856 2889 4903 et
2919 4849 3118 4905 divisio
3148 4863 3338 4905 eorum
3371 4848 3425 4903 in
3455 4848 3557 4903 tria
3583 4848 3685 4903 de-

1705 4980 1923 5036 VARI/E
1961 4981 2335 5037 LECTIONES.

428 5082 498 5119 ⁵⁸⁸
532 5096 779 5137 memore
811 5080 867 5135 Ε.
901 5080 972 5115 εδδ
1002 5080 1069 5135 ab
1103 5082 1325 5136 omni—
1360 5081 1674 5137 turbaretur
1703 5084 1897 5140 desunt
1925 5085 2017 5139 8b.
2043 5086 2168 5139 Post
2212 5083 2321 5137 hac
2347 5097 2539 5136 novum
2571 5097 2776 5136 annum
2807 5082 3080 5150 incipiunt
3110 5078 3165 5134 2.
3195 5079 3247 5133 3.
3292 5077 3374 5145 7b,
3401 5077 3491 5133 8d.
3526 5082 3690 5150 atque

357 5157 614 5210 Henricus
642 5152 979 5220 IIuntingd.,
1002 5158 1301 5222 sequentem
1338 5153 1446 5208 Rex
1481 5155 1795 5222 Stephanus
1825 5155 2065 5210 Lincolie
2104 5161 2201 5209 etc.
2221 5158 2561 5208 numerantes
2592 5154 2722 5206 4141
2794 5152 2845 5206 4.
2879 5149 2932 5206 4.
2961 5152 3013 5206 6.
3046 5156 3097 5206 et
3119 5153 3196 5205 sie
3222 5152 3468 5222 deinceps
3490 5166 3522 5222 λς-
3548 5149 3690 5219 quod

356 5229 514 5280 unice
540 5241 751 5280 verum.
795 5218 874 5279 At
911 5223 973 5296 E.
1002 5229 1051 5277 et
1065 5218 1200 5277 cum
1243 5240 1300 5278 co
1328 5224 1420 5280 8b.
1447 5226 1542 5279 hoc
1574 5218 1683 5280 ioco
1704 5230 1761 5280 in
1792 5228 1970 5281 eodem
2017 5242 2158 5281 anno
2176 5230 2473 5296 pergentes,
2507 5230 2806 5295 sequentem
2838 5223 2947 5277 Rex
2978 5222 3289 5293 Stephanus
3319 5218 3571 5276 Lincolie’
3591 5225 3686 5296 etc.

358 5301 646 5351 numerant
676 5297 831 5352 1M“.
868 5296 900 5347 3
955 5295 988 5351 3
1035 5296 1087 5349 5.
1123 5300 1173 5348 ct
1201 5297 1278 5348 sic
1307 5312 1472 5364 porro
1498 5299 1814 5367 quibuscum
1843 5299 1972 5352 inde
2000 5299 2071 5352 ab
2098 5314 2150 5352 α.
2176 5294 2334 5351 1553.
2391 5316 2411 5345 ι
2441 5294 2743 5351 Ludovicus
2768 5310 2867 5349 rea:
2894 5296 3225 5349 Francorum
3249 5316 3273 5340 ιι
3306 5298 3402 5347 etc.
3429 5294 3692 5347 consentit

363 5368 455 5423 E6.
488 5369 641 5434 Quod
670 5384 833 5437 quum
857 5369 1064 5435 falsum
1091 5368 1166 5421 sit
1196 5371 1395 5433 tamen,
1429 5366 1597 5438 quum
1618 5375 1808 5425 auctor
1830 5372 1948 5439 ipse
1973 5370 2201 5424 codicem
2233 5368 2291 5423 Ε.
2325 5368 2564 5423 lustrans
2595 5383 2831 5422 errorem
2857 5381 2965 5420 non
2994 5366 3313 5429 correxerit,
3356 5379 3454 5419 nos
3484 5378 3695 5487 quague

363 5439 514 5487 illum
544 5444 808 5487 intactum
838 5441 1138 5487 cmmuimus
1176 5438 1640 5487 reliquendmn-nt
1661 5444 1905 5487 mnmim'
1925 5446 2137 5487 tantum
2159 5456 2311 5487 veros
2356 5455 2608 5487 numeros
2633 5438 3004 5487 imnonendos.
3034 5436 3100 5471 ⁵⁸⁷
3129 5435 3445 5487 Stephanus
3467 5464 3534 5474 —
3561 5451 3597 5487 ιι
3638 5434 3688 5487 i-

360 5439 514 5493 illum
544 5435 808 5493 intactum
838 5441 1138 5494 censuimus
1176 5435 1640 5508 reliquendum,ct
1661 5435 1905 5509 margini
1925 5446 2137 5496 tantum
2159 5456 2311 5495 veros
2356 5455 2608 5495 numeros
2633 5438 3004 5510 imponendos.
3034 5436 3100 5471 ⁵⁸⁷
3129 5435 3445 5506 Stephanus
3467 5464 3534 5474 —
3561 5435 3688 5488 ubi-

360 5524 470 5594 que
499 5510 691 5565 desunt
716 5510 807 5563 7b.

1915 5612 2126 5668 NOTAE.

434 5676 578 5749 (δίη)
614 5678 687 5732 De
714 5678 888 5749 Sully.
