3916 6064
246 153 358 206 457

397 289 732 330 ROMANORUM
904 288 1242 328 FRANCORUM.
1391 289 1696 330 ANGLORUM.

243 368 424 424 venit.
479 367 581 421 Alii
631 383 877 438 namque
924 381 1114 422 eorum
1147 365 1315 420 occisi
1357 375 1506 432 sunt,
1561 365 1650 420 alii
1703 366 1870 436 capti,

244 457 346 510 alii
385 455 736 528 aufugerunt.
777 455 934 510 Acies
973 455 1061 509 cui
1105 454 1524 525 principabatur
1579 456 1772 510 consul
1806 455 1874 510 de

246 545 565 600 Albemarle
596 549 649 598 et
707 543 1016 598 Willermus
1047 543 1314 613 Yprensis
1364 544 1632 614 percussit
1663 544 1878 598 Walen-

245 653 364 701 ses,
397 636 553 708 quia
587 635 757 690 latere
790 634 1184 706 procedebant,
1238 643 1292 689 et
1335 635 1386 688 in
1433 635 1615 706 fugam
1673 634 1872 702 coegit.

249 728 364 782 Sed
416 728 562 781 acies
613 725 857 781 consulis
909 724 1218 780 Castrensis
1271 725 1545 794 percussit
1594 726 1873 780 cohortem

252 815 587 887 predictam,
621 821 675 868 et
705 813 968 884 dissipata
1000 820 1086 867 est
1125 812 1179 866 in
1214 822 1518 880 momento,
1551 813 1694 868 sicut
1731 813 1880 868 acies

253 907 426 977 prior.
475 906 748 980 Fugerunt
781 905 950 978 igitur
975 920 1167 960 omnes
1213 905 1430 976 equites
1465 905 1630 978 regis,
1661 911 1716 959 et
1747 905 1881 958 Wil-

253 1003 464 1058 lermus
491 1001 772 1070 Yprensis,
802 1000 884 1054 vir
913 1000 1289 1055 exconsularis
1335 1005 1389 1054 et
1433 1015 1630 1073 magne
1687 1000 1876 1070 probi—

255 1097 402 1151 tatis.
434 1095 536 1149 Alii
554 1109 682 1148 vero
711 1093 854 1164 capti
887 1099 1037 1160 sunt,
1093 1095 1190 1164 qui
1222 1093 1349 1168 fuge
1382 1109 1492 1148 non
1552 1099 1873 1164 paruerunt.

257 1186 365 1240 Res
390 1183 550 1245 mira,
593 1183 760 1236 nimis
807 1198 838 1236 a
885 1181 1072 1236 multis
1107 1180 1388 1236 miranda!
1451 1197 1575 1236 cum
1623 1198 1716 1236 rex
1757 1183 1878 1236 Ste-

257 1281 498 1351 phanus,
534 1277 759 1350 rugiens
796 1284 854 1332 ut
894 1277 1001 1344 leo,
1033 1276 1184 1331 solus
1225 1277 1278 1330 in
1319 1291 1514 1346 campo
1543 1275 1878 1346 persisteret,

265 1369 456 1425 nullus
479 1369 548 1424 ad
574 1385 698 1422 eum
731 1367 999 1422 accedere
1042 1367 1294 1436 auderet,
1321 1366 1562 1421 stridens
1601 1365 1880 1431 dentibus,

257 1478 532 1534 spumans
557 1477 672 1523 ore,
731 1460 848 1530 apri
882 1475 1056 1526 more,
1110 1459 1338 1531 bipenni
1382 1459 1618 1530 quadam
1673 1457 1884 1514 crebris

257 1553 487 1622 pulsans
513 1549 716 1604 ictibus
748 1549 986 1604 hostium
1047 1549 1363 1619 pracipuos,
1397 1548 1562 1602 nimis
1601 1547 1669 1602 ab
1702 1547 1881 1602 omni-

259 1641 366 1694 bus
395 1637 788 1694 admirabatur.
827 1637 864 1692 Ο
895 1636 940 1692 si
971 1646 1192 1692 centum
1249 1636 1460 1691 similes
1487 1645 1696 1702 essent,
1727 1652 1881 1690 cam-

256 1749 390 1804 pum
433 1731 640 1786 diutius
670 1729 1068 1785 defenderentl
1114 1731 1244 1786 Cum
1275 1729 1428 1784 solus
1465 1729 1609 1800 ipse,
1660 1728 1746 1784 vix
1780 1745 1880 1798 pa-

255 1825 362 1880 tuit
399 1823 587 1894 prede.
618 1821 842 1892 Capitur
876 1823 1046 1894 igitur
1077 1839 1170 1877 rex
1205 1822 1501 1894 Anglorum
1564 1820 1879 1890 Stephanus

252 1914 312 1967 in
341 1913 432 1966 die
461 1909 862 1982 puriﬁcationis
894 1918 1085 1966 sancte
1142 1909 1326 1977 Marie,
1359 1916 1414 1964 et
1463 1909 1520 1963 in
1577 1907 1874 1962 Lincoliam

253 2005 325 2058 ab
357 2003 612 2059 hostibus
641 2003 919 2074 diruptam
967 2001 1360 2057 miserabiliter
1385 2001 1740 2071 'jntroductus
1768 2005 1870 2054 est.

257 2095 354 2149 Dei
403 2095 570 2168 igitur
593 2093 806 2162 judicio
858 2094 1004 2149 circa
1035 2109 1222 2166 regem
1268 2099 1515 2163 peracto,
1547 2091 1766 2146 ducitur
1803 2091 1872 2145 ad

257 2185 688 2256 imperatricem,
721 2192 774 2240 et
817 2185 873 2239 in
918 2185 1053 2240 turri
1095 2186 1164 2239 de
1212 2185 1467 2240 Bristoud
1519 2184 1574 2238 in
1624 2183 1872 2238 custodia

259 2281 506 2352 ponitur.
543 2281 1038 2352 Tuncimperatrix
1077 2281 1144 2334 ab
1189 2280 1340 2335 omni
1370 2287 1534 2354 gente
1573 2280 1872 2352 Anglorum

259 2373 561 2443 suscipitur
591 2373 647 2427 in
693 2373 992 2428 dominam.
1041 2373 1286 2443 exceptis
1343 2371 1728 2437 Kentensibus,
1782 2369 1878 2424 ubi

261 2467 454 2541 regina
485 2476 540 2521 et
567 2467 881 2522 Willermus
910 2467 1178 2537 Yprensis
1231 2473 1421 2521 contra
1451 2481 1571 2521 eam
1613 2480 1710 2536 pro
1750 2464 1882 2519 viri-

259 2556 366 2610 bus
396 2556 800 2630 Iepugnabant.
849 2556 1116 2626 Suscepta
1161 2557 1312 2626 prius
1369 2563 1450 2610 est
1501 2553 1823 2625 imperatrix
1851 2570 1884 2608 a

261 2645 443 2716 legato
493 2645 739 2699 Romano
794 2644 1162 2700 Wintoniensi
1215 2645 1500 2715 episc0p0,
1557 2651 1611 2698 et
1669 2658 1795 2696 mox
1849 2658 1881 2696 a

260 2732 766 2788 Londoniensibus.
820 2733 991 2805 Igitur
1037 2733 1152 2788 sive
1189 2733 1545 2787 subdolorum
1595 2731 1879 2797 instinctu,

258 2824 380 2878 sive
425 2824 524 2878 Dei
552 2831 712 2888 nutu,
771 2824 1001 2894 expulsa
1039 2832 1124 2879 est
1169 2839 1199 2878 a
1251 2821 1777 2887 Londoniensibus;
1829 2828 1884 2876 et

1111 149 1452 204 CHRONICA.
1497 180 1560 188 —
1603 150 1983 205 AUCTARIUM
2028 150 2304 205 [{OBERTI
2347 149 2428 204 DE
2471 148 2707 204 MONTE.

3477 152 3580 217 453

1895 285 1944 348 Α
1975 277 2324 331 concordiam
2350 276 2480 330 fecit
2509 292 2631 330 cum
2663 275 2864 330 comite
2887 274 3148 331 Gaufrido
3179 276 3586 352 Andegavensi,

1976 383 2032 427 et
2073 388 2400 427 concessum
2425 380 2507 426 est
2540 371 2591 426 ei
2623 371 2908 426 castellum
2943 371 3289 438 Montifortis,
3329 374 3476 445 quod
3527 391 3592 430 ex

1978 469 2227 530 tempore
2258 461 2452 516 mortis
2487 459 2704 515 Henrici
2745 460 2890 535 regis
2931 461 3270 530 possederat.
3313 462 3594 519 Subdide-

1976 559 2102 606 runt
2133 551 2316 622 itaque
2351 568 2411 606 se
2446 551 2619 607 nobili
2661 551 2894 623 principi
2937 553 3100 606 etiam
3150 569 3342 608 omnes
3387 553 3594 610 Rotho-

1978 641 2146 714 magi,
2181 656 2290 694 non
2319 639 2470 696 cives
2526 639 2700 706 urbis,
2731 639 2828 694 sed
2863 639 2915 693 hi
2968 640 3248 706 videlicet,
3291 642 3386 712 qui
3443 659 3596 698 com-

1978 739 2204 786 manent
2240 731 2375 786 citra
2416 730 2641 786 fluvium
2688 731 2942 802 Sequane
2969 747 3144 802 usque
3183 732 3387 787 flumen
3421 734 3588 790 Rislc.

1982 821 2213 880 lteddita
2245 831 2326 876 est
2351 823 2516 876 etiam
2552 821 2759 876 Falesia
2805 822 2992 876 comiti
3037 823 3296 879 Gaufrido
3334 826 3593 900 Andega—

1979 912 2153 966 vensi.
2187 912 2470 982 Inceptum
2509 917 2594 966 est
2619 911 2917 981 capitulum
2978 913 3154 979 Becci,
3212 919 3318 967 tam
3358 915 3590 972 consilio

1981 1019 2143 1073 quam
2175 1003 2380 1058 auxilio
2414 1003 2635 1058 Roberti
2666 1002 2984 1075 Noviburgi.

2052 1093 2212 1160 1141,
2255 1091 2454 1165 [£142.]
2601 1094 2872 1148 Conradus
2911 1093 2962 1148 4.
3113 1096 3402 1154 Ludovicus
3438 1101 3490 1155 4.

2564 1187 2862 1252 Stephanus
2907 1184 2962 1238 6.

2054 1271 2330 1327 Robertus
2369 1287 2556 1327 comes
2585 1272 2915 1328 Glocccstrie
2937 1273 2992 1327 in
3025 1282 3196 1330 estate
3226 1278 3598 1338 transfretavit

1984 1361 2041 1414 in
2090 1361 2502 1427 Normanniam,
2537 1359 2746 1414 ducens
2795 1375 2981 1415 secum
3017 1362 3264 1429 obsides,
3320 1364 3463 1420 filios
3491 1367 3600 1422 sci-

1985 1453 2118 1509 licet
2142 1453 2404 1508 comitum
2445 1459 2500 1507 et
2526 1458 2840 1526 magnatum
2881 1452 3094 1525 Anglie,
3127 1455 3221 1526 qui
3263 1456 3597 1526 imperatrici

1986 1541 2262 1609 favebant,
2291 1541 2596 1613 petentium
2639 1541 2900 1613 quatinus
2939 1543 3065 1598 illos
3093 1560 3279 1599 comes
3309 1545 3600 1602 Gaufridus

1985 1637 2271 1704 retineret,
2306 1643 2360 1692 et
2389 1637 2457 1692 ad
2489 1653 2720 1712 regnum
2748 1637 2944 1711 Anglic
2984 1637 3391 1712 subjugandum
3423 1647 3597 1696 trans-

1982 1730 2192 1786 fretans
2221 1747 2281 1786 se
2311 1738 2650 1802 prepararet.
2707 1731 2862 1795 Quod
2917 1747 3105 1787 comes
3145 1733 3210 1786 ad
3255 1739 3474 1804 tempus
3514 1751 3602 1789 re-

1979 1824 2118 1888 nuit,
2151 1821 2282 1894 quia
2323 1822 2688 1878 rebellionem
2730 1822 3217 1896 Andegavensium
3271 1833 3326 1879 et
3363 1825 3596 1881 aliorum

1979 1913 2260 1967 hominum
2292 1927 2514 1966 suorum
2557 1911 2804 1966 timebat.
2837 1911 3090 1966 Tradidit
3115 1919 3298 1966 tamen
3329 1913 3406 1968 illi
3454 1914 3595 1969 Hen-

1976 2003 2147 2058 ricum
2205 2001 2632 2074 primogenitum
2685 2000 2856 2055 tilium
2907 2017 3088 2068 suum,
3148 2010 3208 2056 ut
3237 2019 3361 2057 eum
3407 2019 3593 2060 secum

1974 2097 2201 2151 duceret
2275 2095 2383 2149 Nec
2421 2109 2574 2148 mora
2613 2100 2868 2164 presente
2900 2093 3098 2148 comite
3135 2094 3373 2148 liobcrto
3423 2096 3594 2151 obse-

1974 2185 2054 2240 dit
2075 2183 2362 2240 castellum
2395 2180 2745 2254 Alnei(592*)
2769 2188 2824 2236 et
2854 2181 3018 2251 cepit.
3057 2180 3326 2247 Etmajori
3347 2184 3591 2238 exercitu

1977 2279 2331 2347 congregato,
2388 2285 2625 2344 pergens
2668 2270 2737 2323 ad
2785 2267 3137 2334 Moritolium,
3181 2270 3456 2324 redditum
3511 2278 3598 2326 est

1981 2364 2054 2430 ei,
2101 2371 2155 2418 et
2194 2361 2588 2422 Tcnechebrai,
2626 2360 2874 2426 Cereces,
2923 2357 3198 2425 Tiliolum,
3223 2359 3434 2414 scilicet
3461 2377 3597 2431 qua-

1983 2461 2108 2507 tuor
2163 2451 2386 2506 castella
2447 2449 2669 2520 propria
2723 2446 2944 2504 comitis
2995 2445 3406 2502 Moritolicnsis.
3464 2449 3598 2503 lnde

1984 2543 2405 2597 Abrincatcnscs
2443 2540 2810 2595 subdiderunt
2839 2554 2898 2592 se
2937 2537 3134 2603 eidem:
3160 2538 3310 2604 duci,
3349 2545 3407 2594 ct
3454 2539 3596 2594 Con-

1981 2631 2392 2692 stantinienses.
2475 2636 2587 2690 Rex
2642 2633 2972 2688 Francorum
3042 2631 3354 2688 Ludovicus
3409 2632 3601 2688 afflixit

1982 2733 2238 2788 comitem
2293 2731 2592 2786 Tebaldum
2624 2771 2638 2796 ,
2704 2734 2758 2784 et
2828 2728 3058 2783 vastavit
3129 2735 3329 2784 terram
3391 2745 3548 2784 suam
3582 2769 3596 2796 ,

1985 2828 2219 2882 maxime
2271 2827 2326 2882 in
2374 2823 2694 2896 Campania,
2751 2822 2845 2878 ubi
2877 2822 3158 2878 combuxit
3195 2823 3482 2878 castellum
3507 2840 3604 2895 op-

264 2931 452 2990 regem
483 2922 613 2970 tunc
643 2916 698 2970 in
729 2915 1096 2986 compedibus
1143 2915 1272 2987 poni
1319 2915 1502 2982 jussit.
1537 2915 1670 2968 Post
1697 2921 1882 2968 autem
1909 2953 1955 3020 (η
1984 2919 2196 2984 timum,
2259 2917 2540 2984 Vitreium,
2583 2915 2826 2982 scilicet;
2855 2915 2968 2975 ~ubi
3019 2915 3320 2971 multitudo
3366 2915 3605 2971 maxima

285 3005 317 3020 ιο
451 3005 485 3020 ι·
650 3011 659 3020 ι
1175 3003 1215 3020 I,
1350 3018 1363 3020 _
1455 3019 1463 3020 κ
1525 3019 1536 3020 γ
1597 3003 1877 3020 οκ-ι-ᾉΑ-..-
1945 2997 1958 3017 Ι
2005 3015 2036 3020 -.
2176 3013 2185 3020 .
2435 3013 2446 3020 .
2571 3011 2582 3020 .
2794 3019 2797 3020 ,
2909 3017 2916 3020 .
2965 3009 2996 3020 ,ο
3382 3010 3412 3020 ,ι
3567 3017 3575 3020 _

265 3005 388 3060 dies
417 3005 752 3076 aliquaMOS.
794 3020 917 3060 011m
955 3003 1226 3059 avunculo
1273 3018 1374 3058 δυο
1415 3019 1544 3076 rege
1597 3003 1884 3056 Scotorum
1910 2997 1958 3020 υ
1986 3013 2186 3068 diversi
2219 3029 2382 3068 sexus
2435 3011 2722 3067 hominum
2752 3019 2808 3065 et
2869 3009 3029 3066 etatis
3081 3010 3417 3065 concremati
3455 3017 3602 3066 sunt.

263 3101 320 3149 et
337 3093 504 3148 fratre
534 3109 635 3147 suo
663 3093 902 3147 Roberto
925 3093 1134 3148 viribus
1155 3091 1358 3147 coactis
1383 3091 1630 3156 veniens,
1660 3089 1890 3144 obsedit

267 3188 458 3244 turrim
492 3186 895 3242 Wintoniensis
924 3187 1204 3257 episcopi;
1239 3185 1536 3258 episcopus
1567 3191 1748 3239 autem
1780 3183 1889 3237 mi-

265 3275 340 3329 sit
379 3290 478 3345 pro
508 3274 699 3346 regina
728 3282 781 3329 et
821 3274 1105 3330 Willermo
1133 3273 1364 3344 Yprensi
1397 3281 1452 3327 et
1479 3273 1680 3328 ceteris
1701 3286 1896 3342 procc-

265 3366 421 3422 ribus
448 3367 664 3439 Anglic.
718 3366 917 3422 Factus
963 3373 1044 3421 est
1098 3365 1265 3439 igitur
1302 3365 1561 3435 utrinque
1619 3363 1898 3418 exercitus

264 3479 519 3537 magnus.
579 3463 740 3517 Venit
771 3461 989 3518 tandem
1023 3462 1306 3518 exercitus
1357 3459 1790 3524 Londoniensis;
1839 3465 1894 3514 et

265 3555 373 3610 acti
409 3569 722 3617 numerose,
767 3555 859 3626 qui
905 3562 1094 3610 contra
1136 3554 1542 3625 imperatricem
1585 3551 1896 3606 contende-

267 3648 422 3710 bant,
449 3645 576 3701 'eam
607 3647 866 3702 recedere
896 3646 1302 3717 compulerunt.
1341 3645 1492 3716 Capti
1551 3652 1682 3699 sunt
1729 3643 1897 3716 igitur

272 3733 450 3788 multi.
481 3735 680 3806 Captus
709 3741 793 3790 est
822 3744 878 3790 et
917 3736 1186 3791 Robertus
1214 3735 1382 3790 frater
1415 3731 1804 3804 imperatricis,
1840 3732 1894 3785 in

1989 3106 2348 3162 Innocentius
2388 3121 2530 3176 papa
2558 3103 2839 3159 interdixit
2868 3109 3000 3158 tunc
3030 3113 3231 3158 terram
3270 3102 3606 3159 dominicam

1998 3196 2174 3265 ipsius
2203 3194 2373 3268 regis,
2406 3193 2536 3265 quia
2588 3193 2813 3248 nolebat
2851 3191 3099 3262 recipere
3131 3191 3607 3264 archiepiscopum

1997 3283 2435 3348 Bituricensem;
2464 3297 2627 3353 quem
2662 3290 2841 3338 tamen
2870 3287 3061 3350 postea
3102 3281 3342 3351 recepit;
3379 3290 3436 3336 et
3473 3298 3614 3353 papa

1999 3372 2234 3428 absolvit
2273 3387 2397 3426 eum
2441 3371 2508 3426 de
2547 3379 2918 3435 sacramento,
2960 3369 3108 3440 quod
3168 3369 3618 3425 irrationabiliter

1995 3462 2218 3518 fecerat.
2246 3461 2486 3518 Ecclesia
2523 3462 2592 3516 de
2639 3461 2984 3515 Bellomonte
3023 3461 3184 3514 datur
3212 3459 3446 3514 ecclesia
3475 3460 3613 3516 Bec-

1996 3551 2148 3608 ccnsi
2203 3551 2390 3623 (Hum.
2455 3549 2593 3620 vni.)
2625 3548 2740 3602 Rex
2782 3548 3084 3620 Anglorum
3124 3548 3439 3618 Stephanus
3477 3563 3612 3604 con-

1996 3643 2191 3698 struxit
2241 3649 2482 3698 castrum
2542 3639 2689 3712 apud
2719 3638 3078 3695 Wintoniam.
3144 3639 3294 3694 Tunc
3343 3655 3610 3711 superve-

1997 3736 2163 3792 niens
2205 3733 2499 3790 multitudo
2529 3732 2701 3787 nimia
2732 3731 2968 3788 hostium
3015 3748 3081 3786 ex
3127 3731 3432 3804 insperato,
3485 3747 3610 3787 cum

267 3823 432 3892 cujus
463 3824 597 3878 turri
627 3841 719 3878 rex
740 3830 876 3892 erat,
907 3825 1065 3894 cujus
1085 3825 1202 3880 sola
1229 3821 1488 3894 captione
1532 3837 1621 3876 rex
1653 3820 1888 3875 evadere
1990 3828 2128 3903 regii
2159 3827 2363 3882 milites
2401 3825 2821 3882 circuitionibus
2873 3823 3092 3879 bellicis
3131 3823 3492 3895 incepissent,
3554 3833 3610 3879 et

271 3919 510 3985 poterat.
539 3912 832 3968 Absolutus
863 3920 948 3968 est
971 3918 1222 3983 uterque.
1265 3912 1357 3968 Sic
1398 3928 1490 3966 rex
1536 3909 1634 3965 Dei
1679 3910 1892 3980 justitia
1994 3933 2106 3974 non
2135 3917 2443 3988 potuissent
2487 3914 2763 3983 resistere,
2814 3929 2999 3989 regem
3057 3914 3113 3968 in
3165 3913 3348 3989 fugam
3381 3928 3615 3984 compu-

270 4007 666 4062 miserabiliter
705 4014 918 4078 captus,
969 4007 1063 4062 Dei
1107 4005 1895 4062 misericordiamiserabiliter
1997 4013 2213 4077 lerunt;
2257 4011 2412 4066 multi
2443 4017 2626 4066 autem
2658 4011 2726 4065 de
2755 4011 2870 4066 suis
2921 4009 3065 4082 capti
3096 4015 3246 4064 sunt,
3307 4008 3509 4080 Captus
3533 4017 3618 4064 est

277 4099 546 4154 liberatus
570 4107 652 4154 est
681 4101 814 4166 (Nor
839 4103 875 4170 ).
934 4099 1132 4154 Fuerat
1161 4107 1346 4154 autem
1389 4098 1664 4153 Robertus
1702 4105 1896 4169 captus
1995 4107 2158 4161 etiam
2203 4105 2523 4160 Wiuermus
2557 4103 2743 4159 Marte]
2796 4103 3012 4174 dapifcr
3058 4103 3222 4176 regis,
3255 4101 3350 4173 qui
3409 4118 3509 4173 pro
3543 4116 3622 4156 re-

279 4187 338 4242 in
379 4188 468 4242 die
509 4187 856 4244 exaltationis
907 4197 1096 4242 sancte
1141 4188 1340 4243 crucis.
1385 4187 1590 4242 Eodem
1635 4203 1782 4242 anno
1839 4187 1896 4240 in

2004 4198 2324 4268 demptione
2380 4213 2480 4252 sua
2530 4197 2686 4252 dedit
2723 4195 2939 4269 insigne
2992 4194 3277 4250 castellum
3323 4193 3392 4248 de
3450 4194 3623 4250 Sires-

281 4275 493 4332 οοῑῖινίδ
531 4275 1062 4391 Ιέδδθξὶθιθρίεοθρυε
1089 4275 1744 4330 Ῑιυκονίθηδίελοιιθηηεδ
1773 4275 1903 4328 SUb'
1932 4326 1981 4391 Β
2004 4292 2202 4347 burna.
2234 4291 2434 4347 Eodem
2477 4306 2626 4346 anno
2655 4305 2748 4346 rex
2787 4288 3008 4344 obsedit
3037 4287 3442 4358 imperatricem
3473 4289 3617 4357 apud

286 4369 418 4391 .1212.
447 4384 503 4391 ...ι
584 4384 646 4391 ι.--
681 4367 796 4391 ..ξηιλ
833 4367 1012 4391 ..Α-Αἶιέ
1053 4367 1424 4391 Δ..,1-,..,.--,...,-ἷ
1487 4375 1532 4391 ..ιι
1569 4367 1804 4391 -ΑΔΛΖᾹΞι
1856 4366 1902 4391 ΑΞ
2014 4381 2041 4391 Α
2089 4381 2100 4390 ι
2189 4380 2208 4391 ιι
2287 4379 2301 4391 ι
2478 4388 2486 4391 _
2526 4378 2547 4391 η
2612 4385 2621 4391 .
2909 4377 2940 4391 ,ο
2999 4375 3065 4391 ιιι
3107 4375 3119 4391 ι
3213 4373 3268 4391 ιον
3367 4390 3370 4391 ,
3607 4375 3617 4391 I

281 4369 423 4423 didit
447 4384 506 4422 se
537 4367 800 4422 Gaufrido
829 4367 1015 4422 comiti
1041 4367 1451 4441 Andcgavensi,
1485 4375 1537 4420 et
1569 4367 1809 4422 reddidit
1853 4366 1903 4420 ei

283 4465 564 4520 civitatem
609 4480 774 4534 quam
823 4464 1149 4535 aliquandiu
1209 4470 1401 4519 contra
1456 4479 1581 4518 cum
1636 4467 1904 4518 tenuerat.

284 4551 500 4607 Subditi
548 4560 676 4606 sunt
714 4552 878 4607 etiam
919 4552 970 4606 ei
1025 4567 1218 4606 omnes
1257 4558 1515 4622 potentes
1557 4549 1910 4606 Luxoviensis

284 4644 598 4700 comitatus.
626 4643 776 4698 Circa
807 4651 1172 4714 pentecosten
1202 4643 1342 4698 obiit
1385 4643 1666 4714 prodictus
1693 4643 1906 4696 Johan-

289 4753 390 4792 nes
417 4736 729 4807 episcopus.
769 4735 862 4791 llic
893 4735 1122 4790 multum
1156 4735 1532 4806 epiSCOpalem
1558 4733 1750 4788 sedem
1785 4732 1908 4786 edi-

289 4825 432 4880 ficiis
461 4832 514 4880 et
543 4824 886 4880 ornamentis
923 4825 1183 4880 accrevit.
1241 4824 1442 4880 Urbem
1475 4839 1716 4896 quoque,
1751 4822 1908 4893 cujus

287 4933 476 4973 muros
504 4917 834 4971 liumbertus
864 4916 1162 4986 episcopus
1195 4925 1417 4988 propter
1457 4915 1750 4971 ecclesiam
1783 4914 1907 4968 edi-

288 5009 561 5065 licandam
591 5009 950 5072 destruxerat,
984 5008 1242 5062 menibus
1267 5007 1513 5063 ambivit.
1548 5006 1823 5062 Successit
1851 5006 1901 5060 ei

2008 4379 2327 4448 Oxineford,
2369 4388 2494 4450 post
2525 4378 2722 4433 festum
2767 4377 2944 4431 sancti
2999 4373 3298 4438 Michaelis,
3341 4390 3520 4445 usque
3554 4375 3622 4428 ad

2009 4472 2305 4528 adventum
2337 4471 2574 4525 Domini.
2619 4469 2677 4524 ln
2709 4485 2774 4524 eo
2817 4468 3024 4540 quippe
3058 4465 3291 4520 termino
3318 4466 3464 4520 haud
3497 4481 3626 4536 pro-

2009 4562 2097 4616 cul
2129 4577 2160 4615 a
2214 4559 2384 4614 natali
2423 4559 2648 4615 recessit
2688 4557 2813 4612 inde
2846 4555 3157 4626 imperatrix
3199 4561 3360 4609 nocte
3393 4571 3492 4625 per
3518 4555 3622 4610 Ta-

2010 4650 2201 4705 masim
2225 4645 2960 4723 glaciatam,circumamicta
2980 4643 3228 4700 vestibus
3260 4645 3624 4712 albis,rever-

2007 4739 2293 4794 beratione
2340 4737 2481 4792 nivis
2536 4743 2591 4790 et
2647 4733 3011 4789 similitudine
3070 4733 3390 4788 fallentibus
3430 4735 3622 4792 oculos

2008 4827 2405 4886 obsidentium.
2453 4825 2600 4880 Abiit
2646 4833 2828 4879 autem
2885 4822 3256 4898 Warengum;
3289 4831 3344 4878 et
3391 4825 3470 4880 sic
3501 4823 3626 4878 Oxi—

2012 4920 2202 4976 neford
2235 4919 2454 4974 tandem
2487 4917 2603 4990 regi
2635 4915 2849 4970 reddita
2883 4922 2984 4971 est.
3033 4915 3178 4971 Obiit
3209 4915 3492 4971 Iohannes
3521 4915 3627 4968 im-

2005 5015 2223 5080 perator
2250 5005 2902 5077 ConstantinOpolitanus,
2941 5021 3063 5060 cum
3105 5005 3270 5059 nimis
3296 5003 3614 5058 intenderet

292 5103 552 5159 Arnulfus
602 5119 776 5174 nepos
815 5102 954 5171 ejus,
1009 5102 1292 5176 Sagiensis
1338 5102 1782 5166 archidiaconus,
1829 5100 1914 5157 vir
2015 5116 2200 5156 arcum
2224 5115 2344 5155 cum
2376 5098 2572 5171 sagitta
2594 5096 2848 5163 toxicata,
2868 5097 3008 5152 adeo
3034 5103 3093 5151 ut
3123 5096 3176 5150 in
3204 5111 3370 5149 manu
3398 5093 3636 5150 letaliter

293 5198 594 5252 admodum
643 5195 893 5263 callidus,
927 5195 1218 5267 eloquens,
1265 5197 1556 5252 litteratus.
1591 5195 1914 5250 Waleranus
2015 5188 2412 5244 vulneraretur.
2451 5185 2546 5241 Cui
2566 5187 2834 5242 successit
2864 5185 3126 5240 Emanuel
3158 5183 3304 5238 filius
3325 5181 3464 5251 ejus.

293 5304 484 5358 comes
513 5287 754 5354 Mellent,
786 5288 882 5360 qui
913 5289 1170 5344 omnibus
1223 5288 1554 5344 Normannic
1585 5286 1916 5358 primatibus
2089 5284 2225 5340 1142
2284 5280 2487 5354 [1143.]
2531 5280 2587 5336 5.
2876 5281 2930 5335 5.
3222 5278 3278 5333 7.

293 5387 352 5434 et
379 5377 732 5433 lirmitatibus
761 5386 818 5435 et
857 5378 1164 5433 redditibus
1204 5385 1260 5433 et
1303 5377 1566 5434 affinibus
1609 5377 1910 5448 prestabat,
2087 5372 2231 5428 Obiit
2259 5370 2527 5426 Ricardus
2559 5369 2876 5440 Bajoccnsis
2916 5368 3241 5440 episcopus;
3293 5365 3380 5420 cui
3411 5379 3637 5421 succes-

373 5547 555 5620 (592*)
596 5548 826 5621 Aulnay’
863 5551 1006 5608 inter
1036 5551 1180 5607 cae“
1223 5559 1277 5606 et
1310 5550 1459 5606 Vim.
1869 5472 2079 5528 ΝΟΤᾹι.

634 5652 928 5715 ΡΑΤΡιοῑι.
981 5653 1179 5716 CLX.

3128 5641 3203 5702 15
