3930 6068
337 154 444 209 459

484 300 835 344 ROMANORUM.
986 296 1332 336 FRANCORUM.
1483 296 1787 336 ANGLORUM.

339 381 410 435 sit
458 378 748 448 Philippus
806 375 875 427 de
917 372 1214 427 Harieuria.
1283 372 1427 426 Obiit
1479 372 1639 425 etiam
1694 371 1957 425 lticardus

343 468 694 524 Abrineensis
713 465 1028 535 episc0pus,
1049 471 1104 518 et
1130 463 1393 517 successit
1414 463 1677 517 Ricardus
1706 463 1953 532 ejusdem

342 558 575 614 ecclesie
602 557 864 611 decanus.
899 555 1100 610 Eodem
1136 569 1280 609 anno
1318 568 1503 608 comes
1546 553 1955 626 Andcgavensis

341 650 565 706 obsedit
592 648 1065 721 Cesarisburgum,
1093 648 1272 701 donec
1301 648 1349 701 ei
1381 646 1719 700 redderetur.
1750 645 1953 699 Reddi-

341 750 452 797 tum
474 751 561 797 est
578 742 742 797 etiam
765 741 1105 807 Vernolium,
1134 747 1188 793 et
1213 739 1373 793 vallis
1391 737 1629 792 llodulii.
1662 737 1951 791 Gauterius

340 834 505 888 etiam
563 833 815 888 Gifardus
872 847 1079 899 comes,
1111 838 1165 885 et
1214 831 1305 884 alii
1358 830 1691 894 Caletenses,
1759 845 1947 899 pacem

338 926 458 994 ejus
479 925 665 995 adepti
693 931 840 980 sunt.
876 925 1060 978 Mense
1092 921 1406 993 Septembri
1427 921 1620 976 eodem
1646 936 1792 974 anno
1817 920 1953 974 obiit

341 1015 697 1071 Innocentius
730 1030 871 1085 papa
925 1016 1083 1081 (Sept.
1126 1011 1239 1077 24),
1275 1019 1330 1065 et
1384 1009 1649 1064 successit
1677 1008 1852 1064 Guido
1883 1009 1951 1064 de

340 1107 594 1171 Castello,
626 1116 813 1161 sancte
843 1106 911 1139 ⁵⁸⁸
944 1105 1189 1159 Romane
1216 1102 1454 1157 ecclesie
1491 1102 1805 1167 cardinalis,
1855 1116 1953 1156 vo-

337 1183 599 1271 catusque
626 1206 708 1254 est
734 1198 1057 1262 Celestinus,
1106 1213 1247 1267 papa
1281 1196 1461 1250 159118.
1512 1195 1665 1249 Sedit
1704 1201 1884 1249 autem
1915 1195 1950 1248 5

338 1309 561 1349 menses
590 1299 643 1347 et
689 1293 724 1345 ὅ
768 1291 887 1345 dies
914 1290 1086 1360 (593).
1145 1288 1339 1359 (llum.
1394 1288 1533 1357 vm.)
1574 1288 1681 1341 Rex
1724 1286 1956 1356 Stepha-

341 1402 446 1440 nus
473 1383 722 1439 interl'uit
750 1381 987 1438 concilio
1027 1380 1311 1434 Londonie
1350 1380 1405 1433 in
1439 1379 1620 1433 media
1647 1379 1955 1451 quadrage-

340 1474 499 1535 sima,
532 1472 700 1543 quod,
734 1472 864 1541 quia
912 1470 1097 1523 nullus
1131 1471 1309 1523 honor
1358 1468 1445 1522 vel
1493 1467 1706 1524 clericis
1744 1467 1830 1523 vel
1862 1483 1956 1521 ec-

1547 147 1886 202 SIUEBERTI
1937 144 2446 200 GEMBLACENSIS.

3559 143 3664 199 469

1974 286 2026 351 Α
2056 274 2230 330 fectus
2293 281 2394 342 est,
2446 279 2498 329 et
2566 273 3070 329 exeommunicatus
3127 280 3301 330 morte
3355 274 3669 345 depascitur

2056 376 2264 423 eterna.
2299 368 2563 423 Similiter
2592 367 2887 422 Gaufridus
2927 369 3120 423 consul
3165 369 3308 423 inter
3357 369 3507 424 acies
3540 385 3673 424 suo-

2056 477 2174 514 rum
2206 460 2478 516 confertas
2516 476 2547 512 a
2584 458 2823 529 quodam
2863 458 3051 527 pedite
3092 457 3361 515 vilissimo
3401 460 3552 515 solus
3578 476 3671 514 sa-

2055 554 2191 624 gitta
2214 568 2510 623 percussus
2548 557 2653 618 est,
2683 558 2736 606 et
2780 551 2898 622 ipse
2927 552 3126 607 vulnus
3150 551 3358 619 ridens,
3392 562 3514 624 post
3550 554 3672 608 dies

2055 654 2238 702 tamen
2278 663 2344 700 ex
2396 647 2519 716 ipso
2566 645 2794 701 vulnere
2833 645 3336 701 excommunicatus
3391 647 3669 702 occubuit.

2055 735 2188 789 Ecce
2243 735 2333 789 Dei
2388 734 2682 788 laudabilis
2735 733 2995 789 omnibus
3055 733 3263 789 sanctis
3335 735 3672 805 predicanda

2047 823 2293 889 ejusdem
2325 822 2551 877 sceleris
2590 822 2785 877 eadem
2819 822 3083 877 vindicta.
3118 823 3255 877 Dum
3290 831 3475 878 autem
3498 826 3673 879 eccle—

2054 909 2135 964 sia
2180 910 2269 963 illa
2313 926 2409 980 pro
2452 909 2675 965 castello
2717 916 3019 973 teneretur,
3077 909 3331 964 ebullivit
3383 912 3607 985 sanguis
3642 928 3673 965 a

2054 1000 2354 1069 parietibus
2378 1000 2615 1055 ecclesie
2641 1000 2951 1067 etclaustri,
2969 1000 3408 1075 indignationem
3429 1001 3671 1056 divinam

2052 1091 2450 1150 manifestans.
2496 1091 2890 1146 sceleratorum
2958 1107 3088 1147 vero
3154 1092 3673 1148 exterminationem

2049 1184 2401 1240 denuntians.
2450 1184 2706 1239 Arnulfus
2743 1199 2874 1240 vero
2926 1182 3074 1239 ﬁlius
3118 1184 3381 1252 consulis,
3412 1185 3506 1256 qui
3548 1194 3675 1256 post

2057 1280 2285 1328 mortem
2333 1273 2502 1343 patris
2537 1272 2826 1328 ecclesiam
2885 1273 2942 1327 in
2994 1274 3220 1328 castella
3251 1273 3545 1341 retinebat,
3581 1290 3674 1328 ca-

2058 1368 2181 1430 ptus
2225 1367 2309 1415 est
2347 1366 2403 1415 et
2446 1360 2711 1416 exulatus.
2765 1359 3028 1431 Princeps
3082 1368 3265 1416 autem
3322 1362 3555 1416 militum
3599 1363 3669 1415 ab

2056 1464 2201 1519 equo
2246 1464 2510 1504 corruens
2549 1447 2722 1504 eﬂ‘uso
2787 1449 3015 1505 cerebro
3055 1451 3339 1521 expiravit.
3401 1451 3667 1522 Princeps

340 1562 507 1616 clesie
541 1542 635 1614 Dei
661 1577 691 1614 a
719 1558 1037 1629 raptoribus
1095 1556 1466 1621 deferebatur,
1500 1564 1557 1611 et
1604 1572 1746 1627 eque
1774 1555 1955 1626 capie-
1982 1588 2029 1656 Β
2058 1542 2304 1656 Peditum
2334 1542 2644 1656 Ῑῖῗίηθτίῑιει
2669 1542 2867 1597 εοιίῐυε
2898 1542 3162 1645 θοαιξέείθε
3211 1544 3464 1647 frangere
3495 1548 3679 1656 elui}?-

340 1652 543 1706 bantur
571 1660 625 1706 et
664 1649 1074 1705 redimebantur
1103 1648 1285 1703 clerici
1325 1648 1378 1702 et
1424 1647 1570 1713 laici,
1621 1648 1798 1702 tenuit
1827 1647 1957 1701 Vin-

339 1741 612 1796 toniensis
667 1740 983 1810 episcopus,
1059 1736 1215 1791 urbis
1292 1737 1461 1791 Bome
1533 1737 1768 1808 legatus,
1809 1735 1954 1806 apud

340 1830 702 1893 Londoniam,
747 1827 962 1883 clericis
995 1842 1090 1897 pro
1151 1834 1397 1896 tempore
1455 1825 1865 1889 necessarium;
1897 1824 1953 1878 in

340 1933 449 1988 quo
500 1916 770 1971 sancitum
811 1922 916 1979 est,
973 1929 1041 1968 ne
1080 1911 1304 1982 aliquis,
1362 1910 1457 1982 qui
1518 1910 1717 1966 clerico
1759 1928 1953 1966 manus

336 2008 609 2063 violenter
634 2006 945 2081 ingesserit,
980 2004 1049 2059 ab
1082 2004 1188 2058 alio
1220 2001 1394 2073 possit
1419 2001 1651 2069 absolvi,
1687 2018 1850 2073 quam
1883 2001 1951 2056 ab

337 2099 458 2169 ipso
498 2114 659 2169 papa,
689 2104 744 2152 et
776 2098 831 2151 in
865 2096 1142 2167 presentia
1181 2095 1376 2165 ipsius.
1413 2094 1568 2148 Unde
1606 2092 1821 2148 clericis
1851 2094 1952 2147 ali-

337 2190 660 2261 quantulum
715 2188 1030 2244 serenitatis
1088 2188 1177 2243 vix
1232 2186 1424 2240 illuxit.
1484 2186 1802 2256 Stephanus
1850 2201 1948 2241 rex

335 2279 531 2334 eodem
563 2293 707 2333 anno
751 2277 1067 2332 Gaufridum
1099 2276 1167 2329 de
1206 2274 1533 2349 Magnavilla
1583 2274 1637 2328 in
1673 2276 1822 2329 curia
1852 2290 1951 2329 sua

336 2365 644 2437 cepitapud
665 2365 923 2420 Sanctum
957 2365 1244 2418 Albanum.
1280 2362 1454 2436 Igitur
1481 2369 1541 2417 ut
1566 2378 1659 2416 rex
1690 2360 1953 2417 liberaret

337 2471 488 2518 eum,
540 2453 785 2508 reddidit
813 2453 861 2507 ei
918 2452 1104 2506 turrim
1155 2450 1436 2505 Londonie
1472 2457 1527 2503 et
1555 2448 1834 2503 castellum
1882 2448 1952 2502 de

338 2545 673 2599 Walendene
695 2549 749 2598 et
773 2543 910 2597 illud
939 2543 1007 2596 de
1030 2541 1320 2597 Plaiseith.
1352 2541 1451 2605 Qui
1486 2556 1681 2595 carens
1725 2554 1950 2609 posses-

337 2635 608 2701 sionibus,
645 2634 843 2689 invasit
894 2632 1168 2687 abbatiam
1212 2632 1622 2694 Ramesensem,
1676 2637 1731 2684 et
1767 2645 1954 2684 mona-

338 2724 455 2780 chis
481 2723 725 2795 expulsis
756 2729 1006 2793 raptores
1037 2719 1279 2773 immisit.
1336 2719 1460 2773 Erat
1504 2725 1685 2773 autem
1738 2734 1953 2773 summe

337 2814 649 2885 probitatis,
678 2813 773 2868 sed
799 2812 1024 2883 majoris
1058 2811 1112 2864 in
1145 2811 1314 2864 Deum
1357 2809 1762 2864 obstinationis.
1796 2809 1952 2864 Win-

340 2908 607 2964 toniensis
656 2908 974 2979 episcopus,
1004 2913 1058 2961 et
1103 2913 1291 2976 postea
1323 2903 1728 2958 Cantuariensis
1762 2904 1946 2959 archi-

334 3096 549 3143 mortuo
573 3088 687 3157 jam
732 3086 1053 3142 Innocentio
1088 3101 1248 3156 papa.
1282 3084 1525 3139 Decessit
1557 3084 1644 3154 pie
1675 3084 1945 3139 memorie

334 3177 486 3249 Hugo
525 3176 826 3231 canonicus
867 3175 1048 3230 Sancti
1099 3173 1328 3228 Victoris
1385 3172 1643 3239 Parisius,
1696 3173 1780 3226 vir
1818 3172 1945 3228 reli-

330 3268 537 3341 giosus,
571 3274 625 3322 et
654 3267 948 3322 admodum
982 3272 1091 3320 tam
1142 3264 1485 3320 secularibus
1539 3280 1702 3336 quam
1744 3265 1946 3319 divinis

332 3358 503 3413 literis
531 3358 811 3421 eruditus;
850 3357 1171 3428 relinquens
1197 3356 1399 3412 multos
1445 3356 1614 3411 libros
1651 3356 1706 3410 in
1734 3370 1941 3411 monu-

331 3458 520 3506 mento
544 3466 642 3505 sue
662 3451 892 3506 scientie
929 3451 1017 3502 ⁵⁸9.

399 3540 553 3597 1143.
602 3540 800 3611 [1144]
877 3540 1150 3595 Conradus
1188 3540 1240 3601 6,

897 3634 1197 3701 Stephanus
1239 3631 1291 3687 8.

400 3720 589 3790 (Hum.
624 3723 757 3787 vm.)
815 3720 1128 3790 Stephanus
1206 3735 1298 3773 rex
1352 3718 1645 3773 Lincoliam
1697 3717 1937 3783 obsedit,

326 3811 424 3867 ubi
445 3828 570 3866 cum
593 3811 958 3866 munitionem
985 3817 1175 3865 contra
1204 3809 1511 3873 castellum,
1539 3808 1685 3880 quod
1715 3809 1764 3861 vi
1789 3808 1937 3863 obti-

327 3903 513 3968 nebat,
571 3904 765 3958 consul
825 3901 1129 3955 Cestrensis
1175 3907 1543 3965 construeret,
1584 3900 1820 3970 operarii
1853 3899 1935 3953 sui

324 3991 392 4046 ab
424 3991 639 4046 ostibus
670 3989 935 4060 prefocati
997 3997 1123 4043 sunt
1157 3989 1269 4043 fere
1308 3989 1587 4064 octoginta
1660 3989 1735 4042 Re
1773 3988 1938 4059 igitur

326 4087 666 4157 imperfecta,
700 4102 793 4139 rex
819 4084 1082 4139 confusus
1111 4084 1397 4146 abscessit,
1455 4082 1749 4137 Gaufridus
1797 4098 1934 4137 con-

325 4178 409 4232 sul
441 4178 510 4232 de
541 4177 861 4250 Magnavilla
893 4192 1074 4249 regem
1107 4174 1447 4229 validissime
1484 4175 1715 4239 vexavit,
1771 4180 1826 4228 et
1875 4174 1929 4228 in

323 4266 586 4322 omnibus
612 4265 769 4320 valde
800 4264 1071 4339 gloriosus
1110 4263 1332 4318 effulsit.
1388 4264 1571 4317 Mense
1599 4272 1780 4317 autem
1815 4264 1930 4317 Au-

322 4356 467 4430 gusti
498 4352 1075 4421 miraculum,justitia
1128 4368 1229 4406 sua
1260 4351 1511 4425 dignum,
1542 4351 1637 4405 Dei
1669 4351 1934 4421 splendor

322 4447 589 4503 exhibuit.
627 4448 768 4501 Duos
816 4461 1076 4516 namque,
1103 4445 1198 4516 qui
1250 4444 1536 4499 monachis
1567 4443 1789 4509 avulsis,
1840 4459 1931 4499 ec-

321 4541 517 4596 clesias
551 4541 643 4595 Dei
682 4546 1066 4596 converterant
1096 4540 1153 4593 in
1203 4538 1450 4601 castella,
1512 4537 1769 4591 similiter
1799 4552 1927 4606 pec-

322 4639 510 4686 cantes
534 4632 699 4686 simili
729 4648 871 4702 pena
900 4631 1168 4687 multavit.
1206 4630 1473 4685 Robertus
1503 4644 1740 4700 namque
1789 4628 1929 4682 Mar-

322 4721 515 4789 mium,
547 4723 629 4777 vir
653 4721 971 4787 bellicosus,
1010 4724 1116 4777 hoc
1146 4722 1202 4776 in
1244 4720 1479 4777 ecclesia
1523 4720 1591 4774 de
1625 4719 1931 4775 Conventre

320 4827 616 4883 perversus
640 4820 915 4884 exegerat.
941 4813 1109 4868 Porro
1145 4813 1436 4867 Gaufridus
1467 4813 1521 4865 in
1550 4810 1787 4866 ecclesia
1817 4810 1929 4865 Ra-

320 4901 583 4967 mesensi,
635 4909 694 4955 ut
750 4901 1007 4967 diximus,
1048 4901 1231 4956 scelus
1280 4902 1424 4956 idem
1467 4907 1792 4970 patraverat.
1850 4900 1929 4953 ln-

320 5010 555 5070 surgens
576 4977 742 5068 igitur
781 4993 1053 5049 Robertus
1090 4992 1377 5048 Marmium
1428 4992 1483 5046 in
1540 4993 1744 5056 hostes,
1788 4990 1931 5045 inter

319 5089 541 5147 suor'um
572 5105 779 5146 cuneos
806 5104 989 5145 coram
1031 5090 1152 5160 ipso
1183 5088 1521 5144 monasterio
1559 5088 1710 5144 solus
1761 5088 1928 5142 inter-

1392 3539 1681 3594 Ludovicus
1720 3537 1771 3593 6.

2057 1633 2321 1698 cendere,
2373 1633 2595 1688 demum
2648 1650 2801 1688 mare
2857 1634 3149 1699 transiens,
3193 1636 3347 1691 navis
3394 1637 3678 1692 inmobilis

2057 1721 2202 1777 facta
2254 1730 2358 1778 est.
2416 1723 2514 1787 Qui
2574 1723 2745 1778 tercio
2804 1729 2952 1779 sorte
3002 1724 3127 1779 data
3189 1734 3244 1780 et
3290 1723 3396 1779 sibi
3461 1725 3676 1793 sortita,

2054 1812 2257 1869 missus
2300 1820 2381 1869 est
2426 1813 2483 1868 in
2522 1815 2728 1885 scapha
2766 1830 2892 1870 cum
2923 1830 3094 1871 uxore
3143 1823 3199 1872 et
3258 1817 3523 1888 pecunia;
3577 1818 3675 1888 qui

2055 1905 2236 1960 statim
2284 1905 2661 1976 deperierunt.
2724 1905 2884 1961 Navis
2941 1922 3072 1963 vero
3115 1916 3175 1962 ut
3237 1914 3398 1963 antea
3454 1917 3680 1980 paccata

2053 1996 2283 2052 suleavit
2314 2012 2541 2068 equora.
2576 1997 2665 2067 (Α.
2709 1999 2884 2064 Roth.)
2915 1997 3206 2053 Gaufridus
3258 2013 3445 2055 comes
3496 2000 3677 2055 Ande-

2053 2087 2328 2162 gavensis,
2365 2093 2701 2161 congregato
2743 2103 2948 2161 magno
2997 2089 3258 2162 exercitu,
3302 2096 3427 2160 post
3474 2088 3674 2145 festum

2052 2160 2226 2233 sancti
2258 2178 2455 2249 Hylarii
2482 2160 2729 2233 itransiit
2778 2160 3089 2250 Sequanam
3131 2160 3276 2251 apud
3308 2180 3589 2247 Vernum;
3623 2189 3681 2238 et

2051 2268 2270 2323 metatis
2306 2268 2499 2323 castris
2528 2269 2674 2339 apud
2726 2269 2977 2329 Sanctam
3019 2270 3336 2326 Trinitatem
3369 2271 3437 2326 de
3472 2281 3664 2328 monte

2054 2362 2404 2434 Rothomagi,
2428 2364 2685 2434 sequenti
2713 2363 2825 2429 die,
2857 2363 3119 2420 videlicet
3142 2364 3196 2418 in
3220 2364 3522 2422 festivitate
3550 2384 3681 2421 san—

2053 2466 2263 2512 ctorum
2321 2457 2540 2512 Fabiani
2575 2466 2631 2512 et
2680 2456 2997 2537 Sebastiani
3066 2459 3216 2531 (Jan.
3270 2461 3380 2532 19),
3429 2470 3689 2533 receptus

2055 2552 2138 2600 est
2164 2560 2195 2599 a
2222 2545 2438 2600 civibus
2480 2546 2810 2619 Rothomagi
2848 2547 3192 2603 sollenniter.
3231 2550 3289 2602 In
3330 2549 3451 2620 ipso
3485 2556 3681 2605 tamen

2054 2637 2428 2703 suointroitu,
2468 2645 2522 2692 et
2550 2653 2648 2708 per
2679 2645 2852 2694 totum
2888 2639 3036 2694 diem
3079 2657 3257 2712 usque
3282 2648 3407 2711 post
3446 2657 3674 2709 nonam,

2055 2723 2158 2779 fuit
2207 2734 2403 2781 ventus
2450 2725 2996 2793 vehementissimus,
3060 2727 3227 2782 silvas
3270 2728 3557 2784 eradicans
3615 2741 3671 2785 et

2054 2815 2248 2870 domos
2281 2822 2634 2885 prosternens
2696 2817 2931 2872 Reddita
2968 2818 3127 2882 urbe,
3164 2819 3422 2875 homines
3451 2822 3675 2876 comitis

2001 2962 2021 2982 Ἰ
2052 2909 2348 2976 Warenne,
2406 2911 2501 2982 qui
2544 2912 2657 2983 regi
2720 2913 2998 2984 Stephano
3036 2912 3317 2980 favebant,
3370 2914 3674 2970 noluerunt

334 2997 647 3069 epiSCOpus,
683 2964 908 3052 ilomain
958 2964 1238 3066 petierunt
1291 2995 1358 3047 de
1416 2993 1692 3067 legatione
1749 2993 1942 3059 acturi,
1975 2964 2023 3030 (λ

2051 3007 2253 3056 turrem
2286 3002 2541 3058 reddere.
2573 3002 2799 3058 Obsedit
2822 3020 2953 3077 ergo
2995 3021 3114 3059 eam
3157 3021 3344 3060 comes
3384 3005 3679 3061 Gaufridus

2047 3103 2102 3148 et
2132 3093 2432 3149 Galeranus
2462 3110 2648 3150 comes
2678 3096 2916 3163 Mellent,
2947 3104 3002 3151 et
3029 3097 3197 3152 ceteri
3220 3097 3507 3169 principes
3542 3099 3677 3153 Nor-

2047 3191 2288 3256 mannie,
2341 3189 2435 3260 qui
2470 3189 2582 3258 jam
2616 3207 2735 3245 cum
2794 3190 2932 3247 duce
2975 3192 3296 3248 concordati
3336 3203 3512 3248 erant.
3560 3193 3669 3248 Fa-

2047 3283 2146 3335 ctis
2178 3281 2345 3354 igitur
2388 3282 2661 3338 machinis
2710 3284 2916 3351 multis,
2953 3300 3065 3340 non
3097 3292 3401 3356 potuerunt
3430 3302 3548 3341 eam
3581 3302 3673 3341 ex-

2046 3391 2293 3447 pugnare
2325 3383 2551 3446 propter
2602 3376 2765 3431 situm
2799 3377 2904 3432 loci
2952 3385 3007 3433 et
3034 3378 3208 3448 ipsius
3262 3378 3407 3433 arcis
3447 3378 3668 3434 fortitu-

2045 3463 2251 3519 dinem.
2285 3465 2343 3518 ln
2377 3464 2467 3519 illa
2488 3465 2779 3521 obsidione
2808 3473 3057 3522 mortuus
3082 3474 3166 3522 est
3185 3483 3372 3523 comes
3391 3468 3667 3523 Perticen-

2044 3553 2118 3607 sis
2148 3535 2442 3621 Rotrodus,
2475 3554 2795 3626 relinquens
2816 3556 2956 3612 duos
2987 3554 3132 3612 ﬁlios
3159 3558 3440 3627 parvulos,
3474 3556 3667 3611 Retro-

2041 3644 2171 3700 dum
2197 3653 2250 3700 et
2275 3646 2591 3701 Gaufridum
2624 3648 2784 3716 (594).
2832 3648 3064 3703 Uxorem
3113 3664 3244 3704 vero
3285 3664 3436 3704 suam
3472 3655 3662 3719 postea

2041 3734 2348 3790 Ludovicus
2393 3751 2487 3789 rex
2538 3735 2846 3791 francorum
2887 3736 3043 3791 dedit
3072 3736 3313 3793 Roberto
3344 3735 3496 3791 fratri
3534 3751 3655 3791 suo.

2038 3822 2278 3878 Tandem
2342 3824 2637 3880 deﬁciente
2693 3825 2955 3881 alimonia
3016 3826 3158 3881 intra
3225 3842 3406 3882 arcem
3462 3825 3663 3881 Rotho-

2039 3913 2181 3985 magi
2237 3913 2470 3980 obsessi,
2513 3915 2875 3969 reddiderunt
2904 3932 2964 3969 se
3012 3921 3067 3970 et
3121 3922 3349 3983 turrem,
3399 3914 3656 3971 videlicet

2036 4005 2295 4062 Gaufrido
2339 4014 2499 4063 antea
2556 4008 2936 4082 Andegavensi
3008 4008 3215 4072 comiti,
3275 4009 3389 4080 jam
3450 4008 3653 4064 exinde

2036 4098 2473 4154 Normannorum
2530 4099 2657 4154 duci
2730 4102 2885 4155 Anno
2936 4100 3201 4171 preterito
3239 4100 3478 4171 quedam
3532 4115 3655 4171 pars

2035 4187 2282 4256 ejusdem
2319 4188 2482 4242 turris
2514 4198 2814 4254 corruerat,
2865 4205 2930 4243 ex
2961 4204 3026 4243 ea
3058 4196 3210 4259 parte
3240 4189 3521 4254 videlicet,
3558 4204 3656 4258 per

2035 4290 2196 4345 quam
2231 4275 2339 4329 dux
2380 4274 2675 4330 Gaufridus
2703 4276 2893 4329 urbem
2925 4276 3240 4344 intraverat,
3273 4291 3398 4332 cum
3433 4277 3484 4331 ei
3530 4276 3656 4330 red-

2034 4366 2146 4420 dita
2190 4374 2293 4432 est,
2328 4375 2383 4421 et
2430 4367 2485 4421 in
2533 4384 2640 4438 qua
2680 4368 2966 4422 machinas
2998 4385 3125 4424 suas
3174 4370 3362 4439 posuit
3410 4369 3478 4423 ad
3530 4384 3657 4424 can-

2033 4454 2157 4507 dem
2184 4454 2374 4508 turrim
2427 4456 2872 4529 expugnandam.
2915 4456 3191 4511 Ordinatis
3221 4457 3388 4531 igitur
3418 4457 3474 4512 in
3505 4468 3653 4511 turre

2033 4550 2088 4595 et
2117 4541 2276 4608 urbe,
2331 4558 2437 4613 que
2470 4544 2782 4597 necessaria
2829 4542 3073 4611 fuerunt,
3147 4545 3257 4599 dux
3306 4545 3543 4617 impiger
3584 4544 3651 4599 ad

2031 4634 2307 4688 anteriora
2352 4649 2411 4688 se
2462 4635 2766 4689 extendens
2814 4644 3148 4710 congregato
3186 4636 3428 4692 maximo
3479 4652 3651 4708 eque-

2031 4721 2126 4776 stri
2183 4723 2449 4787 exercitu,
2497 4738 2605 4777 non
2631 4722 2808 4777 solum
2840 4739 3090 4792 suorum,
3135 4726 3233 4780 sed
3289 4724 3455 4780 etiam
3510 4724 3647 4779 ami-

2032 4828 2218 4868 corum
2259 4823 2315 4867 et
2340 4812 2689 4869 dominorum
2722 4843 2787 4854 -
2818 4822 3045 4870 venerat
3101 4816 3249 4871 enim
3279 4831 3466 4872 comes
3496 4816 3647 4870 Flau-

2031 4904 2250 4959 drensis
2277 4906 2520 4961 sororius
2567 4906 2707 4973 ejus,
2739 4922 2863 4962 cum
2892 4908 3034 4963 1400
3077 4909 3388 4981 equitibus;
3421 4915 3650 4963 venerat

2031 5005 2085 5053 et
2123 4998 2430 5054 Ludovicus
2480 5015 2571 5054 rex
2615 5000 2947 5057 Francorum
2993 5017 3117 5057 cum
3175 5002 3350 5073 copiis
3410 5001 3549 5064 suis,
3578 5031 3649 5042 ~—

2029 5101 2284 5156 agressus
2336 5094 2419 5140 est
2448 5101 2765 5159 expugnare
2794 5090 3078 5144 castellum
3127 5090 3454 5156 Drincurtis,
3498 5090 3646 5161 quod

1656 5187 1876 5242 VARIAS
1915 5183 2290 5240 LECTIONES.

391 5280 460 5314 ⁸⁸⁸
481 5287 596 5353 post
626 5283 767 5353 hanc
793 5294 1197 5353 vocemerasu‘gn
1226 5285 1302 5353 est
1329 5276 1512 5353 Marie.
1532 5349 1563 5353 _
1591 5278 1658 5312 55“
1688 5276 1935 5353 Decessit
1961 5310 2030 5319 -—
2057 5280 2292 5353 scientie
2350 5284 2411 5335 z'n
2436 5296 2638 5353 rasura
2679 5283 2748 5353 ab
2796 5284 2909 5338 alia
2936 5300 3131 5353 manu,
3161 5284 3389 5352 fortasse
3416 5286 3644 5341 Roberti.

318 5347 517 5428 Desunt
542 5351 636 5428 77b.
670 5352 761 5428 δέ).
812 5354 905 5420 qui
927 5366 1111 5405 eorum
1140 5351 1245 5404 loco
1276 5349 1498 5428 habent;
1526 5347 1849 5428 Emmanuel
1887 5349 2881 5428 imperatorConstantinopolitanus
2933 5356 3090 5411 duxit
3114 5347 3351 5428 neptem
3412 5354 3645 5413 Conradi

320 5420 668 5491 imperatoris
693 5419 1086 5488 Romanorum,
1119 5435 1361 5499 sororem
1395 5419 1653 5474 videlicet
1692 5419 2093 5493 Friderich—qui
2135 5422 2316 5478 eidem
2349 5419 2912 5480 Conrado—successit.

1876 5518 2087 5575 NOTAE.

391 5587 532 5655 (593)
564 5588 750 5643 Potius
788 5590 874 5646 12.
917 5605 1043 5644 nam
1064 5588 1201 5645 obiit
1227 5588 1315 5644 die
1343 5590 1376 5643 9
1401 5588 1575 5644 Martii
1605 5589 1764 5644 1144.

2058 5590 2204 5660 (594)
2238 5591 2296 5645 Et
2326 5591 2669 5662 Stephanum
2703 5592 2899 5658 BOUQ.
