3930 6068
285 157 385 213 461

421 297 785 338 ROHANORUM.
951 298 1293 339 FRANCOBUM.
1442 299 1750 339 ANGLORUM.

272 373 457 429 adhuc
508 372 774 428 tenebant
823 373 874 429 ei
929 374 1240 429 .‘snstendo
1293 374 1621 445 stipendarii
1680 373 1897 429 comitis

272 464 585 539 warenne;
647 464 742 535 qui
796 464 1049 520 videntes
1105 481 1164 520 se
1196 464 1247 521 ei
1289 482 1399 522 non
1431 482 1591 536 posse
1622 466 1896 533 resistere,

272 552 637 609 reddiderunt
668 552 977 623 predictum
1024 553 1341 621 castellum,
1384 554 1511 610 licet
1534 554 1707 609 inviti.
1746 556 1899 629 Hugo

271 645 437 701 etiam
460 645 531 701 de
553 644 799 701 Gornaco
858 645 1099 700 reddidit
1150 646 1432 701 castellum
1466 645 1535 700 de
1596 646 1797 714 Leons,
1830 647 1895 701 ti~

269 754 432 793 mens
451 753 522 792 ne
563 752 750 815 comes
776 752 998 792 omnem
1052 745 1250 792 terram
1294 754 1447 792 suam
1482 739 1891 794 exterminaret.

269 828 578 886 Pacificatis
619 828 806 900 itaque
863 829 1125 885 omnibus
1172 830 1227 883 in
1262 830 1619 896 Normannia,
1662 841 1894 902 excepto

268 921 499 979 castello
526 922 597 976 de
619 921 830 987 Archis,
874 922 1023 992 quod
1049 920 1369 976 Willermus
1409 922 1711 977 monachus
1733 922 1895 977 Flan-

270 1010 490 1066 drensis
541 1010 721 1065 adhuc
788 1009 1032 1077 tenebat,
1082 1019 1309 1081 pr0pter
1359 1010 1681 1067 fidelitatem
1750 1012 1895 1085 regis

270 1099 560 1171 Stephani,
592 1099 721 1154 licet
746 1098 1001 1153 homines
1023 1097 1181 1153 ducis
1205 1098 1452 1154 Gaufridi
1494 1099 1627 1154 illud
1653 1099 1774 1153 sine
1807 1100 1895 1153 in-

265 1187 619 1243 termissione
649 1185 994 1251 obsiderent,
1067 1185 1354 1241 redierunt
1399 1185 1604 1258 quique
1664 1187 1718 1241 in
1773 1203 1893 1243 sua.

266 1276 416 1332 Obiit
444 1276 725 1331 Johannes
754 1274 1084 1331 Salariensis
1123 1274 1419 1346 episcopus
1452 1293 1466 1341 ;
1500 1275 1588 1330 cui
1620 1276 1889 1330 successit

267 1368 531 1423 Girardus
561 1367 863 1423 canonicus
909 1365 1160 1436 ejusdem
1219 1365 1477 1432 ecclesie,
1509 1366 1592 1420 vir
1609 1365 1889 1435 joeundus

1157 156 1501 212 CHRONICA.
1546 187 1611 195 —
1654 156 2029 210 AUCTARIUM
2073 155 2353 211 ROBERTI
2396 155 2479 209 DE
2517 154 2758 211 MONTE.

1922 287 1977 355 Α
2002 290 2192 339 notum
2217 299 2403 339 carros
2427 283 2703 355 lapidibus
2732 290 2960 339 onustos
2992 290 3047 339 et
3069 284 3255 360 lignis,
3292 301 3530 351 annona,
3564 296 3620 345 et

3508 160 3614 215 462

2000 372 2168 427 rebus
2208 372 2352 440 aliis,
2385 372 2500 427 suis
2535 371 2780 426 humeris
2808 373 3023 427 trahere
3054 374 3123 428 ad
3182 389 3324 445 opus
3349 377 3609 449 CCCIGSIL,

2001 461 2156 529 cujus
2188 466 2366 516 turres
2396 468 2528 516 tunc
2574 459 2800 516 ﬁebant.
2862 462 2976 527 Que
3035 461 3131 534 qui
3165 478 3277 517 non
3306 464 3464 532 vidit,
3501 466 3614 535 jam

1999 552 2201 607 similia
2229 569 2338 608 non
2393 552 2622 608 videbit.
2682 553 2799 608 Non
2856 553 3031 609 solum
3098 554 3197 622 ibi,
3229 555 3327 611 sed
3364 557 3529 613 etiam
3558 558 3616 613 in

1999 650 2112 699 tota
2144 661 2286 715 pene
2317 644 2545 700 Francia
2596 651 2651 699 et
2681 644 3017 700 Normannia
3068 656 3122 701 et
3170 646 3293 701 aliis
3316 648 3506 704 multis
3533 650 3617 706 lo-

1998 732 2099 798 cis,
2130 732 2335 804 ubique
2362 732 2642 787 humilitas
2673 740 2727 787 et
2782 732 3028 796 afﬂictio,
3070 733 3278 806 ubique
3306 736 3613 806 penitentie

1997 826 2337 880 etmalorum
2373 826 2650 893 remissio,
2691 825 2901 897 ubique
2959 826 3140 882 luctus
3194 836 3249 883 et
3300 830 3610 886 contrictio.

1995 913 2225 968 Videres
2271 914 2505 968 feminas
2550 922 2604 969 et
2648 915 2905 970 homines
2958 932 3058 987 per
3115 916 3417 988 profundas
3449 920 3610 989 palu-

1995 1001 2094 1057 des
2107 1003 2345 1073 genibus
2365 1002 2604 1069 trahere,
2627 1003 2957 1059 verberibus
3013 1005 3160 1072 cedi,
3188 1006 3381 1061 crebra
3402 1006 3612 1079 ubique

1995 1094 2261 1149 miracula
2293 1093 2429 1160 ﬁeri,
2477 1095 2826 1150 Deo'cantus
2883 1105 2937 1151 et
2971 1096 3182 1168 jubilos
3230 1099 3406 1156 reddi.
3460 1102 3615 1157 Extat

1997 1182 2144 1237 enim
2179 1183 2248 1238 de
2271 1184 2372 1240 hac
2403 1200 2463 1238 re
2503 1182 2655 1255 prius
2697 1168 2942 1239 inaudita
2972 1185 3215 1261 Hugonis
3238 1188 3473 1259 epistola
3506 1190 3615 1246 Ro-

1989 1270 2365 1343 thomagensis
2402 1272 2803 1344 archiepiscopi
2880 1274 2949 1328 ad
3014 1276 3419 1333 Thcodoricum
3481 1279 3611 1350 epi-

1989 1373 2219 1430 sc0pum
2274 1359 2723 1427 Ambianensem,
2777 1376 2945 1431 super
3011 1362 3112 1419 hac
3155 1379 3210 1418 re
3237 1366 3609 1422 scicitantem.

268 1468 326 1515 et
353 1459 652 1515 admodum
682 1457 960 1513 litteratus
1038 1456 1146 1511 Iste
1207 1455 1487 1511 Iohannes
1516 1471 1629 1510 rem
1663 1455 1886 1530 dignam
1990 1450 2212 1506 Diceres
2246 1451 2593 1523 prophetiam
2663 1453 2877 1523 impleri
2914 1470 2928 1520 ;
2958 1455 3196 1523 Spiritus
3251 1463 3359 1513 vate
3412 1462 3617 1515 eratin

266 1546 538 1603 memoria
593 1553 845 1617 tempore
902 1543 1121 1600 Henrici
1152 1544 1300 1618 regis
1351 1542 1549 1599 eﬁ‘ecit.
1586 1542 1891 1598 Canonicos
1918 1548 2124 1626 Brotis
2156 1548 2372 1611 (Ezech.
2397 1563 2434 1612 ι,
2475 1546 2593 1617 20).
2653 1545 2948 1601 Gaufridus
2987 1548 3096 1603 dux
3138 1557 3361 1620 pontem
3406 1553 3615 1609 Rotho-

265 1639 419 1694 enim
449 1638 729 1694 seculares
792 1653 891 1693 sue
947 1635 1182 1691 ecclesie
1241 1634 1568 1708 regulariter
1597 1642 1652 1690 et
1692 1651 1892 1690 sccun-
1992 1636 2137 1710 magi
2165 1634 2341 1691 reﬁcit
2379 1635 2755 1691 firmissimum
2849 1636 2996 1691 Obiit
3030 1637 3230 1692 Lucius
3262 1656 3404 1709 papa
3424 1656 3615 1696 mense

266 1734 401 1788 dum
441 1734 617 1789 sancti
646 1730 935 1808 Augustini
968 1730 1369 1787 institutionem
1400 1730 1583 1786 vivere
1612 1729 1761 1796 fecit,
1795 1730 1893 1784 ad-
1994 1723 2184 1779 Martio
2212 1725 2390 1796 (Febr.
2418 1725 2548 1793 25);
2579 1726 2667 1781 ευί
2733 1727 3003 1782 ευοεθεείι
3058 1728 3389 1797 BernardUS,
3445 1731 3617 1786 abbas

264 1825 399 1880 ditis
429 1823 667 1880 ofﬁcinis
717 1824 1158 1899 congruentibus
1196 1830 1251 1878 et
1301 1822 1562 1878 claustro.
1598 1822 1709 1878 Hoc
1738 1822 1885 1877 idem

266 1920 551 1975 Iohannes
576 1918 955 1987 Luxoviensis,
988 1918 1295 1974 avunculus
1332 1919 1470 1985 ejus,
1513 1926 1567 1972 et
1593 1916 1887 1972 Gaufridus

267 2008 623 2064 Carnotensis
656 2007 903 2079 episcOpi
935 2014 1209 2078 temptare
1267 2006 1321 2061 in
1349 2007 1464 2061 suis
1492 2006 1743 2061 ecclesiis
1780 2022 1885 2061 vo-

263 2101 539 2166 luerunt;
598 2099 697 2154 sed
756 2098 813 2152 in
867 2099 986 2169 ipso
1043 2105 1243 2153 conatu
1304 2097 1645 2152 defecerunt.
1700 2096 1888 2151 Mense

264 2184 458 2240 Martio
487 2185 626 2241 obiit
685 2186 990 2242 Celestinus
1019 2202 1163 2256 papa
1209 2186 1395 2257 (Mart.
1428 2186 1519 2256 9);
1550 2186 1639 2240 cui
1666 2202 1889 2241 succes-

264 2274 340 2328 sit
370 2273 632 2329 Girardus
670 2274 803 2330 civis
829 2273 1215 2340 Bononiensis,
1270 2273 1575 2329 canonicos
1618 2274 1889 2347 regularis

266 2374 325 2420 et
353 2365 720 2421 cancellarius
750 2366 991 2422 Romane
1022 2365 1260 2421 ecclesie
1321 2372 1376 2420 et
1406 2366 1703 2421 cardinalis
1740 2366 1886 2420 tituli

263 2453 501 2510 ecclesie
527 2461 716 2510 sancte
747 2455 924 2510 crucis
956 2456 1042 2509 vel
1064 2454 1395 2521 Jerusalem,
1420 2456 1566 2526 quod
1599 2455 1744 2509 idem
1765 2463 1848 2510 est
1871 2470 1886 2522 ;

264 2552 496 2602 vocatus
523 2554 713 2618 postea
741 2546 938 2602 Lucius
970 2548 1045 2616 ll,
1089 2563 1231 2618 papa
1276 2547 1457 2614 170M,
1491 2547 1584 2618 qui
1610 2547 1756 2602 sedit
1776 2562 1887 2602 uno

264 2653 441 2694 anno.

338 2730 495 2785 1144.
530 2729 728 2802 [1145]
765 2730 1050 2788 Conradus
1074 2732 1128 2785 7.

711 2840 716 2845 ‘
872 2824 1181 2894 Stephanus
1220 2822 1275 2878 9.

1419 2731 1724 2786 Ludovicus
1757 2732 1808 2785 7.

1992 1815 2314 1871 monasterii
2344 1816 2517 1871 sancti
2570 1817 2860 1886 Anastasii,
2922 1818 3072 1889 quod
3101 1828 3189 1874 est
3233 1828 3383 1875 extra
3424 1836 3615 1877 muros

1990 1903 2180 1971 Rome,
2209 1904 2305 1959 ubi
2336 1904 2696 1960 Innocentius
2722 1921 2886 1977 papa,
2910 1905 3004 1977 qui
3033 1913 3259 1978 quartus
3286 1916 3415 1964 ante
3446 1909 3612 1965 istum

1988 1994 2183 2063 fuerat,
2215 1996 2491 2051 abbatiam
2545 1996 2760 2052 noviter
2806 1996 3011 2052 fecerat
3060 1999 3129 2054 de
3178 2000 3373 2056 ordine
3403 2016 3607 2057 mona-

1988 2092 2217 2147 chorum
2249 2092 2318 2147 de
2350 2090 2606 2158 Cistelth;
2639 2099 2694 2147 et
2750 2093 3062 2149 Bernardus
3102 2095 3276 2150 abbas
3324 2096 3395 2151 de
3427 2095 3610 2151 Clara-

1988 2180 2152 2247 valle,
2183 2181 2406 2252 quando
2438 2181 2568 2236 illuc
2617 2181 2767 2236 misit
2814 2190 3173 2251 conventum,
3221 2184 3368 2238 hunc
3424 2183 3609 2254 prefe-

1990 2283 2139 2330 cerat
2164 2294 2178 2342 ;
2203 2277 2438 2331 maxime
2496 2277 2624 2348 quia
2664 2292 2807 2348 papa
2866 2278 3143 2333 Romanus
3176 2278 3473 2349 aliquando
3503 2296 3606 2333 an-

1989 2371 2207 2436 tequam
2240 2365 2306 2419 ad
2337 2367 2724 2421 monachatum
2757 2367 2862 2422 iste
2888 2367 3121 2435 veniret,
3148 2368 3216 2422 ad
3258 2384 3472 2423 sacrum
3517 2383 3603 2423 or-

1989 2454 2173 2509 dinem
2208 2456 2359 2509 illum
2393 2463 2742 2527 promoverat
2794 2457 2920 2512 Erat
2948 2457 3095 2512 enim
3135 2464 3603 2527 transmontanus,

1990 2555 2180 2619 utpote
2211 2550 2347 2605 civis
2377 2550 2638 2605 Pisensis.
2686 2551 2806 2606 Fuit
2871 2558 3054 2607 autem
3104 2553 3387 2608 ordinatus
3429 2554 3604 2624 prima

1990 2639 2340 2696 hebdomada
2364 2642 2576 2697 mensis
2606 2643 2807 2713 Martii,
2853 2653 2908 2698 et
2937 2653 3161 2700 vocatus
3191 2653 3275 2700 est
3303 2645 3608 2720 Eugenius,

1986 2747 2129 2802 papa
2164 2732 2327 2787 171ιιε
2361 2732 2645 2804 Inceptum
2679 2740 2763 2788 est
2815 2740 2979 2803 caput
2999 2734 3321 2789 monasterii
3357 2735 3606 2790 Beccen-

1985 2822 2065 2876 sis
2092 2822 2328 2878 ecclesie
2358 2822 2541 2894 pridie
2592 2823 2708 2878 Kal.
2752 2824 3001 2898 Augusti,
3063 2832 3324 2896 prcsenta
3366 2826 3456 2897 pie
3491 2842 3610 2882 me-

340 2919 556 2991 (Ηυιψιι.)
587 2919 899 2990 Stephanus
949 2935 1043 2974 rex
1075 2918 1372 2991 Anglorum
1432 2917 1585 2989 prius
1616 2917 1671 2971 in
1713 2932 1884 2992 agen-
1908 2930 1956 2998 ρ
1985 2914 2160 2970 morie
2179 2913 2366 2970 donno
2410 2915 2642 2971 Lotardo
2668 2914 2866 2972 abbate
2888 2915 2977 2970 57°.

264 3010 355 3067 dis
383 3012 527 3067 circa
557 3011 838 3068 discursus
868 3010 1113 3082 Hugonis
1172 3010 1327 3086 Bigot
1389 3017 1691 3081 occupatus
1737 3009 1838 3065 fuit
1867 3029 1882 3078 ;

269 3107 370 3162 sed
402 3107 458 3162 in
488 3114 665 3162 estate
698 3107 969 3163 Robertus
1019 3106 1211 3161 consul
1243 3114 1297 3159 et
1326 3105 1506 3161 omnis
1536 3104 1885 3160 inimicorum

2164 3008 2324 3062 1145.
2349 3007 2526 3079 [1146]
2749 3010 2803 3063 8.
3024 3010 3079 3064 8.
3295 3011 3425 3068 r10.

2060 3096 2248 3163 (Hum.
2281 3097 2421 3168 vm.)
2455 3097 2567 3151 Rex
2623 3096 2938 3167 Stephanus
2986 3113 3244 3170 magnum
3269 3114 3613 3174 congregans

267 3199 537 3272 regalium
588 3204 742 3255 cetus
794 3198 1078 3254 castellum
1117 3204 1536 3254 construxerant
1584 3197 1729 3268 apud
1787 3197 1887 3252 Fc-
1988 3185 2311 3253 exercitum,
2356 3186 2638 3263 castellum
2706 3187 3011 3242 construxit
3060 3187 3509 3261 inexpugnabile,
3537 3188 3614 3242 si-

268 3288 626 3343 rendunum:
668 3287 768 3343 sed
822 3304 916 3343 rex
964 3302 1076 3343 non
1124 3286 1369 3361 segniter
1432 3284 1639 3341 viribus
1681 3284 1888 3341 coactis
1990 3286 2103 3334 tum
2143 3287 2334 3335 contra
2377 3279 2761 3355 Walingefort,
2812 3282 2907 3335 ubi
2976 3281 3488 3337 Rannulfuscomes
3513 3281 3615 3338 Ce-

270 3378 514 3445 advolat,
548 3385 604 3435 et
634 3377 1102 3434 Londoniensium
1147 3376 1448 3432 terribilem
1515 3381 1570 3430 et
1626 3389 1888 3429 numero-
1989 3366 2240 3432 slrensiS.
2268 3367 2380 3436 iam
2407 3367 2520 3443 regi
2544 3368 2841 3423 concordia
2870 3370 3222 3437 coniunctus.
3247 3385 3372 3424 cum
3396 3369 3612 3443 magnis

268 3486 400 3527 sum
430 3470 660 3526 adduxit
691 3469 1011 3526 exercitum.
1067 3467 1393 3523 Assilientes
1412 3467 1579 3542 igitur
1608 3466 1738 3521 totis
1767 3465 1891 3521 die-
1996 3454 2247 3510 ἱηῐθτῖιιίι
2297 3456 2493 3527 copiis.
2549 3457 2760 3512 Dehinc
2807 3473 2937 3513 vero
2992 3459 3185 3513 consul
3219 3458 3338 3529 ipse
3368 3458 3438 3512 ad
3468 3458 3617 3531 regis

271 3561 379 3616 bus
406 3568 667 3629 castrum,
708 3561 842 3616 dum
883 3559 1155 3615 Robertus
1194 3558 1386 3615 consul
1446 3566 1501 3612 et
1539 3556 1781 3612 fautores
1806 3556 1890 3611 sui

1997 3544 2202 3599 curiam
2226 3560 2351 3599 cum
2369 3542 2597 3614 pacificc
2634 3545 2878 3600 venisset
2930 3546 3075 3615 apud
3106 3545 3485 3608 Norbantone,
3516 3561 3611 3601 rex

272 3651 463 3721 copias
488 3650 727 3720 majores
760 3665 870 3706 ηοη
902 3648 1093 3720 procul
1137 3648 1204 3703 ab
1263 3647 1507 3703 exercitu
1539 3645 1686 3719 regis
1716 3660 1892 3716 εχρθ-
1995 3631 2163 3686 nichil
2193 3632 2304 3686 tale
2334 3638 2672 3687 metuentem
2704 3632 2854 3703 cepit
2882 3639 2937 3687 et
2967 3634 3021 3687 in
3052 3648 3328 3688 carcerem
3362 3634 3605 3700 intrusit,

271 3746 525 3806 autem;
566 3738 965 3813 gloriosissima
1018 3737 1315 3809 probitate,
1376 3751 1487 3793 ηοη
1525 3735 1646 3791 sine
1695 3749 1895 3808 magna
1996 3724 2175 3779 donec
2203 3723 2459 3779 redderet
2507 3724 2557 3779 ei
2617 3724 2978 3779 clarissimum
3022 3724 3263 3781 Lincolie
3294 3724 3606 3794 castellum,

268 3829 560 3903 sanguinis
596 3829 887 3898 effusione,
944 3837 1231 3902 ceperunt.
1292 3830 1444 3885 'l‘unc
1512 3828 1734 3883 demum
1776 3827 1892 3902 regi
1995 3820 2141 3892 (111οά
2170 3819 2239 3874 ab
2292 3835 2361 3875 80
2399 3820 2589 3876 (101088
2649 3827 2892 3892 ceperat.
2940 3828 2996 3877 θῑ
3043 3829 3227 3877 cetera
3277 3838 3611 3894 quecunque

271 3925 493 3982 ςοηηηε
530 3925 679 3998 cepit
732 3926 789 3981 in
847 3926 1047 3982 melius
1109 3924 1431 3996 permutat],
1464 3932 1518 3980 ει
1549 3926 1606 3979 in
1654 3924 1892 3980 sublime
1993 3909 2209 3965 fuerant
2262 3908 2488 3964 ditionis
2559 3925 2658 3965 sue
2734 3910 2961 3965 castella
3062 3910 3151 3965 Sic
3204 3910 3374 3983 igitur
3420 3911 3614 3966 codsul

272 4018 554 4089 ριιοιειδιιί,
615 4017 980 4074 ιίηροιίθηείε
1047 4018 1346 4089 cpiscopus
1405 4016 1605 4072 iterum
1665 4017 1892 4072 Romam
1994 4001 2206 4069 ejectus
2230 4016 2448 4056 carcere
2476 4001 2533 4055 in
2562 4000 2796 4056 liberum
2828 4002 3159 4057 constitutus
3190 4008 3274 4057 est
3295 4001 3607 4057 arbitrium.

274 4112 477 4188 pergit,
506 4112 815 4169 Alexander
868 4112 1155 4177 videlicet;
1191 4112 1285 4184 qui
1338 4127 1460 4165 cum
1519 4127 1661 4182 pape
1721 4110 1895 4183 gratia

274 4201 532 4272 sequenti
556 4216 700 4258 anno
737 4200 977 4267 rediens,
1018 4216 1051 4254 a
1074 4200 1189 4254 suis
1217 4215 1340 4254 eum
1360 4197 1564 4270 gaudio
1604 4206 1896 4267 susceptus

276 4299 384 4349 est.
409 4294 467 4347 In
491 4302 665 4350 estate
695 4294 967 4349 redditum
1020 4300 1103 4349 est
1156 4293 1443 4348 castellum
1484 4292 1722 4346 Arcense
1754 4291 1893 4359 (595)

276 4382 404 4437 duci
437 4383 719 4451 Gaufrido,
772 4383 954 4439 occiso
1012 4382 1295 4437 Willermo
1356 4381 1626 4436 monacho
1669 4380 1896 4436 fortuitu

278 4467 335 4522 in
394 4478 543 4525 turre
595 4472 814 4545 sagitta,
870 4472 964 4542 qui
1026 4470 1103 4524 illi
1179 4477 1416 4541 preerat.
1485 4468 1691 4524 Eodem
1750 4484 1896 4523 anno

275 4559 426 4617 (Jan.
469 4558 520 4627 3)
549 4575 648 4630 per
699 4559 1068 4630 proditionem
1129 4560 1493 4630 perdiderunt
1523 4557 1809 4613 christiani
1841 4556 1898 4610 in

279 4649 596 4721 principatu
624 4652 910 4707 Antiochie
973 4652 1249 4707 civitatem
1309 4651 1593 4717 Edessam,
1618 4665 1727 4721 que
1753 4648 1900 4703 anti-

282 4738 471 4810 quitus
496 4740 786 4795 dicebatur
816 4741 1011 4813 Rages,
1054 4756 1084 4795 a
1115 4739 1397 4795 modernis
1453 4754 1584 4794 vero
1640 4736 1897 4801 Rohaies,

280 4836 338 4881 et
367 4830 518 4881 venit
551 4829 604 4881 in
663 4834 988 4899 potestatem
1039 4829 1455 4894 Saracenorum,
1505 4827 1703 4883 occisis
1762 4826 1910 4881 chri-

281 4916 504 4983 stianis,
531 4918 762 4988 quosibi
804 4918 1153 4973 invenerunt.
1188 4917 1482 4974 Gocelinus
1527 4916 1674 4971 enim
1719 4915 1909 4984 junior

282 5003 355 5058 de
375 5004 674 5074 Torvaisel,
731 5021 920 5061 comes
976 5006 1150 5078 ipsius
1198 5007 1454 5075 civitatis,
1516 5012 1645 5061 tunc
1691 5005 1903 5060 aberat.

284 5094 398 5151 Hoc
420 5097 617 5153 eodem
649 5113 795 5154 anno
816 5106 1087 5170 ceperunt
1132 5099 1389 5155 homines
1409 5098 1562 5170 prius
1590 5097 1735 5168 apud
1777 5095 1903 5151 Car-

1995 4090 2133 4145 Visis
2162 4091 2462 4157 miraculis,
2504 4107 2612 4161 que
2658 4090 2867 4145 ﬁebant
2924 4092 2980 4146 in
3039 4091 3178 4147 locis
3227 4091 3526 4166 religiosis,
3557 4098 3612 4146 et

1996 4175 2293 4232 afﬂictione
2323 4193 2445 4232 cum
2469 4178 2776 4233 humilitate
2802 4178 3147 4233 multimoda.
3201 4178 3371 4233 carris
3395 4178 3622 4233 venien-

1998 4266 2147 4320 tibus
2175 4283 2189 4330 ;
2213 4266 2401 4321 audita
2440 4266 2606 4321 etiam
2637 4266 3039 4337 conquestione
3098 4265 3527 4321 christianorum
3546 4267 3617 4321 de

1996 4354 2202 4409 sanctis
2224 4354 2360 4410 locis
2407 4354 2748 4411 venientium
2790 4368 2954 4423 super
3010 4352 3314 4422 irruptione
3361 4368 3615 4426 pagano-

2000 4462 2140 4513 rum,
2166 4447 2541 4516 predicatione
2581 4446 2747 4501 etiam
2779 4444 3041 4498 Bernardi
3083 4443 3300 4498 abbatis
3330 4443 3398 4497 de
3429 4442 3617 4498 Clara-

1998 4534 2149 4603 ville,
2179 4534 2277 4591 viri
2308 4550 2418 4590 non
2464 4532 2927 4603 contempnendae
2966 4531 3307 4586 auctoritatis
3354 4532 3441 4586 cui
3475 4548 3618 4603 papa

1999 4622 2279 4696 Eugenius
2328 4623 2643 4691 injunxerat
2698 4621 2800 4676 hoc
2828 4618 3113 4685 ofﬁcium;
3145 4620 3405 4676 commoti
3438 4620 3621 4676 Ludo-

2000 4716 2155 4772 vicus
2171 4733 2266 4771 rex
2298 4716 2648 4781 Francorum,
2677 4713 2962 4769 Conradus
3012 4715 3310 4786 imperator
3345 4715 3611 4771 Aleman-

2010 4826 2227 4877 norum,
2262 4801 2584 4865 Fredei'icus
2610 4810 2774 4864 etiam
2807 4824 2981 4880 nepos
3011 4810 3131 4878 ejus
3154 4810 3264 4864 dux
3290 4810 3619 4877 Suevorum,

2009 4907 2345 4961 Galcrannus
2386 4920 2572 4960 comes
2627 4903 2867 4959 Mellenti
2923 4905 3146 4971 tercius,
3178 4904 3497 4959 Willermus
3552 4904 3624 4957 de

2007 5000 2282 5055 Warenna
2327 5012 2513 5053 comes
2558 4996 2727 5052 frater
2766 4996 2907 5067 ejus,
2948 4995 3321 5051 Theodericus
3358 4996 3522 5050 etiam
3556 4994 3625 5050 de

2006 5094 2202 5149 Auseis
2227 5093 2370 5165 (596)
2411 5108 2599 5149 comes
2620 5091 2990 5158 Flandrensis,
3040 5097 3096 5145 et
3119 5088 3212 5145 alii
3252 5087 3409 5144 multi
3428 5104 3627 5163 magne

1649 5224 1868 5280 VARUE
1899 5221 2273 5279 LECTIONES.

359 5325 430 5359 573
457 5325 1023 5399 Inceptum—abbate
1051 5330 1246 5385 desunt
1264 5329 1355 5385 8b.

1853 5421 2065 5481 ΝΟΤιιΕ.

359 5528 505 5599 (595)
533 5529 766 5602 Arques.

2084 5532 2224 5602 \596)
2254 5533 2292 5586 1.
2327 5548 2375 5587 c.
2406 5528 2608 5587 Alsatia
2630 5532 2746 5589 sive
2769 5529 3028 5586 Ellesath.
