3916 6064
412 213 481 267 63
1602 208 1939 262 SIGEBERTI

2152 210 2473 266 LLACENSIS
2728 178 2735 183 ’
3595 229 3698 284 464

512 348 865 391 nomnonuu.
1016 346 1359 387 ruauconuu.
1510 349 1816 389 ANGLORUM.
1996 340 2051 408 A

2151 338 2326 405 :toris,
2359 340 2429 393 de
2460 356 2568 410 qua
2599 341 2837 397 ecclesia
2896 344 3146 400 ordinem
3176 358 3560 420 susceperunt.
3591 352 3697 408 Lu-

363 422 699 481 auctoritatis
751 426 806 475 et
848 419 1130 493 dignitatis
1186 419 1310 485 viri,
1382 420 1590 488 Franci,
1652 423 1971 488 Nor-manui,
2076 426 2304 482 dovicus
2324 444 2419 483 rex
2474 430 2805 487 Francorum
2858 441 2911 487 et
2975 436 3164 510 regina
3194 419 3433 506 Alienor,
3468 450 3523 496 et
3557 444 3693 497 socii

359 516 538 590 Angli,
590 521 643 568 et
682 512 751 567 de
806 511 930 565 aliis
987 511 1311 584 regionibus
1374 512 1826 578 innumerabiles,
1862 529 1970 567 non
2076 513 2345 586 sui,quos
2372 534 2539 588 super
2593 522 3041 587 memoravimus,
3101 533 3362 594 prcsente
3411 545 3553 600 papa
3581 531 3697 586 Eu-

357 606 538 661 solum
567 603 773 657 milites
826 609 880 655 et
906 600 1054 667 laici,
1096 600 1192 654 sed
1243 600 1404 655 etiam
1464 601 1730 672 episcopi,
1763 602 1972 668 clerici,
2077 609 2242 679 genio
2274 609 2327 662 in
2365 612 2772 681 expeditionem
2810 615 3316 673 Jerosolimitanam
3362 621 3489 676 ituri
3538 640 3569 677 a
3598 623 3701 677 Pa-

361 696 643 762 monachi,
692 710 910 750 crucem
960 694 1014 747 in
1062 693 1306 747 humeris
1354 700 1723 759 assumentcs,
1777 694 1844 748 ad
1872 694 1976 748 iter
2081 694 2242 749 risius
2264 707 2627 754 recesserunt.
2664 700 2808 765 Quas
2859 703 3250 761 tribulationes
3290 714 3344 763 et
3374 710 3701 766 miseriasin

354 789 860 845 Jerosolimitanum
885 804 943 841 se
966 792 1418 857 preparaverunt.
1466 786 1576 840 Rex
1599 794 1777 841 autem
1802 786 1971 840 Fran-
2077 784 2428 857 ipsoitincrc,
2456 789 2584 844 dum
2616 807 2716 861 per
2746 800 2945 847 terram
2976 794 3333 867 imperatoris
3384 799 3697 858 Constanti-

355 896 566 946 corum,
597 878 937 933 etRobertus
984 876 1146 931 frater
1169 876 1308 943 ejus,
1356 885 1409 930 et
1459 876 1751 931 Gaufridus
1791 893 1976 931 comes
2079 878 2381 948 nopolitani
2424 883 2777 952 transierunt,
2810 900 2841 938 a
2892 884 3058 954 fame,
3116 889 3458 958 pestilentia,
3518 894 3700 949 incur-

356 971 623 1038 Mellenti,
647 978 701 1025 et
721 970 812 1023 alii
837 969 1016 1030 multi,
1046 969 1197 1036 juxta
1213 968 1549 1042 VigeIiacum
1580 970 1671 1023 die
1697 969 1975 1024 dominica
2077 969 2233 1025 sione
2265 988 2622 1046 paganorum,
2654 979 2905 1047 perpessi
2939 986 3086 1045 sunt,
3127 995 3237 1035 non
3267 991 3351 1037 est
3379 985 3551 1039 nostri
3582 994 3701 1041 stu-

358 1064 414 1118 in
442 1063 607 1118 ramis
654 1062 958 1132 palmarum
1006 1076 1226 1115 crucem
1284 1072 1727 1132 assumpserunt.
1771 1062 1977 1117 Torna—
2078 1060 2153 1113 dii
2178 1077 2452 1116 enarrare.
2512 1064 2650 1129 Quia
2700 1066 2853 1120 enim
2906 1068 2977 1123 de
3045 1069 3237 1140 rapina
3281 1088 3584 1144 pauperum
3634 1085 3699 1132 et

356 1153 541 1208 censis
569 1151 803 1207 ecclesia
858 1151 1006 1220 cepit
1056 1151 1263 1205 habere
1312 1151 1595 1221 preprium
1627 1149 1974 1221 pontificem,
2079 1156 2438 1211 ecclesiarum
2491 1159 2823 1229 spoliatione
2883 1164 3022 1219 illud
3079 1165 3186 1220 iter
3214 1183 3280 1222 ex
3310 1170 3505 1238 majori
3544 1180 3700 1242 parte

357 1263 483 1303 cum
512 1254 808 1316 atempore
829 1245 1004 1299 sancti
1047 1245 1207 1317 Eligii
1260 1245 1362 1300 sub
1405 1245 1826 1319 Noviomagensi
1854 1245 1975 1315 epi-
2080 1248 2356 1318 inceptum
2388 1256 2492 1317 est,
2526 1268 2629 1307 nec
2667 1253 2724 1307 in
2774 1270 2891 1323 eos,
2923 1256 3017 1327 qui
3063 1273 3123 1313 se
3180 1258 3476 1316 inhoneste
3521 1264 3699 1319 habe-

356 1355 525 1411 scopo
552 1339 908 1414 egisset.Dux
926 1338 1216 1392 Gaufridus
1257 1345 1403 1392 sarta
1448 1344 1590 1393 tecta
1634 1339 1799 1393 turris
1859 1339 1973 1393 Ro-
2080 1336 2232 1403 bant,
2261 1337 2628 1395 vindiccatum
2659 1349 2745 1397 est
2778 1360 2791 1396 :
2826 1344 2941 1399 fere
2980 1344 3486 1419 nichilprosperum
3519 1351 3691 1406 nichil

360 1434 736 1508 thomagensis
766 1440 823 1489 et
851 1434 1081 1500 castelli,
1117 1434 1696 1505 queperobsidionem
1719 1441 1971 1505 correpta
2079 1430 2346 1485 memoria
2366 1431 2595 1504 dignum
2654 1434 2710 1489 in
2755 1435 2848 1489 illa
2908 1439 3359 1513 peregrinatione
3410 1445 3696 1498 actitatum

358 1524 592 1587 fuerant,
645 1524 909 1578 decenter
959 1528 1246 1577 restaurat.
1305 1523 1416 1577 Rex
1466 1523 1734 1596 Rogerius
1783 1523 1970 1579 Sicilie
2072 1530 2173 1579 est.
2224 1524 2412 1579 Occiso
2458 1541 2490 1579 a
2536 1525 2854 1584 Sarracenis
2922 1530 3231 1589 Raimundo
3278 1534 3530 1607 principe
3585 1538 3702 1591 An-

357 1616 747 1687 Tripolitanam
791 1615 1133 1686 provinciam
1169 1615 1225 1668 in
1254 1613 1449 1669 Affrica
1502 1631 1671 1685 super
1726 1631 1972 1690 paganos
2002 1671 2045 1696 η
2075 1614 2299 1680 tiochie,
2319 1620 2583 1674 remansit
2645 1635 2780 1675 uxor
2818 1621 2939 1691 ejus
2991 1639 3115 1677 cum
3164 1624 3278 1680 tilio
3310 1627 3534 1696 parvulo
3565 1629 3701 1684 Boe—

355 1708 518 1778 cepit.
550 1709 809 1763 Inventus
857 1713 942 1761 est
997 1705 1147 1761 buﬂ‘o
1197 1722 1341 1760 unus
1379 1706 1701 1762 inclususin
1731 1722 1974 1763 concavo
1998 1705 2048 1738 υ
2077 1708 2284 1765 mundo
2312 1711 2480 1766 tercio
2511 1718 2710 1767 etcum
2734 1712 2847 1767 tilia
2869 1712 3192 1771 Constancia
3221 1717 3309 1771 57‘.

355 1800 563 1872 lapide,
605 1800 661 1854 in
710 1815 864 1855 muro
915 1798 1283 1854 Cenomannis
1326 1798 1563 1853 civitatis
1595 1815 1738 1871 ;quo
1769 1800 1972 1865 occiso,
2150 1802 2305 1855 1147.
2359 1802 2558 1874 [1148.]
2779 1804 2866 1860 10.
3117 1808 3202 1864 10.
3424 1812 3514 1866 12.

354 1894 610 1950 but’fones
630 1895 770 1949 intra
790 1895 973 1949 menia
1010 1894 1212 1949 exinde
1244 1893 1490 1958 fuerunt,
1532 1910 1657 1949 cum
1704 1900 1868 1949 antea
1897 1894 1971 1949 ibi
2146 1888 2522 1944 Pervenerunt
2559 1890 2845 1946 christiani
2876 1908 3213 1966 quocunque
3250 1895 3442 1954 labore
3473 1898 3543 1953 ad
3565 1916 3697 1955 san-

355 1998 637 2053 nunquam
660 1982 763 2037 visi
815 1981 1046 2037 fuissent
1089 1982 1179 2037 ⁵⁷1.
1220 1982 1383 2036 Facta
1434 1988 1518 2037 est
1571 1981 1810 2053 eclypsis
1841 1981 1975 2038 solis
2074 1990 2159 2038 cla
2181 1983 2301 2039 loca
2347 1984 2400 2039 in
2428 1985 2754 2054 Jerusalem,
2794 1993 2849 2042 et
2886 1988 3030 2043 circa
3080 1991 3380 2064 Augustum
3438 2009 3689 2049 mensem

355 2073 677 2129 5Kalendas
697 2072 1203 2142 Novembris(597l.
2074 2076 2395 2132 Damascum
2426 2078 2770 2146 obsidentes,
2829 2087 2885 2135 et
2931 2081 3060 2137 dolo
3113 2083 3685 2141 Jerosolimitanorum

426 2165 583 2221 1146.
622 2164 821 2238 [1147.]
867 2166 1149 2222 Conradus
1188 2166 1243 2219 9.
1392 2165 1696 2220 Ludovicus
1734 2164 1790 2220 9.
2072 2185 2263 2239 parum
2296 2168 2674 2240 proficientes,
2704 2171 2971 2242 repedare
3002 2174 3176 2230 cicius
3203 2176 3554 2234 studuerunt.
3580 2177 3697 2233 Me-

948 2256 1254 2324 Stephanus
1284 2254 1371 2308 11.
2075 2260 2180 2314 lius
2218 2260 2508 2315 accederat
2537 2276 2682 2317 anno
2711 2263 2970 2331 preterito
3001 2264 3319 2320 Christianis
3349 2266 3697 2338 principibus

427 2347 542 2418 (1b.)
582 2348 691 2404 Rex
750 2347 1065 2417 Stephanus
1103 2345 1172 2400 ad
1227 2346 1413 2400 natale
1466 2344 1682 2399 Domini
1717 2344 1770 2398 in
1835 2343 1971 2399 urbe
2077 2350 2135 2404 in
2189 2351 2468 2422 Hispania.
2526 2352 2656 2407 Nam
2702 2352 3004 2424 imperator
3061 2356 3467 2428 HiSpaniarum,
3535 2360 3698 2426 cujus

354 2439 686 2497 Lincoliensi
725 2439 1038 2494 diademate
1067 2438 1325 2513 regaliter
1378 2436 1673 2510 insignitus
1716 2443 1820 2502 est,
1864 2453 1975 2508 quo
2078 2440 2297 2512 imperii
2318 2447 2483 2512 caput
2513 2450 2599 2496 est
2638 2442 2829 2497 civitas
2881 2443 3151 2510 Toletum,
3184 2445 3455 2514 adjutusa
3479 2446 3695 2502 Pisanis

356 2548 546 2605 regum
574 2530 757 2585 nullus
787 2530 1037 2595 introire,
1064 2528 1493 2599 prohibentibus
1520 2527 1849 2599 quibusdam
1882 2544 1978 2584 su-
2077 2538 2132 2583 et
2196 2530 2601 2595 Genuensibus,
2662 2529 2955 2586 Almariam
3038 2533 3440 2589 nobilissimam
3499 2535 3696 2591 urbem

355 2620 717 2690 persticiosis,
748 2634 913 2673 ausus
950 2618 1145 2673 fuerat.
1194 2617 1349 2672 Unde
1417 2623 1722 2687 comparet,
1770 2626 1974 2688 quante
2076 2638 2247 2693 super
2289 2639 2535 2698 paganos
2579 2622 2744 2693 cepit.
2796 2623 2910 2679 Rex
2962 2624 3210 2693 Gallicie,
3267 2625 3439 2681 fretus
3492 2629 3698 2684 auxilio

356 2727 449 2766 rex
480 2711 792 2782 Stephanus
812 2709 1032 2765 audalie
1080 2717 1134 2764 et
1162 2708 1330 2763 animi
1357 2708 1603 2779 pericula
1635 2724 1745 2763 non
1779 2708 1971 2763 formi-
2073 2715 2510 2771 Normannorum
2556 2722 2610 2771 et
2666 2715 2965 2789 Anglorum
2999 2725 3054 2772 et
3090 2717 3323 2773 aliorum
3374 2720 3700 2789 multorum,

356 2802 539 2858 dantis
567 2802 841 2857 fuerit“.
902 2801 1190 2868 Henricus,
1231 2799 1380 2855 filius
1449 2800 1604 2854 ducis
1649 2799 1892 2855 Gaufridi
1917 2806 1970 2854 et
2072 2805 2164 2876 qui
2193 2805 2370 2860 navali
2398 2805 2640 2860 exercitu
2688 2805 2992 2861 Jerusalem
3022 2806 3306 2876 petebant,
3332 2806 3507 2880 [1147]
3536 2810 3701 2864 Lixe-

355 2899 739 2971 imperatricis,
759 2900 828 2954 de
854 2900 1047 2971 Anglia
1086 2899 1140 2953 in
1183 2898 1577 2953 Normanniam
1611 2899 1851 2953 veniens
1872 2897 1962 2963 ³⁷³,
2066 2896 2270 2950 bonam
2300 2896 2496 2951 urbem
2527 2896 2791 2970 Agarenis
2848 2895 3094 2964 abstulit,
3136 2897 3278 2952 sicut
3306 2898 3470 2954 aliam
3499 2900 3698 2955 civita-

354 2995 645 3060 susceptus
670 2996 809 3044 esta
863 2995 1138 3044 conventu
1194 2988 1349 3043 Becci
1413 2987 1709 3058 sollempni
1744 3003 1969 3058 proces—
1995 2990 2203 3097 Ctem,
2236 2984 2542 3039 Samtarein
2596 2985 2749 3054 (598)
2801 2984 3030 3051 scilicet,
3064 3001 3210 3041 anno
3238 2988 3503 3058 preterito
3529 3005 3703 3059 super

496 3096 503 3097 ί
579 3080 613 3097 ,.
758 3095 796 3097 ,_
883 3080 923 3097 ._
981 3080 1011 3097 .7
1088 3081 1153 3097 ,μ
1231 3079 1304 3089 ..
1389 3078 1577 3097 ημη
2077 3076 2292 3097 HJ“,
2337 3083 2547 3097 ημω,
2611 3075 2802 3097 ,._____
2870 3076 3024 3097 “.m
3079 3077 3499 3097 ,τη-,μωμᾷ
3563 3080 3663 3097 ...μ

354 3080 534 3145 sione,
560 3080 652 3134 die
682 3080 1025 3135 ascensionis
1086 3079 1327 3135 Domini.
1388 3078 1770 3135 Controversia
1829 3080 1970 3135 inter
1996 3075 2044 3097 υ
2071 3076 2297 3131 eosdem
2330 3083 2570 3146 ceperat.
2610 3075 2804 3132 Comes
2864 3076 3030 3131 etiam
3079 3077 3509 3135 Barcinonensis
3563 3080 3699 3135 Tor-

355 3170 659 3225 monachos
680 3170 835 3225 Becci
868 3175 922 3224 et
950 3169 1247 3224 canonicos
1298 3168 1366 3223 de
1398 3166 1716 3234 Oxineford,
1747 3183 1845 3238 pro
1875 3185 1970 3223 ec-
2071 3174 2244 3222 tosam
2272 3166 2468 3221 urbem
2500 3166 2698 3221 eodem
2730 3182 2878 3222 anno
2904 3168 3071 3238 cepit.

353 3261 521 3316 clesia
540 3262 609 3316 de
670 3262 1031 3324 Bellomonte,
1100 3260 1337 3315 Parisius
1385 3260 1441 3314 in
1510 3260 1790 3330 presentia
1829 3277 1971 3331 pape
2148 3260 2351 3315 Eodem
2381 3276 2527 3316 anno
2560 3267 2776 3316 mortuo
2834 3260 3087 3317 Ascelino
3144 3259 3373 3316 Rofensi
3403 3260 3696 3332 episcopo,

355 3350 585 3423 Eugenii
626 3352 914 3406 terminata
941 3358 1045 3405 est.
1098 3349 1303 3406 Eodem
1336 3365 1482 3404 anno
1509 3351 1760 3405 canonici
1804 3366 1971 3424 regu-
2070 3351 2343 3407 Tebaldus
2368 3352 2823 3423 archiepiscopus
2853 3352 3265 3408 Cantuariensis
3281 3352 3505 3408 fratrem
3529 3370 3694 3408 suum

354 3443 496 3498 lares
521 3443 842 3498 auctoritate
873 3459 1015 3514 pape
1047 3443 1275 3516 Eugenii
1315 3444 1479 3515 positi
1532 3443 1756 3499 fuerunt
1786 3443 1844 3497 in
1875 3459 1970 3497 ec—
2070 3444 2384 3500 Cauterium
2410 3444 2858 3501 archidiaconum
2909 3444 3361 3501 Cantuariensem
3390 3445 3570 3501 eidem
3604 3462 3699 3501 ec-

356 3532 522 3587 clesia
559 3538 749 3587 sancte
794 3530 1070 3586 Genovefe
1101 3532 1361 3599 Parisius,
1395 3532 1658 3604 quoniam
1689 3530 1969 3586 seculares
2069 3535 2235 3592 clesie
2265 3534 2602 3608 subrogavit.
2647 3535 2858 3590 Mortuo
2917 3535 3083 3590 etiam
3122 3536 3362 3611 Rogerio
3410 3535 3693 3592 Cestrensi

354 3624 608 3680 canonici
628 3624 886 3693 injuriam
919 3624 1165 3681 fecerant
1194 3625 1518 3680 hominibus
1575 3640 1715 3695 pape
1743 3624 1797 3677 in
1828 3639 1968 3695 qua-
2069 3624 2334 3696 episcopo
2365 3623 2422 3677 in
2472 3623 2672 3677 itinere
2727 3623 3054 3689 Jerusalem,
3108 3624 3377 3680 successit
3432 3624 3483 3680 ci
3537 3624 3689 3696 (599)

354 3716 479 3769 dam
512 3716 868 3786 processione
898 3733 913 3779 ;
947 3724 1001 3770 et
1032 3716 1351 3771 habuerunt
1377 3715 1521 3770 idem
1552 3713 1805 3769 canonici
1852 3713 1967 3784 pri-
2066 3713 2360 3767 Walterius
2414 3711 2585 3782 prior,
2642 3712 2881 3767 ecclesie
2937 3711 3132 3767 Christi
3186 3712 3500 3768 Cantuarie.
3554 3713 3699 3769 Hen-

356 3821 504 3859 mum
535 3804 790 3859 abbatem
846 3804 1161 3872 Henricum,
1220 3804 1461 3874 priorem
1520 3802 1754 3858 ecclesie
1790 3802 1966 3857 sancti
2067 3801 2214 3856 ricus
2242 3800 2408 3855 etiam
2468 3799 2776 3867 Murdarch,
2852 3801 3165 3857 monachus
3221 3800 3588 3870 Cistellensis,
3635 3800 3700 3857 fit

1713 3909 1934 3966 VARIIE
1957 3908 2313 3965 LECTIONES

427 4013 494 4049 δτι
528 4009 1101 4083 Inventus—fuissent
1134 4010 1383 4083 Robertus
1412 4014 1522 4080 ipse
1544 4013 1757 4083 scripsit
1794 4018 1998 4083 postea,
2038 4014 2205 4066 erasis
2244 4027 2365 4080 quae
2412 4013 2588 4083 primo
2614 4013 2840 4078 fuerant
2869 4014 2932 4065 in
2963 4012 3138 4067 codice
3160 4011 3217 4067 E.
3251 4028 3265 4065 :
3297 4012 3357 4066 In
3390 4013 3495 4068 hac
3521 4027 3694 4083 expe-

356 4084 571 4157 ditione
599 4082 722 4150 fuit,
749 4089 804 4137 et
833 4081 1062 4136 multum
1109 4081 1334 4157 profuit,
1370 4082 1639 4157 Ricardus
1688 4082 1756 4135 de
1816 4082 2123 4157 Linghenc,
2170 4083 2332 4157 miles
2379 4081 2645 4151 Optimus,
2679 4083 2990 4157 qu_i_nuper
3013 4084 3081 4137 de
3111 4083 3400 4157 Bajocensi
3428 4081 3694 4140 comitatu

358 4156 488 4211 illuc
506 4164 842 4234 perrexerat,
894 4162 949 4207 et
979 4169 1162 4225 arege
1211 4153 1449 4225 Rogcrio
1492 4153 1809 4208 comitatum
1860 4153 2031 4208 Andri
2073 4154 2274 4217 insule,
2310 4169 2471 4223 quam
2520 4169 2699 4277 nuJier
2744 4153 2890 4206 idem
2943 4169 3036 4207 rex
3083 4170 3252 4224 super
3298 4154 3692 4226 imperatorem

358 4226 1020 4277 Constantinonolitanum
1060 4232 1302 4277 ceperat.
1362 4225 1509 4277 dono
1561 4230 1871 4277 acceperat.
1920 4233 2042 4277 Haec
2084 4227 2284 4277 habent
2307 4226 2358 4277 2.
2400 4224 2492 4277 7b.
2544 4224 2576 4277 8
2624 4265 2635 4277 .
2686 4224 2879 4277 auibus
2920 4226 3017 4277 illa
3063 4225 3325 4277 Inventus
3355 4258 3421 4265 —
3450 4224 3692 4277 fuissent

357 4224 1020 4294 ConstantinOpolitanum
1060 4224 1313 4294 ceperat,
1362 4225 1509 4279 dono
1561 4230 1871 4294 acceperat.
1920 4233 2042 4279 Haec
2084 4227 2284 4279 habent
2307 4226 2358 4277 2.
2400 4224 2492 4277 7b.
2544 4224 2635 4279 8d.
2686 4224 2879 4293 quibus
2920 4226 3017 4279 illa
3063 4225 3325 4280 Inventus
3355 4224 3421 4265 J—
3450 4224 3692 4281 fuissent

353 4301 565 4354 desunt.
598 4298 668 4332 5"
693 4300 907 4352 Omissis
930 4297 1270 4365 sequentibus
1320 4296 1586 4350 Henricus
1631 4326 1698 4335 —
1747 4296 1999 4350 ordinem
2052 4301 2415 4366 susceperunt
2452 4295 2507 4366 2.
2561 4297 2648 4349 hic
2676 4296 2825 4349 addit
2864 4312 2877 4348 :
2922 4295 3031 4350 Hoc
3060 4312 3204 4351 anno
3253 4297 3474 4352 donnus
3533 4297 3694 4352 Serlo

354 4371 526 4425 abbas
564 4369 843 4450 ‘Savignneii
896 4369 1148 4450 se_dedit
1183 4366 1375 4450 ‘ordlipi
1426 4367 1797 4450 Cisterciensi,
1841 4384 1962 4422 cum
1997 4365 2255 4450 omnibus
2308 4365 2544 4450 abb‘atliis
2589 4366 2658 4419 ad
2711 4382 2770 4420 se
2786 4366 3230 4450 pertinentibus,
3258 4377 3313 4448 et
3343 4369 3449 4423 hoc
3468 4367 3607 4450 fecit
3634 4368 3695 4422 in

354 4458 523 4496 manu
547 4436 725 4495 donni
750 4439 1007 4494 Bernardi
1033 4438 1248 4493 abbatis
1281 4436 1718 4502 Clarevallensis,
1782 4438 1837 4492 in
1902 4439 2177 4509 presentia
2205 4436 2540 4491 venerabilis
2591 4453 2733 4510 pape
2784 4436 3015 4510 Eugenii
3069 4447 3124 4492 et
3153 4438 3399 4494 omnium
3433 4438 3698 4493 abbatum

355 4512 735 4567 Cisterciensis
756 4510 1025 4582 capituli:
1068 4513 1179 4564 alia
1237 4526 1435 4582 muri-us
1492 4513 1553 4563 in
1578 4526 1736 4582 marg
1816 4508 1966 4582 addit
1998 4527 2011 4562 :
2042 4510 2103 4563 Et
2151 4524 2448 4564 concessus
2502 4516 2585 4582 est
2613 4508 2661 4562 ei
2726 4508 3224 4582 et_s_uccessoiribus
3274 4510 3390 4564 suis
3422 4511 3701 4582 prioratus

354 4584 602 4638 omnium
635 4578 865 4638 aliorum
889 4582 1150 4635 abbatum
1176 4588 1298 4652 post
1324 4581 1625 4651 dompnum
1654 4579 2074 4652 Cisterciensem
2119 4588 2172 4652 et
2206 4587 2444 4652 quatuor
2499 4579 2708 4649 primos
2758 4578 3007 4652 abbates.
3046 4581 3105 4634 Et
3128 4582 3196 4635 ab
3229 4596 3295 4635 eo
3323 4578 3574 4652 tempore
3601 4581 3701 4635 ob-

355 4655 537 4736 tinuit,
572 4655 717 4724 quod
748 4653 1010 4733 continue
1034 4649 1630 4736 sitic"iptcr’rup:cion~e
1663 4651 1913 4736 qualibnet
1965 4649 2238 4736 singulisn—
2258 4651 2420 4736 annis
2445 4666 2621 4736 “unus
2652 4656 2769 4704 erat
2797 4649 3158 4736 difﬁnitorum
3183 4652 3354 4707 abbas
3383 4649 3695 4736 savigneii.

355 4724 493 4804 Etin
516 4721 618 4804 hac
649 4723 1009 4804 possessione
1033 4724 1131 4778 fuit
1154 4723 1325 4804 abbas
1348 4723 1625 4804 savigneii
1658 4721 1806 4777 anno
1840 4721 2286 4803 Domini‘t243,.
2313 4721 2574 4804 videlicet
2606 4737 2702 4804 per
2722 4722 3039 4804 nonaginta
3070 4739 3164 4777 sex
3195 4721 3689 4804 annoscontinue.

355 4794 466 4849 Nec
494 4791 726 4867 mirum,
777 4798 820 4848 si
874 4795 930 4847 in
985 4795 1089 4849 hoc
1119 4794 1342 4848 abbatia
1368 4791 1611 4867 Savigne
1642 4810 1753 4867 per
1769 4810 2099 4848 consensum
2169 4793 2394 4867 capituli
2432 4791 2824 4867 honorabatur,
2853 4791 2961 4867 quc
2988 4809 3090 4867 sua
3143 4793 3505 4867 conversione
3538 4794 3698 4867 ordi-

354 4881 478 4939 nem
511 4866 951 4939 Cistercienscm,
980 4871 1090 4939 tum
1144 4865 1410 4939 temporis
1460 4862 1790 4939 subsitantia
1831 4874 2087 4939 tenuem,
2122 4862 2360 4934 plurium
2398 4862 2743 4939 abbatiarum
2776 4862 3142 4939 multitudine
3165 4866 3450 4939 adaugens
3480 4865 3541 4939 _in
3585 4865 3699 4939 Do-_-

354 4938 503 5017 mino
526 4953 689 5017 quam
718 4936 1012 5017 plurimum
1041 4935 1354 5002 honoravit,
1378 4936 1506 5017 dum
1543 4936 1660 5017 zelo
1687 4936 1973 5017 religionis
2016 4953 2156 5017 suas
2204 4935 2639 4991 consuetudines
2667 4941 2720 5016 et
2757 4950 2916 5017 suurn
2944 4936 3241 5017 capitulum
3270 4935 3695 5017 generaleapud

353 5005 975 5082 Savigneium‘colebat,
1010 5014 1337 5082 consuetum
1396 5006 1743 5082 reliquit,_ut
1790 5005 1846 5061 in
1878 5007 2184 5062 humilitate
2216 5013 2487 5082 etsancta
2543 5006 2806 5082 servitute
2857 5005 3234 5062 Cisterciensis
3265 5005 3477 5082 ordinis
3505 5005 3695 5082 susci-

351 5076 512 5152 perc't'
541 5080 806 5159 instituta.
840 5078 994 5159 Dede
1024 5078 1168 5159 bene
1188 5095 1379 5159 cavere
1408 5076 1625 5159 debent
1657 5078 1712 5131 in
1744 5088 2037 5159 posterum
2072 5086 2210 5159 tam“
2240 5078 2411 5159 abbas
2429 5076 2717 5159 .Savigneii
2750 5093 2914 5159 quam
2968 5084 3083 5159 tota
3110 5079 3504 5159 congregatio,
3537 5094 3609 5159 ne
3632 5078 3691 5159 in

349 5148 515 5225 grave
545 5152 631 5207 sui
663 5148 1031 5225 prejudicium
1062 5149 1421 5225 istisjuribus
1453 5149 1568 5225 suis
1602 5149 1885 5225 fraudetur
1916 5149 2149 5225 ecclesia
2181 5149 2487 5219 Savigncii,
2551 5164 2660 5225 nec
2716 5154 2943 5219 propter
2973 5150 3077 5225 hoc
3108 5148 3450 5225 ipsis'_objici
3486 5149 3694 5225 poterit

351 5218 701 5296 aliquatenus
733 5218 1093 5296 conspiratio.
1129 5220 1291 5296 Aliud
1317 5227 1399 5274 est
1423 5219 2164 5296 enim‘defendereculpam
2224 5218 2663 5296 persone,__aliud
2719 5218 2939 5296 causam
2972 5218 3145 5296 et_j_us
3174 5220 3407 5296 ecclesie
3434 5236 3534 5274 sue
3567 5220 3690 5296 ;ﬁ_ad

350 5290 499 5365 quéd
549 5302 768 5349 tenetur
817 5290 883 5346 ex
924 5290 1293 5365 professione,
1343 5307 1509 5365 quam
1566 5290 1715 5365 facit,
1758 5308 1879 5365 cum
1914 5290 1981 5365 in_
2029 5290 2292 5365 abbatem
2320 5290 2685 5365 benedicatur
2745 5290 2949 5365 aliquis
3008 5290 3078 5365 Ψ
3106 5292 3693 5365 anissis_seque7_i_tibus

350 5361 512 5435 liuius
541 5369 679 5421 anni
704 5361 951 5421 omnibus
977 5362 1067 5415 7b.
1104 5363 1261 5417 habet
1290 5380 1302 5415 :
1336 5361 1483 5417 Obiit
1525 5363 1613 5433 pie
1645 5363 1910 5417 memorie
1951 5362 2173 5417 donnus
2214 5362 2527 5417 Hildiernus
2578 5376 2760 5435 nonus
2812 5361 2984 5416 abbas
3015 5361 3072 5416 S.
3113 5361 3282 5417 Marie
3315 5362 3454 5417 [ιιι-θ.
3482 5362 3551 5396 δτι
3583 5361 3692 5416 Oc-

349 5433 535 5493 ciso—
562 5436 888 5493 Constancia
916 5437 1030 5491 alia
1088 5450 1306 5502 manus,
1348 5437 1576 5501 fortasse
1616 5435 1847 5501 Roberti,
1875 5439 2057 5503 postea
2086 5436 2310 5489 addidit.
2344 5439 2543 5490 Desunt
2574 5433 2629 5489 2.
2654 5433 2751 5489 7b.

1917 5531 2126 5588 ΝΟΤᾹΞ.

421 5628 565 5694 (597)
593 5626 779 5681 Potius
806 5629 838 5680 7
859 5627 968 5683 Kal.
1004 5626 1137 5683 Nov.
1173 5626 1333 5683 1147.
1371 5624 1566 5687 BOUQ.

1473 5624 1566 5687 ΒΩ.
2146 5620 2289 5691 (599)
2320 5620 2381 5674 Α.
2404 5619 2564 5685 1149,
2586 5625 2726 5674 teste
2760 5618 3019 5675 Gervasio

422 5696 569 5767 (598)
591 5697 896 5763 Santarem,
