3916 6064
249 265 357 361 ιὸδ
1111 299 1458 356 cuaomm.
1499 330 1570 341 --
1607 301 1991 356 AUCTARIUM
2035 303 2319 359 ROBERTI
2365 306 2444 358 ns
2489 305 2728 360 MONTE.
3489 265 3592 372 tce

429 439 783 488 nomnonuu,
933 441 1270 481 rnaucoauu.
1419 441 1724 481 ANGLORUI.
1901 433 1946 499 Α
1971 425 2284 483 festivitatis
2331 429 2504 484 sancti
2556 429 2747 486 Jacobi
2795 432 3051 502 apostoli,
3079 451 3110 488 a
3151 436 3456 492 venerabili
3491 439 3594 494 Hu-

219 517 703 590 Iarchiepiscopus
732 515 1117 570 Eboracensis.
1185 515 1362 588 [1148]
1422 515 1701 589 Eugenius
1729 532 1872 588 papa
1975 531 2118 588 gone
2149 517 2576 593 Rothomagensi
2601 520 3043 594 archiepiscoiio,
3075 523 3144 577 ab
3177 525 3372 580 eodem
3405 541 3590 582 coram

249 607 306 662 in
336 605 763 679 quadragesima
806 604 1102 660 concilium
1147 605 1500 680 congregavit
1546 605 1748 672 Remis,
1805 605 1874 660 ad
1976 615 2247 663 conventu
2270 609 2527 664 Beccensi
2547 610 2600 664 in
2630 611 2763 666 sede
2793 628 2892 666 sua
2912 614 3208 670 collocatus
3235 623 3322 671 est
3350 634 3364 685 ;
3388 624 3593 674 extunc

243 697 400 769 quod
441 695 592 751 venit
633 695 874 750 latenter
901 701 957 750 et
1013 702 1204 750 contra
1260 695 1693 767 prohibitionem
1731 695 1875 770 regis
1974 713 2140 769 supra
2166 715 2386 776 gregem
2442 701 2549 756 sibi
2588 703 2938 760 commissum
2999 721 3098 776 pro
3157 724 3323 778 posse
3369 725 3470 765 suo
3499 709 3590 765 die

245 786 514 859 Stephani
573 785 843 840 Tebaldus
894 785 1348 858 archiepiscopus
1405 786 1868 853 Cantuariensis;
1973 805 2036 844 ac
2059 797 2219 846 nocte
2247 792 2512 847 decenter
2569 794 2864 869 invigilans
2912 797 3002 851 ⁵⁷⁷.
3034 797 3289 878 Magister
3327 801 3590 856 Vacarius

243 875 397 932 unde
424 882 478 930 et
505 874 879 930 favorabiliter
932 892 964 930 a
1021 891 1162 948 papa
1201 883 1490 948 susceptus
1523 882 1624 931 est.
1659 876 1868 931 Mortuo
1969 892 2133 958 gente
2167 885 2590 960 Longobardus,
2646 889 2730 944 vir
2779 891 3042 946 honestus
3091 874 3146 947 et
3180 893 3320 961 juris
3350 897 3582 965 peritus,

247 964 492 1020 Roberto
554 963 818 1035 episcopo
901 964 1311 1032 Herefordensi,
1378 965 1645 1021 successit
1700 965 1791 1020 Gis

2043 996 2093 1033 m
2131 980 2282 1053 leges
2341 983 2616 1038 Romanas
2673 1001 2819 1040 anno
2851 986 2920 1040 ab
2971 986 3350 1043 incarnatione
3373 989 3587 1045 Domini

245 1060 437 1114 bertus
488 1057 664 1112 abbas
716 1056 1068 1114 Gloecestrie.
1101 1059 1308 1130 [1146.]
1351 1058 1667 1114 Willermus
1696 1061 1857 1114 etiam
1968 1070 2172 1126 “49in
2201 1072 2392 1147 Anglia
2437 1074 2738 1145 discipulos
2799 1077 3040 1140 doceret,
3077 1089 3132 1134 ei
3173 1081 3329 1135 muni
3368 1089 3474 1136 iam
3507 1083 3590 1137 di-

246 1153 322 1207 de
349 1150 548 1207 Sancta
568 1151 826 1220 Barbara,
851 1152 1094 1207 decanus
1125 1151 1509 1218 Eboracensis,
1563 1167 1710 1207 anno
1745 1169 1866 1223 pre-
1966 1162 2105 1217 vites
2135 1180 2298 1234 quam
2339 1181 2608 1236 pauperes
2659 1169 2727 1223 ad
2785 1185 2910 1224 eum
2960 1187 3124 1226 causa
3155 1173 3405 1228 discendi
3441 1189 3587 1229 οοη-

252 1243 414 1298 terito
453 1241 634 1296 factus
675 1239 856 1296 fuerat
887 1241 1342 1340 archiepiscopus
1369 1241 1742 1340 Duelrpensis-
1969 1252 2238 1321 ﬂuercnt;
2266 1257 2621 1330 suggestione
2650 1275 2952 1330 pauperum
2969 1262 3038 1317 de
3066 1264 3256 1320 codice
3287 1273 3342 1322 et
3369 1265 3588 1340 digesta

320 1333 482 1388 1148.
591 1332 866 1388 Conradus
932 1333 1016 1386 11.
1131 1333 1422 1424 Ludovicus
1480 1331 1566 1386 “-
1679 1333 1796 1384 δεϐ-
1970 1352 2258 1415 cxcerptos
2283 1362 2478 1402 novem
2509 1347 2680 1403 libros
2715 1353 3046 1420 composuit,
3079 1353 3171 1424 qui
3201 1331 3577 1409 sufiiciuritad

875 1425 1112 1518 phaaus.
1147 1421 1229 1518 13.
1313 1515 1337 1518 7
1426 1513 1436 1518 7
1472 1513 1521 1518 77
1687 1511 1700 1518 7
1969 1454 2164 1494 omnes
2185 1441 2367 1512 legum
2409 1441 2552 1509 lites,
2595 1460 2703 1514 que
2729 1445 2786 1498 in
2815 1447 2978 1500 scolis
3020 1421 3350 1518 frequentari
3377 1450 3582 1516 solent,

323 1511 476 1568 Circa
523 1511 821 1570 adventum
874 1514 1088 1568 Domini
1140 1514 1250 1568 dux
1303 1513 1594 1569 Gaufridus
1650 1511 1869 1568 obsedit

2033 1525 2325 1594 'cidendas,
2375 1529 2418 1583 si
2467 1511 2719 1602 quis—eos
2773 1533 3016 1604 perfecte
3047 1511 3262 1589 noverit
3288 1535 3354 1570 573
3415 1511 3579 1606 (601);

247 1605 306 1658 in
335 1603 599 1659 comitatu
645 1604 969 1660 Luxoviensi
1012 1605 1297 1660 castellum
1329 1605 1557 1661 Roberti
1581 1602 1868 1659 Bertranni
1974 1614 2194 1669 Eodem,
2217 1633 2362 1672 anno
2397 1621 2739 1690 ροειρηςοιιδ
2767 1602 2981 1676 ὁδίων-,τη
3008 1622 3227 1677 donnus
3248 1602 3580 1690 Bema'rdus’

246 1695 372 1771 Fag.
429 1703 483 1752 et
541 1697 830 1752 destruxit.
883 1697 1014 1752 Mira
1071 1699 1321 1753 miranda
1357 1698 1601 1754 Eudonis
1627 1697 1928 1778 pseudo-_
1971 1703 2144 1760 abbas
2169 1707 2364 1762 Montis
2417 1711 2592 1765 sancti
2648 1712 2946 1778 Michaelis,
3003 1715 3307 1768 monachus
3341 1715 3584 1770 Beccen-

243 1785 516 1856 prophete
555 1794 613 1840 et
650 1786 881 1842 heretici
925 1793 1138 1858 patrata
1179 1795 1328 1855 sunt,
1379 1789 1475 1860 qui
1533 1789 1590 1842 in
1622 1787 1858 1842 concilio
1890 1773 2038 1850 Bsis
2069 1816 2084 1863 ς
2114 1799 2208 1868 qui
2249 1802 2478 1855 multum
2538 1803 2686 1857 imus
2716 1811 2770 1858 εει
2821 1773 2954 1857 {orig
2986 1804 3131 1859 idem
3182 1807 3580 1861 monaslcrium

248 1879 438 1934 Remis
465 1879 794 1951 dampnatus
809 1889 864 1936 et
891 1881 948 1936 in
981 1888 1132 1937 turre
1161 1882 1566 1955 archiepiscopi
1597 1890 1865 1950 retrusus,
1967 1885 2283 1941 emendavit
2307 1888 2396 1942 57°.
2424 1889 2536 1942 Dux
2572 1889 2864 1944 Gaufridus
2894 1892 3179 1946 castellum
3211 1893 3580 1950 Monasterio-

247 1973 310 2020 ut
332 1967 474 2022 male
506 1967 676 2038 cepit,
698 1969 772 2023 ita
801 1970 1056 2051 deperiit.
1087 1971 1159 2026 De
1190 1972 1348 2042 cujus
1401 1971 1867 2027 incantationibus
1966 1973 2076 2027 lum
2103 1975 2244 2045 (602)
2279 1976 2335 2030 in
2392 1993 2532 2052 pago
2586 1977 2890 2034 Pictavensi
2931 1981 3170 2044 obsedit,
3226 1988 3280 2036 et
3321 1982 3452 2037 fecit
3504 1983 3578 2038 ibi

239 2065 296 2112 et
316 2056 570 2112 fantasiis
589 2058 823 2114 etfactis
867 2067 922 2115 et
963 2048 1127 2116 dictis
1173 2061 1374 2116 melius
1391 2061 1863 2132 cstsilere,quam
1965 2063 2070 2120 tria
2089 2067 2314 2121 castella
2334 2048 2589 2138 lapidea;
2624 2077 2678 2124 et
2699 2069 2913 2124 duravit
2963 2071 3053 2124 illa
3079 2072 3296 2128 obsidio
3327 2089 3428 2144 per
3471 2081 3581 2130 tres

237 2149 392 2220 loqui
416 2149 582 2221 (600).
616 2151 916 2207 Rainaldus
955 2152 1026 2208 de
1058 2153 1386 2209 Castellione
1405 2154 1580 2210 factus
1598 2159 1680 2207 est
1709 2153 1864 2223 prin-
1961 2172 2156 2224 annos,
2189 2175 2478 2232 usquequo
2511 2161 2688 2215 Berlai
2736 2161 2882 2232 (603)
2923 2162 3181 2217 dominus
3203 2163 3412 2218 castelli
3439 2167 3574 2220 red-

234 2259 370 2315 ceps
409 2245 714 2311 Antiochie,
745 2247 908 2302 ducta
937 2263 1108 2304 uxore
1133 2248 1428 2304 Raimundi
1468 2247 1738 2320 principis
1769 2247 1859 2304 ⁵⁷⁵.
1963 2243 2184 2300 diditse
2223 2247 2428 2302 comiti.
2462 2247 2612 2303 Tunc
2641 2249 2806 2304 etiam
2829 2265 3016 2304 comes
3058 2259 3266 2305 turrem
3299 2261 3353 2305 et
3379 2253 3578 2308 castel-

316 2337 471 2392 1149.
735 2339 821 2393 12.
1069 2341 1153 2395 12.
1411 2343 1498 2396 14.

2028 2352 2072 2389 m
2112 2336 2359 2393 funditus
2404 2341 2618 2396 evertit.
2679 2341 2884 2396 Eodem
2953 2357 3098 2396 anno
3156 2343 3372 2413 (Μανι.)
3411 2343 3574 2400 turba

307 2423 456 2479 Obiit
485 2433 674 2480 sancte
713 2427 1116 2483 recordationis
1159 2428 1380 2484 donnus
1410 2429 1694 2497 Letardus,
1734 2445 1854 2484 sex--
1959 2425 2132 2484 factus
2161 2441 2244 2486 est
2275 2433 2575 2500 horribilis,
2630 2435 2954 2490 subvertens
2985 2437 3202 2501 domos,
3263 2453 3490 2494 nemora
3520 2445 3575 2494 et

234 2522 322 2570 tus
359 2517 531 2572 abbas
555 2518 848 2573 Bcccensis
879 2519 1134 2575 ecclesie.
1169 2520 1261 2574 Vir
1297 2520 1520 2591 quidem
1557 2521 1658 2575 iste
1687 2537 1854 2576 venc-
1957 2519 2191 2594 virgulta
2218 2521 2674 2597 confringens,in
2705 2539 2814 2595 quo
2838 2526 3003 2579 etiam
3029 2525 3299 2580 demones
3327 2527 3383 2580 in
3433 2543 3570 2598 Spe-

231 2606 424 2660 rabilis
451 2606 740 2662 Bcccensis
769 2607 1030 2682 indigena
1057 2609 1443 2664 monachatum
1478 2610 1725 2681 suscepit
1749 2609 1854 2664 sub
1953 2613 2037 2668 cie
2059 2613 2296 2684 turpium
2343 2615 2660 2670 animalium
2703 2632 2982 2688 pugnasse
3034 2627 3376 2674 asseruntur.
3413 2621 3472 2674 ln
3494 2618 3572 2675 fe-

227 2697 420 2753 donno
451 2697 735 2754 Willermo
790 2687 992 2756 abbate
1052 2702 1394 2769 venerando,
1425 2709 1762 2774 strenueque
1797 2703 1851 2756 in
1952 2702 2192 2757 stivitate
2240 2709 2590 2774 pentecostes
2639 2687 2806 2760 David
2866 2721 2958 2760 rex
3013 2705 3302 2761 Scotorum
3335 2709 3572 2763 accinxit

227 2803 297 2841 eo
329 2787 540 2854 vivens,
573 2789 866 2844 laudabilis
928 2790 1038 2846 vite
1091 2807 1190 2846 sue
1241 2807 1457 2846 cursum
1505 2792 1658 2864 virgo
1680 2806 1848 2846 senex
1949 2793 2116 2848 armis
2157 2793 2487 2848 militaribus
2560 2794 2853 2849 ilenricum
2913 2797 3342 2869 primogenitum
3394 2795 3566 2852 filium

226 2877 405 2933 finivit
432 2881 467 2934 6
497 2881 679 2936 Nonas
723 2882 874 2950 Julii,
931 2881 1162 2938 sabbato
1194 2882 1336 2938 infra
1375 2889 1595 2938 octavas
1623 2889 1850 2954 aposto-
1949 2885 2106 2942 ducis
2127 2885 2372 2940 Gaufridi
2426 2893 2480 2940 et
2532 2889 2714 2958 neptis
2769 2904 2869 2942 sue
2902 2888 3135 2943 Matildis
3179 2889 3566 2960 imperatricis,

222 2972 401 3028 lorum
430 2972 572 3027 Petri
631 2981 686 3028 et
716 2973 890 3039 Pauli,
958 2973 1106 3029 circa
1159 2975 1222 3029 10
1263 2975 1452 3029 horam
1507 2975 1638 3040 diei,
1699 2989 1845 3029 anno
1949 2975 2042 3046 qui
2088 2991 2234 3030 anno
2293 2977 2552 3046 preterito
2605 2978 2750 3046 (604)
2780 2977 2848 3031 de
2877 2977 3206 3032 Normannia
3227 2977 3282 3032 in
3315 2978 3564 3050 Angliam

217 3064 382 3118 etatis
407 3080 507 3119 sue
560 3064 652 3131 65,
719 3066 1080 3121 monachatus
1117 3081 1248 3121 vero
1305 3066 1394 3120 50.
1446 3066 1604 3120 Rexit
1661 3076 1846 3121 autem
1955 3065 2412 3121 transfretaverat.
2450 3066 2654 3121 Eodem
2699 3082 2845 3122 anno
2891 3066 3038 3121 circa
3067 3072 3368 3141 Augustum
3404 3068 3570 3124 rediit

211 3155 494 3210 abbatiam
525 3156 633 3211 sibi
684 3158 1037 3212 commissam
1097 3158 1421 3229 prudenter,
1451 3166 1644 3230 utpote
1701 3143 2262 3213 ﬁliusCLudovicus
2334 3171 2431 3210 rex
2511 3157 2844 3212 Francorum
2914 3155 2983 3211 de
3048 3157 3370 3212 Jerusalem.
3442 3157 3568 3212 Fuit

213 3243 508 3317 religionis
537 3251 594 3299 et
629 3249 820 3315 postea
868 3253 1026 3316 pater
1052 3255 1108 3302 et
1161 3246 1286 3318 pius
1323 3253 1555 3312 amator,
1583 3247 1743 3302 annis
1774 3235 1842 3302 10
1957 3245 2187 3316 hyemps
2211 3245 2446 3299 maxima
2469 3245 2644 3299 tribus
2671 3246 2958 3301 mensibus
2986 3246 3271 3312 continua,
3305 3253 3412 3301 tam
3443 3247 3570 3301 hor-

217 3343 274 3390 et
305 3335 506 3390 diebus
532 3335 620 3392 23.
1945 3336 2142 3403 ribilis,
2173 3343 2232 3391 ut
2264 3337 2485 3408 quidam
2544 3337 2826 3392 hominum
2874 3354 2973 3408 pre
3015 3338 3186 3392 nimio
3214 3336 3436 3409 frigoris
3465 3337 3568 3392 do-

209 3495 221 3504 7
326 3428 414 3482 Ad
435 3431 699 3497 patriam,
725 3445 825 3500 pro
854 3446 965 3500 qua
991 3432 1236 3500 suspiria
1265 3436 1420 3487 tanta
1449 3431 1670 3494 dedisti,
1944 3429 2059 3485 lore
2091 3430 2148 3483 in
2178 3429 2444 3483 membris
2466 3430 2582 3483 suis
2621 3429 2940 3484 [ederentur
2969 3447 2983 3496 ;
3016 3429 3300 3500 quaetiam
3331 3444 3563 3482 reman-

439 3521 604 3587 Hinc,
627 3523 854 3576 Letarde
865 3526 1044 3592 pater,
1074 3539 1236 3578 carne
1264 3525 1468 3577 solutus
1494 3524 1631 3578 abis.
1948 3517 2019 3571 sit
2047 3533 2113 3572 ex
2170 3517 2404 3572 maxima
2447 3525 2600 3587 parte
2645 3517 2884 3572 vernalis
2929 3517 3290 3591 agricultura,
3331 3523 3385 3571 et
3431 3517 3566 3572 inde

327 3617 395 3670 ιη
420 3616 671 3685 patribus
699 3620 905 3685 ερωιαε,
935 3621 1193 3687 quoniam
1220 3621 1490 3688 perfectus
1526 3623 1575 3672 οι
1603 3620 1740 3688 ipse,
1947 3606 2247 3676 subsequta
2293 3611 2375 3660 est
2417 3621 2617 3680 magna
2665 3605 2942 3661 sterilitas.
2984 3607 3190 3660 lterum
3211 3605 3563 3661 combustum

441 3706 655 3758 Premia
679 3719 799 3759 cum
820 3705 1076 3776 patribus
1088 3707 1330 3776 percipis
1359 3707 1543 3775 ampla
1579 3707 1701 3761 tuis.
1949 3705 2032 3753 est
2050 3697 2442 3753 monaslerium
2473 3697 2704 3753 COPbeie
2729 3697 2821 3752 ⁵⁸⁰ο

331 3796 508 3851 Julius
535 3812 571 3848 a
597 3801 749 3850 sexto
776 3798 962 3853 Nonas
988 3798 1319 3867 properabat
1340 3797 1414 3852 ad
1440 3798 1592 3862 Idus,
2019 3791 2178 3848 1150.
2220 3790 2424 3862 [1151.]
2609 3791 2697 3846 13.
2916 3791 3004 3846 13.
3188 3790 3277 3846 15.

445 3888 629 3956 Tuque
656 3887 802 3942 datis
829 3891 1024 3957 septem
1053 3889 1308 3957 partibus
1328 3893 1441 3942 octo
1465 3889 1620 3942 metis
1647 3886 1734 3938 57°.
2014 3883 2290 3938 Tebaldus
2322 3898 2511 3937 comes
2530 3882 2804 3937 Blesensis
2843 3881 3162 3937 Gaufridum
3181 3879 3356 3937 ﬁlium
3387 3882 3550 3937 ducis

297 3975 436 4032 Huic
471 3983 660 4032 sancto
700 3977 818 4032 viro
847 3978 1114 4033 successit
1149 3979 1368 4034 donnus
1399 3977 1667 4051 Rogerius
1696 3976 1846 4046 prior
1947 3976 2373 4032 Gaufridiai'mis
2399 3974 2732 4030 militaribus
2782 3975 3082 4031 decoravit.
3131 3975 3334 4030 Everso
3385 3980 3564 4030 castro

223 4067 530 4132 secundus,
561 4067 620 4121 in
669 4077 907 4140 utroque
950 4074 1285 4123 testamento
1337 4068 1548 4138 aprime
1569 4068 1840 4135 eruditus,
1944 4067 2325 4123 Monasteriolo
2352 4083 2383 4122 a
2411 4065 2554 4120 duce
2582 4066 2866 4132 Gaufrido,
2889 4066 3123 4122 obsesso
3151 4067 3329 4120 tribus
3359 4065 3566 4121 castel-

225 4175 448 4215 necnon
471 4159 709 4216 clericali
741 4175 806 4215 ac
849 4159 1086 4215 seculari
1107 4160 1340 4214 scientia
1379 4160 1642 4215 decenter
1679 4175 1844 4216 orna-
1947 4161 2014 4215 lis
2041 4161 2276 4232 lapideis
2307 4175 2405 4230 per
2429 4168 2540 4213 tres
2569 4174 2762 4222 annos,
2799 4159 2950 4230 quod
2981 4158 3289 4213 inauditum
3319 4163 3403 4212 est
3436 4163 3560 4228 pust

227 4261 338 4315 tus,
372 4251 519 4306 etab
558 4252 708 4306 omni
757 4251 1124 4307 communiter
1160 4233 1588 4326 congregatione
1616 4252 1844 4320 electus,
1945 4251 2149 4305 Julium
2169 4249 2442 4316 Cesarem,
2489 4257 2650 4320 capto
2681 4248 2850 4303 etiam
2885 4247 3046 4302 Bellai
3079 4247 3305 4302 domino
3327 4246 3562 4310 castelli,

226 4344 280 4398 in
321 4343 463 4414 ipsis
492 4345 701 4399 octavis
729 4345 1382 4414 videlicetapostolorum
1418 4345 1558 4399 Petri
1588 4352 1643 4400 et
1670 4345 1844 4412 Pauli;
1949 4345 2494 4402 contravoluntatem
2533 4351 2587 4398 et
2615 4343 3046 4414 prohibitionem
3089 4341 3260 4394 etiam
3293 4339 3439 4412 regis
3465 4339 3564 4391 Lu-

225 4435 677 4508 quibenedictus
713 4437 862 4508 apud
894 4437 1154 4492 Sanctum
1185 4437 1646 4510 Wandregisilum
1678 4438 1732 4492 in
1757 4439 1847 4494 die
1949 4437 2154 4504 dovici,
2199 4436 2325 4492 facti
2363 4445 2493 4492 sunt
2518 4434 2728 4489 inimici
2775 4433 3082 4488 adinvicem
3097 4447 3189 4486 rex
3209 4430 3394 4485 etdux
3425 4430 3562 4485 Nor-

1591 4540 1811 4594 VARl/E
1841 4539 2214 4596 LECTIONES.

306 4637 649 4692 “Minaldus
677 4637 780 4710 (ita
805 4639 887 4704 8,.
915 4669 984 4679 —
1045 4637 1312 4710 principis
1364 4641 1422 4692 in
1481 4638 1534 4693 Ε.
1569 4640 1726 4694 addit
1780 4641 2038 4696 Bobertus
2084 4642 2236 4710 ipse;
2277 4639 2466 4694 desunt
2503 4634 2595 4690 8d.
2627 4634 2698 4669 ⁵⁷⁸
2743 4631 2957 4687 Premia
2981 4662 3051 4670 —
3081 4631 3242 4686 metis
3271 4633 3330 4685 in
3354 4645 3562 4685 rasura

226 4711 458 4778 scripsit
483 4711 740 4766 Robertus
784 4711 910 4765 Post
943 4709 1055 4764 ἠωσὲ
1082 4710 1175 4764 7b.
1209 4709 1301 4764 8d.
1336 4710 1548 4764 addunt
1583 4727 1597 4762 :

300 4774 585 4856 Frumenti
615 4797 846 4856 granum
869 4797 1164 4836 remanens
1195 4781 1249 4834 in
1279 4781 1487 4851 cespite
1506 4796 1727 4856 sanum,
2030 4853 2067 4856 _
2108 4782 2164 4835 Si
2197 4779 2423 4856 patriam
2452 4783 2668 4856 quer-at,
2692 4775 2787 4856 qui
2816 4774 3143 4856 peregrinus
3172 4779 3308 4856 erat.

376 4851 564 4928 Donec
592 4848 884 4922 putruerit,
917 4867 1168 4928 crescere
1200 4867 1310 4906 non
1342 4848 1564 4922 poterit.
2029 4848 2511 4928 'l‘utet'ab77e7terno
2545 4848 2684 4901 Deus
2714 4848 3184 4928 hun7c7miseratus
3212 4849 3448 4912 Averno,

302 4921 414 4999 Sic_
429 4922 532 4975 nisi
574 4915 760 4978 nostra
785 4915 912 4999 caro
939 4923 1134 4978 mortis
1163 4915 1417 4999 tangatur
1438 4937 1644 4999 amaro.
2029 4921 2365 4999 Detquesibi
2391 4935 2622 4999 regnum
2651 4917 2838 4999 celesti
2871 4917 3079 4999 lumine
3099 4915 3327 4999 plenum

381 4993 716 5070 Percurreps
739 4994 1114 5070 stadium7non
1135 4993 1332 5070 recipit
1360 4993 1627 5070 brevium.
2026 4995 2188 5070 yirgo
2224 4993 2316 5046 Dei
2340 4998 2530 5070 mater,
2549 5006 2617 5043 ne
2649 4993 3081 5070 spiritusatterat
3112 4997 3247 5070 ater,

304 5063 452 5136 Ergo
468 5063 609 5136 scire
639 5064 820 5128 datur,
844 5065 992 5136 quod
1025 5081 1135 5120 non
1160 5060 1320 5120 decet
1338 5071 1400 5118 ut
1419 5065 1690 5136 doleatur.
1904 5135 1916 5136 7
2000 5060 2268 5136 Obtineat
2284 5063 2534 5136 rugitans
2562 5077 2792 5132 regnum
2822 5060 3400 5136 si_hi7lumini7s_7optans

303 5126 736 5218 “‘"virauid'zm
786 5126 984 5218 ίέιός-
1015 5136 1325 5218 ipxisilaas
1371 5136 1566 5216 ἀεξειιηι
1607 5135 1716 5218 ,ξελο
1873 5135 2136 5218 Magister.
2166 5166 2229 5175 -
2261 5126 2568 5218 τιοέδτίιίη.
2599 5126 2797 5218 resuta
2841 5132 3110 5218 βοδςτεειε
3136 5130 3208 5218 ῗ⁷⁹
3242 5126 3557 5218 Ἒίίτέἓίίῗὲξ

304 5197 840 5281 emendavitdesunt
866 5207 959 5262 8b.
991 5207 1060 5242 53°
1082 5197 1228 5263 Obiit
1285 5206 1547 5261 Henricus
1605 5197 2268 5281 Filgeriarumwdominus,
2329 5206 2382 5260 in
2442 5203 2694 5259 tecclesia
2733 5202 3009 5274 Savigncii
3048 5203 3222 5256 factus
3258 5197 3562 5252 monachus

231 5277 371 5332 add.
404 5277 460 5330 2.

1795 5347 2000 5404 NOTIE.

305 5437 454 5512 (600)
611 5453 776 5512 supra
809 5439 892 5494 col
932 5439 1058 5505 285,
1088 5439 1212 5512 375.
1304 5511 1311 5512 7
1506 5511 1516 5512 7
1622 5511 1628 5512 7
1826 5511 1832 5512 7
1986 5436 2185 5512 “((3047)
2215 5438 2379 5512 Anno
2431 5437 2610 5512 gfatie
2665 5433 2856 5512 ii«i9,7
2887 5427 3247 5512 meit§e7Mr7¢io
3276 5429 3564 5512 mcdian7tr,

309 5501 458 5584 i691)
493 5501 861 5584 (1f.7__Savigny
901 5501 1094 5565 Gesch.
1157 5511 1256 5565 des
1302 5511 1459 5566 Rom.
1505 5511 1707 5566 Rcchts
1773 5511 1856 5578 ιν,
1970 5501 2911 5584 dicittierva7sius7Durobernensis.
2956 5502 3089 5555 illud
3119 5505 3210 5583 pio
3243 5502 3440 5584 mensis
3471 5501 3568 5584 Ja-

236 5598 287 5636 c.
319 5568 648 5652 36,351.
751 5568 785 5584 υ
828 5568 846 5582 ’
1843 5568 1854 5578 ’
1966 5582 2174 5655 antarii.
2209 5578 2342 5633 dicit
2398 5577 2686 5655 Gervasius
2741 5568 3199 5655 [JOPUl)ct'nt?nSi§,
3253 5568 3568 5655 tamunde:

497 5650 1021 5708 Montreuil-Bellai.
1967 5650 2114 5704 bium
2149 5665 2257 5705 non
2287 5656 2390 5716 est,
2455 5647 2747 5702 llenrirum
2802 5661 2950 5700 arma
2989 5639 3273 5718 accepisse
3313 5659 3360 5696 τι.
3407 5639 3566 5694 1119.

316 5721 463 5790 ’603)
500 5721 771 5777 Gerardus
797 5723 865 5778 de
909 5723 1098 5778 Berlai.
