3930 6068
329 368 432 420 467

486 505 841 548 ROMANOBUM.
991 507 1331 549 FRANCORUM.
1480 512 1511 549 Α
1526 510 1796 550 NGLORUM.

327 583 548 640 mannie
570 581 886 651 Gaufridus,
947 584 1067 640 Jam
1110 601 1256 641 anno
1284 586 1547 658 preterito
1578 587 1722 657 (605)
1758 586 1949 642 Henri—

322 693 418 733 cus
444 676 589 731 filius
620 676 779 732 ducis
808 677 877 732 de
906 678 1097 750 Anglia
1129 678 1387 745 redierat,
1419 685 1474 734 et
1499 686 1655 750 pater
1674 695 1809 735 suus
1829 679 1948 735 red-

323 768 536 823 diderat
558 768 609 823 ei
644 767 1002 823 hereditatem
1046 784 1201 823 suam
1229 784 1293 824 ex
1316 778 1472 839 parte
1506 769 1945 833 matris,sci|icet

325 856 584 911 ducatum
632 856 985 914 Normannie.
1036 857 1193 911 Facta
1257 857 1445 929 itaque
1472 857 1751 913 discordia
1802 858 1944 913 inter

323 964 510 1023 regem
542 954 597 1004 et
634 948 916 1015 comitem,
938 948 1089 1003 venit
1118 964 1208 1003 rex
1241 964 1363 1004 cum
1399 966 1599 1024 magna
1631 949 1860 1015 milicia,
1890 955 1944 1004 et

322 1037 648 1093 Eustachius
674 1035 821 1092 ﬁlius
850 1037 995 1110 regis
1024 1037 1286 1109 Stephani
1316 1054 1440 1093 cum
1469 1055 1536 1094 eo
1568 1039 1622 1093 in
1671 1039 1942 1093 Norman-

322 1129 467 1183 niam
500 1135 628 1183 ante
659 1129 943 1183 castellum
977 1129 1198 1184 Archas.
1230 1128 1395 1184 Affuit
1426 1129 1636 1185 ibidem
1680 1130 1945 1186 Henricus

321 1226 546 1275 econtra
574 1220 682 1274 dux
723 1219 1182 1287 Normannorum,
1225 1236 1349 1275 cum
1409 1221 1719 1276 admirabili
1784 1237 1947 1276 exer-

320 1311 430 1367 citu
485 1312 946 1379 Normannorum,
1026 1313 1528 1388 Andegavensium,
1612 1314 1944 1379 Britonum;

320 1404 421 1460 sed
447 1405 724 1476 principes
753 1405 1027 1461 exercitus
1054 1406 1194 1477 ejus,
1228 1408 1323 1478 qui
1348 1407 1680 1463 maturiores
1704 1423 1771 1463 eo
1795 1412 1951 1462 erant

325 1501 378 1548 et
410 1496 642 1552 consilio
670 1504 727 1553 et
764 1503 927 1563 etate,
957 1513 1068 1553 non
1114 1498 1505 1569 permiserunt,
1547 1508 1606 1555 ut
1662 1515 1787 1555 cum
1820 1515 1948 1572 rege

326 1582 552 1639 domino
610 1600 711 1640 suo
765 1584 1217 1660 congrederetur,
1272 1586 1378 1640 nisi
1433 1586 1670 1658 amplius
1710 1586 1862 1642 illum
1897 1586 1951 1641 in

325 1672 511 1744 aliquo
543 1689 707 1744 quam
724 1670 891 1728 antea
920 1672 1524 1746 fecerat,0pprimeret.
1556 1675 1759 1730 Eodem
1783 1690 1948 1729 annoa

326 1765 491 1833 paulo
531 1772 678 1831 ante,
722 1764 867 1820 idem
937 1764 1048 1820 dux
1097 1767 1394 1823 obsederat
1448 1767 1736 1823 castellum
1758 1766 1951 1821 Torin-

326 1854 535 1920 nt-ium,
569 1853 664 1908 sed
697 1860 927 1923 prOpter
968 1854 1264 1908 adventum
1304 1854 1449 1925 regis
1487 1853 1691 1909 infecto
1725 1854 1949 1928 negotio

328 1943 657 1999 discesserat
690 1962 703 1998 :
736 1944 1041 2000 combustis
1079 1950 1264 1999 tamen
1305 1944 1563 2000 domibus
1591 1943 1734 2000 infra
1764 1960 1949 2000 muros

327 2054 505 2110 usque
552 2037 621 2092 ad
675 2043 882 2093 turrem
916 2044 971 2092 et
1026 2054 1250 2108 parvum
1304 2038 1587 2093 castellum
1621 2038 1767 2094 circa
1795 2054 1941 2094 eam.

327 2127 619 2184 Gaufridus
650 2144 835 2184 comes
893 2128 1309 2203 Andegavensis
1347 2129 1497 2199 cepit
1558 2128 1841 2184 castellum
1873 2128 1941 2183 de

326 2222 481 2276 Nube
514 2238 682 2292 super
714 2219 1008 2276 llobertum
1050 2220 1307 2275 comitem
1367 2220 1761 2285 Perticensem,
1794 2220 1942 2293 quod

325 2327 471 2368 anno
502 2311 764 2382 preterito
798 2310 1119 2381 perdiderat
1141 2327 1242 2382 per
1291 2311 1642 2367 traditionem
1675 2311 1956 2367 Jobannes

330 2404 475 2459 ﬁlius
494 2403 764 2457 Willermi
794 2402 1041 2457 Talevaz.
1097 2401 1251 2457 Unde
1300 2419 1395 2457 rex
1425 2402 1742 2459 Ludovicus
1782 2402 1958 2461 iratus

329 2501 385 2547 et
414 2490 687 2545 Hobertus
707 2489 876 2545 frater
907 2491 1046 2561 ejus,
1081 2496 1421 2566 congregato
1448 2492 1658 2566 ingenti
1689 2492 1957 2569 exercitu,

326 2586 602 2637 venerunt
626 2597 804 2651 usque
843 2580 1064 2655 Sagium
1094 2582 1375 2638 civitatem
1406 2583 1676 2638 Willermi
1708 2583 1955 2640 Talevaz.

324 2681 380 2730 et
409 2689 531 2729 eam
566 2675 987 2730 combuxerunt.
1041 2677 1243 2731 lterum
1293 2694 1390 2732 rex
1447 2677 1759 2734 Ludovicus
1813 2694 1945 2734 con-

323 2782 562 2842 gregans
586 2766 885 2821 exercitum
944 2765 1012 2821 de
1048 2766 1198 2822 omni
1250 2774 1521 2839 potestate
1564 2785 1686 2833 sua,
1753 2784 1946 2824 mense

326 2854 550 2930 Augusti
598 2853 728 2910 fecit
776 2855 928 2910 illum
959 2855 1161 2911 deduci
1220 2872 1389 2927 super
1439 2856 1614 2927 ripam
1666 2858 1943 2929 Sequane,

324 2946 469 3001 inter
505 2945 823 3003 Mellentum
891 2953 946 3003 et
999 2946 1306 3001 Mcdantam
1375 2946 1542 3019 (606).
1601 2949 1676 3004 Ne
1715 2950 1947 3023 segnius

325 3033 617 3089 Gaufridus
661 3050 847 3090 comes
899 3035 1313 3107 Andegavensis
1363 3043 1418 3092 et
1472 3037 1740 3093 Henricus
1799 3037 1946 3094 filius

326 3128 466 3197 ejus,
493 3128 606 3199 ,dux
656 3128 1009 3195 Normannie,
1074 3145 1203 3184 suas
1240 3138 1488 3186 catervas
1515 3132 1853 3197 ordinantes,
1886 3132 1941 3187 in

325 3215 574 3288 margine
604 3215 835 3271 ducatus
864 3216 1198 3273 Normannie
1235 3234 1334 3273 sua
1351 3216 1637 3274 defensuri
1670 3220 1944 3275 consede-

329 3309 474 3358 runt.
510 3304 758 3370 Interim,
788 3306 953 3361 credo
993 3306 1356 3378 dispositione
1395 3307 1605 3375 divina,
1648 3324 1758 3381 que
1789 3309 1948 3364 vide-

328 3395 443 3463 bat,
486 3396 767 3471 negotium
794 3396 929 3452 illud
953 3413 1062 3454 non
1094 3414 1258 3470 posse
1290 3398 1435 3454 finiri
1466 3399 1587 3455 sine
1618 3400 1788 3455 multa
1809 3400 1946 3456 effu-

334 3488 491 3543 sione
517 3489 743 3545 humani
788 3490 1100 3565 sanguinis,
1150 3491 1195 3545 si
1223 3498 1454 3563 uterque
1492 3492 1764 3548 exercitus
1816 3493 1945 3549 hinc

334 3583 462 3638 inde
487 3584 827 3647 conveniret,
868 3601 959 3640 rex
1009 3584 1315 3641 Ludovicus
1369 3585 1424 3639 in
1455 3586 1675 3642 civitate
1707 3586 1946 3643 Parisius

333 3686 491 3734 acuta
514 3677 1046 3749 febreinterceptus,
1094 3679 1236 3735 lecto
1256 3679 1619 3749 prosternitur
1654 3682 1947 3752 (Aug.26).

333 3767 439 3822 Hac
470 3766 539 3820 de
568 3782 732 3822 causa
778 3767 1120 3836 sapientibus
1177 3769 1309 3823 viris
1367 3783 1432 3823 ac
1474 3768 1747 3844 religiosis
1778 3770 1950 3826 inter-

330 3859 702 3924 currentibus,
734 3875 800 3913 ex
822 3868 1056 3931 utraque
1105 3865 1256 3930 parte
1288 3862 1486 3917 dantur
1514 3871 1570 3917 et
1596 3864 1951 3935 accipiuntur

331 3951 578 4018 inducie,
606 3952 786 4007 donec
800 3969 893 4007 rex
915 3953 1344 4009 convalesceret.
1362 3954 1477 4020 Quo
1505 3957 1944 4025 convalescente,

331 4040 428 4095 Dei
476 4040 856 4096 misericordia
911 4044 1181 4097 serenitas
1224 4043 1378 4114 pacis
1436 4043 1696 4112 refulsit;
1731 4047 1946 4103 reddito

333 4129 566 4185 Geraldo
597 4128 793 4195 Berlai,
824 4146 922 4201 pro
986 4145 1095 4201 quo
1127 4131 1180 4184 in
1221 4132 1458 4188 maxima
1484 4140 1639 4204 parte
1670 4135 1949 4191 discordia

332 4224 467 4284 erat,
508 4225 711 4291 echge
750 4225 1065 4273 assumente
1096 4219 1403 4275 hominium
1439 4222 1658 4277 Henrici
1688 4223 1846 4279 ducis
1877 4224 1946 4279 de

332 4310 532 4364 ducatu
564 4309 916 4364 Normannie.
961 4309 1091 4365 Cum
1123 4309 1289 4383 igitur
1339 4327 1370 4365 a
1421 4312 1640 4369 civitate
1708 4314 1948 4371 Parisius

332 4403 585 4469 uterque,
611 4397 825 4453 scilicet
871 4405 1026 4469 pater
1050 4403 1103 4452 et
1133 4398 1303 4466 filius,
1330 4399 1425 4455 leti
1448 4400 1854 4471 discessissent,
1886 4412 1942 4458 et

333 4491 442 4548 dux
465 4492 743 4562 Henricus,
762 4493 1022 4564 jussisset
1074 4495 1399 4569 congregari
1429 4512 1623 4552 omnes
1650 4496 1942 4555 obtimates

333 4580 669 4636 Normannie
735 4580 881 4651 apud
951 4582 1214 4637 Luxovias
1277 4584 1330 4637 in
1393 4583 1533 4640 festo
1596 4586 1945 4643 exaltationis

336 4674 524 4724 sancte
553 4669 733 4724 crucis
768 4671 1016 4740 proxime
1058 4677 1313 4740 venturo,
1356 4673 1614 4744 quatinus
1646 4674 1715 4728 de
1746 4672 1944 4729 itinere

336 4775 437 4815 suo
493 4760 549 4814 in
610 4760 857 4834 Angliam
915 4778 1039 4816 cum
1089 4763 1170 4817 eis
1199 4765 1657 4836 tractaret:apud
1707 4772 1941 4821 castrum

340 4848 471 4903 Ledi
491 4847 634 4921 (607)
688 4855 844 4919 pater
872 4850 992 4918 ejus
1051 4851 1302 4922 pluribus
1355 4853 1557 4908 diebus
1604 4855 1756 4929 gravi
1788 4855 1944 4910 febre

336 4944 582 5005 vexatus,
621 4937 763 4992 viam
791 4938 1045 4995 universe
1076 4941 1257 4996 carnis
1313 4942 1591 5016 ingressus
1617 4952 1721 5013 est,
1753 4945 1785 4998 7
1819 4945 1949 5000 ldus

337 5026 702 5099 Septembris,
733 5027 816 5082 vir
842 5044 1042 5104 magne
1093 5030 1385 5101 probitatis
1421 5041 1477 5087 et
1511 5032 1802 5102 industrie,
1833 5034 1950 5090 suis

337 5118 623 5174 indefinite
679 5119 1045 5194 plangendus.
1105 5122 1201 5192 Hic
1247 5123 1400 5178 solus
1450 5124 1693 5180 omnium
1743 5132 1948 5181 morta-

337 5208 476 5263 lium
507 5208 650 5264 intra
667 5224 853 5265 muros
891 5210 1126 5265 civitatis
1167 5210 1529 5269 Cenomanice
1557 5214 1809 5284 sepultus
1842 5222 1944 5282 est;

337 5300 593 5356 conditus
648 5307 731 5356 est
784 5301 930 5355 enim
975 5300 1030 5355 in
1081 5301 1314 5358 ecclesia
1343 5304 1517 5359 sancti
1566 5304 1792 5373 Juliani,
1822 5313 1949 5362 ante

340 5388 679 5445 cruciﬁxum.

1547 368 1889 423 SIGEBEBTI
1931 367 2440 424 GEMBLACENSIS.

1974 502 2027 569 Α
2121 500 2258 553 Huic
2287 500 2426 553 Deus
2452 500 2695 569 etemum
2720 495 2927 551 tribuat
2951 494 3299 551 conscendere
3326 509 3567 563 regnum.

1981 1809 2029 1876 Β

3561 367 3666 421 468

2122 569 2394 635 Quatinus
2425 568 2690 636 angelicis
2715 569 2911 622 turmis
2932 570 3224 636 conregnet
3250 582 3311 620 in
3339 581 3516 621 cuum.

2120 673 2216 728 Hic
2253 679 2379 728 ante
2405 677 2636 728 mortem
2675 672 2909 727 Henrico
2931 671 3058 727 duci
3085 671 3441 738 Normannie,
3467 670 3670 743 primo-

2045 763 2232 836 genito
2277 779 2399 830 suo,
2453 764 2729 820 concessit
2778 762 3095 818 comitatum
3165 762 3665 836 Andegavensem;

2044 851 2300 907 Gaufrido
2334 868 2465 907 vero
2509 852 2756 907 secundo
2813 851 2924 906 filio
2971 851 3125 906 dedit
3155 857 3396 922 quatuor
3416 851 3661 905 castella.

2046 944 2246 998 Eodem
2279 958 2424 998 anno
2479 953 2731 998 mortuus
2788 940 2968 997 fuerat
2998 940 3252 1014 Sigerius
3282 939 3454 995 abbas
3483 941 3666 996 Sancti

2045 1031 2277 1086 Dionisii
2330 1031 2512 1102 (1152,
2568 1033 2692 1086 Jan.
2755 1030 2861 1097 13),
2916 1029 3012 1101 qui
3081 1029 3230 1084 idem
3270 1029 3668 1086 monasterium

2047 1123 2408 1192 ornamentis,
2466 1122 2916 1194 possessionibus
2984 1128 3039 1176 et
3080 1120 3317 1177 adiﬁciis
3370 1121 3666 1193 plurimum

2048 1222 2291 1270 auxerat.
2348 1215 2623 1271 Successit
2674 1215 2726 1270 ei
2766 1214 2881 1270 Odo
2913 1215 3220 1269 monachus
3251 1215 3505 1284 ejusdem
3536 1213 3666 1281 loci,

2049 1305 2144 1377 qui
2171 1321 2318 1361 anno
2345 1306 2617 1378 preterito
2648 1303 2826 1360 fuerat
2852 1304 3025 1359 abbas
3054 1304 3386 1359 constitutus
3415 1303 3470 1357 in
3493 1303 3667 1359 eccle-

2051 1398 2132 1452 sia
2156 1397 2502 1470 Compendii,
2546 1398 2769 1471 quando
2827 1414 2919 1452 rex
2980 1397 3281 1452 monachos
3314 1396 3499 1451 Sancti
3531 1396 3666 1451 Dio-

2052 1488 2178 1543 nisii
2207 1488 2411 1543 ibidem
2442 1494 2722 1559 posuerat.
2750 1486 2996 1542 Decessit
3021 1486 3185 1540 etiam
3214 1485 3670 1558 Algarusepisco-

2056 1594 2158 1647 pus
2203 1576 2658 1643 Constantiensis,
2722 1577 2806 1632 vir
2854 1576 3152 1632 admodum
3218 1575 3528 1648 religiosus,
3574 1576 3669 1647 qui

2055 1666 2351 1721 canonicos
2399 1666 2679 1736 regulares
2729 1666 2917 1737 posuit
2948 1666 3003 1719 in
3036 1665 3272 1720 ecclesia
3295 1664 3470 1719 sancti
3501 1663 3669 1718 Laudi

2054 1757 2123 1810 de
2152 1756 2489 1824 Constantia,
2519 1764 2573 1812 et
2623 1758 2679 1810 in
2718 1756 2952 1812 ecclesia
3010 1756 3183 1811 sancti
3241 1755 3411 1810 Laudi
3468 1755 3670 1810 Rotho-

2052 1852 2350 1924 magensis,
2382 1862 2437 1908 et
2480 1853 2535 1907 in
2576 1852 2812 1908 ecclesia
2866 1853 2936 1908 de
2960 1852 3376 1924 Cesarisburgo.
3411 1851 3505 1906 Cui
3545 1867 3672 1907 suc-

2049 1942 2217 1996 cessit
2258 1941 2524 1997 Ricardus
2572 1942 2818 1998 decanus
2889 1942 3222 2011 Bajoccnsis.
3280 1941 3471 1995 Fames
3527 1956 3670 2011 pene

2049 2032 2293 2088 inaudita
2321 2042 2570 2105 tempore
2610 2033 2896 2105 preterito,
2951 2032 3277 2102 mortalitas,
3316 2048 3472 2087 sacer
3502 2031 3667 2106 ignis,

2043 2123 2342 2179 humanum
2400 2140 2576 2197 genus
2654 2124 2887 2179 maxime
2942 2124 3304 2195 pauperiores
3370 2123 3668 2179 admodum

2042 2223 2217 2272 vexat.
2281 2217 2340 2269 In
2392 2216 2632 2271 adventu
2699 2216 2914 2271 Domini
2976 2216 3388 2271 inundaverunt
3442 2215 3672 2270 ﬂumina

2055 2302 2199 2363 ultra
2235 2309 2477 2372 solitum,
2510 2310 2830 2380 dejicientia
2882 2318 3079 2381 pontes
3128 2310 3291 2365 etiam
3344 2309 3592 2380 lapideos
3618 2316 3674 2363 et

2059 2403 2254 2459 domos
2280 2404 2508 2459 vicinas.
2530 2403 2878 2459 Terremotus
2927 2403 3102 2459 factus
3143 2414 3227 2459 est
3252 2405 3309 2459 in
3338 2413 3500 2460 nocte
3521 2403 3674 2459 festi-

2058 2491 2243 2547 vitatis
2289 2492 2461 2547 sancti
2528 2491 2798 2548 Nicholai.
2868 2492 3134 2547 Henricus
3176 2492 3284 2547 dux
3340 2492 3673 2547 Normannie

2059 2590 2316 2655 receptus
2354 2591 2437 2640 est
2490 2584 2545 2639 in
2596 2600 2732 2655 pace
2771 2583 2840 2638 ab
2879 2576 3313 2659 Andegavcnsis,
3353 2583 3670 2639 fidelitatem

2047 2671 2155 2726 sibi
2190 2672 2520 2728 facientibus
2552 2690 2567 2740 ;
2600 2672 2757 2728 etsic
2785 2671 2961 2728 factus
2984 2670 3070 2727 'est
3092 2672 3203 2727 dux
3231 2673 3670 2728 Normanuorum

2049 2770 2101 2819 et
2130 2780 2316 2821 comes
2348 2764 2850 2839 Andegavensium.

2118 2857 2276 2912 1151.
2312 2857 2513 2929 [1152,]
2622 2858 2904 2914 Conradus
2952 2859 3030 2912 14.
3107 2856 3415 2913 Ludovicus
3470 2858 3557 2912 14.

2642 2947 2954 3017 Stephanus
2989 2946 3071 3001 16.

2117 3038 2288 3109 (Jan.)
2318 3039 2464 3095 Obiit
2483 3039 2821 3095 venerabilis
2838 3055 3028 3095 comes
3058 3038 3333 3094 Tebaldus
3358 3039 3654 3107 Blesensis,

2046 3146 2223 3202 nepos
2255 3130 2400 3203 regis
2450 3130 2665 3186 Henrici
2712 3138 2766 3185 et
2821 3129 2988 3185 frater
3041 3131 3307 3201 Stephani
3364 3130 3661 3204 Anglorum

2045 3220 2213 3293 regis,
2270 3219 2530 3291 princeps
2583 3236 2781 3294 magne
2838 3219 3143 3275 sanctitatis
3198 3226 3253 3274 et
3299 3220 3568 3294 largitatis
3608 3220 3665 3274 in

2048 3326 2341 3381 pauperes.
2374 3310 2510 3366 Huic
2549 3320 2935 3366 successerunt
2969 3316 3080 3365 tres
3108 3309 3208 3364 filii
3263 3311 3366 3365 sui.
3403 3310 3672 3365 Henricus

2048 3406 2450 3480 primogenitus
2527 3405 2720 3461 habuit
2788 3406 3105 3461 comitatum
3178 3404 3548 3460 Tricassinum
3616 3410 3674 3460 et

2049 3497 2526 3569 Campaniensem,
2593 3505 2649 3553 et
2704 3496 2968 3569 quicquid
3012 3503 3168 3567 pater
3219 3497 3342 3564 ejus
3398 3497 3671 3551 habuerat

2046 3596 2199 3645 trans
2223 3591 2537 3663 Sequanam
2568 3609 2581 3657 ;
2614 3589 2887 3645 Tebaldus
2939 3587 3084 3642 filius
3123 3588 3399 3644 secundus
3430 3588 3666 3644 comita-

2053 3689 2162 3737 tum
2189 3683 2605 3750 Carnotensem,
2666 3681 3005 3746 Blesensem,
3053 3696 3255 3754 pagum
3307 3681 3670 3745 Dunensem;

2049 3773 2362 3842 Stephanus
2393 3772 2598 3827 tercius
2652 3767 2799 3824 filius
2848 3770 3117 3824 honorem
3166 3768 3396 3823 Sincerii
3422 3768 3569 3839 (608)
3612 3767 3668 3823 in

2049 3879 2191 3937 pago
2225 3862 2570 3918 Bituricensi.
2592 3864 2773 3931 (Mart.
2808 3860 2917 3930 15.)
2941 3859 3142 3915 Eodem
3158 3876 3303 3916 anno
3341 3860 3481 3914 obiit
3514 3860 3656 3933 Con:

2050 3954 2213 4009 radus
2258 3955 2559 4025 imperator
2612 3954 3005 4017 Romanorum,
3050 3951 3144 4023 qui
3190 3957 3533 4008 successerat
3565 3951 3672 4007 Lo-

2048 4043 2247 4109 thario,
2308 4058 2482 4113 nepos
2523 4041 2743 4097 Henrici
2805 4041 2868 4095 ιν
2924 4040 3104 4095 mariti
3147 4040 3538 4112 imperatricis.
3577 4040 3673 4096 Hic

2051 4146 2333 4201 nunquam
2352 4128 2455 4183 fuit
2476 4129 2644 4184 Rome
2670 4136 3002 4192 coronatus;
3034 4127 3161 4184 ideo
3201 4143 3312 4183 non
3333 4134 3479 4184 recte
3515 4143 3677 4184 voca-

2051 4228 2137 4276 tur
2166 4221 2485 4291 imperator,
2504 4221 2601 4274 sed
2654 4236 2748 4274 rex
2779 4220 3205 4274 Allemanorum.
3244 4220 3379 4275 Huic
3404 4219 3672 4275 successit

2048 4309 2370 4365 Fredericus
2398 4325 2572 4380 nepos
2606 4310 2748 4379 ejus,
2780 4309 2887 4364 dux
2933 4309 3255 4364 Suevorum.
3292 4306 3493 4382 [1152.]
3541 4307 3670 4363 Orta

2049 4400 2325 4454 simultate
2365 4398 2510 4454 inter
2567 4415 2751 4473 regem
2800 4398 3130 4454 Francorum
3200 4397 3538 4453 Ludovicum
3603 4404 3661 4452 et

2046 4503 2268 4543 uxorem
2301 4487 2813 4562 cjus,congregatis
2850 4486 3130 4560 religiosis
3167 4486 3421 4556 personis
3444 4487 3501 4540 in
3531 4501 3675 4557 qua-

2047 4582 2356 4655 dragesima
2409 4583 2553 4654 apud
2633 4581 3062 4655 Balgenceium,
3146 4580 3274 4637 dato
3321 4586 3670 4636 sacramento

2045 4687 2228 4728 coram
2258 4670 2693 4741 archiepiscOpis
2752 4677 2807 4724 et
2858 4668 3156 4740 episcopis,
3207 4669 3355 4741 quod
3417 4684 3665 4724 consan-

2044 4762 2469 4835 guineiessent,
2501 4760 2740 4831 separati
2787 4765 2915 4815 sunt
2965 4760 3291 4816 auctoritate
3352 4753 3670 4814 christiani-

2044 4853 2189 4909 tatis.
2244 4853 2427 4922 (Mart.
2482 4851 2592 4921 18.)
2643 4851 2771 4906 Post
2824 4851 3070 4907 clausum
3124 4851 3331 4921 pascha
3400 4849 3669 4905 Henricus

2052 4945 2160 4998 dux
2199 4943 2640 4998 Normannorum
2684 4948 2740 4997 et
2800 4956 2986 4997 comes
3045 4940 3482 5014 Andegavensis,
3518 4939 3667 5010 apud

2052 5032 2316 5087 Luxovias
2354 5031 2707 5105 congregatis
2749 5031 3045 5086 comitibus
3083 5028 3419 5084 Normannie
3449 5037 3505 5084 et
3544 5028 3670 5083 aliis

2049 5123 2405 5195 primoribus,
2429 5123 2500 5179 de
2521 5122 2719 5179 itinere
2748 5138 2850 5179 suo
2893 5123 2950 5177 in
2984 5121 3232 5196 Angliam
3273 5137 3394 5177 cum
3426 5119 3534 5174 illis
3559 5126 3673 5174 tra-

2049 5216 2231 5271 ctavit.
2254 5215 2490 5270 Venerat
2526 5215 2674 5270 enim
2718 5215 2776 5270 in
2830 5212 3262 5286 quadragesima
3292 5227 3391 5283 pro
3424 5226 3491 5267 eo
3525 5210 3660 5266 Bai-

2052 5305 2251 5361 naldus
2277 5304 2580 5360 avunculus
2603 5304 2748 5373 ejus,
2787 5318 2975 5360 comes
3004 5301 3300 5358 Cornubie.
3338 5301 3493 5356 Circa
3518 5316 3667 5373 peu-

2049 5404 2296 5453 tecosten
2343 5396 2609 5452 Henricus
2655 5396 2763 5450 dux
2819 5393 3178 5463 Normannie,
3220 5394 3336 5452 sive
3375 5392 3669 5466 repentino

1904 5504 2112 5561 NOTAE.

417 5596 757 5675 (605)34nno
796 5603 969 5675 gfatie
1023 5600 1290 5675 _1l50....,‘
1324 5605 1385 5657 in
1432 5605 1710 5675 principio
1747 5608 1947 5662 mensis

344 5671 621 5734 Januarii,
653 5670 786 5726 dicit
814 5671 1107 5730 Gervasius
1135 5670 1593 5730 Dorobernénsis.

420 5739 559 5811 (606)
594 5740 820 5799 Mantes.

2131 5607 2273 5676 (607)
2307 5606 2674 5661 St.-Germain
2703 5604 2960 5676 eniLaye.

2132 5675 2281 5748 (608)
2312 5678 2576 5733 Sancerre
2631 5675 2822 5740 BOUQ.
