3930 6068
305 351 413 406 469

439 488 804 530 ιοκικοκυι.

297 567 412 622 sive
450 564 823 638 premeditato
883 564 1139 634 consilio,
1197 565 1351 622 duxit
1397 565 1620 622 Atienor
1675 563 1917 620 comitis-

291 675 410 716 sam
441 659 842 728 Pictavensem,
871 675 1037 732 quam
1090 659 1255 732 paulo
1295 667 1425 716 ante
1473 675 1566 716 rex
1607 658 1915 715 Ludovicus

293 755 523 822 propter
545 747 1083 824 consanguiniratem
1113 748 1416 805 dimiserat.
1445 747 1564 815 Quo
1603 747 1790 803 audito
1823 762 1914 803 rex

297 836 604 893 Ludovicus
669 845 980 893 commotus
1018 845 1104 892 est
1140 843 1330 893 contra
1379 835 1622 892 eundem
1687 836 1906 891 ducem.

295 927 544 984 Habebat
567 928 716 984 enim
745 927 885 984 duas
922 927 1063 998 filias
1091 928 1162 984 de
1187 945 1274 996 ea,
1317 935 1371 984 et
1400 927 1528 984 ideo
1569 928 1816 996 nolebat,
1856 935 1916 983 ut

293 1018 364 1074 ab
416 1019 601 1092 aliquo
652 1019 744 1075 illa
795 1017 939 1074 ﬁlios
971 1018 1268 1090 exciperet,
1311 1017 1459 1073 unde
1501 1017 1750 1088 predicte
1803 1015 1914 1074 filie

293 1125 395 1166 sue
412 1111 942 1167 exhereditarentur.
967 1111 1098 1165 Post
1121 1109 1476 1165 festivitatem
1509 1108 1685 1165 sancti
1715 1109 1923 1165 Johan-

293 1201 382 1256 nis
403 1217 526 1256 cum
542 1201 652 1257 dux
675 1201 940 1256 Henricus
969 1209 1116 1256 esset
1144 1201 1290 1272 apud
1323 1199 1730 1256 Barbefluvium
1751 1199 1910 1269 (609),

293 1299 348 1347 et
403 1292 570 1348 vellet
619 1292 854 1348 transire
898 1293 952 1346 in
1005 1291 1255 1367 Angliam
1307 1308 1432 1348 cum
1481 1307 1649 1346 manu
1681 1297 1910 1358 armata,

291 1388 671 1438 convenerunt
717 1381 774 1436 in
832 1397 1001 1437 unum
1061 1381 1369 1438 Ludovicus
1415 1397 1510 1436 rex
1555 1379 1909 1446 Francorum,

289 1469 617 1526 Eustachius
636 1469 780 1526 ﬁlius
810 1470 1076 1542 Stephani
1111 1469 1258 1545 regis
1279 1469 1602 1544 Anglorum,
1638 1467 1912 1526 Robertus

288 1576 479 1618 comes
520 1561 871 1629 Perticensis,
927 1561 1191 1617 Henricus
1241 1577 1430 1617 comes
1468 1559 1908 1632 Campanicnsis,

289 1649 438 1705 ﬁlius
461 1650 727 1706 Thebaldi
757 1650 993 1716 comitis,
1027 1649 1320 1705 Gaufridus
1353 1649 1517 1705 etiam
1559 1649 1728 1705 frater
1752 1649 1908 1706 ducis

295 1741 650 1808 Normaunie,
683 1750 743 1798 ut
768 1743 818 1798 ei
846 1743 1178 1798 Normannie
1198 1751 1252 1796 et
1281 1741 1562 1816 Andegavi
1589 1741 1906 1798 comitatum

293 1837 350 1886 et
379 1829 634 1886 ducatum
674 1829 990 1902 Aquitanie,
1024 1845 1188 1901 quem
1227 1844 1350 1885 cum
1394 1843 1563 1884 uxore
1607 1845 1709 1884 sua
1751 1845 1910 1885 acce-

293 1932 472 1998 perat,
503 1925 672 1982 immo
693 1932 748 1981 et
775 1940 998 1981 omnem
1020 1931 1218 1979 terram
1245 1939 1402 1978 suam
1425 1921 1906 1994 auferrent,quam

290 2014 457 2070 etiam
479 2013 622 2070 inter
647 2027 706 2068 se
733 2013 786 2068 hi
808 2013 1053 2085 quinque
1083 2012 1408 2068 diviserunt.
1441 2011 1550 2067 Hac
1577 2027 1633 2066 re
1663 2012 1904 2086 cognita,

287 2109 480 2166 audita
496 2109 663 2164 etiam
677 2107 973 2164 obsidione
1003 2107 1368 2164 Novimercati
1400 2107 1564 2179 (610),
1591 2107 1686 2162 ubi
1715 2121 1909 2164 omnes

291 2194 527 2265 predicti
574 2195 857 2266 principes
911 2205 1313 2263 convenerant,
1363 2204 1596 2268 excepto
1649 2195 1907 2253 Gautrido

289 2283 459 2340 fratre
502 2299 626 2351 suo,
657 2284 754 2356 qui
794 2299 919 2339 cum
971 2284 1028 2338 in
1066 2284 1449 2359 Andegaveusi
1489 2292 1748 2340 comitatu
1809 2301 1908 2356 pro

291 2387 454 2442 posse
502 2373 829 2447 impugnare
870 2373 1130 2440 debebat,
1183 2372 1242 2428 t7
1279 2372 1506 2428 Kalend.
1542 2373 1769 2447 Augusti
1800 2373 1909 2428 dux

289 2461 556 2516 Henricus
587 2462 816 2516 recessit
841 2477 874 2516 a
903 2460 1270 2524 Barbeﬂuvio,
1303 2461 1531 2518 castello
1562 2460 1777 2516 scilicet
1803 2477 1904 2532 pro

286 2548 500 2603 viribus
537 2549 909 2604 subventurus
953 2549 1205 2604 obsesso.
1241 2549 1303 2604 in
1345 2548 1468 2620 ipsa
1516 2556 1677 2604 nocte
1725 2548 1905 2623 fulgor

288 2638 515 2706 nimius,
547 2646 600 2695 et
639 2647 831 2711 postea
859 2641 1016 2712 quasi
1054 2639 1262 2696 draeho
1303 2641 1500 2714 ingens
1531 2639 1678 2696 visus
1717 2648 1798 2695 est
1846 2641 1901 2696 in

287 2727 410 2782 celo
434 2727 747 2784 discurrere
773 2728 840 2784 ab
881 2729 1171 2784 occidente
1231 2729 1288 2783 in
1333 2729 1622 2784 orientem.
1677 2729 1899 2784 interim

286 2814 420 2869 dum
457 2815 564 2869 dux
623 2819 906 2889 ingentem
959 2816 1262 2872 exercitum
1314 2819 1617 2872 electorum
1670 2817 1901 2874 militum

951 489 1292 530 FRANCOHUM.
1443 489 1749 530 ANGLOBUM.

1165 345 1511 403 CHRONICA.
1553 375 1623 386 -—-
1660 343 2040 400 AUCTARIUM
2086 339 2366 396 ROBERTI
2407 339 2489 393 DE
2529 337 2773 393 MONTE.

1939 1784 1985 1850 Β
2011 1784 2089 1876 ibi

3529 331 3636 390 470

1940 477 1989 542 Α
2019 485 2179 525 mane
2209 467 2446 524 ecclesie
2469 465 2806 521 cardinalem
2831 463 3222 534 presbiterum,
3267 469 3634 534 cognomento

2019 561 2244 631 Paparo,
2279 557 2577 614 destinavit
2603 557 2846 630 legatum
2879 555 2934 608 in
2971 553 3282 609 Hiberniam
3319 554 3482 623 (611),
3509 569 3633 609 cum

2016 663 2253 726 quatuor
2285 651 2485 722 palliis,
2516 664 2746 721 quorum
2777 663 2946 702 unum
2983 646 3134 702 dedit
3161 647 3428 718 episcopo
3457 646 3636 700 Dune-

2015 743 2148 808 line,
2196 751 2250 799 et
2281 743 2384 797 tria
2428 742 2634 813 reliqua
2664 739 2842 795 tribus
2885 738 3008 792 aliis
3060 737 3338 808 episcOpis
3383 737 3634 806 ejusdem

2013 837 2191 892 insule
2211 855 2225 903 ;
2249 836 2554 908 subjiciens
2582 833 2884 905 unicuique
2917 848 3137 898 eorum,
3168 831 3262 903 qui
3289 831 3453 902 pallia
3483 847 3638 887 acce-

2015 936 2240 1000 perunt,
2273 927 2520 1000 quinque
2551 926 2690 982 alios
2724 925 3020 996 episc0pos
3085 923 3150 978 Et
3192 924 3297 978 hoc
3322 921 3522 977 factum
3555 927 3638 977 est

2021 1027 2209 1075 contra
2271 1019 2728 1074 consuetudinem
2793 1017 3143 1088 antiquorum
3202 1022 3258 1070 et
3315 1013 3634 1088 dignitatem

2022 1109 2431 1164 Cantuariensis
2491 1107 2748 1172 ecclesie,
2803 1121 2834 1160 a
2909 1119 3017 1176 quo
3066 1103 3320 1159 solebant
3389 1101 3637 1172 episcopi

2027 1203 2282 1258 Hibernic
2314 1209 2574 1272 expetere
2613 1208 2672 1255 et
2713 1201 2964 1270 accipere
3004 1197 3436 1254 consecrationis
3466 1197 3638 1251 bene-

2015 1297 2332 1352 dictionem.
2382 1299 2560 1359 tMart.
2596 1294 2671 1368 3.)
2703 1295 2906 1350 Eodem
2937 1311 3080 1350 anno
3137 1302 3348 1349 mortua
3380 1300 3466 1348 est
3516 1292 3635 1346 Ma-

2015 1382 2166 1436 tildis
2195 1398 2333 1438 uxor
2379 1385 2642 1454 Stephani
2693 1383 2840 1458 regis
2874 1383 3172 1458 Anglorum
3207 1383 3296 1434 ⁵⁸³.
3352 1382 3637 1438 Johannes

2015 1472 2316 1526 monachus
2347 1471 2630 1545 Sagiensis
2661 1472 2720 1526 tit
2772 1471 3052 1545 secundus
3104 1471 3400 1542 episcopus
3454 1469 3636 1524 insule

2014 1559 2155 1626 Man,
2187 1576 2291 1630 que
2327 1567 2411 1616 est
2451 1561 2599 1616 inter
2647 1560 2890 1632 Angliam
2920 1568 2974 1614 et
3027 1559 3363 1626 Hiberniam,
3399 1559 3634 1630 prepin-

2011 1646 2172 1718 quior
2202 1656 2384 1702 tamen
2410 1649 2621 1720 Anglic,
2653 1665 2816 1720 quam
2838 1647 3136 1711 Hibernic;
3171 1648 3318 1702 unde
3350 1647 3636 1715 etepisco-

2011 1751 2114 1806 pus
2133 1736 2254 1803 ejus
2285 1737 2532 1807 subjacet
2563 1737 2982 1805 archiepiscopo
3023 1734 3378 1790 Eboracensi.
3421 1734 3635 1788 Primus

2143 1823 2320 1878 fuerat
2360 1825 2656 1896 episcopus
2711 1824 3040 1879 Wimundus
3105 1823 3412 1878 monachus
3478 1822 3634 1876 Savi-

2009 1914 2246 1981 niensis;
2296 1913 2391 1969 sed
2443 1925 2667 1986 pr0pter
2722 1915 3104 1970 crudelitatem
3159 1931 3315 1969 suam
3369 1914 3633 1984 expulsus

2008 2003 2113 2060 fuit
2135 2011 2188 2060 et
2209 2005 2452 2076 privatus
2466 2005 2658 2059 oculis.
2691 2003 2936 2060 Mortuus
2955 2012 3042 2060 est
3065 2005 3379 2058 Willermus
3405 2004 3629 2073 episco-

2010 2110 2113 2164 pus
2137 2093 2408 2148 Dunelmi.
2441 2093 2682 2148 Mortuus
2730 2099 2812 2146 est
2860 2093 3026 2148 etiam
3083 2091 3344 2146 Radulfus
3375 2093 3442 2146 de
3499 2093 3633 2146 Par-

2009 2198 2166 2249 rona,
2199 2197 2386 2238 comes
2435 2180 2913 2246 Viromandorum,
2963 2181 3284 2250 relinquens
3341 2180 3625 2250 parvulum

2009 2270 2186 2326 ﬁlium
2216 2271 2442 2326 nomine
2473 2270 2780 2344 llugonem,
2817 2277 2872 2324 et
2910 2285 3075 2324 unam
3109 2268 3277 2322 filiam
3318 2266 3419 2321 sub
3461 2266 3631 2320 tutela

2011 2367 2302 2422 Galeranni
2327 2367 2544 2422 comitis
2575 2365 2834 2432 Mellenti,
2863 2365 3083 2436 nepotis
3111 2364 3216 2418 sui.
3252 2363 3359 2418 Hos
3389 2361 3630 2416 infantes

2008 2470 2326 2532 susceperat
2357 2478 2420 2515 ex
2442 2476 2610 2516 uxore
2638 2477 2735 2514 sua
2765 2460 3005 2529 juniore,
3033 2457 3146 2513 filia
3173 2457 3439 2512 Willermi
3472 2456 3630 2512 ducis

2006 2553 2420 2624 Aquitanorum.
2457 2551 2878 2624 Primogenitam
2922 2566 3161 2621 namque
3193 2549 3503 2603 Ludovicus
3533 2565 3627 2602 rex

2009 2645 2338 2699 Francorum
2367 2644 2616 2710 duxerat,
2646 2660 2714 2698 ex
2741 2659 2848 2714 qua
2887 2643 3082 2716 genuit
3111 2641 3250 2696 duas
3304 2639 3467 2696 filias.
3510 2639 3628 2695 Mo-

2009 2734 2144 2788 ritur
2171 2732 2565 2788 nichilominus
2600 2732 2866 2786 Henricus
2907 2729 3054 2785 ﬁlius
3099 2731 3264 2784 David
3305 2729 3452 2803 regis
3485 2730 3620 2784 Sco-

2009 2829 2204 2876 torum.
2247 2819 2474 2875 Moritur
2529 2827 2585 2875 et
2634 2820 2824 2891 junior
2869 2819 3184 2874 Willermus
3225 2818 3295 2872 de
3353 2817 3620 2882 Romana,

285 2913 342 2961 et
397 2907 644 2976 peditum
713 2909 1089 2975 contraheret,
1153 2909 1427 2964 redditum
1479 2916 1562 2965 est
1619 2909 1904 2965 castellum
2006 2912 2298 2984 superstite
2349 2913 2526 2968 adhuc
2585 2911 2869 2966 Willermo
2927 2917 3080 2983 patre
3123 2925 3256 2978 suo,
3301 2909 3626 2980 relinquens

284 2995 481 3084 fraude
509 2997 940 3062 observantium,
975 2997 1136 3069 quasi
1173 3007 1322 3054 esset
1374 3000 1425 3054 vi
1459 3006 1800 3071 prereptum.
1847 3000 1906 3054 Et
1942 3065 1983 3084 η
2009 3007 2148 3062 duos
2197 3007 2341 3064 ﬁlios
2399 3017 2556 3062 natos
2614 3024 2678 3060 ex
2729 3022 2922 3062 sorore
2973 3004 3242 3060 Willermi
3285 3003 3506 3060 comitis
3557 3003 3630 3058 de

287 3083 397 3138 dux
431 3085 716 3154 Henricus,
748 3103 916 3158 quem
965 3087 1130 3142 etiam
1176 3103 1372 3144 omnes
1424 3068 1541 3143 fere
1608 3068 1908 3144 Normanni

2018 3100 2334 3156 Albamarla.
2393 3099 2590 3172 [1151.]
2649 3100 2803 3154 Anno
2859 3098 3147 3170 superiore
3190 3097 3292 3150 fuit
3346 3094 3628 3150 vindemia

284 3175 675 3232 existimabant
703 3192 926 3233 omnem
969 3185 1170 3234 terram
1201 3195 1357 3234 suam
1395 3179 1448 3233 in
1489 3179 1644 3236 brevi
1681 3179 1912 3236 amissu-

287 3281 434 3332 rum,
457 3267 737 3337 sapienter
763 3283 823 3321 se
859 3267 1090 3335 habens,
1124 3284 1226 3324 sua
1285 3267 1518 3324 viriliter
1551 3268 1912 3325 defendendo

285 3357 358 3412 ab
395 3357 674 3424 omnibus,
703 3358 872 3413 etiam
911 3358 980 3414 ab
1032 3359 1274 3416 inimicis
1321 3359 1578 3416 laudatus
1607 3367 1708 3416 est.
1759 3359 1918 3416 Circa

286 3461 423 3502 vero
467 3445 632 3502 finem
675 3447 883 3504 mensis
921 3449 1150 3523 Augusti
1197 3449 1480 3504 collocatis
1517 3448 1796 3504 militibus
1845 3449 1916 3504 ad

288 3534 598 3592 custodiam
625 3537 980 3604 Normannie,
1001 3538 1123 3609 ipse
1139 3537 1196 3591 in
1211 3536 1664 3610 Andegavensem
1683 3535 1917 3591 comita-

289 3634 408 3683 tum
433 3644 688 3704 pergens,
709 3631 900 3686 tandiu
925 3629 1146 3686 fratrem
1168 3647 1329 3686 suum
1353 3630 1674 3686 Gaufridum
1704 3630 1916 3705 afﬂixit,

289 3719 473 3776 donec
487 3736 611 3804 cum
635 3735 702 3776 eo
725 3723 1089 3778 concordatus
1109 3730 1209 3778 est.
1237 3723 1372 3779 Inde
1399 3724 1544 3778 datis
1565 3723 1805 3778 induciis
1823 3723 1916 3778 in-

291 3823 377 3870 ter
400 3831 526 3870 eum
555 3823 609 3871 et
639 3833 848 3892 regem,
881 3819 1194 3890 preparavit
1238 3836 1298 3874 se
1329 3821 1400 3876 ad
1439 3818 1916 3876 trausfretandum

290 3910 350 3966 in
379 3909 669 3984 Angliam;
711 3911 770 3965 in
792 3928 910 3982 .qua
929 3928 987 3967 re
1017 3920 1199 3984 petest
1227 3913 1482 3970 admirari
1521 3913 1741 3968 audatia
1775 3913 1915 3984 ejus.

365 4000 570 4058 Eodem
627 4019 776 4060 anno
830 4004 1051 4060 cuidam
1101 4005 1158 4060 in
1225 4008 1420 4062 sonnis
1461 4005 1670 4060 dictum
1710 4011 1816 4068 est,
1861 4011 1920 4059 ut

289 4109 491 4149 manus
521 4111 648 4150 suas
676 4104 733 4151 et
763 4096 936 4168 pedes
966 4103 1264 4166 truncaret,
1311 4105 1369 4153 et
1396 4099 1476 4152 sic
1519 4097 1704 4152 salvus
1737 4095 1915 4154 fieret.

291 4185 394 4250 Qui
426 4185 557 4240 dum
589 4187 698 4242 hoc
730 4186 954 4254 faceret,
987 4189 1284 4260 eXpiravit.
1333 4189 1558 4245 Michael
1615 4189 1920 4244 monachus

293 4273 456 4328 Becci
488 4273 662 4330 factus
690 4281 774 4329 est
797 4275 974 4331 abbas
1005 4276 1244 4344 Prutelli,
1298 4277 1354 4332 in
1407 4276 1700 4332 festivitate
1745 4277 1918 4332 sancti

2013 3207 2132 3244 rara
2163 3197 2218 3246 et
2265 3189 2426 3244 valde
2457 3205 2602 3254 sera;
2657 3187 2804 3242 unde
2835 3195 2890 3242 et
2917 3188 3106 3241 vinum
3165 3184 3331 3238 nimis
3363 3201 3550 3239 rarum
3581 3191 3636 3239 et

2019 3282 2140 3336 duri
2186 3281 2398 3352 saporis
2429 3280 2528 3334 fuit
2559 3279 2726 3350 (612).
2771 3279 2881 3334 Hoc
2929 3286 3110 3333 autem
3151 3293 3296 3332 anno
3323 3276 3424 3331 fuit
3450 3277 3637 3331 vinde-

2020 3375 2128 3428 mia
2185 3379 2576 3444 temporanea;
2623 3371 2722 3426 sed
2782 3371 2968 3425 vinum
3039 3369 3222 3424 carius
3273 3384 3434 3440 quam
3489 3384 3635 3422 anno

2021 3461 2320 3533 pretcrito;
2372 3461 2580 3516 idcirco
2612 3460 2819 3514 ﬁebant
2876 3459 3039 3534 vulgo
3094 3457 3258 3512 etiam
3318 3457 3373 3510 in
3413 3456 3636 3511 Francia

2021 3551 2246 3606 taberne
2276 3549 2510 3606 cervisie
2553 3556 2606 3603 et
2645 3549 2920 3613 medonis,
2953 3547 3101 3619 quod
3152 3552 3340 3600 nostra
3368 3543 3636 3599 memoria

2021 3645 2078 3700 in
2121 3645 2402 3701 relroaetis
2444 3642 2786 3714 temporibus
2813 3656 2922 3696 non
2967 3639 3070 3695 fuit
3093 3639 3340 3694 auditum
3373 3637 3461 3690 ⁵⁸³.
3494 3637 3634 3692 Gau-

2019 3739 2192 3794 fridus
2223 3739 2401 3801 Artur,
2441 3736 2537 3808 qui
2587 3734 2940 3795 transtulerat
2969 3730 3254 3788 historiam
3285 3730 3356 3785 de
3411 3728 3636 3804 regibus

2022 3831 2302 3885 Britouum
2351 3827 2424 3882 de
2455 3825 2766 3882 Britannico
2816 3824 2873 3878 in
2905 3823 3180 3890 Latinum,
3231 3819 3291 3875 fit
3343 3820 3638 3892 episcopus

2019 3918 2203 3973 Sancti
2238 3917 2416 3988 Asaph
2467 3915 2520 3969 in
2580 3912 2882 3990 Norgnalis.
2941 3911 3080 3966 Sunt
3139 3911 3327 3982 itaque
3373 3909 3538 3964 hodie
3579 3909 3636 3963 in

2021 4008 2210 4062 Gualia
2262 4016 2497 4079 quatuor
2547 4005 2919 4076 episcOpatus,
2972 4003 3027 4057 in
3082 4001 3276 4078 Anglia
3339 4000 3532 4056 decem
3583 4007 3640 4056 et

2019 4107 2254 4170 septem.
2277 4101 2335 4154 ln
2366 4104 2490 4154 octo
2514 4113 2706 4153 eorum
2753 4103 2880 4151 sunt
2905 4094 3159 4150 monachi
3216 4094 3272 4148 in
3304 4090 3637 4164 episcopali-

2021 4191 2125 4245 bus
2151 4190 2378 4245 sedibus
2407 4221 2478 4229 —
2505 4189 2613 4244 hoc
2658 4190 2714 4242 in
2763 4187 2884 4242 aliis
2910 4185 3212 4257 provinciis
3241 4192 3334 4238 aut
3363 4199 3634 4254 nusquam

2021 4287 2114 4333 aut
2163 4294 2282 4332 raro
2332 4277 2611 4342 invenies;
2661 4276 2759 4330 sed
2819 4275 2944 4330 ideo
2995 4273 3050 4327 in
3099 4272 3292 4348 Anglia
3335 4272 3631 4342 reperitur,

291 4367 505 4423 Thome
555 4369 791 4440 apostoli
847 4369 936 4425 δθί.
971 4371 1248 4444 Eugenius
1297 4389 1440 4444 papa
1468 4372 1772 4428 Johannem
1817 4373 1920 4428 Ro-
2021 4371 2149 4449 quia
2181 4369 2340 4442 primi
2375 4369 2749 4441 predicatores
2779 4369 3101 4440 Anglorum,
3125 4365 3335 4422 scilicet
3365 4365 3632 4436 Augusti-

1642 4469 1863 4524 VAHUE
1903 4468 2286 4526 LECTIONES.

371 4563 438 4598 ⁶⁸¹
466 4563 1336 4636 Μίοῇᾳθιέ-εροςιοιὶἀεειιηιὸι).
1355 4567 1426 4602 ⁶⁸²
1439 4567 1602 4624 Hic2.
1631 4570 1816 4626 addit:
1841 4570 1952 4626 Hoc
1979 4585 2125 4624 anno
2154 4568 2462 4624 institutum
2481 4571 2563 4620 est
2585 4566 2639 4620 in
2669 4561 2909 4635 capitulo
2923 4559 3630 4636 Cisterciensi,_nealiq_uam

296 4649 497 4688 novam
539 4631 991 4712 abbatiam'sine
1015 4637 1250 4712 consilio
1282 4645 1687 4712 construerent,
1729 4642 1858 4712 quia
1889 4656 2150 4712 numerus
2180 4654 2390 4712 earum,
2410 4707 2419 4712 _
2443 4652 2549 4712 que
2581 4631 3105 4712 const'ructmnerant
3133 4632 3208 4712 de
3259 4631 3371 4712 illo“
3411 4631 3627 4712 ordine,

295 4706 568 4781 usquead
597 4707 930 4781 quingentas
967 4706 1080 4762 fere
1113 4708 1363 4781 abbatias
1396 4701 1762 4781 processerat:
1795 4712 1920 4766 Post
1951 4711 2112 4778 hujus
2143 4711 2273 4763 anni
2299 4701 2599 4781 capitulum
2655 4706 2893 4781 domnus
2917 4704 3072 4781 Serlo
3103 4701 3296 4781 _abbas
3341 4703 3622 4774 Savigneii

299 4773 449 4850 apud
469 4773 885 4850 glara'mvallem
919 4779 1200 4850 remansit.
1236 4773 1420 4835 curam
1463 4781 1695 4834 abbatiee
1735 4796 1847 4835 sua:
1879 4773 2072 4836 volens
2097 4773 2433 4850 relinquere,
2457 4794 2522 4832 ex
2555 4778 2658 4850 hoc
2688 4776 2794 4850 sibi
2834 4782 2889 4829 et
2918 4773 3168 4850 ecclesia:
3193 4782 3396 4850 putans
3423 4773 3630 4850 consu-

293 4843 434 4901 lere.
468 4845 530 4900 Et
566 4847 694 4918 quia
723 4849 830 4902 hoc
868 4848 1078 4904 tamdiu
1117 4850 1530 4906 desideraverat
1566 4858 1620 4906 et
1647 4851 1961 4918 quaesierat,
1994 4860 2184 4918 utpote
2223 4843 2431 4904 amator
2455 4847 2758 4902 sanctitatis
2785 4853 2840 4900 et
2870 4844 3094 4918 quietis.
3125 4853 3186 4899 ut
3215 4843 3632 4918 inquietudines

297 4923 354 4971 et
399 4933 566 4971 vanas
585 4914 958 4994 exaltationes
1007 4918 1307 4994 refugeret,
1338 4923 1511 4994 visum
1545 4914 1957 4994 estBarnardo;
1977 4914 2162 4994 abbati
2193 4922 2261 4975 de
2314 4919 2634 4994 Claravaile,
2693 4925 2749 4971 ut
2773 4914 2904 4994 ejus
2925 4915 3176 4994 petitioni
3222 4914 3538 4994 assentirct,
3583 4914 3628 4994 si

295 4997 485 5076 tamen
513 4988 770 5076 monachi
813 4989 1095 5076 Savigneii
1132 4986 1540 5076 consentirent.
1591 4992 1732 5047 Misit
1763 5009 1894 5076 ergo
1926 4992 2242 5076 Philippum
2277 4992 2512 5076 priorem
2556 5005 2758 5076 suumn
2787 4986 2879 5058 qui
2925 4986 3096 5068 Suasit
3125 4987 3227 5076 eis,
3261 4987 3632 5076 ‘ut.ccderent

295 5066 353 5112 et
381 5058 547 5112 alium
573 5058 831 5132 abbatem
865 5056 1158 5132 eligerent.
1190 5063 1254 5132 At
1285 5063 1361 5116 illi
1388 5063 1669 5125 dixerunt,
1699 5056 1994 5118 consilium
2025 5056 2306 5122 abbatum]
2334 5062 2430 5132 qui
2461 5063 2529 5115 de
2586 5059 2679 5114 illa
2727 5056 2894 5132 domo
2943 5058 3188 5132 exierant
3224 5065 3280 5112 et
3305 5056 3452 5132 citra
3480 5072 3631 5112 mare

293 5137 656 5208 erant__sup_er
686 5131 804 5208 _hoc
832 5145 892 5184 se
911 5127 1092 5208 jelle
1148 5131 1396 5208 habe_re._
1423 5133 1826 5208 Convenientes
1854 5135 2041 5208 igitun
2068 5133 2299 5208 abbat_es
2329 5127 2641 5208 habuerunt
2677 5130 2990 5208 consilium,
3024 5130 3286 5208 domuum
3337 5127 3627 5182 Serlonem

293 5198 863 5274 se_nolle‘dimittere.
907 5201 971 5274 Et
998 5205 1342 5274 tamenquia
1367 5205 1434 5258 de
1465 5204 1645 5260 reditu
1675 5207 1797 5274 ejus
1834 5198 2180 5269 dubitabant,
2213 5203 2354 5258 duas
2374 5203 2509 5258 alias
2555 5202 2900 5258 venerabiles
2932 5198 3534 5274 personasetegerunt.
3567 5208 3629 5252 ut

294 5269 383 5324 vel
411 5285 576 5345 unam
610 5285 798 5345 earum
833 5272 1122 5345 haberent.
1164 5269 1283 5345 Sed
1312 5274 1472 5329 ambe
1526 5269 1854 5336 renuerunt.
1905 5275 2106 5330 Nolens
2143 5289 2274 5345 ergo
2329 5275 2640 5330 Bernardus
2687 5274 2856 5327 abbas
2909 5269 3464 5345 omninoudesolatos
3509 5283 3632 5323 esse

293 5343 623 5416 monachos
651 5342 955 5416 Savigneii,
987 5343 1200 5416 remisit
1253 5345 1334 5416 eis
1363 5345 1630 5401 domuum
1661 5346 1966 5411 Serlonem,
1991 5353 2050 5400 ut
2081 5340 2302 5401 domum
2336 5352 2706 5416 conservaret,
2755 5345 2934 5416 donec
2987 5344 3104 5416 ipse
3136 5341 3266 5416 illuc
3312 5340 3550 5416 veniret,
3579 5345 3634 5393 et

217 5433 224 5439 ·
292 5418 489 5492 uttam
520 5413 627 5484 ipsi
657 5411 822 5484 quam
845 5413 1051 5492 _dom_u_i
1111 5415 1446 5492 consuleret.
1497 5418 1592 5492 At.
1625 5417 1714 5492 '7_b.
1749 5418 1910 5492 addit
1939 5435 1954 5492 ς
1998 5417 2259 5492 Deposito
2285 5416 2573 5492 Vincentio
2599 5415 2798 5492 abbate
2821 5411 3266 5492 Castellienensi,
3299 5411 3634 5483 subrogatur

297 5482 565 5538 Silvester
595 5525 611 5548 ,
644 5482 949 5540 monachus
981 5485 1242 5552 Liras,vir
1269 5489 1586 5542 venerande
1614 5488 2002 5558 simplicitatis.
2036 5482 2106 5523 533
2133 5488 2608 5544 Anno—auditum
2639 5488 2829 5542 desunt
2867 5485 2961 5541 8b.

1863 5587 2074 5644 NOTIE.

2083 5687 2226 5756 {611)
2259 5687 2316 5740 Α.
2352 5685 2510 5740 1150.

371 5680 516 5749 (609)
558 5681 825 5750 Barﬂeur,
867 5698 977 5739 non
1008 5683 1200 5755 procul
1242 5687 1274 5740 a
1309 5683 1643 5760 Cherbourg.
2083 5687 2226 5756 ~j6ll)
2259 5687 2316 5740 Α.
2352 5685 2510 5740 1150.

375 5751 518 5821 (610)
554 5753 701 5810 Inter
727 5753 1266 5813 GournaietGisorz.
2095 5757 2241 5828 (612)
2276 5757 2352 5816 Cf.
2395 5773 2558 5827 supra
2590 5757 2692 5812 col.
2730 5755 2837 5810 275

375 5751 518 5821 (610)
554 5753 701 5810 Inter
727 5753 966 5811 Gournai
987 5751 1042 5812 et
1058 5755 1266 5813 Gisorz.
