3916 6064
322 358 416 413 471

468 495 823 539 ROMANORUM.
973 502 1315 543 FBANCORUM.
1464 506 1769 547 ANGLORUM.

325 589 447 638 nus,
476 573 732 641 Mellitus,
775 575 981 645 Justus,
1026 579 1369 647 Laurentius,
1420 584 1673 638 monachi
1712 584 1933 641 fuerunt

320 696 387 705 —
409 664 465 718 in
487 665 610 719 aliis
648 673 771 722 octo
800 669 1210 740 episcopalibus
1238 672 1466 728 sedibus
1488 676 1738 731 canonici
1769 692 1930 731 secu-

322 756 497 823 lares;
527 758 581 811 in
601 773 709 813 una
729 761 981 815 canonici
1005 762 1302 835 regulares.
1337 765 1535 819 Eodem
1557 782 1701 822 anno
1730 768 1930 822 Johan-

323 866 423 905 nes
453 850 750 918 Romanus,
782 853 874 923 qui
908 852 1081 907 fuerat
1128 856 1429 912 monachus
1466 874 1497 911 a
1540 874 1711 927 puero
1743 860 1926 914 Sancti

322 940 486 1008 Sabe,
517 950 571 995 et
602 950 725 1013 post
770 943 941 997 abbas
966 945 1162 998 Sancte
1202 945 1365 999 Marie
1408 946 1461 999 in
1504 946 1769 1017 Capitolio
1824 948 1929 1004 Ro-

323 1043 507 1094 mano,
541 1038 596 1083 et
625 1030 815 1084 relicta
843 1030 1035 1085 eadem
1064 1032 1284 1087 abbatia
1317 1033 1492 1088 factus
1531 1035 1709 1091 fuerat
1734 1052 1928 1092 mona-

320 1120 458 1175 chus
487 1120 663 1190 Becci,
696 1122 933 1191 perrexit
963 1123 1213 1190 Romam,
1242 1133 1296 1179 et
1338 1125 1466 1179 inde
1518 1127 1738 1182 rediens
1768 1135 1929 1199 caput

320 1209 467 1262 beati
516 1209 708 1264 Felicis
751 1212 1024 1281 martyris,
1066 1214 1204 1267 socii
1254 1214 1428 1268 sancti
1461 1215 1710 1281 Andacti,
1749 1218 1929 1271 attulit

314 1313 500 1353 secum
532 1304 587 1352 et
615 1299 851 1370 gratuito
883 1301 1037 1355 dedit
1066 1302 1200 1356 illud
1255 1303 1488 1357 ecclesic
1521 1305 1698 1359 Becci.
1743 1305 1925 1359 Pullu-

320 1391 466 1447 lante
494 1393 795 1462 pernitiosa
851 1394 1103 1449 doctrina
1133 1395 1348 1450 llenrici
1406 1382 1659 1464 heretici,
1693 1400 1927 1454 maxime

323 1484 377 1538 in
421 1485 747 1552 Guasconia,
796 1486 1078 1541 suscitavit
1131 1488 1392 1542 Dominus
1446 1490 1697 1559 spiritum
1749 1491 1931 1560 puellc

314 1573 550 1643 junioris
589 1574 645 1627 in
673 1573 767 1627 illa
795 1574 1077 1644 provincia
1105 1576 1171 1628 ad
1204 1576 1438 1630 eandem
1470 1578 1705 1631 heresim
1738 1578 1931 1633 confu-

325 1667 567 1721 tandam.
600 1667 700 1721 Per
732 1667 970 1722 triduum
1013 1686 1250 1740 namque
1283 1670 1338 1724 in
1392 1688 1720 1742 unaquaque
1761 1674 1932 1741 septi-

322 1772 483 1810 mana
507 1755 728 1825 jacebat
754 1756 961 1826 absque
991 1773 1145 1823 voce,
1174 1774 1361 1825 sensu,
1407 1769 1461 1814 et
1514 1761 1677 1815 etiam
1721 1761 1930 1832 absque

1539 363 1877 418 SICEBERTI
1920 365 2431 422 GEMBLACENSIS.

3541 374 3651 427 472

1963 504 2005 567 Α
2035 496 2372 563 Vernolium,
2402 496 2468 551 ad
2502 497 2651 569 quod
2684 515 2868 573 regem
2900 499 3163 553 festinare
3188 499 3258 552 ab
3284 499 3659 569 exploratori-

2033 589 2138 643 bus
2168 589 2436 654 audierat,
2480 590 2759 645 tendebat.
2813 591 2941 646 Cum
2984 592 3165 645 subito
3204 591 3519 645 Willermus
3574 593 3652 648 de

2034 679 2227 733 Paccio
2258 678 2628 741 mandavitei,
2659 680 2917 750 quatinus
2957 679 3209 734 Paccium
3260 680 3402 747 (615)
3443 681 3651 735 rediret

2035 767 2101 821 ad
2124 767 2270 837 quod
2303 784 2393 820 rex
2426 782 2548 821 cum
2572 768 2815 822 exercitu
2840 768 3075 822 maximo
3098 768 3373 833 veniebat,
3410 770 3505 822 Ille
3537 771 3648 823 im—

2029 858 2185 931 piger
2218 865 2272 911 et
2295 858 2513 912 nescius
2536 874 2686 913 more
2709 859 2762 911 in
2793 858 3175 913 subveniendo
3205 860 3342 925 suis,
3372 868 3648 916 retroacto

2028 948 2206 1017 capite
2234 948 2360 1018 equi
2402 954 2549 1001 tanta
2588 947 2940 1002 festinatione
2988 964 3111 1002 cum
3137 949 3305 1003 sociis
3358 951 3646 1017 remeavit,

2030 1046 2089 1092 ut
2128 1044 2419 1108 antequam
2465 1037 2717 1092 Paccium
2772 1038 3145 1108 pervenirent,
3191 1040 3411 1109 plurimi
3461 1056 3647 1112 equo-

2028 1142 2146 1179 rum
2186 1142 2408 1180 suorum
2431 1133 2525 1180 aut
2552 1127 2749 1180 mortui
2793 1136 2889 1180 aut
2918 1143 3061 1196 pene
3110 1128 3312 1182 mortui
3353 1128 3408 1181 in
3436 1129 3524 1182 via
3557 1145 3652 1182 re-

2029 1225 2335 1272 manerent.
2371 1219 2567 1273 Audito
2599 1220 2755 1272 ducis
2776 1220 3015 1274 adventu
3049 1236 3142 1274 rex
3177 1221 3474 1275 maturiore
3506 1237 3650 1276 con-

2025 1307 2150 1361 silio
2175 1323 2324 1369 usus,
2357 1307 2534 1361 noluit
2566 1314 2763 1361 terram
2814 1309 2933 1377 ejus
2965 1308 3205 1373 intrare;
3255 1310 3353 1362 sed
3388 1310 3510 1379 ipso
3553 1311 3649 1365 die

2029 1395 2343 1450 liledantum
2386 1397 2562 1451 rediit.
2601 1399 2711 1451 Dux
2756 1415 2885 1453 vero
2918 1408 3138 1454 vocatos
3169 1417 3200 1453 a
3237 1400 3544 1455 Gisleberto
3575 1403 3649 1455 de

2032 1485 2352 1558 Tegulariis,
2386 1486 2666 1541 combuxit
2700 1488 2987 1541 Brueroles
3018 1494 3255 1542 castrum
3303 1489 3544 1560 Hugonis
3575 1492 3649 1545 de

2034 1576 2181 1631 Novo
2220 1578 2468 1644 castello,
2520 1585 2575 1632 et
2628 1579 2852 1633 alteram
2918 1581 3193 1650 quandam
3254 1581 3646 1645 munitionem,

2035 1667 2452 1721 Malcultiviliam
2508 1670 2973 1739 cognominatam,
3031 1670 3188 1724 sitam
3249 1671 3304 1723 in
3348 1671 3648 1725 Dorcasino

2035 1772 2195 1831 pago.
2240 1757 2442 1810 Exinde
2474 1758 2697 1811 rediens
2731 1758 2784 1811 in
2846 1758 3255 1820 Normanniam,
3290 1767 3344 1814 et
3392 1758 3652 1831 affligens

326 1852 486 1917 flatu;
518 1858 572 1905 et
604 1851 825 1905 rediens
865 1816 1212 1922 postmodum
1236 1854 1303 1908 ad
1343 1870 1424 1922 se,
1475 1855 1693 1911 dicebat
1720 1816 1931 1910 beatam
1962 1816 2010 1881 Β
2036 1816 2346 1904 llicherium
2381 1851 2448 1904 de
2488 1850 2700 1921 Aquila,
2735 1851 2828 1921 qui
2881 1851 3134 1905 hostibus
3182 1853 3302 1919 ejus
3334 1816 3648 1905 subsidium

325 1941 548 1994 Mariam
583 1955 743 1994 orare
791 1955 889 2011 pro
948 1944 1151 2012 pepulo
1232 1942 1551 2011 christiano,
1606 1954 1661 1998 et
1718 1945 1932 1998 beatum

330 2035 548 2089 Petrum
590 2032 843 2089 docuisse
889 2049 947 2087 se
1000 2035 1363 2091 orthodoxam
1418 2036 1601 2091 fidem.
1638 2037 1843 2090 Exinde
1868 2037 1936 2090 dc

326 2130 437 2185 fide
488 2136 674 2184 nostra
721 2129 1002 2200 sapienter
1056 2138 1111 2184 et
1162 2131 1433 2186 catholice
1486 2131 1824 2193 disserebat;
1883 2137 1933 2183 et

329 2221 595 2293 precipue
640 2221 878 2275 heresim
946 2221 1161 2275 llenrici
1243 2222 1597 2285 convinccns,
1665 2220 1934 2291 plurimos

326 2318 395 2373 ab
448 2335 513 2373 eo
564 2319 824 2373 seductos
878 2317 947 2372 ad
995 2318 1176 2372 sinum
1228 2325 1414 2373 sancte
1472 2318 1660 2373 matris
1703 2316 1934 2372 ecclesic

323 2410 640 2466 revocabat.

400 2503 527 2573 (Jul.
578 2502 657 2571 16)
710 2500 947 2566 Tradita,
1006 2508 1066 2554 ut
1118 2499 1424 2570 predictum
1482 2507 1583 2567 est,
1626 2501 1934 2556 munitione

326 2588 691 2645 Novimercati
747 2587 1021 2641 Ludovico
1066 2589 1181 2661 regi
1235 2589 1587 2655 Francorum,
1655 2589 1799 2642 idem
1841 2606 1931 2642 rex

323 2682 626 2737 exercitum
666 2697 823 2735 suum
854 2696 1029 2751 usque
1085 2681 1553 2736 Calvummontem
1608 2683 1750 2752 (613)
1784 2697 1934 2736 νενο-

321 2777 483 2833 cavit.
537 2777 599 2831 At
653 2775 920 2830 Henricus
963 2775 1072 2830 dux
1123 2775 1475 2842 Normannie,
1525 2776 1755 2829 collecta
1822 2791 1929 2829 non

320 2869 548 2923 minima
583 2884 751 2922 manu
800 2867 1100 2922 electorum
1151 2866 1383 2920 militum
1427 2874 1481 2920 et
1526 2866 1793 2936 peditum.
1838 2882 1930 2921 ca-

319 2964 668 3013 strametatus
707 2966 789 3011 est
810 2956 965 3023 juxta
998 2955 1225 3011 fluvium
1257 2955 1519 3019 Andelle;
1551 2954 1641 3008 ubi
1677 2955 1928 3009 residens

319 3049 641 3120 aliquandiu
688 3048 882 3103 afﬂixit
914 3048 1063 3102 illam
1121 3055 1329 3118 partem
1376 3047 1679 3112 Wilcasini,
1709 3063 1817 3117 quo
1847 3055 1929 3101 est

318 3140 464 3192 inter
490 3137 773 3191 Andellam
830 3144 885 3192 et
940 3137 1096 3191 lttam
1132 3136 1381 3202 ﬂumina,
1413 3151 1521 3206 que
1566 3137 1633 3189 ad
1667 3136 1923 3189 ducatum

2039 1939 2270 2003 ferebat,
2301 1940 2484 2013 coegit
2511 1956 2635 1994 eum
2679 1942 2746 1994 de
2780 1957 2913 2011 pace
2955 1942 3195 1996 tenenda
3235 1942 3460 1995 obsides
3493 1943 3648 2006 dare,

2039 2040 2091 2083 et
2122 2031 2484 2084 munitionem
2518 2032 2808 2097 Bomolini,
2840 2032 2929 2085 ubi
2970 2039 3220 2101 raptores
3252 2039 3305 2086 et
3334 2047 3648 2087 excommu-

2036 2121 2248 2176 nicatos
2294 2123 2628 2192 receptabat,
2665 2123 2775 2195 igni
2831 2124 3055 2178 tradidit
3120 2122 3272 2177 Circa
3314 2139 3444 2178 vero
3478 2124 3647 2178 tinem

2036 2213 2257 2285 Augusti
2290 2214 2570 2267 collocatis
2605 2214 2871 2267 militibus
2900 2215 2966 2268 ad
3024 2215 3333 2269 custodiam
3373 2215 3648 2269 Norman-

2036 2301 2149 2367 nie,
2190 2302 2306 2371 ipse
2340 2303 2392 2355 in
2433 2304 2884 2375 Andegavensem
2919 2304 3231 2357 comitatum
3266 2320 3521 2376 pergens,
3545 2304 3648 2358 ob-

2034 2392 2177 2447 sedit
2219 2394 2577 2448 munitionem
2612 2395 2807 2449 Montis
2834 2395 3049 2461 Sorelli,
3085 2396 3180 2449 ubi
3203 2396 3320 2465 jugi
3354 2396 3648 2451 obsidione

2035 2489 2286 2538 coartans
2316 2483 2574 2547 inclusos,
2620 2483 2964 2537 Willermum
3013 2484 3298 2538 dominum
3354 2484 3525 2553 ipsius
3554 2500 3649 2538 ca-

2035 2579 2155 2643 stri,
2181 2579 2275 2649 qui
2309 2588 2489 2648 partes
2515 2577 2697 2631 fratris
2725 2578 3109 2645 suisjuvabat,
3162 2594 3286 2632 cum
3350 2578 3473 2631 aliis
3523 2577 3647 2648 plu-

2033 2670 2187 2724 ribus
2212 2670 2481 2725 militibus
2510 2670 2675 2740 cepit.
2713 2670 2821 2724 Hoc
2863 2669 3049 2741 itaque
3101 2669 3402 2725 infortunio
3434 2677 3487 2723 et
3521 2670 3647 2724 aliis

2033 2758 2281 2829 pluribus
2311 2759 2602 2813 Gaufridus
2635 2758 2800 2811 frater
2831 2758 2951 2825 ejus
2998 2768 3219 2812 coactus
3270 2767 3351 2811 est
3381 2774 3503 2811 cum
3553 2757 3646 2812 illo

2033 2855 2398 2909 reconciliari.
2433 2856 2647 2908 lnterea
2674 2870 2764 2907 rex
2806 2853 3131 2908 Francorum
3165 2854 3231 2906 de
3265 2853 3514 2907 absentia
3543 2854 3645 2906 du-

2029 2942 2108 2997 cis
2151 2951 2342 2997 nactus
2372 2943 2816 3013 oportunitatem,
2865 2942 3159 3015 instigante
3219 2957 3344 2995 eum
3381 2941 3644 3013 {maxime

2028 3037 2226 3091 comite
2251 3036 2489 3090 Roberto
2523 3035 2681 3088 fratre
2710 3050 2833 3101 suo,
2863 3034 2952 3105 qui
2978 3034 3206 3088 duxerat
3239 3034 3484 3087 relictam
3524 3033 3629 3087 Ro-

2029 3126 2201 3180 tronis
2228 3125 2443 3180 comitis
2489 3124 2799 3187 Moritonie,
2842 3131 2901 3177 et
2948 3123 3034 3178 cui
3069 3123 3212 3177 idem
3266 3139 3356 3177 rex
3416 3124 3644 3176 dederat

319 3229 613 3285 Normanie
645 3228 883 3300 pertinet
959 3228 1067 3283 Sed
1101 3186 1393 3282 Gaufridus
1430 3186 1628 3283 1comes
1675 3228 1927 3301 Andega-
1958 3186 2263 3271 Ccaslrum
2312 3216 2663 3271 Dorcasinum
2718 3215 2884 3285 (616),
2922 3222 3129 3285 partem
3179 3216 3338 3285 Burgi
3398 3214 3639 3285 Tegula-

321 3336 512 3376 vorum
544 3326 666 3391 post
712 3328 943 3375 mortem
996 3316 1214 3374 llenrici
1252 3319 1398 3391 regis
1453 3319 1746 3391 Anglorum
1802 3334 1929 3373 con-

324 3410 488 3466 cessit
538 3426 657 3465 eam
703 3409 770 3463 ad
822 3418 1038 3480 tempus
1078 3408 1351 3463 Ludovico
1409 3408 1523 3480 regi
1576 3408 1927 3474 Francorum,

327 3498 469 3553 sicut
498 3504 552 3553 et
580 3497 753 3552 multa
779 3497 884 3552 alia
914 3498 982 3552 de
1014 3497 1308 3552 dominicis
1338 3496 1497 3551 terris
1529 3496 1757 3551 ducatus
1794 3497 1931 3551 Nor-

330 3591 550 3646 mannie
569 3598 918 3646 concesserat
943 3590 1271 3662 quibusdam
1304 3588 1654 3663 magnatibus
1680 3589 1927 3657 ejusdem

286 3722 297 3731 ς
327 3683 629 3754 provincie,
662 3690 720 3737 ut
740 3698 836 3737 eos
865 3683 1069 3737 faceret
1100 3684 1203 3737 hoc
1258 3683 1422 3737 modo
1470 3682 1837 3752 promptiores
1863 3681 1929 3733 ad

327 3776 614 3832 ferendum
661 3774 762 3828 sibi
796 3775 1055 3829 auxilium
1099 3776 1154 3828 in
1193 3774 1541 3842 subjiciendo
1586 3790 1683 3828 sue
1737 3773 1930 3827 ditioni

325 3866 633 3937 prcdictum
662 3862 1002 3917 comitatum.
1044 3862 1253 3916 Cotidie
1287 3862 1471 3933 itaque
1502 3862 1611 3915 dux
1662 3863 1931 3917 Henricus

327 3957 382 4011 in
410 3972 530 4010 eam
558 3954 914 4024 populatores
945 3953 1193 4007 mittebat
1224 3954 1291 4007 ad
1310 3954 1653 4024 querendum
1676 3955 1930 4008 victualia

327 4042 646 4098 hominibus
664 4040 994 4106 etjumentis
1018 4040 1101 4093 sui
1134 4040 1438 4103 exercitus;
1467 4040 1736 4094 destruxit
1765 4041 1929 4095 etiam

327 4132 403 4187 ibi
427 4139 482 4188 et
511 4132 624 4207 igni
664 4131 889 4186 tradidit
925 4131 1207 4186 castellum
1269 4131 1672 4198 Bascheriville,
1728 4142 1782 4185 et
1817 4132 1926 4186 duo

324 4223 433 4279 alia
461 4221 686 4276 castella
718 4220 1015 4275 Chitreium
1074 4227 1127 4274 et
1156 4220 1551 4291 Stripinneium
1602 4220 1923 4275 combussit.

325 4314 435 4370 Hoc
475 4314 620 4369 idem
666 4311 1013 4387 significante
1060 4309 1209 4365 fumo
1256 4310 1493 4378 Francis,
1540 4311 1633 4382 qui
1664 4327 1728 4365 ex
1759 4310 1928 4365 altera

323 4413 474 4478 parte
529 4408 630 4461 Itte
686 4403 933 4458 fluminis
979 4396 1153 4457 eastra
1206 4410 1520 4472 posuerant,
1579 4419 1681 4457 nec
1718 4403 1926 4473 aliquid

244 4526 255 4537 ν
323 4499 438 4554 suis
462 4497 727 4553 auxilium
752 4494 1072 4556 ferentibus,
1095 4494 1458 4549 munitionem
1487 4494 1650 4549 etiam
1685 4495 1929 4567 Hugonis

327 4592 397 4645 de
426 4591 695 4655 Gornaco,
750 4603 911 4659 quam
967 4586 1254 4641 Feritatem
1320 4586 1465 4654 (6H)
1508 4587 1813 4651 nominant,
1845 4603 1931 4641 as-

328 4680 475 4734 sultu
504 4679 733 4748 capiens
762 4677 874 4752 igni
912 4676 1156 4743 tradidit,
1216 4683 1447 4746 excepta
1501 4682 1670 4738 turre,
1729 4692 1836 4747 que
1877 4675 1931 4729 in

329 4772 439 4826 alto
479 4775 667 4823 monte
693 4769 797 4822 sita
817 4775 899 4822 est
946 4768 1261 4839 Denegabat
1282 4767 1592 4823 enimidem
1625 4768 1774 4839 llugo
1805 4783 1930 4837 pre-

327 4862 476 4916 dicto
504 4859 629 4913 duci
678 4857 865 4912 debito
897 4858 1236 4926 famulatum,
1268 4869 1322 4913 et
1377 4858 1627 4912 inimicos
1665 4858 1784 4925 ejus
1831 4873 1932 4911 ex-

329 4962 410 5011 tra
439 4958 677 5008 castrum
700 4949 931 5005 Gornaci
964 4951 1198 5005 fovebat.
1232 4950 1507 5005 Mediante
1533 4958 1714 5005 autem
1745 4965 1936 5004 mense

323 5040 573 5115 Augusti,
605 5036 914 5093 Ludovicus
946 5053 1039 5090 rex
1067 5038 1363 5093 exercitum
1403 5054 1564 5093 suum
1596 5037 1726 5092 fecit
1765 5047 1939 5092 trans-

325 5133 406 5188 ire
436 5132 745 5203 Sequanam
777 5129 922 5198 apud
962 5127 1306 5194 Mellentum;
1348 5128 1495 5200 quod
1532 5130 1637 5183 dux
1678 5129 1935 5197 audiens,

326 5231 381 5277 et
408 5222 527 5292 ipse
557 5221 743 5293 cepias
777 5235 908 5273 suas
939 5234 1036 5289 per
1066 5224 1292 5288 pontem
1336 5219 1603 5273 Vernonis
1642 5220 1936 5274 traducens

327 5312 541 5367 concito
566 5311 741 5385 gradu
772 5326 895 5365 cum
926 5308 1222 5380 aliquantis
1250 5309 1521 5380 expeditis
1569 5309 1834 5364 militibus
1865 5309 1933 5363 ad

2029 3305 2248 3371 ricnsis,
2302 3314 2356 3358 et
2401 3304 2675 3375 quendam
2707 3305 2885 3359 vicum
2935 3305 3096 3358 castri
3130 3304 3393 3371 Vernolii,
3428 3304 3644 3358 voraci-

2030 3397 2134 3450 bus
2180 3396 2415 3450 flammis
2444 3396 2684 3449 tradidit.
2729 3395 2973 3450 Castrum
3008 3397 3169 3479 etiam
3204 3396 3644 3450 Nannetiscurtis

2030 3493 2290 3557 apparatu
2350 3486 2548 3539 bellico
2579 3486 2828 3557 cingens,
2880 3486 3051 3541 nichil
3089 3486 3138 3540 ei
3201 3487 3405 3541 nocuit.
3456 3486 3649 3540 Paucis

2032 3579 2231 3632 exinde
2263 3577 2461 3631 diebus
2492 3578 2751 3643 evolutis,
2779 3577 2920 3631 datis
2966 3577 3206 3631 induciis
3268 3579 3409 3631 inter
3458 3594 3641 3650 regem

2035 3682 2087 3725 et
2116 3671 2335 3731 ducem,
2370 3670 2476 3722 dux
2502 3670 2812 3739 preparavit
2842 3686 2901 3723 se
2924 3670 2990 3722 ad
3011 3669 3473 3723 transfretandum
3500 3690 3515 3733 ;
3549 3671 3647 3724 sed

2033 3768 2326 3830 antequam
2368 3759 2644 3824 transiret,
2702 3776 2793 3813 rex
2834 3760 2965 3813 fecit
2997 3760 3230 3814 reddere
3261 3767 3504 3833 treguas.
3562 3761 3651 3813 Ni-

2032 3852 2363 3905 chilominus
2413 3858 2595 3905 tamen
2649 3851 2756 3904 dux
2835 3852 3176 3922 prepositum
3249 3852 3640 3906 transfretandi

2034 3944 2318 4009 deserens,
2351 3956 2538 3997 auram
2571 3944 2636 3997 ad
2682 3944 3077 3997 transeundum
3123 3954 3306 4014 aptam
3335 3945 3488 4012 juxta
3535 3961 3638 3998 na-

2034 4033 2171 4086 valia
2204 4033 2596 4103 Opericbatur;
2632 4032 2686 4085 in
2718 4048 2828 4102 quo
2883 4039 3065 4103 potest
3124 4033 3483 4087 animadverti
3529 4048 3650 4103 pro-

2034 4121 2174 4175 bitas
2206 4129 2258 4175 ct
2291 4121 2515 4175 audatia
2553 4120 2693 4189 ejus.

2106 4213 2160 4265 ln
2204 4213 2444 4283 capitulo
2478 4211 2824 4266 Cisterciensi
2851 4218 3127 4281 ‘statutum
3177 4219 3280 4275 est,
3314 4228 3383 4265 ne
3411 4212 3649 4281 amplius

2031 4304 2270 4375 aliquam
2308 4320 2505 4359 novam
2537 4303 2811 4357 abbatiam
2852 4310 3256 4367 construercnt,
3292 4303 3421 4373 quia
3454 4318 3650 4357 nume-

2015 4410 2125 4447 rus
2154 4392 2494 4446 abbatiarum
2529 4393 2597 4446 de
2630 4392 2723 4446 illo
2755 4393 2952 4446 ordine
2979 4408 3155 4463 usque
3198 4393 3289 4445 ad“
3315 4392 3650 4465 quingentas

2031 4486 2147 4541 fere
2185 4485 2436 4539 abbatias
2472 4494 2832 4556 processerat.
2870 4486 3079 4540 Mortuo
3120 4484 3368 4539 Conrado
3406 4486 3647 4554 impera-

2033 4586 2148 4632 tore
2176 4577 2569 4640 Romanorum,
2612 4584 2667 4630 ut
2720 4577 3030 4646 predictum
3089 4583 3192 4642 cst,
3225 4576 3487 4629 successit
3522 4576 3653 4630 Fre-

2034 4664 2254 4719 dericus
2308 4680 2481 4734 nepos
2512 4665 2651 4731 ejus.
2700 4664 2977 4735 liugenids
3016 4679 3157 4734 papa
3198 4662 3327 4717 fecit
3357 4664 3648 4717 transferri

2034 4754 2102 4808 de
2131 4754 2299 4807 Greco
2331 4753 2385 4806 in
2416 4753 2663 4806 Latinum
2707 4751 2910 4805 librum
2953 4752 3171 4805 Petrum
3205 4751 3528 4805 Damasceni
3559 4752 3647 4804 ⁵⁸⁵.

2113 4848 2265 4902 1152.
2301 4847 2502 4917 [1153]
2581 4847 2900 4900 Fredericus
2944 4850 2991 4900 1.
3070 4846 3377 4901 Ludovicus
3424 4845 3505 4898 t5.

2625 4941 2933 5008 Stephanus
2966 4940 3051 4993 17.

2110 5032 2375 5086 Henricus
2408 5032 2515 5086 dux
2576 5031 3017 5086 Normannorum
3062 5029 3202 5084 infra
3233 5040 3479 5085 octavam
3536 5031 3648 5100 epi-

2038 5127 2240 5198 phanic
2274 5126 2489 5180 transiit
2520 5126 2575 5178 in
2634 5126 2879 5197 Angliam
2912 5141 3038 5181 eum
3088 5126 3156 5179 36
3212 5125 3462 5178 navibus.
3494 5123 3649 5177 Facta

2037 5227 2123 5270 est
2160 5215 2382 5285 eclipsis
2410 5214 2544 5270 solis
2575 5214 2603 5268 7
2627 5214 2852 5267 Kalend.
2884 5213 3163 5268 Februarii
3195 5213 3343 5268 circa
3370 5215 3403 5266 8
3436 5214 3649 5278 horam,

2033 5310 2165 5364 luna
2192 5309 2281 5363 27.
2324 5309 2439 5362 Dux
2470 5309 2909 5363 Normannorum
2957 5308 3227 5363 obsidens
3258 5317 3494 5362 castrum
3528 5322 3650 5360 mu-

1674 5419 1895 5474 VARIIE
1926 5419 2304 5474 LECTIONES.

399 5520 469 5555 ⁵⁸⁸
497 5520 774 5594 Eugenius
803 5519 1125 5575 Damasceni
1150 5522 1212 5575 in
1240 5519 1296 5573 E.
1331 5521 1447 5575 alia
1466 5536 1661 5577 manus
1691 5522 1870 5585 addit,
1901 5522 2079 5575 eodem
2114 5537 2235 5591 qua
2262 5521 2337 5575 ad
2373 5536 2428 5587 a,
2460 5521 2617 5575 1128.
2656 5523 2855 5575 Desunt
2883 5521 2976 5575 7b.
2999 5520 3088 5575 8d.
3117 5536 3285 5590 neque
3312 5536 3435 5574 vero
3464 5518 3555 5573 8b.

1876 5619 2088 5676 ΝΟΤᾹΞ.

405 5718 479 5789 161
491 5718 538 5780 3)
566 5716 891 5789 Chaumont.
925 5734 1095 5789 prope
1119 5720 1325 5776 Cisorz.

403 5788 547 5858 (614)
564 5787 636 5841 La
668 5787 841 5841 Ferié.

2098 5721 2247 5788 (διδ)
2279 5719 2439 5788 Pacy.
2464 5718 2535 5773 ad
2562 5718 2614 5771 fl.
2655 5719 2809 5772 Eure.

2112 5790 2251 5856 i616)
2285 5790 2484 5848 Dreux.
