3930 6068
385 325 492 379 475

538 468 886 510 ROMANORUM.
1036 466 1383 507 FRANCOHUM.
1531 465 1841 504 ANGLORUM,

1036 466 1383 507 FRANCORUM.

1593 312 1936 368 SIGEBEHTI
1981 309 2498 365 GEMBLACENSIS.

3607 317 3716 370 476

2022 449 2072 516 Α
2102 445 2160 500 Et
2188 445 2296 499 dux
2327 443 2570 517 benigne
2629 444 2924 506 concessit,
2960 451 3019 498 ut
3077 459 3168 498 rex
3217 450 3326 498 tota
3354 460 3453 499 sua
3493 446 3623 514 vita,
3669 451 3718 503 si

388 544 536 599 mitis
556 541 922 617 Legecestrie,
955 541 1082 612 quia
1111 539 1423 612 pertinebat
1451 539 1520 593 ad
1562 539 1823 594 honorem
1871 537 1992 591 Bri-
2092 537 2278 598 vellet,
2315 551 2546 609 regnum
2575 540 2827 600 teneret;
2860 535 2940 589 sic
2966 541 3174 597 tamen,
3220 544 3280 586 ut
3310 534 3365 588 in
3406 539 3723 605 presentia-

387 631 500 686 tolii
531 632 697 702 (618),
727 629 874 685 unde
923 630 1015 684 ille
1065 639 1179 683 erat
1209 627 1488 701 legitimus
1540 627 1700 681 heres
1746 643 1806 681 ex
1838 634 1989 697 parte

2093 649 2208 687 rum
2247 631 2366 700 ipse
2401 643 2491 680 rex
2533 634 2588 681 et
2628 626 2875 696 episcOpi
2917 634 2974 679 et
3011 626 3180 680 ceteri
3231 633 3485 695 potentes
3527 645 3720 683 saera-

383 720 574 776 matris
629 736 748 776 sue.
811 719 1093 775 Discordia
1178 719 1322 772 inter
1383 717 1676 788 Symonem
1731 717 1987 772 comitem
2091 728 2279 777 mento
2324 720 2638 781 'ﬁrmarent,
2690 717 2838 788 quod
2878 717 2986 771 dux
3028 722 3149 786 post
3187 724 3415 770 mortem
3456 719 3618 789 regis,
3663 721 3715 772 si

385 809 770 865 Ebroicensem
794 819 849 864 et
886 807 1030 862 filios
1057 805 1291 860 Ascelini
1331 804 1526 870 Goelli,
1556 804 1767 860 scilicet
1786 813 1838 860 et
1855 805 1991 859 Wil-

384 899 615 953 lermum
659 897 940 968 Lupellum
973 904 1024 950 et
1057 894 1350 967 Rogerium
1393 893 1657 958 Balbum;
1699 909 1807 964 qua
1835 893 1995 948 inva-

387 990 651 1053 Iescente,
677 985 956 1057 predictus
1009 999 1196 1039 comes
1241 984 1355 1038 tere
1387 991 1552 1038 totam
1582 989 1781 1037 terram
1808 998 1998 1037 eorum

387 1076 754 1147 depopulatus
811 1082 915 1140 est,
956 1073 1168 1144 absque
1223 1071 1576 1126 firmitatibus
1624 1071 1793 1139 (619).
1830 1071 2000 1125 Nonis

385 1170 613 1242 Augusti
647 1170 786 1224 facto
813 1169 1054 1223 tonitruo
1088 1183 1286 1241 magno
1327 1168 1471 1222 circa
1493 1166 1808 1221 occubitum
1837 1167 1992 1234 solis,

387 1258 590 1314 fulmen
616 1259 814 1313 cecidit
862 1257 1017 1312 Becci
1054 1257 1107 1310 in
1139 1255 1454 1310 summitate
1477 1255 1678 1310 camini
1710 1257 1993 1324 cujusdam

383 1365 598 1404 camere
646 1340 749 1403 site
781 1365 948 1418 super
999 1346 1440 1418 preterHuentem
1497 1363 1691 1418 aquam
1728 1354 1817 1412 ;et
1847 1348 1991 1402 divi-

385 1438 522 1491 dens
545 1437 780 1490 eundem
811 1437 1109 1500 caminum,
1134 1435 1370 1488 mediam
1395 1443 1603 1507 partem
1628 1437 1747 1504 ejus
1769 1436 1994 1506 dejecit,

387 1529 595 1599 reliqua
620 1529 912 1582 medietate
944 1537 1124 1582 stante
1139 1527 1226 1581 5“.
1263 1528 1456 1582 Mulier
1477 1529 1712 1600 quedam
1738 1528 1997 1603 religiosa

387 1622 456 1676 de
499 1622 782 1691 provincia
800 1622 1164 1688 Lothariensi,
1188 1623 1397 1676 habens
1418 1623 1666 1692 spiritum
1683 1621 1995 1693 prophetie,

2099 816 2216 886 ipse
2245 827 2367 866 eum
2401 807 2801 880 superviveret,
2850 806 3077 876 pacitice
3114 813 3167 860 et
3197 807 3407 876 absque
3433 809 3717 862 contradi-

2101 905 2283 960 ctione
2317 917 2544 977 regnum
2613 899 2861 954 haberet.
2911 899 3154 952 Juratum
3224 906 3306 951 est
3344 898 3530 962 etiam,
3563 902 3714 971 quod

2102 992 2502 1065 possessiones,
2545 1006 2654 1060 que
2686 989 2902 1058 direpte
2935 993 3092 1042 erant
3149 985 3218 1039 ab
3247 987 3615 1053 invasoribus,
3643 990 3715 1042 ad

2101 1086 2358 1156 antiquos
2391 1092 2444 1136 et
2469 1080 2745 1153 legitimos
2766 1093 3122 1150 possessores
3143 1085 3550 1145 revocarentur,
3573 1094 3721 1150 quo-

2098 1189 2216 1229 rum
2261 1172 2480 1226 fuerant
2521 1175 2770 1238 tempore
2804 1166 3018 1220 Henrici
3060 1165 3256 1236 optimi
3303 1167 3449 1241 regis
3479 1185 3491 1231 ;
3523 1167 3592 1222 de
3617 1183 3716 1222 ca-

2096 1265 2270 1321 stellis
2301 1263 2486 1327 etiam,
2524 1276 2630 1332 que
2663 1267 2783 1330 post
2835 1268 3064 1314 mortem
3105 1259 3336 1330 predicti
3400 1260 3546 1332 regis
3575 1259 3716 1315 facta

2098 1353 2334 1416 fuerant,
2391 1357 2451 1404 ut
2502 1356 2933 1412 everterentur;
2993 1362 3226 1418 quorum
3286 1347 3576 1402 multitudo
3640 1349 3714 1402 ad

2097 1445 2201 1500 375
2248 1442 2314 1477 ⁸³⁷
2381 1455 2648 1495 summam
2701 1447 3035 1493 excreverat.
3097 1439 3363 1492 Hanulfus
3391 1453 3576 1494 comes
3607 1438 3711 1494 Ce-

2097 1537 2230 1591 strie
2270 1534 2518 1602 moritur,
2552 1532 2872 1603 relinquens
2927 1546 3302 1586 successorem
3352 1533 3437 1586 sui
3484 1533 3715 1588 honoris

2099 1628 2384 1703 Hugonein
2448 1623 2646 1690 filium,
2696 1632 2880 1678 natum
2923 1639 2988 1677 ex
3046 1623 3158 1677 tilia
3211 1623 3432 1678 Roberti
3497 1625 3719 1679 comitis

389 1713 539 1767 misit
565 1713 773 1767 litteras
803 1713 1039 1783 capitulo
1089 1714 1434 1768 Cistereiensi
1463 1714 1621 1768 valde
1652 1713 1913 1770 obscuras
1938 1721 1992 1768 et
2023 1751 2070 1817 Β
2093 1714 2447 1770 Gloecestrie.
2478 1713 2748 1768 Robertus
2778 1711 2844 1766 de
2878 1711 3186 1766 Monteforti
3213 1713 3359 1782 cepit
3381 1714 3710 1767 avunculum

388 1805 542 1875 quasi
568 1822 666 1875 per
692 1805 1132 1878 integumentum
1165 1807 1455 1877 loquentes
1473 1823 1488 1871 ;
1505 1805 1556 1859 in
1573 1805 1779 1877 quibus
1811 1813 1990 1860 tamen

386 1899 599 1964 poterat
619 1894 1002 1959 animadverti,
1057 1894 1202 1965 quod
1245 1893 1643 1964 aliquantulum
1661 1902 1716 1950 et
1746 1903 1991 1966 teporem

385 1987 596 2041 ordinis
644 1995 698 2041 et
754 1987 924 2061 frigus
980 1996 1191 2042 notaret
1247 1988 1508 2043 caritatis.
1563 1989 1995 2059 Hecpredixerat

385 2074 802 2148 Eugeniopape,
845 2075 994 2146 quod
1038 2074 1181 2130 circa
1241 2082 1490 2130 octavum
1531 2092 1736 2130 annum
1792 2076 1874 2130 sui
1907 2092 1996 2130 sa-

388 2166 616 2222 cerdotii
647 2174 701 2221 et
731 2183 919 2238 pacem
965 2168 1252 2223 habiturus
1280 2176 1495 2224 essetet
1523 2169 1632 2224 vite
1659 2167 1845 2236 tinem,
1869 2170 1998 2224 Ter-

387 2256 508 2310 cius
530 2257 828 2313 Balduinus
856 2276 947 2313 rex
1001 2260 1504 2326 Jerosolimitanus,
1538 2261 1710 2334 gratia
1744 2261 1840 2315 Dei
1871 2276 2004 2332 pre-

387 2359 663 2415 currente,
692 2353 784 2408 diu
816 2353 1078 2408 obsidens
1105 2353 1380 2409 civitatem
1407 2355 1751 2422 Ascalonem,
1783 2357 2004 2411 tandem

389 2443 534 2513 cepit
565 2459 707 2507 eam,
737 2453 791 2498 et
815 2444 969 2500 dedit
999 2461 1118 2499 eam
1163 2445 1430 2502 Amalrico
1463 2446 1616 2501 fratri
1647 2461 1769 2514 suo,
1817 2449 2004 2504 comiti

386 2531 670 2599 JOppensi.
710 2531 977 2606 Hogerius
1023 2548 1118 2586 rex
1150 2533 1336 2588 Sicilie
1384 2549 1483 2604 per
1513 2534 1850 2591 ammiralios
1873 2552 2003 2592 suos

388 2617 812 2687 cepitTonitam
864 2620 1032 2693 (620),
1085 2622 1278 2676 urbem
1328 2623 1618 2678 maximam
1669 2624 1726 2678 in
1786 2624 1998 2682 Aﬂ‘rica.

388 2708 600 2764 Mortuo
667 2711 900 2766 Hicardo
961 2714 1223 2785 episcopo
1302 2715 1626 2771 Abrincensi
1693 2717 1749 2770 in
1805 2717 2002 2773 itinere

389 2804 584 2867 Rome,
642 2819 766 2858 cum
815 2804 946 2859 illuc
1017 2805 1351 2876 perrexisset
1417 2824 1580 2863 causa
1630 2808 2003 2865 altercationis

389 2898 621 2954 duorum
654 2897 952 2954 electorum
985 2899 1205 2955 abbatie
1259 2901 1455 2957 Montis
1493 2902 1665 2958 sancti
1700 2903 1996 2971 Michaelis,

390 2989 685 3044 Herberlus
705 2989 1026 3060 capellanus
1048 2991 1204 3046 ducis
1232 2992 1528 3046 Normanie
1568 2993 1742 3048 factus
1773 3002 1854 3048 est
1877 2995 2000 3067 epi-

387 3095 587 3149 sc0pus
627 3080 873 3150 predicte
918 3082 1082 3136 sedis.
1120 3086 1282 3150 (Aug.
1349 3083 1456 3154 10.)
1507 3083 1691 3139 Mense
1745 3086 1992 3159 Augusti,

386 3168 531 3223 circa
582 3176 798 3225 octavas
836 3171 1009 3226 sancti
1053 3171 1349 3238 Laurentii,
1403 3173 1634 3228 moritur
1673 3174 1995 3230 Eustachius

387 3255 533 3310 ﬁlius
573 3257 837 3329 Stephani
880 3259 1025 3333 regis
1067 3261 1386 3334 Anglorum,
1445 3263 1574 3332 quia
1597 3263 1855 3334 predatus
1879 3263 1998 3320 fue-

389 3359 488 3417 rat,
521 3361 579 3406 ut
609 3352 831 3424 quidam
864 3354 1076 3420 dicunt,
1106 3365 1302 3410 terram
1357 3358 1529 3412 sancti
1565 3359 1834 3414 Edmundi
1856 3360 2001 3434 regis

387 3441 699 3496 etmartiris
751 3443 806 3496 in
849 3443 966 3514 ipsa
1040 3444 1331 3502 festivitate
1401 3448 1576 3503 sancti
1621 3449 1915 3505 Laurentii.
1940 3451 1998 3505 In

385 3529 592 3585 eisdem
626 3533 830 3588 octavis
861 3535 1104 3590 nascitur
1123 3534 1270 3591 filius
1303 3539 1534 3595 Henrico
1577 3539 1702 3595 duci
1735 3541 1999 3596 Norman-

387 3617 479 3673 nie
507 3635 573 3673 ex
603 3635 770 3675 uxore
800 3638 900 3677 sua
932 3623 1154 3680 Alienor
1207 3627 1487 3682 comitissa
1528 3628 1850 3684 Pictavensi.
1887 3630 1996 3685 Vo-

386 3718 540 3765 catus
560 3718 643 3766 est
663 3713 808 3768 idem
870 3731 1008 3785 puer
1060 3717 1397 3782 Willermus,
1429 3721 1578 3790 quod
1607 3735 1809 3776 nomen
1839 3722 1997 3792 quasi

385 3799 667 3869 proprium
713 3807 795 3856 est
863 3802 1159 3858 comitibus
1239 3805 1582 3861 Pietavorum
1659 3817 1714 3864 et
1763 3809 2000 3865 ducibus

385 3889 804 3959 Aquitanorum,
848 3892 1192 3949 Venerabilis
1247 3897 1562 3952 Bernardus
1588 3899 1799 3969 primus
1827 3900 2000 3955 abbas

388 3981 722 4049 Clarevallis,
754 3985 836 4039 vir
861 3986 1182 4043 admirande
1237 3989 1519 4062 religionis
1561 4001 1614 4046 et
1647 3992 1895 4047 doctrine
1919 3993 1998 4048 ef-

385 4073 592 4139 ﬁcacis,
617 4075 854 4131 humane
879 4077 990 4132 vite
1016 4079 1286 4136 satisfecit
1320 4083 1608 4139 moriendo
1637 4085 1702 4140 11
1724 4086 1998 4144 Kalendas

388 4165 752 4236 Septembris,
781 4167 1102 4241 relinquens
1129 4171 1404 4242 sapientie
1431 4190 1528 4229 sue
1563 4176 1798 4246 plurima
1816 4179 1996 4236 docu-

388 4263 595 4324 menta,
641 4258 874 4313 maxime
929 4261 980 4315 in
1028 4264 1440 4318 commentariis
1495 4265 1548 4320 in
1579 4269 1789 4324 cantica
1819 4272 1997 4327 canti-

387 4361 598 4401 corum.
643 4347 737 4402 Cui
782 4351 1052 4405 successit
1100 4351 1370 4407 Robertus
1419 4354 1715 4421 Flandrita,
1746 4360 1840 4430 qui
1880 4367 1996 4416 erat

387 4437 558 4492 abbas
604 4438 895 4495 Dunensis.
953 4441 1196 4498 Decessit
1261 4444 1659 4502 nichilominus
1731 4439 2070 4505 HenricusD

385 4529 609 4586 Murdac
637 4531 1087 4604 archiepiscopus
1146 4533 1532 4606 Eboracensis,
1579 4541 1886 4596 monachus
1914 4541 1998 4595 Ci-

387 4621 724 4676 sterciensis.

455 4761 766 4832 Stephanus
797 4779 889 4817 rex
937 4766 1232 4839 Anglorum
1282 4772 1336 4822 et
1383 4767 1645 4824 Henricus
1699 4770 1808 4824 dux
1859 4770 1993 4825 Nor-

388 4851 631 4919 mannie,
674 4861 940 4926 cognatus
973 4857 1114 4926 ejus,
1163 4858 1195 4913 8
1239 4859 1365 4913 ldus
1413 4860 1752 4926 Novembris,
1781 4862 1999 4929 justicia

387 4940 456 4996 de
498 4943 618 4998 celo
662 4945 1056 5015 prospiciente,
1118 4949 1435 5004 concordati
1475 4958 1603 5004 sunt
1646 4952 1752 5006 hoc
1801 4953 1987 5008 modo.

389 5030 498 5084 Rex
540 5032 693 5102 prius
718 5034 1035 5105 recognovit
1098 5037 1154 5089 in
1195 5044 1468 5091 conventu
1520 5039 1904 5109 episcOporum
1939 5048 1994 5095 et

384 5124 644 5180 comitum
695 5133 749 5180 et
813 5125 1151 5198 reliquorum
1216 5129 1537 5183 obtimatum
1597 5131 1992 5186 hereditarium

382 5212 488 5280 jus,
523 5213 673 5283 quod
699 5213 1104 5269 dux’Henricus
1161 5215 1401 5271 habebat
1434 5217 1488 5271 in
1519 5234 1748 5292 regnum
1779 5221 1991 5295 Anglic.

2093 1824 2249 1862 suum
2291 1806 2695 1860 Gualerannum
2751 1803 3003 1858 comitem
3047 1803 3314 1870 Mellenti,
3348 1803 3402 1857 in
3433 1805 3715 1875 colloquio

2095 1898 2351 1954 condicto
2393 1897 2538 1951 haud
2580 1894 2825 1966 procula
2877 1894 3051 1968 burgo
3108 1895 3319 1949 Bernai.
3357 1894 3590 1950 Obsesso
3621 1911 3714 1951 ca-

2097 1996 2208 2042 stro
2231 1988 2402 2042 Orbec
2439 1987 2579 2052 (621)
2638 1985 2705 2038 ab
2751 1984 3074 2038 hominibus
3098 1984 3317 2038 comitis
3356 1983 3709 2045 Gualeranni,

2101 2081 2281 2152 inquo
2328 2079 2471 2132 idem
2513 2092 2701 2132 comes
2758 2075 3066 2140 tenebatur,
3117 2076 3341 2130 tandem
3369 2090 3554 2130 comes
3575 2075 3716 2130 liber

2111 2171 2376 2226 dimissus
2405 2179 2506 2236 est,
2539 2167 2752 2224 reddita
2773 2167 2926 2239 prius
2949 2167 3198 2238 predicte
3230 2167 3419 2238 nepoti
3444 2182 3543 2223 suo
3574 2175 3720 2222 terre

2106 2264 2175 2318 de
2211 2259 2543 2318 Monteforti.

2178 2393 2334 2449 1153.
2379 2391 2579 2464 [1154]
2611 2391 2924 2446 Fredericus
2971 2389 3026 2443 2.

2699 2485 3003 2552 Stephanus
3037 2486 3053 2536 1
3072 2485 3123 2538 8.

3137 2390 3443 2445 Ludovicus
3484 2390 3571 2445 16.

2176 2596 2483 2651 Ludovicus
2529 2611 2620 2650 rex
2677 2595 3007 2650 Francorum
3074 2594 3226 2649 duxit
3265 2609 3492 2648 uxorem
3547 2593 3716 2648 filiam

2101 2687 2316 2742 Anforsi
2345 2687 2489 2758 regis
2537 2687 2941 2756 Hispaniarum.
2978 2685 3147 2756 Caput
3187 2685 3341 2757 regui
3375 2686 3539 2754 hujus
3573 2684 3720 2758 regis

2102 2774 2294 2829 civitas
2315 2783 2398 2828 est
2423 2774 2667 2829 Toletum
2705 2788 2718 2839 ;
2746 2790 2932 2845 quem,
2960 2774 3090 2845 quia
3142 2774 3480 2844 principatur
3512 2773 3718 2842 regulis

2101 2863 2440 2935 Arragonum
2488 2870 2546 2916 et
2590 2861 2832 2928 Gallieie,
2890 2862 3275 2932 imperatorem
3333 2861 3709 2932 Hispaniarum

2101 2955 2398 3026 appellant.
2441 2955 2807 3010 Walerannus
2868 2970 3055 3010 comes
3135 2954 3398 3009 Mellenti.
3448 2953 3717 3008 obsidens

2101 3051 2337 3099 castrum
2359 3042 2726 3104 Montisfortis.
2778 3041 2997 3117 fugatus
3036 3050 3119 3097 est
3150 3042 3520 3117 ignominiose
3550 3059 3580 3096 a
3605 3059 3710 3096 ne-

2025 3142 2073 3208 c
2103 3139 2228 3203 pote
2259 3147 2358 3186 suo
2392 3132 2652 3198 Hoberto,
2685 3132 2893 3186 eversis
2921 3132 3135 3186 duobus
3166 3132 3428 3197 castellis,
3462 3148 3567 3203 que
3603 3132 3719 3201 ipse

2102 3239 2274 3294 prope
2304 3223 2743 3278 Montemfortem
2797 3231 3064 3278 erexerat.
3122 3224 3389 3297 Rogerius
3419 3240 3510 3276 rex
3529 3222 3721 3276 Sicilie

2100 3315 2334 3368 moritur
2388 3315 2421 3368 4
2462 3314 2731 3369 Kalendas
2775 3313 2982 3380 Martii;
3043 3315 3170 3369 huic
3199 3315 3463 3369 successit
3495 3314 3715 3367 Willer-

2102 3419 2224 3456 mus
2254 3402 2400 3456 filius
2428 3419 2580 3470 suus,
2613 3419 2778 3474 quem
2811 3411 2970 3473 pater
2999 3409 3123 3456 ante
3172 3412 3404 3457 mortem
3435 3417 3587 3456 suam
3623 3417 3720 3454 su-

2103 3495 2389 3550 blimatum
2431 3495 2484 3550 in
2535 3511 2718 3568 regem
2776 3503 3086 3549 consortem
3144 3495 3296 3565 regni
3352 3494 3572 3548 fecerat.
3621 3494 3719 3548 Hic

2103 3590 2256 3645 duxit
2281 3588 2445 3644 filiam
2477 3589 2625 3662 regis
2670 3589 3033 3645 Navarrorum
3082 3588 3288 3654 Garsie,
3318 3603 3562 3644 sororem
3595 3588 3713 3643 sci-

2101 3681 2230 3736 licet
2253 3681 2470 3736 Sanceii
2520 3681 2758 3749 junioris
2783 3699 2796 3746 ;
2825 3688 2880 3735 et
2931 3681 3179 3752 suscepit
3227 3697 3290 3736 ex
3313 3696 3377 3736 ea
3408 3680 3578 3735 tilium
3601 3679 3717 3750 pri-

2103 3771 2465 3844 mogenitum,
2518 3772 2744 3826 nomine
2784 3772 3099 3846 Hogerium.
3145 3771 3375 3837 Mortuo,
3432 3780 3491 3826 ut
3530 3771 3719 3842 predi-

2103 3870 2248 3917 ctum
2273 3871 2378 3928 est,
2408 3863 2646 3918 Henrico
2706 3864 3131 3935 archiepiscopo
3172 3864 3525 3928 Eboracensi,
3567 3865 3718 3918 Ana-

2102 3951 2303 4006 stasius
2334 3967 2474 4021 papa
2506 3952 2744 4007 restituit
2777 3953 2831 4005 in
2864 3952 3097 4007 eandem
3130 3952 3320 4007 sedem
3351 3952 3724 4017 Willernium,

2100 4041 2314 4096 donans
2343 4042 2394 4096 ei
2433 4042 2678 4112 pallium.
2731 4050 2786 4097 et
2840 4057 3173 4098 consecrans
3206 4043 3375 4097 Rome
3407 4042 3461 4096 in
3492 4056 3730 4110 presen-

2097 4133 2172 4187 tia
2203 4133 2324 4202 ejus
2367 4133 2651 4207 Hugon‘em
2702 4133 2771 4188 de
2826 4133 3010 4188 Puisat
3067 4135 3388 4205 episcopum
3447 4132 3722 4196 Dunelmi,

2099 4236 2362 4298 nepotem
2391 4227 2654 4298 Stephani
2687 4228 2831 4303 regis
2857 4228 3172 4303 Anglorum.
3205 4228 3354 4282 Hunc
3379 4226 3719 4281 Willeimum

2100 4317 2378 4391 Eugenius
2412 4333 2551 4388 papa
2582 4318 2840 4372 decessor
2860 4317 3130 4371 Anastasii
3170 4317 3519 4386 deposuerat.
3568 4315 3720 4368 Circa

2099 4407 2300 4475 pascha
2329 4405 2594 4460 Henricus
2639 4405 2748 4459 dux
2789 4405 3226 4461 Normannorum
3259 4405 3628 4460 transfretavit
3661 4405 3718 4458 in

2098 4497 2504 4563 Normanniam,
2539 4505 2594 4552 et
2624 4497 2772 4567 cepit
2802 4513 3060 4552 revocare
3091 4499 3353 4568 paulatim
3380 4505 3435 4552 et
3468 4497 3720 4568 pruden-

2100 4596 2180 4644 ter
2206 4589 2368 4658 injus
2422 4588 2701 4659 proprium
2753 4605 2851 4642 sua
2906 4589 3202 4654 dominica,
3232 4605 3338 4659 que
3380 4595 3536 4659 pater
3561 4605 3716 4651 suus,

2099 4687 2332 4753 urgente
2364 4679 2715 4743 necessitate,
2746 4678 3082 4749 primoribus
3112 4677 3446 4734 Normannie
3478 4678 3546 4731 ad
3573 4685 3720 4731 tem-

2102 4787 2205 4840 pus
2233 4777 2598 4826 concesserat.
2636 4769 2767 4823 Inde
2825 4770 3106 4840 profectus
3147 4770 3200 4823 in
3240 4768 3585 4841 Aquitaniam
3621 4783 3716 4822 re-

2101 4860 2398 4915 bellionem
2457 4859 2804 4932 quorundam
2865 4860 3150 4930 repressit.
3189 4859 3500 4912 Willermus
3538 4857 3718 4912 archi-

2100 4953 2394 5021 episcopus
2435 4952 2794 5006 Eboracensis
2832 4967 3085 5006 reversus
3117 4951 3170 5004 in
3203 4950 3472 5024 Angliam,
3493 4950 3622 5003 dum
3637 4949 3719 5002 di-

2094 5042 2218 5096 vina
2249 5041 2490 5096 misteria
2526 5049 2892 5108 consummat,
2955 5042 3148 5095 hausto
3186 5040 3242 5094 in
3273 5040 3392 5110 ipso
3421 5039 3612 5101 calice,
3654 5045 3714 5092 ut

2095 5133 2268 5193 aiunt,
2327 5147 2565 5198 veneno,
2633 5132 2882 5188 moritur.
2963 5132 3056 5186 Cui
3124 5131 3391 5186 successit
3448 5129 3716 5203 Rogerius

2096 5219 2164 5273 de
2197 5219 2366 5274 Ponte
2413 5220 2682 5290 epiSCOpi,
2737 5221 3162 5275 archidiaconus
3185 5218 3594 5274 Cantuariensis
3618 5217 3710 5269 ⁵⁸⁸.

456 5384 527 5418 ⁸⁸⁸
557 5384 978 5439 Nonis—stante
1008 5385 1202 5440 desunt
1226 5385 1316 5442 8b.
1372 5386 1439 5422 “7
1477 5404 1733 5443 numerus
1999 5317 2413 5444 LeEsg'liiiogFS‘.“
2444 5391 2566 5443 Post
2623 5389 2731 5443 haec
2764 5393 2818 5442 in
2875 5388 2934 5451 E,
2975 5389 3088 5442 alia
3126 5403 3318 5442 manus
3349 5389 3617 5440 incertum
3645 5401 3721 5438 an

384 5456 801 5528 Roborti,_inter
827 5457 966 5510 hanc
996 5457 1192 5511 lineam
1220 5462 1271 5512 et
1313 5465 1617 5528 sequentem
1669 5463 1900 5514 inseruit
1951 5475 2199 5515 numeros
2247 5460 2338 5515 ΙΙΙ.
2389 5459 2539 5514 XVII.
2573 5459 2705 5513 XIX.
2739 5459 2954 5514 MCLIV.
2990 5461 3276 5528 eademque
3307 5472 3530 5526 sequens
3560 5471 3721 5510 voca-

385 5526 574 5580 bulum
601 5526 784 5581 Mense
821 5529 880 5580 in
909 5542 1111 5582 rasura
1131 5526 1646 5600 scripsit—Reliquis
1676 5532 1923 5586 omnibus
1949 5533 2009 5584 hi
2043 5535 2255 5586 numeri
2279 5532 2489 5594 desunt,
2529 5531 2674 5600 quod
2730 5533 2883 5585 unice
2913 5537 3132 5585 rectum.
3167 5526 3374 5585 Abhinc
3401 5530 3594 5595 igitur,
3634 5528 3720 5580 his

1929 5626 2138 5684 NOTAE.

2179 5697 2326 5768 (620)
2358 5697 2545 5752 Tunis.

2175 5765 2321 5839 (621)
2353 5769 2502 5824 Inter
2539 5766 2754 5823 Lisieux
2796 5765 3107 5838 etL’Aigle.

459 5691 605 5762 (618)
647 5693 906 5751 Breteuil.
943 5695 1084 5750 inter
1112 5695 1319 5751 Evreux
1349 5697 1668 5756 ctMoulins.

455 5762 595 5832 (619)
629 5763 668 5819 l.
693 5779 745 5818 e.
780 5765 1027 5835 exceptis
1045 5767 1304 5824 castellis.
