3930 6068
212 355 322 409 477

358 500 712 542 ROMANORUM.
865 496 1205 536 FRANCORUM.
1359 493 1667 534 ANGLORUM.

1026 309 1049 332 ⁸
1081 343 1425 399 CHRONICA.
1468 373 1536 382 -
1574 341 1953 398 AUCTARIUM
1999 340 2284 396 ROBERTI
2329 340 2411 394 ne
2454 340 2674 394 nom

3451 343 3557 397 478

1852 480 1905 548 Α
2003 474 2148 530 Obiit
2172 489 2206 546 6
2246 475 2516 530 Kalendas
2546 474 2865 529 Decembris
2905 474 3221 528 Anastasius
3250 490 3392 545 papa
3451 476 3558 532 Ro-

285 581 474 635 Mense
504 577 665 645 Maio,
694 577 727 631 6
769 575 1038 630 Kalendas
1068 572 1236 635 Junii,
1271 571 1408 626 feria
1438 571 1472 624 5
1512 569 1654 624 infra
1676 575 1830 624 octa-
1932 582 2156 628 manus;
2197 574 2252 620 et
2307 565 2575 620 successit
2622 565 2674 620 ei
2719 564 3010 621 Nicholaus
3065 565 3362 636 episcopus
3393 565 3554 622 Alba-

209 688 310 728 vas
366 675 739 741 pentecostes,
781 663 1178 720 monasterium
1228 661 1376 715 beati
1428 658 1714 714 Michaelis
1763 657 1833 713 de
1935 659 2146 723 nensis,
2177 673 2320 728 papa
2349 656 2612 711 videlicet
2642 657 2745 712 173
2808 698 2821 724 ,
2871 663 3092 714 vocatus
3140 656 3412 711 Adrianus
3465 658 3554 725 ιν,

209 759 467 815 Periculo
499 757 664 812 maris
705 763 828 826 post
864 753 1299 818 tribulationem,
1344 765 1512 821 quam
1545 765 1644 819 per
1671 746 1836 819 quin-
1936 749 2020 804 vir
2051 749 2275 820 quidem
2311 747 2602 822 religiosus
2633 754 2687 802 et
2715 748 2936 802 natione
2968 747 3248 821 Anglicus,
3279 748 3371 819 qui
3404 749 3559 818 prius

213 848 522 923 quennium
547 846 658 900 fere
684 845 873 916 jugem
907 859 1128 914 passum
1161 841 1359 906 fuerat,
1394 840 1504 894 Deo
1540 838 1835 892 miserante

216 939 620 1012 aliquantulum
662 935 971 1007 respiravit,
1000 935 1177 988 electo
1218 931 1558 985 unanimiter
1587 929 1654 984 ab
1686 928 1839 984 omni

221 1037 494 1086 conventu
558 1027 792 1082 Roberto
833 1027 903 1080 de
955 1023 1270 1090 Torinneio,
1331 1023 1514 1093 priore
1561 1018 1843 1075 claustrali

219 1123 516 1180 Beccensis
547 1120 889 1177 monasterii.
949 1119 1151 1174 Eodem
1205 1134 1399 1172 mense
1440 1117 1546 1170 dux
1580 1115 1844 1168 Henricus

223 1219 446 1273 rediens
476 1216 544 1270 de
572 1213 884 1286 Aquitania,
915 1209 1243 1284 Rothomagi
1279 1210 1334 1263 in
1388 1208 1480 1262 die
1530 1205 1844 1261 festivitatis

222 1305 399 1360 sancti
457 1302 725 1359 Johannis
784 1301 1023 1370 Baptiste
1063 1304 1346 1371 gratanter
1391 1311 1675 1350 assensum
1720 1309 1846 1365 pre-

225 1394 348 1448 buit
408 1391 655 1462 predicte
710 1387 987 1453 electioni,
1043 1402 1206 1458 quam
1263 1384 1718 1455 archiepise0pus
1751 1383 1850 1436 Ro-

226 1481 609 1556 thomagensis
640 1480 809 1553 Hugo,
863 1479 947 1533 vir
977 1492 1191 1532 summe
1232 1475 1520 1550 religionis
1573 1482 1629 1529 et
1681 1473 1849 1526 indu-

227 1578 384 1642 strie,
419 1593 539 1631 cum
574 1573 919 1646 imperatrice
950 1580 1124 1626 matre
1156 1570 1312 1624 ducis
1339 1578 1502 1624 antea
1532 1575 1847 1638 ut_presen-

230 1676 314 1724 tes
390 1667 753 1722 libentissime
819 1663 1298 1719 conﬁrmaverant.
1384 1659 1650 1732 Sequenti
1721 1673 1852 1713 vero

1941 839 2123 894 fuerat
2172 839 2347 895 abbas
2401 840 2791 896 canonicorum
2836 841 3167 913 regularium
3227 840 3378 894 Santi
3435 838 3555 894 Ruﬁ

1945 933 1998 985 in
2023 931 2323 997 Provincia,
2358 930 2455 985 sed
2499 931 2567 984 ab
2609 931 2853 1004 Eugenio
2891 930 3286 1000 predecessore
3350 945 3450 984 suo
3485 929 3564 984 fa-

1944 1028 2062 1076 ctus
2093 1020 2269 1075 fuerat
2297 1020 2592 1090 episcopus
2627 1020 2949 1074 Albanensis
2978 1019 3067 1073 ⁸⁸9.
3124 1020 3349 1074 Moritur
3398 1019 3560 1073 etiam

1946 1111 2282 1166 Gislebertus
2303 1111 2599 1181 episcopus
2646 1111 3002 1178 Pictavensis,
3051 1112 3133 1166 vir
3189 1110 3483 1184 religiosus
3513 1117 3567 1164 et

1945 1205 2271 1276 multiplicis
2287 1204 2560 1268 doctrine,
2595 1203 2689 1274 qui
2724 1204 2966 1274 psalmos
2996 1208 3050 1256 et
3089 1203 3352 1274 epistolas
3413 1200 3565 1256 Pauli

1950 1296 2260 1352 luculenter
2296 1294 2570 1365 exposuit.
2603 1292 2910 1348 Ludovicus
2940 1308 3032 1346 rex
3064 1292 3391 1346 Francorum
3433 1307 3563 1362 gra-

1949 1386 2024 1440 tia
2065 1383 2331 1440 orationis
2357 1383 2596 1454 perrexit
2624 1383 2690 1436 ad
2722 1383 2982 1437 Sanctum
3033 1381 3296 1436 Jacobum
3344 1381 3412 1434 de
3445 1380 3568 1434 Gal-

1951 1479 2096 1544 licia,
2133 1485 2188 1533 et
2213 1478 2280 1532 ab
2332 1476 2664 1546 imperatore
2717 1475 3105 1545 Hispaniarum
3136 1489 3328 1528 socero
3352 1489 3454 1528 suo
3476 1473 3564 1527 fa-

1951 1567 2270 1624 vorabiliter
2299 1567 2355 1619 in
2398 1565 2654 1636 Hispania
2677 1570 2966 1633 susceptus
3019 1570 3120 1617 est.
3151 1563 3416 1618 Henricus
3461 1563 3570 1616 dux

1953 1659 2391 1714 Normannorum
2425 1656 2454 1710 7
2480 1655 2607 1709 ldus
2629 1653 2948 1709 Decembris
2988 1656 3044 1708 in
3095 1653 3342 1728 Angliam
3385 1663 3570 1707 trans-

230 1779 427 1818 mense
457 1763 510 1816 in
544 1761 840 1816 festivitate
871 1763 1062 1812 sancte
1115 1756 1282 1810 Marie
1339 1755 1680 1829 Magdalene,
1723 1768 1855 1823 pre-
1884 1783 1932 1850 B
1959 1749 2187 1816 fretans,
2221 1764 2344 1802 cum
2375 1763 2574 1820 magno
2599 1747 2839 1818 tripudio
2881 1747 3201 1801 clericorum
3231 1754 3285 1800 et
3310 1745 3570 1800 laicorum

231 1854 414 1908 dictus
445 1852 650 1906 electus
679 1849 1010 1903 benedictus
1051 1853 1134 1900 est
1175 1845 1231 1898 in
1256 1845 1511 1900 abbatem
1540 1842 1684 1913 apud
1715 1842 1856 1895 San-

231 1955 383 2001 ctum
429 1943 788 1998 Philibertum
850 1941 918 1994 de
966 1937 1281 1994 Montetorti
1325 1936 1393 1990 ab
1425 1935 1690 1989 Herberto
1743 1934 1856 2005 epi-

231 2052 408 2108 scopo
439 2033 822 2089 Abrincatensi
853 2038 906 2086 et
932 2031 1159 2084 Girardo
1186 2027 1460 2101 Sagiensi,
1496 2025 1854 2096 presentibus

233 2124 531 2179 abbatibus
569 2123 807 2197 Rogerio
869 2118 1154 2186 Beccensi,
1196 2114 1461 2171 Michaele
1503 2113 1851 2180 Pratellensi,

237 2219 466 2290 Hugone
519 2215 587 2268 de
647 2214 842 2268 Sancto
901 2211 1180 2265 Salvatore
1249 2207 1612 2263 Constantini.
1671 2205 1855 2260 Mense

235 2313 482 2383 Augusto
505 2305 822 2362 concordati
849 2311 978 2359 sunt
1009 2303 1318 2358 Ludovicus
1374 2316 1469 2355 rex
1522 2299 1855 2354 Francorum

238 2408 296 2456 et
327 2401 436 2454 dux
457 2399 893 2454 Normannorum
924 2395 1190 2450 Henricus
1236 2394 1344 2449 hoc
1378 2392 1559 2448 modo.
1596 2393 1706 2446 Rex
1739 2391 1858 2446 red-

241 2491 384 2546 didit
414 2490 462 2543 ei
486 2490 594 2544 duo
617 2488 862 2556 castella,
894 2487 1133 2542 Vernum
1173 2493 1228 2540 et
1279 2485 1488 2539 Novum
1522 2489 1856 2549 mercatum;

240 2591 298 2639 et
329 2582 438 2637 dux
469 2581 619 2635 dedit
643 2581 691 2635 ei
723 2580 831 2635 duo
863 2580 1013 2634 milia
1043 2594 1349 2633 marcarum
1388 2575 1605 2651 argenti
1635 2590 1733 2646 pro
1765 2591 1858 2629 re-

238 2671 533 2727 sarciendo
564 2671 827 2740 dampno,
860 2667 1009 2740 quod
1067 2683 1158 2722 rex
1201 2683 1396 2737 passus
1455 2665 1632 2720 fuerat
1677 2665 1732 2718 in
1764 2680 1863 2720 ca-

241 2761 474 2831 piendo,
508 2758 829 2822 muniendo,
859 2755 1101 2812 tenendo
1133 2755 1354 2810 easdem
1399 2753 1704 2808 ﬁrmitates.
1738 2752 1868 2807 Rei-

243 2848 444 2902 naldus
488 2847 556 2902 de
605 2845 936 2912 Castelliolo,
999 2844 1173 2900 factus
1228 2843 1489 2914 princeps
1550 2841 1863 2906 Antiochie,

241 2941 407 2996 ducta
467 2939 780 2994 Constantia
811 2937 1002 2992 relicta
1045 2936 1341 2991 Raimundi
1373 2935 1664 3006 principis,
1701 2949 1866 3006 quem

241 3033 405 3087 Turci
433 3033 628 3088 eodem
664 3045 809 3084 anuo
835 3071 848 3096 ,
909 3045 1018 3100 quo
1062 3045 1154 3084 rex
1187 3028 1518 3083 Francorum
1561 3027 1867 3082 Ludovicus

245 3130 317 3183 de
346 3129 650 3184 Jerusalem
686 3126 870 3195 rediit,
892 3125 1231 3192 occiderant,
1265 3134 1456 3181 contra
1482 3124 1706 3180 eosdem
1735 3123 1866 3178 Tur—
1891 3155 1942 3222 (κ

245 3239 346 3278 cos
371 3222 601 3276 viriliter
628 3236 818 3296 agens,
861 3219 962 3274 tria
1019 3217 1248 3273 castella
1310 3217 1418 3270 illis
1455 3216 1700 3280 abstulit,
1762 3230 1868 3286 que

248 3317 470 3373 fuerant
541 3314 987 3368 christianorum.
1067 3310 1217 3365 Circa
1291 3308 1564 3363 Kalendas
1616 3307 1870 3363 Octobris

253 3409 518 3466 Henricus
556 3407 663 3460 dux
720 3405 1182 3468 Normannorum,
1225 3402 1405 3472 sopita
1443 3401 1675 3456 adversa
1732 3399 1873 3455 vali-

246 3499 464 3561 tudine,
497 3497 605 3550 Deo
648 3494 968 3560 miserante,
1002 3509 1112 3564 qua
1165 3491 1478 3562 periculose
1507 3490 1871 3558 laboraverat,

247 3595 457 3651 accitus
512 3607 541 3644 a
571 3606 702 3663 rege
758 3588 1087 3644 Francorum
1119 3603 1243 3642 cum
1273 3584 1517 3641 exercitu
1553 3586 1794 3654 perrexit
1817 3586 1874 3640 in

250 3681 634 3748 Wilcasinum,
690 3688 745 3736 et
799 3680 1108 3752 pacificavit
1170 3694 1296 3735 cum
1339 3694 1469 3752 rege
1527 3677 1876 3733 Goscelinum

251 3771 581 3843 Crispinum.
639 3771 770 3825 lnde
817 3770 1057 3832 rediens,
1098 3768 1317 3824 obsedit
1363 3767 1717 3822 Torinneium
1764 3766 1880 3822 fere

255 3880 358 3933 per
389 3866 456 3918 15
500 3864 641 3928 dies,
675 3862 952 3932 incipiens
983 3861 1056 3915 ibi
1092 3861 1192 3915 tria
1235 3859 1480 3915 castella.
1515 3859 1751 3914 Reddite
1789 3874 1878 3913 ca-

256 3954 440 4020 stello,
475 3962 531 4009 et
564 3951 856 4026 paciﬁcate
897 3950 1130 4005 Ricardo
1163 3949 1276 4004 tilio
1327 3947 1562 4013 comitis,
1596 3948 1691 4020 qui
1744 3947 1880 4003 illud

259 4042 624 4112 municipium
683 4047 956 4106 tenuerat,
1016 4038 1206 4094 audito
1262 4037 1504 4092 veridico
1556 4036 1752 4092 nuntio
1812 4035 1880 4090 de

262 4141 440 4190 morte
474 4132 738 4204 Stephani
768 4131 914 4203 regis
945 4131 1268 4205 Anglorum,
1300 4128 1516 4184 locutus
1547 4143 1670 4182 cum
1712 4131 1882 4180 matre

262 4239 362 4277 sua
391 4220 759 4292 imperatrice,
803 4219 1229 4290 convocatisque
1273 4215 1534 4272 fratribus
1571 4214 1706 4280 suis,
1749 4213 1884 4267 Gau-

264 4311 409 4366 frido
437 4318 491 4365 et
517 4311 825 4376 Willermo,
859 4316 914 4364 ct
939 4307 1214 4380 episcopis
1253 4313 1307 4361 et
1355 4303 1713 4376 Optimatibus
1752 4302 1883 4357 Nor-

264 4423 512 4472 mannie,
547 4407 695 4461 venit
727 4404 1161 4473 Barbeﬂuvium,
1189 4410 1244 4457 et
1277 4401 1355 4456 ibi
1389 4417 1488 4472 per
1517 4415 1690 4455 unum
1727 4413 1887 4452 men-

265 4514 381 4553 sem
417 4499 725 4567 expectavit
776 4504 998 4552 ventum
1047 4500 1380 4564 oportunum
1412 4492 1481 4546 ad
1528 4490 1886 4546 transfretan-

269 4587 422 4642 dum.
457 4587 678 4642 Obierat
726 4588 874 4642 enim
904 4587 936 4640 8
995 4585 1266 4640 Kalendas
1292 4582 1616 4640 Novembris
1645 4582 1882 4651 Stepha-

271 4692 376 4730 nus
417 4692 511 4729 rex
541 4677 872 4749 Anglorum;
917 4675 1076 4744 cujus
1103 4689 1303 4745 corpus
1334 4671 1660 4727 tumulatum
1706 4675 1788 4724 est
1831 4670 1887 4722 in

271 4766 605 4822 monasterio
638 4767 914 4821 Fassehan
947 4766 1112 4838 (622),
1155 4765 1302 4838 quod
1344 4762 1581 4817 Matildis
1609 4776 1745 4816 uxor
1770 4759 1891 4830 ejus

271 4856 646 4939 edificavcrat,
707 4858 799 4912 ubi
849 4859 965 4928 ipsa
1022 4863 1076 4910 et
1130 4857 1276 4910 ﬁlius
1331 4855 1450 4924 ejus
1488 4851 1892 4925 primogenitus

274 4948 602 5003 Eustachius
627 4948 826 5019 sepulti
859 4957 1007 5003 sunt.
1039 4948 1264 5002 lnterim
1300 4964 1402 5018 pax
1445 4961 1659 5000 summa
1689 4950 1804 4998 erat
1836 4942 1892 4996 in

275 5039 491 5113 Anglia,
525 5040 716 5094 timore
748 5049 802 5094 et
829 5055 1016 5095 amore
1042 5039 1259 5093 lleurici
1294 5038 1469 5101 ducis,
1504 5052 1665 5108 quem
1701 5049 1894 5090 omnes

275 5135 568 5183 venturum
602 5136 659 5183 et
688 5144 868 5201 regem
900 5128 1140 5183 futurum
1174 5143 1283 5182 non
1318 5126 1666 5180 dubitabant.

1957 1846 2218 1910 exceptus
2248 1844 2350 1893 est.
2404 1838 2473 1894 13
2511 1839 2781 1892 Kalendas
2835 1837 3101 1902 Januarii,
3167 1837 3256 1891 die
3297 1836 3574 1892 dominica

1957 1938 2084 1984 ante
2141 1927 2483 1982 nativitatem
2541 1926 2780 1994 Domini,
2831 1927 2978 1996 apud
3023 1924 3571 1980 Westmonasterium

1955 2021 2024 2076 ab
2051 2019 2313 2076 omnibus
2337 2019 2544 2073 electus
2573 2024 2626 2072 et
2665 2018 2720 2071 in
2761 2033 2945 2089 regem
2979 2027 3176 2072 unctus
3207 2024 3290 2071 est
3331 2033 3361 2070 a
3399 2016 3577 2071 Theo-

1955 2109 2120 2165 baldo
2159 2107 2584 2179 archiepiscopo
2631 2106 3026 2161 Cantuariensi.
3081 2104 3366 2160 Aifuerunt
3408 2106 3573 2162 etiam

1957 2201 2203 2272 episcopi
2235 2217 2433 2256 omnes
2487 2199 2700 2273 Anglici
2750 2199 2928 2272 regni,
2985 2198 3249 2269 Rogerius
3287 2197 3570 2268 archiepi-

1958 2309 2160 2365 sc0pus
2209 2292 2593 2348 Eboracensis.
2662 2291 2925 2346 Ricardus
2997 2290 3294 2360 episcopus
3346 2288 3572 2343 Lundo-

1962 2383 2194 2449 niensis,
2245 2380 2511 2437 Henricus
2569 2379 2990 2444 Wintoniensis,
3048 2377 3326 2432 Robertus
3381 2377 3573 2432 Linco-

1962 2473 2175 2537 liensis,
2209 2470 2517 2526 Gualterius
2564 2468 2886 2536 Cestrensis,
2929 2467 3267 2521 Gislebertus
3321 2466 3578 2522 Herefor-

1965 2564 2175 2632 densis,
2205 2563 2476 2618 Robertus
2507 2561 2776 2626 Batensis,
2803 2560 3083 2615 Johannes
3111 2559 3581 2631 Wingorniensis,

1968 2657 2241 2712 Robertus
2297 2653 2642 2716 Exoniensis,
2705 2650 2938 2705 Hilarius
2994 2650 3292 2718 tlestensis,
3341 2649 3585 2705 Gosceli-

1969 2762 2075 2800 nus
2135 2742 2582 2808 Salesberiensis,
2639 2738 2911 2794 Galterius
2987 2738 3279 2805 Rofi'ensis,
3340 2738 3586 2811 Nigellus

1972 2833 2264 2900 Heliensis,
2295 2830 2610 2886 Willermus
2636 2827 3040 2889 Nothvicensis,
3079 2827 3230 2902 Hugo
3253 2826 3588 2881 Dunelmen-

1968 2927 2063 2993 sis,
2122 2923 2405 2979 Adalulfus
2457 2922 2805 2979 Carlivensis.
2865 2919 3150 2974 Affuerunt
3205 2927 3260 2973 et
3326 2918 3394 2972 de
3449 2918 3587 2972 Nor-

1968 3015 2193 3070 mannia
2233 3014 2316 3072 vir
2346 3013 2636 3086 religiosus
2677 3027 2741 3066 ac
2789 3010 2995 3065 timens
3038 3009 3210 3062 Deum
3249 3005 3586 3062 venerabilis

1971 3108 2124 3180 Hugo
2199 3104 2651 3175 archiepiscopus
2722 3097 3222 3171 Rothomagensis,
3303 3095 3589 3167 Philippus

1969 3195 2306 3265 Bajoeensis,
2358 3191 2614 3247 Arnulfus
2640 3188 3007 3251 Lexoviensis,
3046 3186 3343 3240 Herbertus
3391 3184 3592 3238 Abrin-

1969 3288 2151 3343 censis
2166 3285 2430 3357 episcOpi.
2468 3282 2754 3337 Aﬂuerunt
2784 3281 3015 3336 comites
3045 3277 3202 3348 regni
3233 3276 3402 3337 illius,
3443 3285 3496 3330 et
3521 3274 3590 3329 de

1973 3395 2144 3453 regno
2173 3379 2504 3432 Francorum
2548 3373 2926 3429 Theodericus
2981 3385 3170 3424 comes
3209 3367 3587 3432 Flandrensis,

1975 3479 2030 3527 et
2052 3471 2140 3525 alii
2171 3470 2372 3540 plures.
2405 3467 2564 3521 Facta
2593 3473 2678 3520 est
2708 3463 2948 3534 eclypsis
2974 3463 3102 3516 lune
3132 3459 3410 3515 dominica
3439 3456 3590 3528 (623)

1978 3575 2102 3622 ante
2135 3565 2370 3620 natalem
2405 3561 2639 3616 Domini.

2123 3655 2277 3711 1-155.
2353 3651 2668 3708 Fredericus
2709 3647 2761 3704 3.
2909 3646 3212 3702 Ludovicus
3262 3644 3329 3698 18
3360 3643 3448 3696 δθο.

2613 3740 2876 3794 Henricus
2902 3736 2955 3791 2.

2053 3837 2162 3891 Rex
2197 3833 2462 3890 Henricus
2482 3831 2635 3900 cepit
2650 3844 2908 3884 revocare
2937 3828 2988 3881 in
3003 3826 3092 3895 jus
3107 3823 3389 3895 preprium
3407 3821 3595 3888 urbes,

1981 3925 2224 3992 castella,
2254 3923 2430 3987 villas,
2459 3936 2568 3991 que
2613 3919 2681 3973 ad
2706 3932 2966 3973 coronam
3025 3913 3177 3988 regni
3220 3911 3592 3984 pertinebant,

1984 4020 2207 4078 castella
2228 4018 2442 4076 noviter
2480 4014 2620 4068 facta
2651 4010 3008 4075 destruendo,
3067 4015 3120 4062 et
3167 4003 3496 4077 expellendo
3528 4003 3596 4057 de

1985 4126 2155 4186 regno
2187 4109 2423 4164 maxime
2456 4105 2855 4169 Flandrenses;
2890 4111 2944 4157 et
2973 4098 3308 4172 deponendo
3332 4095 3599 4169 quosdam

1983 4184 2338 4276 im'aginarios
2368 4196 2514 4268 (624)
2546 4201 2598 4250 et
2631 4192 3097 4266 pseudocomites,
3132 4189 3335 4260 quibus
3358 4202 3449 4240 rex
3480 4184 3602 4238 Ste~

1987 4296 2204 4365 phanus
2223 4290 2409 4346 omnia
2427 4304 2573 4360 pene
2596 4287 2664 4340 ad
2679 4286 2868 4340 iiscum
2886 4281 3220 4353 pertinentia
3239 4279 3422 4332 minus
3436 4283 3597 4331 caute

1987 4364 2360 4440 distribuerat.
2393 4383 2589 4438 Factus
2621 4384 2706 4433 est
2734 4379 3062 4432 terremotus
3107 4370 3167 4425 15
3204 4367 3472 4422 Kalendas
3504 4364 3602 4418 Fe-

1902 4477 2192 4571 Dbruarii
2233 4476 2322 4541 δυ,
2357 4471 2590 4526 maxime
2631 4468 2687 4522 in
2723 4461 3060 4538 Burgundia,
3112 4459 3250 4512 adeo
3299 4461 3355 4508 ut
3413 4462 3496 4509 ter
3546 4453 3599 4506 in

2207 4567 2222 4571 “
2308 4567 2318 4571 ³
2365 4567 2374 4571 “
2466 4565 2475 4571 ‘
2700 4569 2706 4571 -
2803 4558 2837 4571 ¹’“
2875 4555 2884 4564 ⁸
3071 4553 3110 4571 τη
3142 4550 3258 4571 γῖ-Ξι-
3306 4545 3599 4571 -Α--ι;-Αι..,.

1988 4578 2150 4626 nocte
2200 4565 2510 4624 festivitatis
2561 4569 2746 4617 sancte
2803 4555 2985 4612 Prisce
3033 4550 3262 4625 virginis
3305 4545 3603 4602 sentiretur

1987 4659 2135 4732 apud
2166 4656 2510 4720 Cluniacum;
2559 4659 2613 4707 et
2651 4647 2928 4721 quoddam
2963 4642 3268 4706 castellum,
3314 4635 3461 4710 quod
3489 4642 3605 4688 erat

1991 4755 2291 4815 desertum,
2331 4747 2479 4803 haud
2511 4743 2758 4816 procula
2795 4737 3053 4794 Cluniaco
3097 4735 3283 4798 situm,
3318 4732 3600 4816 absortum

1993 4843 2097 4896 iret
2127 4840 2182 4894 in
2210 4839 2469 4908 abyssum
2489 4815 2525 4901 ,ί
2551 4840 2606 4888 et
2637 4830 2894 4904 spatium,
2928 4826 2982 4880 in
3018 4839 3128 4896 quo
3159 4819 3443 4877 castellum
3478 4815 3604 4908 fue-

1994 4939 2097 4999 rat,
2131 4906 2432 5001 repleretur
2461 4941 2601 4996 aqua
2631 4917 3018 4977 inestimabilis
3049 4909 3462 4987 profunditatis.
3504 4906 3607 4959 Na-

1995 4997 2503 5080 tusvest'Londonic
2544 5015 2723 5088 pridie
2777 5011 3046 5066 Kalendas
3104 5005 3300 5068 Martii,
3358 4997 3604 5088 feriagﬂ,

1996 5113 2142 5168 filius
2184 5109 2412 5165 Henrico
2471 5106 2586 5179 regi
2644 5103 2937 5177 Anglorum
2965 5115 3029 5152 ex
3076 5110 3242 5151 uxore
3291 5107 3390 5146 sua
3421 5085 3610 5159 regina

1636 5218 1855 5274 VARIAZ
1882 5212 2258 5271 LECTIONES.

274 5333 510 5401 omissis,
538 5333 881 5401 chronologia
907 5333 1102 5387 codicis
1135 5329 1190 5394 E,
1223 5329 1349 5401 inde
1373 5328 1440 5382 ab
1465 5344 1515 5382 a.
1546 5325 1705 5401 1149,
1756 5324 2018 5401 turbata,
2037 5318 2361 5401 restituitur.
2403 5306 2910 5401 Sequcwttlid‘liIAe—nﬁc
2942 5295 3384 5401 ῖέξρξιξξηιὲιῐξξ

279 5390 374 5464 8b.
430 5390 679 5462 Ceterum
735 5390 813 5458 inv
834 5404 1018 5458 verbis
1075 5422 1098 5452 α
1152 5390 1455 5455 Ludovicus
1495 5413 1583 5451 rex
1638 5397 1718 5450 Fr.
1753 5412 1783 5449 a
1835 5393 2027 5464 incipit
2071 5390 2167 5444 E6.
2225 5390 2292 5422 δυο
2320 5391 2546 5441 vocatus
2588 5390 2912 5461 AlbanenSIs
2944 5390 3134 5428 desunt
3163 5390 3255 5425 δι).
3289 5390 3316 5423 ε

286 5482 505 5517 Πηλομΐί
531 5494 661 5517 mm
692 5480 746 5517 in
778 5477 1008 5517 mlitin'np.
1031 5475 1300 5517 ηνίηλτίτιρ-
1389 5469 1459 5504 590
1489 5471 1570 5517 ita.
1602 5468 1658 5517 E.
1688 5468 1807 5517 rell.
1896 5465 1960 5499 πῖθι
1983 5467 2063 5517 ita
2088 5463 2383 5516 correctum
2411 5472 2478 5510 ea:
2507 5453 2691 5508 Marcii
2720 5470 2734 5517 ;
2769 5451 2864 5504 hoc
2898 5447 3094 5502 habent
3120 5443 3213 5496 7b.
3245 5441 3316 5495 8d

1983 5470 2063 5517 ita
2088 5470 2383 5516 correctum
2411 5472 2478 5510 ea:
2507 5470 2691 5508 marcn
2720 5470 2734 5517 ;
2769 5470 2864 5504 nec
2898 5470 3093 5502 nauem
3131 5470 3213 5496 ιυ.
3245 5470 3338 5496 ou.

277 5482 505 5538 Roberti
531 5494 661 5548 Opus
692 5480 750 5531 in
778 5477 1008 5530 editione
1028 5475 1301 5544 principe.
1389 5469 1459 5504 δυο
1489 5471 1570 5523 ita
1601 5468 1658 5522 E.
1688 5468 1807 5521 rell.

2225 5367 2546 5441 ii7°V‘lvvocatus
2588 5377 2912 5434 Albanensis
2944 5375 3134 5428 desunt
3163 5370 3255 5425 8b.
3289 5371 3385 5423 Hic
3417 5367 3612 5435 incipit

1841 5561 2052 5620 NOTAE.

359 5679 506 5750 (6‘22)
535 5675 904 5750 Fev‘ersh_am_._
1000 5744 1008 5750 _
1097 5743 1152 5750 Α·
1190 5742 1218 5750 λ
1352 5739 1374 5750 ,ν

361 5739 507 5819 (623)
535 5747 724 5804 Potius
750 5745 840 5800 die
861 5743 1063 5809 Martis,
1095 5743 1156 5796 21
1186 5742 1312 5797 Dec.
1347 5739 1549 5804 BOUQ.

2052 5658 2199 5729 (624)
2232 5653 2576 5730 lmaginaire.
