3916 6064
362 299 471 353 479

510 438 867 479 ΒΟΗᾹΝΟΒΗΜ.
1019 440 1334 480 FRANCORUM
1346 463 1361 477 ο
1524 441 1809 480 ΑΝσιοιιυΜ
1820 466 1831 479 .

362 516 603 581 Alienor,
635 521 690 569 et
714 521 938 569 vocatus
966 524 1050 570 est
1081 516 1364 570 Henricus.
1427 517 1691 572 Henricus
1740 534 1833 572 rex
1885 520 1985 573 An-

362 608 577 679 glorum
605 606 1002 661 exhereditavit
1032 606 1371 661 Willermum
1416 608 1609 662 Peurel
1650 609 1720 664 de
1751 611 1981 667 Nothin-

362 698 606 768 guehan,
664 712 829 751 causa
872 696 1151 761 veneficii,
1204 699 1352 769 quod
1394 698 1573 754 fuerat
1627 701 1978 771 propinatum

365 787 597 843 Ranulfo
636 787 825 843 comiti
882 788 1104 844 Cestrie.
1161 790 1219 843 ln
1273 791 1552 846 consortio
1607 793 1770 859 hujus
1810 795 1981 864 pestis

365 877 553 947 plures
585 877 883 947 participes
916 884 971 931 et
1010 878 1218 932 conscii
1267 878 1511 933 extitisse
1564 880 1823 935 dicuntur
1870 883 1982 937 Hoc

364 985 511 1023 anno
542 968 862 1041 frequenter
891 976 1217 1025 terremotus
1269 987 1369 1042 per
1410 980 1576 1026 totam
1621 973 1980 1046 quadragesi-

363 1074 504 1111 mam
531 1059 730 1112 accidit
766 1059 823 1112 in
856 1059 1171 1132 Burgundia
1224 1068 1279 1114 et
1309 1060 1731 1134 Langobardia;
1770 1062 1832 1116 l8
1875 1062 1977 1116 Ka—

363 1148 556 1202 lendas
586 1149 729 1215 Maii,
763 1150 898 1204 feria
923 1151 954 1205 6
986 1151 1151 1205 etiam
1192 1153 1339 1223 apud
1391 1152 1628 1208 Montem
1675 1154 1849 1208 sancti
1882 1155 1981 1208 Mi-

363 1239 570 1293 chaelis
592 1248 944 1296 terremotum
977 1243 1253 1297 sensimus
1286 1252 1412 1297 ante
1439 1243 1573 1297 solis
1602 1254 1801 1298 ortum.
1836 1244 1978 1299 Mor-

365 1337 458 1383 tuo
486 1328 725 1384 Roberto
770 1330 1065 1385 Exoniensi
1094 1332 1377 1402 epiSCOpo,
1411 1333 1676 1387 successit
1709 1332 1980 1388 Robertus

365 1417 607 1471 decanns
657 1418 985 1474 Salesberie.
1041 1419 1282 1474 Mortuus
1315 1427 1397 1474 est
1442 1421 1739 1476 Balduinus
1777 1423 1847 1477 de
1875 1423 1982 1478 He-

366 1509 570 1573 divers,
601 1520 655 1563 et
698 1510 965 1564 successit
1005 1510 1269 1565 Ricardus
1315 1509 1463 1565 ﬁlius
1493 1513 1612 1581 ejus
1661 1514 1750 1568 5”.
1794 1515 1977 1569 Domi-

368 1597 489 1651 nica
532 1607 654 1667 post
686 1605 931 1651 octavam
968 1600 1190 1668 pasche,
1244 1599 1505 1655 videlicet
1531 1601 1566 1653 4
1597 1601 1724 1656 ldus
1760 1603 1980 1673 Aprilis,

366 1689 634 1743 Henricus
664 1706 753 1744 rex
783 1691 928 1760 apud
963 1691 1343 1766 Warcngefort
1386 1692 1515 1747 fecit
1555 1694 1849 1749 obtimates
1877 1698 1980 1750 An-

1584 298 1930 354 SIGEBEHTI
1970 296 2485 352 GEMBLACENSIS.

1998 440 2051 497 Α
2080 424 2252 479 rendo
2284 437 2455 497 regno
2487 422 2748 477 Hibernic
2775 422 3142 478 ctGuillermo
3174 422 3324 477 fratri
3365 437 3465 478 suo
3489 423 3713 489 dando,

3595 298 3717 355 480

2087 532 2209 571 cum
2258 514 2619 571 obtimatibus
2667 515 2782 569 suis
2811 514 3079 569 tractavit.
3134 513 3299 580 Quod
3355 515 3485 586 quia
3533 517 3711 570 matri

2084 611 2204 681 ejus
2234 610 2567 682 imperatrici
2601 626 2713 665 non
2753 608 2976 680 placuit,
3004 608 3314 663 intermissa
3346 616 3429 663 est
3461 609 3529 663 ad
3556 616 3713 664 tem-

2086 716 2187 771 pus
2225 701 2316 755 illa
2363 701 2666 771 expeditio.
2700 700 2965 755 Henricus
3007 699 3300 770 episcopus
3353 700 3710 767 Winthonie,

2083 792 2219 845 clam
2251 791 2519 861 promisso
2550 792 2806 846 thesauro
2854 804 2955 845 suo
2988 805 3085 860 per
3124 788 3381 843 abbatem
3427 789 3712 863 Cluignia-

2082 895 2205 934 cum
2239 880 2448 950 absque
2480 878 2704 933 licentia
2735 878 2882 952 regis
2921 887 2976 931 et
3008 877 3164 949 quasi
3206 876 3442 931 latenter
3470 879 3713 932 recessit

2081 968 2149 1022 ab
2182 968 2389 1039 Anglia.
2436 967 2567 1023 ideo
2619 983 2712 1023 rex
2760 966 3028 1021 Henricus
3078 965 3265 1019 omnia
3303 966 3529 1020 castella
3581 966 3711 1035 ejus

2084 1060 2448 1131 pessundedit
2476 1061 2562 1114 ⁵9⁵.

2086 1150 2238 1206 1156.
2316 1150 2626 1204 Fredericus
2664 1149 2715 1203 5.
2804 1150 3105 1203 Ludovicus
3159 1149 3245 1204 19.
3332 1150 3604 1203 Henricus
3644 1147 3702 1202 2.

2152 1236 2264 1292 Rex
2296 1237 2564 1293 Henricus
2597 1236 3045 1291 transfretaturus
3073 1237 3219 1307 apud
3266 1236 3495 1293 Dovram
3548 1252 3710 1290 mare

2082 1329 2327 1396 intravit,
2384 1337 2440 1384 et
2492 1329 2667 1399 apulit
2710 1328 2858 1399 apud
2910 1327 3141 1383 Wisant.
3202 1328 3258 1381 In
3319 1326 3711 1398 puriﬁcatione

2082 1428 2269 1476 sancte
2313 1420 2481 1475 Marie
2511 1419 2614 1475 fuit
2652 1418 3014 1492 Rothomagi;
3056 1428 3113 1473 ct
3150 1420 3207 1472 in
3235 1420 3489 1491 sequenti
3520 1419 3712 1475 ebdo-

2082 1513 2244 1567 mada
2286 1513 2501 1567 locutus
2531 1518 2612 1566 est
2641 1527 2764 1565 cum
2812 1525 2944 1583 rege
2972 1509 3301 1564 Francorum
3336 1508 3613 1564 Ludovico
3647 1509 3708 1563 in

2083 1603 2326 1659 conﬁnio
2342 1601 2676 1658 Normannie
2706 1610 2761 1656 et
2791 1600 3036 1655 Francie.
3081 1600 3215 1655 Inde
3244 1600 3465 1655 rediens
3497 1600 3708 1655 Rotho-

2083 1709 2328 1767 magum,
2365 1696 2634 1747 venerunt
2673 1690 2743 1743 ad
2800 1704 2924 1743 eum
2973 1687 3223 1742 Terricus
3283 1687 3706 1742 Flandrensium

364 1778 493 1850 glici
523 1780 679 1853 regni
714 1781 898 1848 jurare
932 1765 1250 1837 fidelitatem
1284 1783 1582 1840 Guillermo
1610 1785 1978 1859 primogenita
2010 1765 2057 1832 Β
2082 1765 2291 1851 comes,
2316 1794 2371 1838 et
2404 1798 2541 1837 uxor
2571 1782 2708 1851 ejus,
2743 1780 2909 1835 amita
2951 1780 3124 1851 ipsius
3171 1780 3339 1854 regis,
3388 1787 3441 1833 et
3472 1779 3711 1834 Gaufre-

366 1886 485 1937 suo,
527 1872 594 1926 de
647 1890 816 1947 regno
866 1876 1086 1950 Anglic;
1136 1882 1191 1930 et
1221 1876 1266 1930 si
1304 1877 1448 1932 idem
1500 1894 1637 1948 puer
1686 1879 1980 1934 immatura

366 1968 542 2015 morte
595 1964 966 2029 occumberet,
1002 1966 1233 2021 Henrico
1264 1967 1413 2022 fratri
1459 1985 1579 2023 suo.
1634 1970 1823 2040 Sopita
1874 1970 1984 2024 dis-

367 2050 576 2119 cordia,
618 2069 727 2122 que
758 2064 875 2108 erat
917 2054 1062 2110 inter
1114 2072 1299 2130 regem
1350 2059 1646 2131 Anglorum
1691 2059 1981 2114 Henrieum

368 2149 422 2195 ct
469 2144 761 2217 Hogerium
826 2144 997 2201 filium
1047 2148 1263 2202 Milonis
1289 2149 1357 2204 de
1413 2150 1713 2205 Glocestria
1762 2162 1985 2222 propter

370 2242 571 2289 turrem
613 2234 968 2302 Gloecestrie,
1002 2239 1151 2311 Hugo
1183 2241 1250 2295 de
1282 2241 1656 2309 Mortuomari,
1699 2243 1780 2297 vir
1820 2260 1978 2298 arro-

365 2324 721 2399 gantissimus
769 2336 823 2381 et
871 2329 939 2383 de
987 2346 1043 2383 se
1086 2345 1413 2401 presnmens
1472 2332 1706 2386 munivit
1760 2333 1981 2387 castella

366 2432 465 2469 sua
488 2425 677 2470 contra
719 2435 926 2491 regem.
961 2420 1087 2475 Ilico
1120 2437 1213 2474 rex
1250 2420 1512 2476 Henricus
1549 2421 1768 2477 obsedit
1797 2423 1983 2478 omnia

368 2504 588 2558 castella
630 2504 823 2575 ipsius,
858 2507 911 2560 id
944 2517 1027 2563 est
1058 2511 1257 2583 Brugc,
1297 2510 1628 2583 Wigemore,
1676 2511 1979 2578 Cleoberci,

365 2613 597 2668 quorum
652 2600 905 2655 ultimum
939 2610 1061 2672 post
1093 2604 1494 2675 aliquantulum
1530 2604 1795 2675 temporis
1837 2606 1984 2676 cepit

364 2688 730 2742 etdestruxlt.
781 2691 843 2743 15
874 2690 1147 2745 Kalendas
1186 2692 1337 2756 Julii,
1384 2693 1557 2760 prima
1592 2693 1725 2747 hora
1778 2694 1978 2760 noctis,

368 2774 605 2846 eclypsis
644 2777 770 2832 lunc
819 2779 1037 2833 accidit.
1074 2781 1258 2835 Mense
1304 2781 1474 2845 Julio,
1506 2781 1675 2835 Nonis
1707 2781 1979 2849 ejusdem,

370 2867 523 2942 Hugo
563 2870 632 2924 de
662 2871 1012 2927 Mortuomari
1044 2874 1364 2945 pacificatus
1394 2882 1476 2931 est
1522 2893 1643 2931 cum
1678 2893 1806 2952 rege
1840 2878 1984 2932 Hen-

370 2960 507 3029 rico,
532 2962 763 3019 redditis
808 2966 1048 3020 castellis
1091 2967 1266 3042 Bruge
1299 2977 1351 3023 et
1385 2968 1720 3043 Wigemore.
1776 2971 1981 3024 Garne-

369 3050 484 3104 rius
514 3051 682 3107 abbas
734 3054 1270 3123 Majorismonasterii
1321 3057 1572 3125 moritur,
1616 3066 1671 3113 et
1721 3059 1984 3114 successit

2086 1877 2188 1931 dus
2218 1876 2383 1931 frater
2432 1875 2570 1945 ejus.
2630 1873 2739 1927 Sed
2778 1872 3051 1927 Gaufredo
3097 1887 3209 1926 non
3258 1872 3595 1943 suscipiente
3641 1888 3711 1927 ea

2088 1986 2194 2042 que
2226 1970 2303 2023 illi
2337 1986 2365 2023 a
2387 1985 2519 2040 rege
2548 1966 2942 2034 offerebantur,
2975 1966 3201 2021 recessit
3232 1966 3287 2020 in
3340 1966 3712 2037 Andegavcn-

2087 2077 2202 2114 sem
2230 2075 2451 2134 pagum,
2498 2064 2552 2111 et
2582 2073 2674 2111 rex
2708 2056 2973 2112 Henricus
3000 2072 3032 2110 e
3075 2056 3311 2131 vestigio
3368 2055 3520 2109 illam
3572 2056 3710 2109 sub-

2087 2160 2308 2206 secutus
2337 2159 2418 2204 est
2456 2150 2545 2203 59°.
2602 2148 2755 2204 Circa
2784 2150 2890 2203 hoc
2935 2155 3155 2218 tempus
3210 2147 3575 2202 inundatione
3602 2147 3713 2219 Ty-

2085 2240 2231 2294 beris
2262 2239 2402 2293 facta
2458 2254 2569 2292 non
2626 2237 2866 2305 modica,
2931 2237 3102 2292 Home
3140 2237 3198 2290 in
3242 2236 3479 2308 quadam
3523 2237 3710 2291 insula

2084 2330 2331 2398 ejusdem
2367 2328 2633 2389 ﬂuminis,
2676 2328 2732 2382 in
2785 2327 3079 2382 ecclesiola
3110 2327 3358 2399 antiqua,
3418 2326 3705 2381 inventum

2084 2421 2248 2476 estin
2278 2420 2517 2492 quodam
2559 2418 2838 2474 sarcofaco
2880 2433 3084 2489 corpus
3133 2418 3280 2473 beati
3333 2418 3705 2472 Bartholomei

2082 2509 2341 2581 apostoli,
2373 2515 2548 2563 totum
2588 2508 2876 2581 integrum
2927 2514 3157 2577 excepto
3194 2507 3368 2574 corio,
3416 2505 3565 2578 quod
3620 2523 3711 2561 re-

2083 2599 2625 2665 inansithneventi,
2659 2598 2882 2670 quando
2911 2597 3046 2653 Otho
3080 2598 3378 2670 imperator
3406 2606 3564 2669 capta
3599 2614 3706 2652 ea-

2082 2690 2205 2744 dem
2240 2689 2458 2744 civitate
2484 2704 2685 2760 corpus
2715 2688 2947 2759 predicti
3001 2688 3238 2759 apostoli
3288 2687 3567 2743 transtulit
3600 2688 3712 2742 Ho-

2082 2795 2249 2845 mam,
2284 2780 2427 2833 sicut
2465 2776 2575 2832 due
2613 2776 2800 2831 tabule
2853 2793 2985 2831 eree
3037 2777 3444 2843 demonstrant,
3496 2776 3710 2846 scripte

2082 2867 2280 2921 litteris
2324 2867 2511 2921 Grecis
2541 2872 2597 2919 et
2651 2864 2879 2933 Latinis,
2909 2880 3015 2936 que
3046 2872 3264 2936 reperte
3320 2863 3542 2919 fuerunt
3578 2880 3709 2918 cum

2081 2975 2316 3030 corpore
2338 2957 2596 3030 apostoli.
2631 2957 2925 3029 Repertum
2956 2964 3041 3012 est
3088 2957 3255 3011 etiam
3287 2956 3344 3010 in
3375 2955 3569 3010 eadem
3612 2971 3711 3009 ec-

2084 3053 2251 3108 clesia
2281 3068 2484 3124 corpus
2507 3052 2721 3106 Paulini
2753 3051 2947 3106 Nolani
2975 3051 3244 3122 episcopi.
3277 3050 3569 3105 Gaufridus
3599 3049 3712 3103 fra-

369 3143 641 3199 Hobertus
679 3146 904 3201 natione
927 3147 1094 3203 Brito.
1129 3148 1336 3204 Mortuo
1365 3149 1601 3224 Hogerio
1630 3148 1745 3205 tilio
1770 3150 1987 3205 Milonis
2014 3130 2063 3197 (Β
2086 3152 2170 3196 ter
2199 3141 2412 3196 Henrici
2467 3139 2615 3212 regis
2663 3140 2987 3214 Anglorum.
3013 3138 3246 3210 expulso
3285 3139 3478 3193 Hoello
3507 3138 3715 3194 comite

370 3233 438 3287 de
496 3235 873 3299 Gloecestria,
937 3238 1135 3291 comite
1179 3237 1501 3293 llefordensi
1536 3281 1549 3305 ,
1613 3239 1880 3294 successit
1933 3239 1983 3293 ei

369 3323 633 3380 Ganlcrus
674 3326 841 3382 frater
869 3329 993 3395 ejus
1033 3329 1087 3382 in
1130 3336 1413 3399 paternam
1471 3330 1837 3386 hereditatem
1871 3340 1985 3385 tan-

370 3423 510 3483 tum;
538 3436 662 3473 nam
721 3418 1038 3476 comitatum
1065 3422 1312 3477 Herefort
1359 3431 1413 3477 et
1443 3423 1721 3478 Civitatem
1752 3423 1979 3478 Gloece-

366 3508 499 3562 strie
532 3527 623 3564 rex
666 3511 930 3567 Henricus
962 3513 1189 3568 retinuit
1220 3514 1274 3568 in
1304 3529 1467 3568 manu
1499 3530 1615 3568 sua.
1660 3512 1981 3568 Fredericns

368 3612 460 3650 rex
491 3598 913 3655 Alemannorum
972 3602 1195 3657 Romam
1235 3603 1493 3672 perrexit,
1540 3611 1593 3656 ct
1623 3602 1691 3656 ab
1746 3601 1983 3655 Adriano

366 3708 507 3762 papa
533 3701 724 3747 contra
755 3695 1119 3751 Romanorum
1158 3696 1495 3751 voluntatem
1542 3700 1797 3764 receptus
1824 3701 1878 3747 et
1926 3693 1981 3746 in

362 3783 600 3839 ecclesia
631 3786 775 3841 beati
807 3787 948 3840 Petri
980 3787 1033 3839 in
1094 3787 1484 3857 imperatorem
1526 3785 1594 3837 ab
1626 3800 1691 3839 eo
1719 3793 1802 3838 est
1849 3799 1982 3839 con-

360 3884 625 3931 secratus.
681 3878 881 3933 Volens
939 3888 1121 3933 autem
1168 3878 1310 3931 ultra
1367 3876 1644 3949 progredi,
1684 3876 1895 3931 scilicet
1924 3877 1980 3930 in

358 3964 633 4032 Apuliam,
664 3996 733 4004 —
758 3966 1118 4020 condixerant
1150 3966 1297 4020 enim
1328 3966 1435 4020 sibi
1471 3982 1569 4036 per
1608 3966 1819 4039 legatos
1848 3982 1978 4021 suos

358 4050 476 4121 ipse
508 4060 562 4105 et
586 4051 801 4107 )lanuel
842 4053 1145 4123 imperator
1178 4053 1845 4124 ConstantinOpolitanus,
1878 4055 1971 4126 qui

356 4145 584 4199 duxerat
620 4160 866 4201 sororem
898 4146 1017 4217 ejus
1073 4147 1163 4213 δίη,
1219 4155 1275 4201 ιιι
1305 4147 1592 4201 venientes
1625 4164 1689 4201 ex
1738 4148 1973 4202 diversis

357 4234 600 4306 partibus
632 4236 1033 4305 pessundarent
1059 4253 1290 4311 regnum
1326 4237 1519 4308 Apulie
1549 4245 1603 4291 et
1636 4254 1829 4312 regem
1851 4239 1972 4306 ejus

355 4322 709 4379 Guillermum
738 4355 808 4363 —
838 4332 1043 4379 mutata
1066 4326 1317 4396 protinus
1345 4326 1629 4381 voluntate
1652 4328 1706 4381 in
1739 4328 1968 4401 patriam

2088 3229 2391 3294 Britannic,
2425 3229 2571 3299 cepit
2613 3228 2973 3283 Nanneticam
3014 3228 3310 3295 civitatem,
3353 3228 3714 3283 consentien-

2087 3322 2237 3377 tibus
2266 3321 2482 3377 civibus
2536 3320 2866 3375 Guillermus
2905 3336 2998 3375 rex
3043 3321 3230 3374 Sicilie
3278 3320 3553 3375 civitatem
3610 3319 3715 3374 Bar

2083 3413 2331 3468 funditus
2357 3412 2574 3479 evertit,
2639 3420 2822 3483 preter
2874 3411 3163 3467 ecclesiam
3221 3412 3396 3466 sancti
3427 3411 3712 3475 Nicholai;

2084 3502 2213 3573 quia
2242 3501 2392 3557 cives
2419 3500 2564 3554 illius
2601 3498 2788 3554 Grecis
2836 3499 3107 3563 faventes,
3139 3499 3484 3571 nequissime
3516 3509 3714 3554 contra

2084 3594 2263 3665 ipsum
2313 3594 2783 3665 conspiraverant.
2838 3592 3039 3649 Grecos
3076 3594 3243 3648 etiam
3282 3601 3430 3648 terra
3476 3600 3531 3647 et
3568 3594 3707 3648 mari

2085 3680 2229 3740 idem
2260 3701 2352 3739 rex
2390 3684 2687 3756 superavit,
2722 3688 2775 3737 et
2812 3683 2882 3738 de
2912 3684 3107 3755 spoliis
3152 3699 3341 3739 eorum
3396 3683 3707 3754 locupleta-

2086 3787 2172 3833 tus
2202 3790 2307 3847 est,
2337 3786 2392 3833 et
2415 3794 2482 3833 ea
2502 3794 2611 3849 que
2643 3777 2960 3848 perdiderat
3008 3778 3232 3833 castella
3261 3787 3318 3832 et
3345 3777 3597 3833 civitates
3650 3778 3706 3832 in

2078 3869 2171 3938 jus
2200 3870 2485 3941 proprium
2518 3870 2811 3925 revocavit.
2873 3869 3282 3926 Exhereditavit
3319 3870 3486 3925 etiam
3533 3869 3706 3924 comi-

2083 3970 2190 4015 tem
2220 3961 2515 4016 Hobertum
2549 3961 2616 4015 de
2649 3961 2956 4016 Basenvilla
3002 3969 3298 4034 cognatum
3332 3978 3517 4025 suum,
3568 3962 3702 4032 quia

2078 4053 2146 4107 ab
2178 4053 2300 4123 ipso
2341 4053 2664 4109 desciverat.
2698 4052 3100 4108 Nichilominus
3138 4070 3260 4108 cum
3287 4070 3431 4124 papa
3460 4053 3700 4108 Adriano

2075 4160 2272 4216 pacem
2305 4145 2455 4215 fecit,
2486 4145 2845 4201 concedendo
2876 4145 2927 4198 ei
2981 4146 3434 4200 consecrationes
3465 4144 3694 4215 episco-

2074 4252 2265 4307 porum
2298 4237 2455 4310 regni
2503 4237 2586 4291 sui
2644 4244 2700 4291 et
2757 4237 3008 4305 ducatus,
3077 4238 3218 4292 sicut
3273 4236 3577 4308 antiquitus
3608 4252 3703 4291 eas

2081 4324 2273 4380 habuit
2304 4325 2536 4380 ecclesia
2576 4325 2852 4391 Romana;
2914 4325 3061 4380 unde
3091 4326 3367 4381 discordia
3406 4324 3584 4380 fuerat
3612 4325 3702 4378 in-

354 4435 508 4473 suam
539 4436 597 4475 se
625 4421 852 4490 recepit.
913 4422 1019 4476 Hec
1045 4429 1229 4477 tamen
1277 4422 1578 4477 Guillermo
1631 4423 1746 4498 regi
1775 4399 1975 4495 iApulie
2008 4399 2060 4466 θ
2083 4424 2166 4471 ter
2192 4424 2399 4487 patrem
2433 4433 2591 4470 suum
2625 4432 2808 4490 regem
2858 4418 3173 4489 Rogcrium,
3219 4426 3275 4472 et
3310 4416 3695 4472 Innocentium

353 4508 561 4564 Lellum
602 4509 797 4564 defuit.
842 4510 974 4564 Nam
1011 4512 1281 4566 Hobertus
1338 4528 1527 4568 comes
1557 4512 1626 4567 de
1685 4512 1976 4579 Basevilla,

354 4598 448 4669 qui
471 4608 586 4654 erat
609 4608 875 4671 cognatus
916 4602 985 4634 59‘
1017 4602 1159 4670 ejus,
1208 4610 1263 4657 et
1292 4602 1557 4657 Hicardus
1583 4603 1651 4657 de
1693 4601 1847 4676 Ling.
1876 4617 1970 4657 co-

350 4703 472 4740 mes
502 4688 722 4755 Andrie,
777 4697 1034 4760 putantes
1096 4708 1284 4765 regem
1327 4701 1625 4754 mortuum,
1677 4709 1800 4747 cum
1859 4709 1967 4748 non

349 4789 515 4846 esset,
561 4811 628 4820 —
673 4790 1021 4852 egrotaverat
1049 4785 1223 4852 enim,
1266 4784 1364 4838 sed
1400 4793 1583 4840 tamen
1611 4792 1808 4855 postea
1836 4800 1972 4840 con-

351 4871 520 4925 valuit
539 4901 603 4911 —
628 4888 727 4941 per
752 4888 981 4946 regnum
1008 4875 1201 4945 Apulie
1231 4875 1469 4946 graviter
1494 4874 1788 4929 debachati
1819 4882 1967 4931 sunt.

352 4959 503 5014 f‘irca
533 4960 733 5016 festum
765 4963 939 5017 sancti
969 4962 1254 5018 Michaelis
1299 4964 1567 5018 Henricus
1625 4980 1717 5017 rex
1770 4964 1968 5037 Anglo-

352 5068 491 5121 rum,
525 5054 711 5109 habito
757 5055 994 5111 concilio
1042 5056 1189 5126 apud
1228 5055 1556 5121 Wincestre,
1604 5055 1675 5110 de
1723 5057 1968 5129 conqui-

2080 4516 2135 4565 et
2178 4508 2480 4581 Eugenium
2533 4508 2806 4564 Romanos
2850 4508 3158 4580 pontifices.
3210 4508 3358 4564 Idem
3390 4524 3522 4564 vero
3562 4523 3704 4578 apo-

2071 4600 2299 4655 stolicus
2352 4600 2628 4655 concessit
2681 4600 2730 4655 ei
2783 4617 3012 4675 regnum
3074 4600 3259 4656 Sicilie
3321 4609 3376 4654 et
3432 4600 3692 4655 ducatum

2072 4692 2267 4763 Apulie
2298 4701 2352 4747 et
2382 4692 2755 4763 principatum
2807 4692 2988 4763 Capue
3029 4694 3116 4747 59".
3162 4693 3223 4747 ln
3266 4693 3477 4748 octavis
3508 4700 3695 4763 ponte.

2075 4794 2259 4839 costes
2294 4785 2447 4858 Hugo
2502 4784 2965 4859 Rothomagensis
2998 4784 3456 4855 archiepiscOpus
3495 4791 3550 4838 et
3587 4783 3695 4838 Ro-

2074 4882 2261 4929 trocus
2296 4874 2645 4929 Ebroicensis
2710 4884 2765 4929 et
2831 4874 3096 4929 Ricardus
3145 4874 3585 4931 Constantiensis
3633 4883 3690 4929 et

2075 4969 2374 5025 Herbertus
2402 4968 2817 5023 Abrincatensis
2848 4969 3098 5041 episcopi
3136 4969 3283 5039 apud
3312 4968 3679 5025 Moretonium

2075 5060 2393 5113 levaverunt
2442 5073 2643 5129 corpus
2695 5057 2839 5113 beati
2890 5058 3133 5112 Firmati.
3186 5057 3318 5112 Cum
3371 5064 3553 5112 autem
3605 5072 3692 5111 ar-

1700 5167 1934 5222 VAHIIE
1959 5167 2338 5222 LECTIONES.

424 5260 492 5293 ⁵9³
517 5259 762 5330 Mortuus
787 5291 854 5299 —
875 5259 997 5327 ejus
1038 5262 1231 5316 desunt
1257 5260 1351 5315 8d.

351 5332 558 5397 fuerat:
602 5331 694 5403 qui
752 5331 1006 5397 habebat,
1040 5331 1093 5385 in
1125 5332 1384 5406 conjugio
1412 5331 1725 5406 cognatam.

352 5405 591 5470 scripsit.
683 5403 752 5437 ⁵⁵⁵
781 5404 882 5457 Hic
912 5404 1111 5457 desinit
1135 5406 1317 5470 prima
1354 5420 1548 5458 manus
1587 5409 1642 5457 in
1679 5405 1714 5457 E

1429 5262 1499 5295 5’3
1528 5278 1581 5333 q.
1632 5262 1684 5317 d.
1729 5278 1775 5316 s.
1835 5279 1884 5317 e.
1927 5263 2053 5330 jam
2102 5278 2261 5315 erasa
2307 5265 2436 5315 sunt
2476 5263 2534 5315 in
2576 5261 2630 5315 Ε.

1814 5334 1883 5368 ⁵9⁵
1911 5336 2012 5388 Hic
2070 5333 2273 5387 desinit
2291 5335 2471 5400 prima
2518 5348 2713 5387 manus
2764 5332 2959 5393 inSd.,
3019 5347 3140 5401 quia
3176 5332 3461 5401 hucusque
3508 5334 3691 5386 omnia

683 5403 752 5437 ⁵³⁵
781 5404 882 5457 Hic
912 5404 1111 5457 desinit
1135 5403 1320 5472 primd
1354 5403 1548 5458 manus
1587 5409 1642 5457 in
1679 5405 1714 5457 E
1768 5405 1891 5470 Qua:
1920 5407 2187 5474 sequitur,
2216 5407 2388 5474 ipsius
2421 5404 2639 5458 videtur
2667 5419 2774 5457 esse
2800 5404 3034 5459 Roberti.
3073 5405 3281 5474 Desinit
3311 5419 3517 5473 quoque
3545 5403 3597 5456 2.
3630 5405 3688 5474 in

2726 5261 2795 5296 ⁸9⁵
2823 5264 2904 5315 ita
2963 5266 3259 5315 correctum
3311 5264 3373 5315 in
3422 5261 3478 5315 Ε.
3523 5262 3682 5316 Prius

352 5473 525 5547 uerbis
549 5473 998 5547 Andegavensem
1032 5491 1254 5547 pagum,
1284 5476 1480 5544 quibus
1510 5476 1627 5529 alia
1641 5492 1835 5530 manus
1854 5473 2104 5547 addidit:
2128 5473 2255 5529 cum
2287 5476 2361 5529 ita
2391 5474 2678 5539 coartavit,
2701 5482 2761 5528 ut
2791 5490 2977 5529 secum
3006 5489 3199 5547 pacem
3220 5473 3403 5529 facere
3429 5473 3681 5543 compel-

356 5543 511 5606 leret,
545 5543 868 5617 nullumque
908 5561 978 5617 ex
1004 5543 1244 5617 castellis
1272 5543 1409 5617 quos
1438 5547 1660 5617 tenebat
1690 5547 1742 5601 ei
1774 5546 2011 5617 reliquid
2045 5555 2230 5617 preter
2285 5547 2689 5600 Nannctcnsem
2721 5546 2945 5609 urbem;
3006 5543 3295 5614 pecuniam
3331 5553 3519 5600 tamen
3585 5561 3682 5613 per

356 5628 533 5665 annos
567 5613 814 5687 singulos
842 5631 901 5687 se
931 5614 981 5669 ei
1014 5616 1265 5671 daturum
1291 5613 1553 5687 promisit
1578 5617 1645 5651 5"
1686 5620 1810 5673 Post
1840 5613 1948 5672 huic
1984 5613 2059 5671 in'
2078 5617 2134 5670 E.
2158 5622 2521 5672 atramentum
2546 5617 2715 5686 paulo
2733 5613 3015 5677 mutatur:
3081 5631 3271 5670 manus
3325 5617 3532 5682 eadem,
3592 5617 3685 5670 sed

358 5699 477 5751 qua:
514 5699 640 5737 mox
669 5688 728 5737 in
766 5686 1007 5739 habitum
1024 5689 1214 5742 incidit
1238 5686 1417 5742 minus
1434 5688 1659 5742 cultum.
