3930 6068
229 205 341 260 481

381 350 738 391 ROMANORUM.
889 349 1230 390 FRANCORUM.
1377 350 1686 391 ANGLORUM.

229 425 636 496 chiepiscopus
668 423 796 478 inde
825 423 896 478 ad
943 422 1180 478 Montem
1221 423 1396 478 sancti
1425 422 1704 478 Michaelis
1733 437 1856 478 ora-

235 517 414 574 tionis
442 523 498 572 et
527 532 630 572 nos
665 515 926 572 visitandi
981 515 1156 590 gratia
1202 515 1466 583 venisset,
1509 523 1564 570 et
1617 531 1720 572 nos
1769 531 1868 570 sua

231 606 485 677 iocunda
529 605 910 661 exhortatione
941 611 996 660 et
1051 605 1424 660 collocutione
1463 614 1700 676 quatuor
1748 604 1868 658 dies

243 701 628 766 exhilarasset,
653 698 824 753 altare
855 695 1100 754 cruciﬁxi
1130 697 1261 752 fecit
1285 697 1596 754 consecrari
1636 697 1706 751 ab
1732 697 1870 752 Her-

243 796 406 852 berto
444 794 824 850 Abrincatensi
851 793 1115 866 episcopo
1144 793 1179 849 6
1225 793 1402 859 feria;
1453 794 1572 864 ipse
1611 807 1740 848 vero
1773 809 1865 846 se-

247 883 447 958 quenti
479 883 710 938 sabbato
739 882 909 938 altare
941 881 1104 936 beate
1142 881 1311 937 Marie
1344 881 1400 936 in
1431 881 1604 952 cripta
1656 880 1870 953 aquilo-

246 973 364 1029 nali
395 972 610 1027 noviter
639 970 1018 1026 reediﬁcatum
1051 971 1392 1026 consecravit
1463 971 1520 1025 ln
1553 986 1664 1044 quo
1713 970 1869 1026 altari

246 1067 600 1138 reposuimus
647 1065 912 1138 reliquias
953 1065 1434 1130 vestimentorum,
1493 1071 1552 1120 nt
1588 1071 1868 1137 putamus,

245 1161 424 1232 ipsius
455 1159 680 1215 domine
731 1164 940 1225 nostre,
983 1175 1121 1230 quas
1158 1159 1215 1212 in
1266 1155 1451 1229 pixide
1503 1157 1763 1229 plumbea
1813 1157 1869 1212 in

247 1251 430 1306 veteri
464 1265 556 1303 ara
585 1247 792 1303 ibidem
833 1263 1262 1320 reppereramus
1312 1248 1401 1302 ⁸9³.
1449 1248 1506 1302 In
1548 1263 1691 1322 pago
1722 1247 1872 1302 Pari-

248 1343 491 1398 siacensi
531 1357 708 1414 cappa
747 1341 1046 1397 Salvatoris
1075 1341 1248 1397 nostri
1281 1340 1620 1396 monasterio
1650 1342 1869 1414 Argen-

258 1434 398 1489 toilo
423 1431 610 1487 divine
636 1430 977 1486 revelatione
1007 1437 1226 1502 reperta
1266 1435 1369 1496 est,
1399 1429 1789 1486 inconsubtilis
1819 1435 1874 1485 et

253 1522 473 1580 subruti
500 1521 730 1588 coloris;
761 1537 948 1593 quam,
979 1521 1124 1576 sicut
1153 1508 1312 1576 litere
1365 1536 1488 1575 cum
1541 1536 1606 1576 ea
1654 1529 1872 1592 reperte

252 1613 598 1679 indicabant,
639 1611 878 1685 gloriosa
908 1618 1085 1666 mater
1113 1610 1262 1664 illius
1295 1609 1427 1664 fecit
1455 1609 1507 1664 ei
1534 1625 1658 1664 cum
1688 1609 1870 1664 adhuc

253 1711 407 1758 esset
427 1719 582 1774 puer.
615 1703 650 1757 3
685 1701 954 1757 Kalendas
984 1699 1162 1768 Junii,
1193 1699 1331 1755 feria
1355 1699 1409 1763 4,
1460 1698 1650 1774 vigilia
1679 1713 1873 1754 ascen-

250 1791 434 1848 sionis
471 1791 712 1858 Domini,
742 1790 890 1845 circa
927 1789 1239 1854 meridiem,
1285 1805 1386 1860 per
1421 1786 1704 1842 dimidiam
1759 1787 1873 1842 fere

249 1883 444 1937 horam
476 1881 717 1936 circulus
745 1879 980 1934 maxime
1016 1877 1326 1934 latitudinis
1373 1877 1630 1948 apparuit
1678 1876 1734 1930 in
1765 1876 1874 1931 cir-

248 1971 405 2028 cuitu
433 1970 584 2037 solis,
618 1969 766 2045 ignei
798 1976 853 2023 et
879 1967 1084 2025 cerulei
1112 1967 1331 2023 coloris.
1367 1966 1513 2022 Obiit
1543 1966 1873 2022 Guillermus

254 2060 664 2136 primogenitus
701 2058 847 2114 ﬁlius
892 2057 1111 2114 Henrici
1161 2054 1644 2131 regisAnglorum,
1694 2063 1748 2111 et
1784 2072 1875 2112 se-

256 2151 450 2222 pultus
488 2156 572 2205 est
608 2149 873 2222 Radingis
913 2148 981 2202 ad
1039 2147 1214 2218 pedes
1251 2145 1469 2200 Henrici
1513 2145 1660 2220 regis
1690 2145 1876 2214 proavi

259 2240 371 2297 sui.
419 2239 562 2296 Obiit
601 2237 997 2294 nichilominus
1034 2235 1338 2302 Adalulfus,
1392 2234 1606 2306 primus
1651 2235 1874 2306 episco-

257 2349 368 2406 pus
403 2333 471 2388 de
502 2331 718 2387 Carloil.
755 2329 904 2386 Obiit
933 2331 1100 2386 etiam
1144 2329 1487 2386 Gislebertus
1515 2330 1586 2384 de
1628 2327 1784 2384 Gant.
1817 2329 1880 2384 Et

261 2425 468 2496 Symon
509 2422 750 2494 juvenis,
792 2421 944 2477 ﬁlius
973 2421 1190 2477 comitis
1220 2421 1497 2493 Symonis,
1545 2436 1670 2475 cum
1723 2435 1877 2475 care-

260 2521 348 2570 ret
377 2522 543 2581 terra,
575 2512 725 2568 dono
756 2512 905 2586 regis
927 2511 1145 2566 Henrici
1167 2511 1380 2583 accepit
1403 2508 1576 2565 ﬁliam
1599 2509 1718 2578 ejus
1744 2511 1876 2565 uni-

255 2621 380 2660 cam
419 2619 544 2659 cum
575 2603 784 2658 honore
836 2601 956 2670 ejus
995 2601 1086 2656 ⁸⁸⁸.
1140 2600 1403 2656 Henricus
1442 2616 1534 2654 rex
1582 2599 1878 2674 Anglorum

256 2696 410 2767 cepit
437 2701 673 2751 castrum
712 2693 1080 2762 Mirebellum,
1132 2700 1188 2748 et
1219 2691 1521 2748 Chinonem
1563 2691 1727 2765 longa
1779 2691 1882 2748 ob-

258 2791 502 2846 sidione.
539 2781 864 2846 Lobdunum
906 2804 1038 2844 vero
1069 2795 1152 2844 est
1201 2788 1251 2843 ei
1302 2787 1600 2854 redditum,
1656 2787 1880 2858 quando

263 2878 588 2952 paciﬁcatus
630 2885 714 2934 est
748 2895 872 2934 cum
927 2893 994 2934 eo
1033 2876 1330 2933 Gaufridus
1376 2877 1543 2932 frater
1581 2892 1734 2940 suus,
1778 2877 1882 2932 hac

263 2971 588 3028 conditione
619 2969 984 3039 interposita;
1029 2967 1176 3040 quod
1215 2983 1306 3022 rex
1342 2967 1499 3022 daret
1553 2967 1604 3022 ei
1645 2965 1880 3039 singulis

261 3060 428 3116 annis
465 3059 615 3114 mille
644 3057 813 3112 libras
842 3057 1070 3129 Anglice
1109 3065 1354 3120 monete,
1396 3064 1453 3111 et
1477 3055 1587 3112 duo
1632 3056 1783 3110 milia
1813 3056 1881 3110 li-

263 3151 394 3206 bras
436 3148 885 3223 Andegavensis:
915 3157 970 3202 et
1025 3148 1100 3202 ita
1149 3147 1264 3202 Deo
1316 3145 1533 3202 favente
1579 3147 1879 3215 discordia,

268 3256 381 3312 que
405 3240 500 3294 diu
526 3240 818 3294 duraverat
848 3238 994 3294 inter
1027 3254 1144 3306 eos,
1173 3253 1366 3293 mense
1396 3237 1542 3293 Julio
1571 3238 1752 3309 sopita
1777 3245 1878 3294 est.

264 3337 486 3392 Mortuo
514 3336 685 3392 Alano
707 3335 972 3408 episcOpo
1001 3334 1340 3401 Rodonensi,
1393 3335 1661 3390 successit
1685 3333 1736 3389 ei
1764 3333 1886 3388 Ste-

263 3426 486 3496 phanus
528 3424 702 3480 abbas
730 3424 916 3481 Sancti
968 3423 1252 3489 Florentii,
1283 3424 1366 3480 vir
1393 3422 1686 3498 religiosus
1727 3428 1783 3476 et
1819 3421 1888 3456 ⁶⁰⁰

263 3519 540 3576 litteratus
569 3528 624 3576 et
651 3521 942 3592 eloquens.
995 3516 1141 3572 Obiit
1186 3516 1351 3572 etiam
1394 3514 1767 3588 lngelbaudus
1805 3529 1892 3568 ar-

268 3615 662 3688 chiepiscopus
716 3613 1077 3682 Turonensis,
1141 3619 1197 3668 et
1269 3610 1536 3666 successit
1614 3609 1664 3664 ei
1717 3607 1892 3663 Gotho

266 3706 442 3762 Britto
474 3707 774 3778 episcopus
803 3703 987 3759 Sancti
1019 3701 1254 3758 Briocci.
1307 3699 1562 3756 Conanus
1601 3713 1789 3754 comes
1819 3697 1888 3752 de

271 3795 600 3851 Richemont
645 3794 879 3850 veniens
926 3792 995 3847 de
1034 3790 1230 3866 Anglia
1273 3789 1333 3844 in
1373 3787 1644 3844 minorem
1680 3787 1894 3842 Britan-

273 3885 447 3953 niam,
478 3885 700 3942 obsedit
749 3883 943 3940 urbem
971 3882 1361 3938 Redonensem
1413 3877 1660 3950 etcepit,
1707 3877 1892 3954 fugato

272 3977 500 4034 Eudone
541 3976 868 4033 vicecomite
907 3974 1102 4031 vitrico
1154 3988 1272 4028 suo.
1331 3972 1441 4028 Hoc
1500 3987 1646 4026 anno
1675 3969 1894 4044 fulgura

275 4075 334 4122 et
359 4073 720 4138 tempestates
747 4080 938 4121 mense
968 4063 1114 4120 Iulio
1134 4062 1457 4134 frequenter
1481 4061 1538 4115 in
1558 4059 1895 4116 Normannia

277 4157 621 4221 acciderunt,
657 4157 812 4212 Unde
841 4156 900 4211 in
939 4155 1193 4228 pluribus
1221 4153 1360 4210 locis
1397 4152 1594 4208 messis
1623 4151 1808 4222 periit,
1841 4157 1896 4206 et

277 4247 532 4302 homines
587 4246 843 4322 fulgurati
896 4245 1245 4302 interierunt.
1295 4243 1606 4298 Subsecuta
1643 4247 1730 4296 est
1786 4241 1893 4294 ha-

275 4337 586 4394 bundantia
610 4338 817 4410 pluvie,
857 4353 968 4410 que
997 4337 1146 4408 cepit
1186 4335 1370 4391 medio
1407 4349 1600 4390 mense
1643 4331 1894 4408 Augusti,

1093 201 1423 258 CHRONICA
1484 233 1554 242 -—
1593 199 1987 258 AUCTARIUM
2029 199 2314 256 ROBERTI
2355 201 2438 255 DE
2475 200 2717 256 MONTE.

3464 201 3572 257 482

1879 341 1927 407 Α
1959 334 2060 388 hac
2089 332 2158 388 de
2205 348 2372 388 causa
2405 331 2578 400 major
2605 347 2732 402 pars
2775 330 3186 386 Brittannorum
3245 341 3578 402 receperunt

1966 424 2223 480 comitem
2283 425 2563 478 Conanum
2607 423 2662 477 in
2721 423 2916 478 ducem
2973 423 3295 490 Brittannie,
3350 435 3580 496 excepto

1967 519 2218 574 Iohanne
2251 518 2494 582 Dolensi,
2527 517 2622 588 qui
2671 517 2852 572 adhuc
2881 532 2979 588 pro
3031 517 3238 572 viribus
3279 516 3498 574 Conano
3529 525 3584 574 et

1968 607 2385 676 coadjutoribus
2442 607 2561 674 ejus
2611 607 2836 661 resistit.
2911 605 3232 661 Fredericus
3289 607 3586 678 imperator

1968 699 2393 754 Alemannorum
2451 699 2604 752 duxit
2655 697 2820 752 tiliam
2879 697 3163 752 Guillermi
3209 697 3424 753 comitis
3471 697 3584 753 Ma-

1969 790 2442 860 sconensis(625),
2503 798 2556 844 et
2585 789 2733 860 cepit
2771 806 2893 844 cum
2947 805 3011 844 ea
3050 789 3324 844 civitatem
3378 789 3585 844 Veson-

1970 879 2177 934 tionem
2210 888 2264 934 et
2301 879 2436 934 alias
2464 878 2688 944 multas,
2721 895 2859 950 quas
2890 885 3044 949 pater
3090 878 3210 946 ejus
3238 885 3488 933 tenuerat
3518 877 3586 932 de

1971 969 2110 1026 duce
2140 970 2477 1044 Burgundie.
2514 971 2643 1024 Pars
2681 976 2864 1024 tamen
2911 969 3058 1022 illius
3087 968 3318 1024 honoris
3349 968 3584 1040 quedam

1971 1061 2240 1114 remansit
2270 1060 2536 1116 Rainaldo
2565 1059 2774 1126 comiti,
2803 1067 2998 1131 patruo
3026 1059 3278 1127 ejusdem
3297 1057 3482 1129 puelle
3497 1057 3584 1110 ω’.

1971 1207 2130 1262 1157.
2171 1209 2488 1264 Fredericus
2526 1208 2580 1264 6.
2678 1209 2984 1264 Ludovicus
3021 1209 3110 1264 20.
3222 1209 3490 1262 Henricus
3530 1207 3585 1261 3.

1976 1331 1998 1349 ³
2044 1339 2392 1396 Venerabilis
2420 1342 2610 1396 Petrus
2657 1342 3070 1417 Clugniacensis
3107 1341 3280 1398 abbas
3324 1343 3357 1396 8
3387 1342 3589 1396 Kalen-

1974 1431 2072 1486 das
2091 1432 2334 1488 Januarii
2363 1435 2646 1506 ingressus
2661 1441 2744 1488 est
2765 1435 2906 1488 viam
2928 1435 3182 1490 universe
3215 1434 3396 1490 carnis
3421 1434 3584 1504 £26),

1975 1519 2306 1576 Guillermus
2337 1538 2429 1577 rex
2473 1521 2658 1577 Sicilie
2690 1523 2866 1578 navali
2899 1523 3254 1594 expeditione
3284 1538 3380 1593 per
3409 1521 3587 1577 admi-

1971 1611 2132 1668 ralios
2159 1629 2290 1669 suos
2317 1613 2466 1684 cepit
2505 1613 2754 1669 Sibillam
2785 1613 3060 1669 civitatem
3093 1614 3466 1684 metrOpolim,
3515 1613 3593 1668 si-

1977 1709 2087 1758 tam
2117 1702 2263 1758 inter
2309 1703 2562 1760 Aﬂ‘ricam
2595 1712 2650 1760 et
2681 1704 3018 1759 Babilonem.
3058 1704 3146 1758 Est
3181 1710 3361 1758 autem
3393 1704 3587 1758 eadem

1975 1791 2170 1846 civitas
2218 1800 2382 1863 caput
2413 1793 2564 1862 regni
2600 1793 2782 1848 insule
2814 1793 2976 1864 Gerp,
3020 1792 3077 1846 in
3136 1808 3243 1863 qua
3295 1791 3443 1846 idem
3497 1807 3589 1845 rex

1973 1881 2314 1938 habitatores
2340 1883 2670 1939 christianos
2725 1883 2952 1949 inmisit,
3005 1889 3060 1936 et
3101 1882 3184 1937 eis
3223 1881 3594 1952 archiepisco-

1973 1991 2104 2047 pum
2175 1974 2422 2046 prefecit.
2499 1974 2738 2030 Sabbato
2789 1974 2934 2029 infra
2981 1982 3200 2028 octavas
3262 1974 3486 2044 pasche,
3537 1973 3592 2026 in

1976 2067 2356 2136 Abrincatino,
2388 2068 2519 2123 villa
2547 2083 2657 2140 que
2681 2071 2907 2122 vocatur
2938 2065 3120 2120 Lauda
3171 2065 3386 2131 Aronis,
3447 2064 3594 2119 circa

1979 2161 2273 2217 meridiem
2321 2161 2476 2233 quasi
2507 2160 2575 2214 de
2605 2167 2750 2215 terra
2790 2174 3081 2230 emergens
3112 2157 3272 2212 turbo
3301 2157 3592 2224 maximus,

1980 2266 2204 2323 queque
2265 2251 2514 2322 proxima
2557 2249 2786 2304 involvit
2835 2255 2891 2304 et
2945 2248 3172 2319 rapuit;
3231 2247 3296 2302 ad
3345 2247 3594 2301 ultimum

1983 2339 2136 2410 quasi
2183 2338 2421 2410 quedam
2479 2339 2774 2409 columpna
2821 2336 2978 2391 ruboi
3037 2343 3092 2391 et
3146 2335 3350 2390 cerulei
3395 2335 3597 2390 coloris

1981 2427 2085 2482 sub
2114 2427 2333 2482 turbine
2365 2428 2699 2483 ascendente
2739 2427 2794 2481 in
2852 2426 3090 2481 sublime
3127 2426 3300 2490 stetit,
3339 2431 3394 2479 et
3443 2425 3599 2479 vide-

1981 2521 2184 2575 bantur
2234 2527 2288 2574 et
2319 2519 2693 2576 audiebantur
2723 2518 2880 2590 quasi
2932 2519 3130 2592 sagitte
3172 2525 3226 2572 et
3284 2517 3478 2571 lancee
3541 2516 3599 2570 in

1981 2608 2101 2679 ipsa
2143 2609 2439 2679 columpna
2469 2607 2660 2682 defigi,
2701 2608 2829 2662 licet
2859 2623 2966 2662 non
2994 2613 3284 2676 appareret
3316 2605 3594 2660 intuenti-

1981 2697 2084 2752 bus
2109 2698 2202 2768 qui
2234 2714 2329 2752 eas
2350 2698 2582 2772 agitaret
2649 2697 2706 2751 In
2732 2697 2948 2752 turbine
2977 2696 3073 2768 qui
3095 2696 3272 2750 stabat
3303 2711 3472 2766 super
3503 2711 3598 2752 co-

1982 2785 2287 2858 lumpnam,
2319 2787 2660 2858 apparebant
2701 2787 2862 2858 quasi
2913 2786 3130 2842 diverse
3168 2786 3386 2855 species
3442 2786 3603 2840 volu-

1983 2891 2132 2931 crum
2168 2877 2224 2930 in
2246 2877 2443 2932 eodem
2474 2877 2845 2932 volitantium.
2890 2876 3194 2932 Subsecuta
3245 2885 3328 2930 est
3367 2875 3514 2930 illico
3545 2875 3601 2928 in

1909 3010 1959 3080 C
1981 2968 2174 3024 eadem
2197 2968 2325 3024 villa
2353 2969 2664 3025 mortalitas
2710 2969 3022 3038 hominum,
3067 2968 3213 3024 inter
3242 2984 3381 3040 quos
3409 2975 3464 3022 et
3501 2968 3604 3024 do-

1981 3059 2161 3080 μεμ,
2216 3058 2343 3080 ηε..-
2384 3059 2636 3080 ---ηιηει
2711 3059 2817 3080 νη
2872 3060 3041 3080 --.ωμ
3090 3058 3139 3080 ,μ
3199 3059 3286 3080 ιη-
3323 3059 3447 3080 --τω
3506 3057 3600 3080 -.ιλ

1981 3059 2165 3114 minus
2216 3058 2346 3114 ville
2379 3059 2659 3114 occubuit.
2711 3059 2820 3115 Nec
2868 3060 3046 3114 solum
3090 3058 3146 3112 in
3179 3059 3293 3113 illa
3323 3059 3472 3124 villa,
3505 3057 3604 3112 sed

1983 3155 2148 3210 etiam
2199 3155 2389 3210 multis
2443 3155 2580 3210 locis
2635 3155 2972 3210 Normannie
3013 3161 3067 3210 et
3113 3153 3471 3210 ﬁnitimarum
3521 3171 3605 3210 re-

1986 3247 2237 3321 gionum,
2275 3247 2582 3304 mortalitas
2612 3249 2718 3303 hoc
2745 3264 2893 3304 anno
2943 3255 3181 3303 crassata
3208 3254 3307 3302 est.
3351 3247 3602 3304 Monachi

1987 3336 2310 3392 claustrales
2337 3336 2580 3391 Cluniaci
2611 3337 2963 3392 tumultuaria
2985 3337 3282 3402 electione,
3317 3337 3483 3392 immo
3512 3337 3605 3390 in—

1988 3428 2260 3494 trusione,
2291 3429 2568 3500 quendam
2599 3429 2944 3484 semilaicum
2999 3427 3295 3483 Robertum
3325 3426 3608 3497 Grossum,

1993 3530 2287 3592 cognatum
2318 3521 2540 3576 comitis
2577 3521 2854 3586 Flandrie,
2900 3537 2995 3592 pro
3029 3519 3312 3590 parentela
3357 3535 3455 3572 sua
3492 3519 3606 3573 ele-

1991 3614 2210 3682 gerunt,
2235 3608 2662 3664 reclamantibus
2703 3607 3098 3663 maturioribus
3128 3606 3258 3662 viris
3287 3613 3343 3661 et
3365 3605 3612 3662 honestis

1991 3701 2270 3772 personis,
2303 3717 2412 3773 que
2443 3701 2513 3757 de
2541 3702 2738 3758 eodem
2777 3701 3116 3757 monasterio
3153 3702 3220 3756 ad
3273 3701 3605 3773 pastoralem

1997 3808 2184 3848 curam
2233 3793 2498 3864 assumpti
2547 3791 2788 3847 fuerant.
2831 3791 2976 3848 Obiit
3026 3791 3284 3846 Girardus
3314 3781 3612 3863 episcopus

1995 3882 2294 3957 Sagiensis.

2069 3970 2336 4028 Henricus
2357 3987 2450 4026 rex
2477 3971 2774 4046 Anglorum
2810 3976 2934 4041 post
2969 3976 3190 4026 octavas
3235 3969 3438 4040 pasche
3465 3969 3612 4040 apud

1992 4059 2394 4116 Barbeﬂuvium
2438 4059 2688 4114 transivit
2727 4059 2783 4112 in
2839 4058 3112 4129 Angliam,
3159 4065 3215 4112 et
3270 4057 3613 4112 Malchomus

1993 4166 2088 4204 rex
2117 4149 2402 4206 Scotorum
2444 4148 2687 4202 reddidit
2714 4147 2788 4215 ei,
2822 4147 3090 4219 quicquid
3133 4146 3371 4201 habebat
3406 4147 3478 4202 de
3511 4146 3616 4202 do-

1995 4241 2145 4298 mino
2165 4256 2288 4304 suo,
2321 4239 2376 4294 id
2413 4247 2498 4295 est
2525 4239 2803 4295 civitatem
2861 4239 3124 4305 Carluith,
3171 4238 3415 4293 Castrum
3451 4239 3617 4308 puel-

1998 4336 2172 4391 larum
2203 4335 2272 4370 ⁶⁰²
2299 4335 2606 4402 Baenburc,
2637 4334 2845 4389 Novum
2879 4340 3116 4388 castrum
3175 4347 3344 4402 super
3385 4331 3614 4402 Tynam,

277 4447 390 4505 que
421 4407 708 4502 impedivit
754 4440 808 4486 et
861 4407 1246 4486 collectionem
1291 4427 1553 4483 messium
1594 4432 1651 4482 et
1696 4407 1974 4480 subse-D
2001 4431 2055 4481 et
2077 4425 2396 4481 comitatum
2429 4423 2832 4478 Lodonensem.
2867 4421 2928 4475 Et
2957 4437 3052 4476 rex
3082 4419 3326 4476 reddidit
3356 4419 3407 4474 ei
3437 4419 3620 4474 comi-

278 4526 545 4592 quentem
585 4519 859 4574 seminum
877 4517 1240 4590 sparsionem.
1279 4515 1352 4570 Ex
1373 4531 1484 4586 qua
1507 4514 1628 4590 jugi
1659 4514 1900 4570 inunda-
1997 4525 2171 4574 tatum
2218 4514 2585 4570 Huntedonie.
2635 4513 2899 4568 Similiter
2930 4513 3259 4568 Guillermus
3304 4511 3451 4566 ﬁlius
3496 4511 3621 4567 Ste-

278 4607 434 4663 tione
477 4606 810 4678 pluviarum,
841 4621 950 4678 que
976 4605 1071 4660 diu
1111 4603 1350 4670 duravit,
1404 4601 1578 4658 multe
1617 4609 1798 4657 turres
1845 4609 1900 4658 et
2001 4606 2170 4680 phani
2201 4604 2368 4680 regis,
2403 4603 2499 4675 qui
2523 4610 2640 4658 erat
2668 4617 2854 4657 comes
2891 4600 3127 4656 civitatis
3157 4599 3618 4664 Constantiarum,

279 4699 516 4755 ecclesie
543 4707 598 4755 et
627 4699 854 4771 antique
895 4697 1135 4754 macerie
1177 4697 1235 4751 in
1259 4695 1595 4752 Normannia
1627 4701 1684 4750 et
1708 4695 1903 4768 Anglia
2003 4701 2057 4755 id
2088 4704 2174 4754 est
2193 4695 2486 4762 Moritonii,
2523 4701 2578 4750 et
2607 4694 2664 4749 in
2711 4693 2906 4767 Anglia
2935 4708 3122 4749 comes
3151 4692 3396 4761 Surreie,
3449 4692 3506 4747 id
3535 4700 3619 4748 est

281 4798 626 4846 corruerunt.
683 4789 946 4846 Radulfus
971 4789 1041 4844 de
1080 4788 1350 4862 Fulgeriis
1375 4787 1525 4859 cepit
1553 4786 1612 4842 in
1660 4787 1901 4858 quodam
2002 4789 2072 4844 de
2103 4787 2401 4851 Warenna,
2435 4789 2660 4856 propter
2689 4782 2857 4838 ﬁliam
2886 4783 3043 4839 tercii
3075 4782 3358 4838 Guillermi
3388 4782 3458 4838 de
3498 4783 3621 4838 Wa-

281 4883 545 4941 conﬁictu
602 4885 886 4940 Eudonem
916 4884 1304 4942 vicecomitem
1358 4882 1426 4938 de
1483 4881 1806 4950 Porrehoit;
1847 4889 1902 4937 et
2004 4895 2197 4945 renna,
2229 4893 2394 4950 quam
2423 4875 2674 4944 duxerat,
2703 4873 2944 4931 reddidit
2974 4874 3025 4930 ei
3058 4875 3358 4931 Penevesel
3399 4883 3453 4930 et
3481 4874 3620 4930 Nor-

1637 4981 1862 5039 VARUE
1885 4981 2254 5039 LECTlONES.

359 5085 428 5123 ⁸³⁸
450 5087 580 5142 Cum
610 5103 1034 5159 reppereramus
1063 5087 1258 5143 desunt
1281 5088 1370 5142 8b.
1392 5087 1500 5159 _8h.
1561 5087 1631 5121 ⁵99
1660 5087 1720 5140 Et
1743 5087 1946 5159 Symon
1978 5115 2045 5159 -ς
2071 5085 2198 5159 ejus
2217 5081 2365 5159 {itif}.
2386 5079 2870 5159 posteqndditum
2899 5079 3004 5159 sect
3029 5093 3194 5159 manu
3215 5077 3419 5159 eadem.
3450 5077 3622 5159 Exitgt

283 5174 496 5228 quoque
524 5162 583 5214 in
607 5146 814 5214 8b'.'8d.
849 5159 941 5214 8h.
969 5177 983 5226 ;
1024 5159 1169 5213 deest
1197 5159 1286 5213 7b.
1339 5157 1408 5193 ⁶⁰⁰
1435 5175 1480 5212 r.
1514 5173 1564 5228 cr.
1598 5146 1814 5213 erasum
1843 5158 1989 5212 deest
2016 5146 2123 5211 8d:
2141 5156 2234 5209 8h.
2269 5155 2334 5190 ⁶⁰²
2369 5146 2523 5228 duxit
2547 5149 3131 5228 ﬁliam—puelle‘i‘n
3161 5149 3196 5202 E
3245 5151 3439 5228 postea:
3469 5146 3630 5200 addi-

285 5216 425 5296 tum,
445 5232 536 5284 sed
553 5246 720 5302 manu
747 5216 1145 5302 eademihdest
1183 5245 1392 5302 quoque
1414 5231 1476 5284 in
1504 5227 1597 5284 8b.
1619 5229 1712 5283 8h.
1745 5234 1804 5286 at
1834 5228 2155 5302 Fredericus
2217 5259 2259 5266 -
2309 5223 2492 5298 puelle
2521 5225 2666 5277 deest
2695 5222 2784 5276 7b.
2844 5216 2912 5255 σ⁰²
2944 5220 3252 5291 puellarum
3287 5222 3344 5271 in
3402 5216 3460 5270 E.
3502 5232 3625 5270 era-

286 5315 432 5366 sum,
465 5302 609 5356 deest
646 5301 740 5356 8d.
771 5301 860 5354 8h.
898 5301 1053 5356 adest
1074 5300 1165 5354 7h.
1297 5300 1310 5302 ⁷
1927 5300 1936 5312 “

1845 5368 2035 5425 NOT/E

359 5470 502 5540 (625)
533 5471 744 5528 Macen.
793 5472 902 5527 Sed
960 5479 1104 5528 errat
1151 5471 1455 5537 Robertus;
1503 5470 1718 5525 Beatrix
1753 5469 1901 5526 enim
2085 5467 2236 5540 (626i
2268 5469 2324 5540 A.
2377 5464 2537 5540 1156,
2588 5463 2862 5520 Robertus
2889 5461 3037 5516 enim
3090 5474 3294 5514 annum
3350 5458 3408 5512 in
3461 5458 3627 5514 natali

285 5535 567 5666 ἓξῖιηέῗὲιξ
627 5543 881 5598 Raiualdi
935 5545 1004 5599 lll
1072 5544 1290 5600 comitis
1341 5535 1673 5617 Burgundim
1735 5540 1918 5596 fratris
2025 5535 2239 5594 Domini
2282 5535 2498 5607 incipit.

433 5632 436 5634 τ
557 5629 596 5666 l.

433 5629 568 5666 :elml
581 5652 596 5668 .
