3916 6064
382 166 488 219 483

522 309 876 350 ΒΟΜΑΝΟΗΠΜ.
1025 307 1370 348 FRANCORUM.
1520 310 1833 350 ANGLORUM.

380 384 508 438 with
542 391 594 438 et
614 383 876 454 quicquid
910 382 1135 437 tenebat
1171 383 1241 437 de
1273 399 1476 439 corona
1521 402 1642 452 sua,
1695 393 1749 441 et
1802 402 1996 441 omnes

383 481 721 534 munitiones
779 480 1027 549 pr0prias
1070 489 1177 534 tam
1218 481 1271 533 in
1326 480 1681 548 Normannia,
1732 496 1896 550 quam
1945 478 2001 532 in

382 567 601 640 Anglia;
633 578 687 622 et
722 584 814 622 rex
846 568 1118 623 feciteum
1156 569 1358 623 habere
1385 570 1649 641 quicquid
1684 570 2002 638 Stephanus

383 664 540 726 pater
562 657 681 727 ejus
713 656 906 710 habuit
934 657 985 711 in
1012 672 1157 711 anno
1209 665 1262 711 et
1293 657 1404 725 die,
1434 674 1545 728 quo
1593 675 1682 712 rex
1739 657 2004 711 Henricus

383 763 518 802 avus
546 748 667 818 ejus
689 748 788 803 luit
828 750 981 803 vivus
1034 758 1087 804 et
1123 757 1396 804 mortuus.
1449 750 1600 824 Hugo
1654 750 1876 824 Bigotus
1909 765 2004 803 ca-

383 835 544 890 stella
569 853 668 893 sua
701 837 814 911 regi
841 837 1079 891 reddidit
1142 838 1349 892 Mortuo
1381 837 1659 893 Ludovico
1694 837 1870 907 primo
1902 837 2001 890 ab-

385 924 510 978 bate
559 924 746 979 Sancti
782 926 994 1000 Georgii
1047 926 1331 980 Baucherii
1367 926 1495 980 ville
1539 926 1699 997 (627),
1738 923 2005 980 successit

386 1015 436 1069 ei
493 1016 694 1080 Victor,
775 1017 1078 1071 monachus
1153 1018 1335 1072 Sancti
1413 1018 1663 1073 Victoris.
1739 1016 2006 1088 llogerius

386 1109 604 1180 Aquila,
645 1111 726 1165 vir
774 1111 1067 1182 religiosus
1111 1129 1173 1166 ac
1213 1112 1414 1167 timens
1453 1113 1646 1178 Deum,
1705 1111 2006 1166 monachus

389 1198 786 1267 Cluniacensis,
831 1203 1004 1257 factus
1037 1213 1124 1256 est
1161 1203 1334 1257 abbas
1383 1203 1569 1257 Sancti
1621 1203 1868 1256 Audocni
1897 1201 2005 1256 Ro-

386 1289 784 1363 thomagensis,
819 1291 1078 1346 Freherio
1112 1308 1170 1346 se
1219 1292 1544 1346 demittentc
1597 1298 1822 1362 propter
1853 1289 2003 1344 infir-

381 1378 629 1433 mitatem
676 1380 763 1435 δοδ.
822 1380 1069 1435 Terricus
1121 1397 1306 1436 comes
1350 1383 1702 1437 Flandrensis
1764 1389 1818 1436 ct
1868 1397 2005 1436 uxor

1607 161 1950 216 SIGEBERTI
1993 161 2507 218 GEMBLACENSIS.

3621 157 3745 213 484

2023 304 2073 369 Α
2097 296 2199 351 soli
2239 311 2364 349 cum
2395 308 2462 348 eo
2489 297 2888 358 remanserant,
2936 289 3083 344 idem
3135 305 3229 344 rex
3262 291 3346 346 vix
3385 290 3511 365 cegi
3546 292 3744 362 potuit

2106 397 2164 442 ut
2194 385 2503 441 recederet.
2537 383 2691 438 Hunc
2716 397 2900 437 casum
2934 381 3362 436 cliristianorum
3397 389 3742 436 terremotus

2103 480 2434 535 subsecutus
2479 482 2592 542 est;
2643 476 2886 530 maxime
2926 476 2981 528 in
3039 473 3420 529 transmarinis
3453 474 3736 544 partibus.

2105 566 2289 622 Stolus
2316 566 2478 620 etiam
2512 564 2743 619 amiralii
2784 562 3069 618 Babilonie
3104 579 3202 632 per
3247 578 3492 618 mensem
3550 579 3735 617 unum

2103 659 2324 714 obsedit
2357 660 2587 724 Acaron,
2621 673 2744 711 cum
2781 671 2926 710 anno
2959 655 3222 724 preterito
3254 662 3309 708 et
3347 655 3415 708 de
3449 654 3729 710 Babilone

2104 758 2162 804 et
2212 749 2280 803 de
2312 750 2573 802 Damasco
2622 761 2715 801 rex
2769 745 3072 799 Jerusalem
3108 742 3393 797 habuisset
3424 743 3729 798 tributum.

2104 836 2408 891 Amalricus
2434 851 2621 891 comes
2650 834 2847 904 J0ppe,
2880 832 3046 886 frater
3075 833 3220 904 regis
3251 831 3526 894 Balduini.
3571 832 3736 886 duxit

2107 929 2272 985 filiam
2307 929 2593 985 Gosceleni
2626 929 2693 982 de
2731 926 3057 991 Torvaissel,
3089 926 3183 996 qui
3211 926 3488 997 quondam
3526 925 3734 989 fuerat,

2107 1035 2398 1097 antequam
2469 1041 2588 1079 eam
2637 1022 2870 1095 Agareni
2925 1021 3205 1093 cepissent
3273 1037 3459 1077 comes
3522 1021 3736 1094 Rages,

2107 1132 2268 1188 quam
2320 1114 2569 1169 moderni
2627 1129 2774 1168 nunc
2812 1110 3016 1166 Roliais
3053 1119 3269 1166 vocant.
3314 1109 3579 1164 Henricus
3636 1125 3738 1162 rex

2105 1205 2319 1279 Anglic,
2349 1203 2612 1272 subjectis
2641 1201 2709 1256 ad
2738 1201 2958 1256 libitum
2989 1199 3366 1266 Walensibus,
3401 1206 3456 1254 et
3501 1198 3740 1253 restitu-

2107 1298 2176 1351 tis
2214 1297 2373 1351 terris
2430 1293 2836 1349 munitionibus
2884 1291 3187 1346 baronibus
3226 1291 3363 1357 suis,
3399 1306 3536 1360 quas
3597 1297 3741 1344 tem-

2108 1405 2240 1460 pore
2284 1388 2550 1458 Stephani
2610 1385 2753 1456 regis
2797 1384 3082 1438 Walenses
3115 1398 3282 1453 super
3310 1397 3405 1437 eos
3444 1390 3738 1452 ceperant,

379 1467 520 1537 ejus,
555 1468 722 1522 amita
758 1469 973 1524 Henrici
998 1470 1142 1542 regis
1172 1469 1490 1541 Anglorum,
1527 1469 1998 1540 perrexeruntJe—

2111 1482 2384 1553 axtirpatis
2415 1480 2736 1536 nemoribus
2781 1487 2834 1533 et
2873 1478 2976 1532 viis
3005 1477 3312 1548 patefactis,
3347 1484 3585 1530 castrum
3623 1475 3738 1528 Ro-

375 1557 641 1625 rusalem.
695 1568 749 1613 οι
779 1559 1107 1614 dimiserunt
1161 1561 1475 1632 Philippum
1525 1561 1696 1616 filium
1739 1576 1901 1615 suum
1943 1567 1997 1614 et
2029 1626 2071 1644 η
2097 1575 2562 1636 velentfirmavit,
2587 1582 2642 1628 et
2666 1571 2976 1627 deditillud
3010 1570 3225 1644 Hugoni
3259 1569 3328 1624 de
3353 1568 3733 1638 Bellocampo,

375 1658 548 1705 10mm
581 1660 777 1707 lenam
803 1670 956 1708 suam
982 1654 1036 1707 in
1068 1671 1238 1709 manu
1273 1655 1487 1709 HenFiCi
1513 1655 1658 1729 regis
1676 1653 1994 1728 Anglorum-
2026 1626 2076 1692 Β
2100 1672 2155 1719 et
2185 1663 2332 1718 aliud
2364 1671 2628 1727 castrum,
2681 1661 2889 1716 scilicet
2944 1626 3400 1733 Hasinngewerche
3458 1657 3609 1722 fecit,
3632 1626 3645 1638 ⁸
3671 1665 3737 1710 et

374 1741 531 1797 Circa
551 1742 900 1799 festivitatem
933 1746 1105 1800 sancti
1133 1746 1403 1800 Johannis
1449 1746 1689 1816 baptiste
1730 1762 1820 1800 rex
1856 1746 2000 1800 Hen-

379 1833 526 1888 ricus
557 1835 867 1906 preparavit
896 1837 1186 1890 maximam
1216 1837 1656 1908 expedicionem,
1697 1838 1770 1892 ita
1802 1845 1860 1891 ut
1892 1837 2001 1891 duo

380 1925 583 1982 milites
612 1929 682 1982 de
717 1935 830 1983 tota
861 1929 1052 2003 Anglia
1098 1931 1329 1986 tercium
1385 1938 1660 2001 pararent,
1707 1930 1773 1984 ad
1817 1930 2003 2001 oppri-

380 2016 642 2069 mendum
677 2016 980 2071 Gualenses
1010 2026 1152 2072 terra
1179 2025 1235 2071 et
1268 2017 1403 2070 mari
1433 2018 1522 2071 θοι.
1559 2019 1816 2090 Algareni
1849 2018 1994 2073 civi-

378 2112 546 2160 tatem
575 2107 862 2162 Almariam
892 2109 946 2162 in
981 2109 1236 2179 Hispania
1269 2127 1438 2182 super
1459 2110 1816 2174 christianos,
1837 2125 2001 2180 quam

379 2192 696 2257 amiserant,
735 2194 1024 2249 obsidione
1063 2212 1184 2250 cum
1211 2198 1496 2252 nonnullis
1526 2197 1768 2252 castellis
1805 2197 2003 2251 iterum

375 2293 665 2353 ceperunt,
708 2284 894 2358 fugato
926 2285 1178 2341 Anforsio
1213 2287 1544 2359 imperatore
1592 2288 1992 2360 Hispaniarum.

379 2375 522 2431 Mors
549 2376 725 2447 ipsius
752 2379 1102 2448 imperatoris
1131 2381 1426 2436 subsecuta
1477 2391 1562 2437 est
1592 2399 1690 2452 pre
1723 2382 1914 2438 dolore
1947 2390 2000 2437 et

376 2467 585 2537 pudore
614 2468 864 2534 ejusdem
918 2470 1068 2540 fuge,
1111 2482 1163 2526 et
1194 2471 1469 2527 discordia
1499 2474 1642 2528 inter
1678 2473 1822 2528 filios
1871 2489 2000 2529 suos

378 2559 518 2614 facta
549 2567 649 2614 est.
685 2560 945 2630 Deposito
986 2561 1247 2618 Rotberto
1308 2562 1508 2619 abbate
1549 2565 1896 2621 Cluniacensi
1945 2571 2001 2620 et

379 2657 593 2706 mortuo
621 2657 674 2705 et
705 2650 870 2706 sociis
895 2653 1010 2706 suis
1044 2655 1099 2707 in
1129 2654 1348 2709 redditu
1381 2674 1412 2710 a
1447 2658 1636 2723 ltoma,
1663 2657 1814 2730 Hugo
1850 2658 2002 2729 prior

385 2739 748 2796 Claustrensis
777 2741 951 2797 factus
989 2751 1072 2798 est
1094 2743 1266 2800 abbas
1298 2746 1780 2803 Cluniacensis‘”.

382 2833 577 2906 Ruptis
606 2835 854 2903 indutiis,
906 2854 1015 2909 que
1056 2847 1216 2894 erant
1245 2840 1388 2896 inter
1437 2842 1764 2898 Balduinum
1812 2859 1997 2913 regem

379 2923 685 2980 Jerusalem
718 2936 772 2981 et
817 2927 1012 2983 Lodari
1070 2929 1242 2984 tilium
1290 2931 1556 3005 Sanguin,
1621 2949 1807 3005 regem
1851 2932 2002 2986 Hala-

383 3016 523 3085 prie,
551 3026 778 3088 propter
809 3020 1032 3089 predam
1074 3021 1522 3086 Sarracenorum,
1555 3041 1718 3095 quam
1758 3041 1851 3079 rex
1885 3024 2006 3078 Bal-

379 3110 583 3166 duinus
611 3113 921 3192 inconsulte
947 3123 1191 3186 ceperat,
1228 3117 1428 3191 pagani
1479 3119 1820 3174 obsederunt
1877 3118 2004 3172 civi-

381 3207 544 3257 tatem
602 3203 895 3271 Abilinam,
956 3221 1065 3276 que
1095 3207 1402 3277 antiquitus
1443 3208 1604 3277 dicta;
1632 3208 1735 3264 fuit
1775 3208 2005 3264 Cesarea

380 3293 615 3364 Philippi
647 3302 702 3349 et
730 3310 929 3350 omnes
973 3297 1124 3351 vicos
1183 3297 1578 3354 destruxerunt
1619 3308 1802 3370 preter
1849 3301 2000 3372 prin-

381 3387 612 3458 cipalem
646 3388 1035 3443 munitionem.
1077 3389 1185 3444 Sed
1218 3391 1456 3446 tamdem
1509 3393 1746 3449 adventu
1777 3393 2000 3450 viviﬁce

380 3480 560 3535 crucis
589 3487 642 3535 et
670 3481 912 3536 exercitu
953 3481 1410 3551 Christianorum,
1468 3485 1863 3541 recedentibus
1903 3503 2001 3557 pa-

382 3568 538 3642 ganis
557 3567 622 3621 ad
659 3575 897 3638 tempus,
933 3568 1128 3624 iterum
1157 3578 1446 3638 venerunt,
1479 3579 1533 3627 et
1565 3590 1749 3645 regem
1779 3573 2002 3628 Baldui-

382 3671 534 3722 num,
575 3657 668 3728 qui
695 3657 807 3723 jam
850 3657 1038 3727 c0pias
1067 3659 1149 3713 sui
1182 3660 1458 3714 exercitus
1489 3661 1796 3726 dimiserat,
1832 3661 2000 3716 nichil

383 3744 566 3798 minus
594 3761 758 3814 quam
792 3745 1024 3799 insidias
1053 3755 1390 3817 sperantem.
1428 3748 1738 3817 inparatum
1767 3749 2004 3804 invene-

384 3839 543 3888 runt:
603 3842 658 3887 et
704 3835 994 3890 trucidatis
1025 3838 1212 3893 multis
1260 3855 1324 3893 ex
1357 3839 1628 3894 militibus
1659 3839 1871 3910 templi,
1904 3841 2000 3912 qui

2102 1753 2248 1807 inter
2274 1753 2384 1807 duo
2418 1753 2518 1806 hec
2550 1757 2726 1805 castra
2764 1765 2927 1804 unam
2962 1749 3184 1803 domum
3215 1745 3486 1801 militibus
3505 1744 3734 1815 templi.

2104 1845 2289 1900 Mense
2319 1843 2629 1914 Septembri
2657 1847 2818 1896 natus
2879 1849 2964 1895 est
2996 1839 3230 1895 Henrico
3270 1839 3386 1912 regi
3429 1837 3736 1912 Anglorum

2106 1935 2274 2002 filius,
2310 1943 2364 1990 et
2387 1941 2613 1990 vocatus
2643 1940 2725 1987 est
2753 1931 3060 1987 Ricliardus
3088 1931 3173 1983 θθδ.

2177 2028 2332 2082 1158.
2481 2027 2823 2081 Fredericus.
2863 2025 2915 2077 7.
3068 2023 3368 2077 Ludovicus
3397 2019 3487 2076 21.

2728 2114 3004 2168 Henricus
3042 2111 3094 2167 3.

2180 2210 2502 2266 Fredericus
2555 2209 2854 2280 imperator
2909 2207 3356 2269 Alemannorum,
3421 2211 3545 2276 post
3621 2219 3728 2274 pa-

2097 2302 2226 2358 sclia
2251 2300 2392 2372 (6‘28)
2425 2299 2700 2354 transiens
2737 2297 2920 2368 Alpes,
2953 2296 3172 2352 obsedit
3203 2295 3396 2349 urbem
3441 2293 3731 2350 nobilissi-

2099 2411 2242 2448 mam
2292 2393 2781 2455 Mediolanensem,
2832 2397 2886 2443 et
2943 2396 3064 2458 post
3103 2387 3322 2460 longam
3373 2386 3729 2442 obsidionem

2100 2485 2312 2541 reddita
2342 2485 2478 2538 urbe
2512 2490 2566 2538 et
2594 2480 2889 2537 obsidibus
2929 2479 3070 2534 datis
3111 2480 3278 2550 (Sept.
3341 2479 3414 2544 8),
3458 2478 3735 2548 processit

2103 2574 2334 2630 ulterius
2363 2574 2431 2627 ad
2475 2570 2920 2642 Oppressionem,
2971 2569 3015 2623 si
3051 2575 3239 2639 posset
3273 2567 3537 2622 Willermi
3582 2567 3734 2641 regis

2102 2666 2310 2722 Sicilie.
2355 2664 2576 2720 Mortuo
2608 2662 2822 2718 Senche
2853 2678 2983 2736 rege
3025 2661 3430 2731 Hispaniarum,
3459 2659 3739 2714 successit

2101 2755 2152 2809 ei
2176 2753 2322 2808 filius
2349 2770 2503 2818 suus,
2538 2758 2698 2806 natus
2730 2767 2794 2804 ex
2827 2749 2936 2804 filia
2969 2749 3154 2804 Garsie
3189 2749 3334 2822 regis
3363 2748 3731 2803 Navarorum.

2103 2845 2328 2900 Moritur
2359 2845 2521 2899 etiam
2553 2842 2845 2898 Gaufridus
2867 2840 3318 2911 archiepisc0pus
3342 2839 3730 2913 Burdegalen-

2104 2933 2201 3000 sis,
2233 2933 2317 2988 vir
2347 2933 2639 3008 religiosus
2680 2939 2734 2987 et
2763 2931 2917 2986 verbi
2949 2931 3044 2985 Dei
3104 2929 3405 2985 seminator
3443 2929 3726 3003 egregius.

2107 3022 2352 3076 Decessit
2392 3021 2786 3077 nichilominus
2815 3019 3110 3075 Tetbaldus
3151 3020 3448 3090 cpiscopus
3488 3017 3729 3072 Parisia-

2105 3113 2310 3167 censis.
2347 3113 2404 3166 ln
2457 3111 2749 3167 festivitate
2781 3111 2955 3166 sancti
2984 3110 3253 3165 Johannis
3304 3109 3537 3180 baptiste
3573 3109 3725 3162 Hen-

2106 3203 2252 3258 ricus
2291 3218 2383 3257 rex
2410 3202 2707 3276 Anglorum
2734 3200 3062 3256 militaribus
3103 3199 3269 3254 armis
3309 3198 3544 3253 accinxit
3572 3197 3721 3267 apud

2102 3291 2319 3347 Carluid
2353 3290 2696 3345 \Villermum
2729 3289 2900 3344 tilium
2931 3289 3076 3362 regis
3131 3287 3420 3358 Stephani,
3461 3286 3722 3341 comitem

2101 3386 2380 3442 Moritonii
2413 3394 2467 3440 et
2496 3385 2564 3440 de
2601 3385 2894 3450 Warenna,
2952 3401 3116 3456 quem
3175 3382 3497 3438 comitatum
3554 3379 3726 3434 habet

2103 3485 2329 3549 propter
2357 3476 2526 3532 filiam
2562 3476 2831 3531 Willermi
2877 3476 3094 3532 comitis
3120 3475 3187 3530 de
3232 3474 3526 3539 Warenua,
3557 3488 3726 3544 quam

2103 3566 2348 3620 duxerat.
2391 3565 2490 3629 Qui
2523 3563 2837 3619 Willermus
2875 3571 3124 3620 mortuus
3184 3562 3361 3618 fuerat
3400 3563 3454 3616 in
3495 3561 3730 3632 expedi-

2105 3657 2254 3712 tione
2274 3653 2720 3710 Jerosolimitana
2746 3653 2833 3708 ⁸0⁷.
2852 3655 2981 3723 (Jul.
3008 3652 3333 3722 26);;Mortuo
3353 3650 3614 3706 Gaufrido
3639 3663 3728 3704 co-

2103 3749 2238 3802 mite
2267 3747 2626 3813 Nannetensi,
2655 3746 2822 3801 fratre
2855 3745 3073 3800 Henrici
3101 3744 3248 3818 regis
3278 3743 3494 3817 Anglie,
3529 3757 3722 3796 mense

2102 3839 2269 3902 Julio,
2301 3838 2569 3893 Henricus
2599 3855 2693 3892 rex
2732 3853 2924 3892 mense
2959 3838 3202 3912 Augusto
3245 3834 3618 3890 transfretavit
3664 3833 3721 3886 in

452 4001 521 4037 ⁶⁰³
545 4009 762 4058 mortuo
847 4034 916 4043 —
984 4004 1184 4060 infirm.
1243 4007 1436 4062 desunt
1501 4010 1592 4064 8b.
1653 4010 1746 4065 8h.
1857 4011 1926 4046 ⁶⁰⁴
1956 4012 2171 4067 Abhinc
2248 4013 2307 4064 in
2369 4010 2426 4073 Ε,
2510 4026 2709 4066 manus
2783 4011 2917 4074 alia,
2977 4013 3028 4062 et
3099 4012 3464 4062 atramentum
3537 4010 3722 4060 muta-

380 4079 489 4157 tur.
716 4074 976 4157 Deposito
1031 4107 1094 4157 τ-
1157 4077 1311 4157 _Clun.
1383 4081 1578 4157 desunt
1619 4081 1768 4157 _8b._
1819 4087 2065 4157 Διιιῌῃρη
2117 4082 2209 4157 8h.
2269 4151 2304 4157 __
2345 4081 2715 4157 _°°651e_stnunt
2788 4081 2942 4157 codd,
2995 4079 3080 4136 3a.
3136 4077 3254 4157 3b.,
3341 4078 3408 4112 θοτ
3437 4080 3561 4132 Post
3613 4078 3723 4157 Ιιᾳεε

382 4144 476 4224 .8b.
533 4145 730 4224 additi
773 4146 936 4224 Anno
989 4148 1536 4224 .ab__incar_natione
1619 4153 1831 4208 Domini
1895 4153 2048 4208 1157.
2124 4153 2206 4207 15.
2269 4151 2381 4208 Kal.
2445 4153 2617 4224 Julii.
2691 4151 2962 4222 processit
3027 4156 3328 4224 conventus
3415 4164 3537 4224 cum
3624 4147 3721 4224 ab-

384 4215 510 4296 bate
541 4231 641 4296 suo
674 4215 1038 4296 llichardode
1077 4219 1435 4296 Blosevillaa
1488 4223 1695 4296 Mortuo
1737 4224 1893 4296 mari,
1935 4225 2136 4296 missus
2185 4225 2477 4296 adonuoi
2519 4215 2818 4293 Stephano,
2868 4221 3244 4296 tuncabbate
3282 4219 3477 4275 Mortui
3531 4217 3718 4296 maris.

384 4293 439 4368 et
468 4287 621 4368 venit
653 4287 730 4367 'in
772 4287 928 4368 hunc.
953 4289 1131 4368 locum
1166 4292 1260 4368 qui
1291 4292 1494 4368 dicitur
1548 4295 1763 4368 Belum,
1792 4295 2082 4368 rsitumhin
2119 4295 2396 4350 territorio
2430 4287 2923 4368 __Hothomagens_i._
2972 4292 3424 4368 Multisnamqne
3466 4289 3723 4368 precibus

385 4356 624 4440 gatitdis
652 4356 1360 4440 imperatrithiliaMagni
1415 4364 1632 4440 Henrici
1658 4356 1834 4440 regis
1860 4366 2052 4439 Anglie
2105 4375 2160 4420 et
2216 4373 2389 4440 mater
2429 4365 2657 4440 illustris
2709 4356 2927 4440 Henrici
2976 4364 3122 4436 regis
3155 4356 3367 4440 Anglic,
3396 4379 3427 4416 a
3470 4356 3722 4440 predicto

385 4429 926 4511 Stephanoabbate
962 4429 1394 4511 Mortu_i_m'aris
1450 4436 1715 4511 obtinuit,
1749 4429 1820 4492 ἷιι
1862 4429 2172 4511 conventus
2245 4437 2386 4511 inde
2427 4436 2738 4511 mitteretur
2792 4435 2859 4489 ad
2941 4429 3367 4489 con‘struendam
3436 4429 3719 4511 abbatiam

388 4498 1045 4576 Cisterciensisordinis,
1081 4505 1148 4558 ad
1190 4505 1408 4560 laudem
1440 4513 1492 4561 et
1540 4498 1808 4562 honorem
1861 4508 1956 4562 Dei
2013 4515 2066 4562 et
2121 4507 2278 4561 beate
2343 4505 2509 4560 Marie
2561 4507 2924 4576 omniumque
2979 4512 3291 4559 sanctorum
3333 4534 3401 4576 -έ
3430 4504 3726 4576 κοίῳ-ρυ-

387 4576 488 4626 tem
513 4573 666 4652 apud
701 4574 988 4652 _Robertun_t
1019 4581 1316 4652 sequ-untur
1340 4578 1561 4652 sub_hoc
1591 4595 1752 4652 anno.
1777 4595 1840 4633 ea
1855 4579 1943 4652 8g.
1971 4581 2052 4633 ita
2082 4579 2387 4652 ampliavit,
2421 4583 2548 4633 teste
2587 4572 2857 4652 Bouqueti
2905 4577 3058 4652 Anno
3090 4576 3229 4630 1158
3259 4574 3553 4652 Gaufridus
3578 4572 3723 4652 filius

389 4643 668 4725 secundus
699 4643 1101 4725 imperatricis;
1151 4647 1316 4725 frater
1343 4649 1509 4725 regis
1532 4649 1826 4725 Anglorum
1859 4643 1923 4704 οἵ
1938 4663 2126 4725 comes
2159 4643 2460 4712 Britonum,
2510 4643 2766 4725 universe
2803 4647 2983 4702 carnis
3043 4647 3322 4725 ingressus
3375 4652 3456 4700 est
3485 4645 3633 4725 _viam
3664 4645 3720 4696 7.

391 4710 506 4792 ttal.
544 4710 938 4792 .Augusti'rqut
967 4715 1022 4769 in
1069 4710 1450 4792 eadem__url)e_
1464 4710 1930 4792 NannEtensium,
1971 4719 2128 4792 cujus
2157 4735 2357 4792 comes
2376 4710 2701 4792 exstiterat,
2727 4735 2849 4792 cum
2877 4733 3077 4792 magno
3103 4710 3316 4792 honore
3341 4717 3591 4792 sepultus
3615 4722 3719 4792 est.

394 4780 773 4865 Henrieus't'ex
796 4780 1124 4865 _.\n_glorum,
1166 4787 1361 4865 Wallia
1409 4790 1513 4865 sibi
1538 4791 1838 4865 subjugata
1891 4780 1946 4865 ε]
1968 4780 2118 4846 omni
2149 4790 2291 4846 facta
2320 4791 2623 4865 tributaria,
2657 4780 2845 4865 vigilia
2889 4780 3512 4865 assbmptionissanctm
3542 4785 3724 4865 Maria:

395 4802 660 4836 nenrlcus
683 4802 773 4862 rex
796 4802 1124 4908 _.\nlgiorum,
1167 4802 1358 4868 yvatna
1409 4802 1513 4844 SlDl
1549 4802 1838 4865 subjugata
1891 4802 1946 4844 et
1968 4805 2118 4846 0mm
2149 4802 2291 4846 tacta
2320 4802 2623 4855 tributaria,
2657 4802 2844 4864 Vigma
2889 4802 3281 4859 assumpuoms
3309 4802 3512 4842 sanctae
3542 4802 3724 4839 maritae

395 4851 849 4940 tjra'nsfre‘tagttin
884 4871 1294 4940 normanmam.
1318 4860 1430 4940 ‘Qui
1457 4861 1620 4939 citius
1649 4861 2297 4940 veniensltotomagum,
2342 4861 2554 4932 accepit
2591 4861 3015 4940 collocutionem
3047 4876 3078 4914 a
3110 4875 3237 4933 rege
3266 4856 3724 4940 Francorumﬁi-

397 4921 602 5003 delicet
631 4925 664 4976 5
694 4923 852 5003 feria,
884 4927 918 4979 2
949 4927 1042 4980 Kal
1090 4921 1434 5003 Septembris
1455 4930 1612 5003 inter
1643 4933 1828 4988 Gisors
1854 4939 1909 4986 et
1936 4921 2501 4998 Novumumercatum,
2526 4939 2579 4987 et
2607 4948 2731 4987 cum
2765 4921 3238 5003 protlatisisancl'a:
3269 4929 3519 4984 ecclesiae
3549 4921 3726 5003 etba-

393 4991 622 5074 renibus
657 4995 944 5075 utriusque
976 4991 1303 5068 provinciae.
1326 5001 1548 5075 Justitia
1571 5002 1741 5075 igitur
1771 5005 1840 5058 de
1869 5003 1991 5075 celo
2020 5003 2418 5075 prospiciente,
2439 4991 2530 5058 rex
2561 4991 2888 5075 Francorum
2924 5002 3432 5075 Ludovicuscoram
3464 4997 3728 5075 predictis

394 5065 650 5146 personis
681 5065 1034 5146 filiam’sua'm
1067 5086 1131 5124 ex
1163 5071 1409 5146 secunda
1440 5088 1540 5146 sua
1579 5065 2288 5146 mulierepri‘mogenitam,
2335 5065 2559 5129 nomine
2611 5072 3000 5146 Constantiam,
3053 5065 3586 5146 dimidiumtannum
3621 5068 3725 5122 ali-

395 5137 1137 5226 q'ttantutnmexcedentem,
1171 5140 1326 5222 dedit
1357 5142 1589 5226 Henrico
1617 5137 1862 5226 secundo
1901 5137 2194 5226 tilio'regis
2215 5137 2556 5226 “Anglorum,
2590 5152 2719 5226 tres.
2749 5144 2861 5200 fere
2918 5159 3093 5226 annnos
3127 5143 3394 5226 habenti,
3445 5157 3582 5226 cum
3611 5147 3724 5194 toto

406 5205 696 5286 Yeugesim
730 5215 786 5290 et
811 5209 1219 5290 munitionibus
1245 5212 1516 5282 ejusdem,
1545 5215 1692 5290 quod
1711 5215 2017 5290 antiquitus
2047 5205 2177 5268 oliym
2211 5205 2390 5290 fuerat
2414 5205 2557 5290 regis
2587 5215 2904 5286 Anglorum.
2930 5215 3098 5290 Cujus
3123 5221 3307 5268 tamen
3346 5205 3503 5290 terra:
3531 5220 3723 5290 etom-

403 5281 962 5360 niumnntunitionum
992 5296 1082 5360 rex
1119 5281 1445 5360 Francorum
1488 5281 1714 5342 retinuit
1743 5281 2050 5360 custodiam
2077 5302 2255 5360 usque
2285 5281 2604 5360 adtnubiles
2629 5281 2805 5360 annos
2827 5281 3046 5358 puella},
3087 5286 3190 5360 hac
3219 5295 3402 5360 tamen
3434 5282 3728 5360 divisione,

396 5349 528 5430 utsi
545 5349 709 5430 .tilius
742 5350 888 5423 regis
917 5352 1216 5424 Anglorum
1246 5354 1509 5430 moriatur
1538 5369 1670 5430 ante
1700 5356 2004 5413 maritalem
2038 5349 2213 5430 ipsius
2241 5358 2463 5430 puellae.
2498 5349 2929 5430 copulationém,
2971 5349 3252 5430 secundus
3280 5356 3366 5409 vel
3400 5354 3622 5430 _tertius_
3640 5351 3727 5406 vel

391 5421 558 5472 ceteri
599 5421 867 5476 ducerent
897 5421 1029 5478 eam’
1050 5440 1302 5492 uxorem,
1336 5425 1438 5479 sub
1469 5427 1612 5484 dotis
1642 5429 1864 5485 nomine
1895 5421 2413 5502 a_rege_Anglorum
2435 5421 2771 5500 recipientes
2800 5428 2857 5483 in
2883 5421 3077 5500 Anglia
3105 5427 3380 5482 civitatem
3400 5424 3729 5480 Linconien-

1942 5497 2152 5555 NOTAE.

466 5556 614 5627 (627)
646 5560 1002 5635 St.-Georges
1043 5566 1110 5621 de
1165 5566 1534 5624 Bosclierville
1579 5583 1750 5640 pr0pe
1803 5569 2007 5624 Rotho-

2194 5570 2331 5641 (628)
2361 5571 2507 5626 Junii
2538 5569 2641 5626 fuit
2673 5569 2854 5626 adhuc
2882 5569 3154 5642 Augustae.

392 5641 629 5698 magum.
