3916 6064
346 290 700 332 BRMANORUM.
871 286 1211 327 FRANCORUH.
1361 286 1670 326 ANGLOIXUM.

197 365 615 429 Normanniam,
651 371 705 416 et
736 363 952 416 locutus
984 376 1247 434 cumrege
1279 361 1604 415 Francorum
1649 362 1822 418 Ludo-

195 462 317 515 vico
355 473 522 529 super
552 457 723 510 Ettam
759 454 979 508 fluvium
1014 453 1080 509 de
1110 469 1244 523 pace
1277 462 1332 508 et
1369 454 1437 508 de
1469 453 1820 508 matrimonio

193 549 581 608 contrahendo
611 548 752 602 inter
781 546 950 600 ﬁlium
999 562 1158 600 suum
1222 545 1511 600 Henricum
1544 553 1599 599 et
1648 543 1819 599 filiam

200 640 354 715 regis
403 639 732 692 Francorum
785 633 1153 707 Margaritam,
1184 639 1239 688 et
1265 633 1510 704 prestitis
1531 633 1660 687 hinc
1689 633 1819 688 inde

193 730 585 794 sacramentis,
619 743 711 782 rex
739 726 932 800 Anglic
965 726 1114 780 venit
1163 726 1646 799 Argentomagum,
1680 735 1734 779 et
1761 725 1814 778 in

197 823 340 878 festo
364 820 667 876 nativitatis
692 819 852 873 beate
893 818 1058 872 Marie
1090 817 1474 885 ibidemjussit
1503 816 1817 872 submovcri

201 915 505 972 exercitum
538 912 706 968 totius
760 909 1114 975 Normannic,
1154 916 1214 963 ut
1244 909 1596 979 essentapud
1626 909 1820 963 Abi-in-

199 1018 294 1056 cas
326 1002 379 1055 in
413 999 713 1055 festivitate
739 998 913 1054 sancti
953 998 1254 1057 Michaelis.
1289 999 1414 1052 ituri
1445 1014 1613 1068 super
1638 998 1817 1052 Cona-

201 1107 335 1145 num
359 1091 554 1145 ducem
588 1089 885 1155 Britannic,
939 1087 1046 1142 nisi
1098 1089 1355 1143 redderet
1395 1089 1509 1163 regi
1541 1088 1814 1143 civitatem

202 1185 771 1255 Nauneticam,quam
806 1184 1101 1238 invaserat.
1133 1183 1336 1238 Exinde
1367 1199 1458 1237 rcx
1493 1190 1750 1238 evocatus
1790 1199 1818 1236 a

194 1291 329 1350 rege
364 1274 715 1334 Francorum,
749 1289 872 1328 cum
904 1272 1094 1344 paucis
1134 1272 1283 1328 venit
1334 1273 1590 1335 Parisios,
1617 1279 1668 1327 et
1700 1273 1818 1326 ine-

199 1366 706 1422 stimabilihonorc
760 1382 791 1420 a
844 1381 974 1438 rege
1031 1365 1303 1420 Ludovico
1346 1371 1399 1419 ct
1447 1381 1475 1417 a
1505 1363 1818 1419 Constantia

202 1459 396 1531 regina
434 1466 489 1512 et
512 1474 542 1512 a
569 1457 890 1528 proceribus
931 1458 1082 1531 regni
1109 1464 1373 1528 exceptus
1401 1465 1503 1521 est,
1526 1455 1818 1530 gaudenti-

201 1547 308 1602 bus
347 1548 566 1602 Francis
591 1556 645 1601 et
675 1547 744 1601 de
773 1562 909 1617 pace
928 1547 1161 1601 duorum
1185 1562 1374 1621 regum
1396 1557 1450 1601 et
1482 1547 1551 1600 de
1579 1547 1816 1600 adventu
1849 1561 1896 1626 Β

202 1637 342 1693 tanti
376 1637 608 1708 hospitis
637 1637 1086 1708 tripudiantibus.
1149 1638 1268 1708 Ipse
1309 1644 1491 1692 autem
1533 1635 1819 1708 magnifice

202 1739 258 1786 et
281 1732 571 1802 dapsiliter
602 1748 662 1787 sc
693 1748 864 1807 agens
903 1732 1047 1786 circa
1084 1746 1299 1797 omnes,
1332 1738 1386 1785 et
1415 1732 1650 1786 maxime
1682 1732 1825 1786 circa

206 1823 476 1879 ecclesias
495 1832 550 1878 et
579 1840 850 1895 pauperes
872 1823 1068 1878 Christi
1111 1841 1125 1890 ;
1151 1839 1418 1894 nusquam
1461 1823 1516 1878 in
1536 1823 1720 1894 aliqua
1733 1839 1827 1878 ec-

200 1914 379 1970 clesia
411 1930 533 1968 cum
576 1915 929 1986 processione
985 1914 1160 1971 voluit
1212 1915 1438 1985 suscipi,
1470 1915 1596 1971 licet
1627 1932 1657 1969 a
1697 1931 1827 1990 rege

202 2003 563 2072 Francorum,
605 2003 772 2058 immo
812 2019 952 2074 pene
982 2003 1050 2057 ab
1079 2003 1362 2070 omnibus,
1396 2010 1450 2058 et
1481 2003 1738 2074 precibus
1771 2010 1824 2058 et

202 2096 685 2151 obsecrationibus
711 2106 769 2152 ut
799 2097 853 2151 id
884 2105 1073 2170 ageret
1099 2105 1407 2170 urgeretur.
1443 2098 1575 2152 Inde
1605 2099 1824 2153 rediens

203 2185 374 2241 ﬁliam
407 2187 552 2254 regis
583 2186 806 2242 Francie
834 2203 1021 2243 secum
1046 2188 1298 2253 adduxit,
1330 2195 1518 2242 eteam
1546 2187 1613 2242 ad
1642 2196 1826 2242 custo-

203 2280 471 2335 diendum
493 2286 547 2334 et
577 2279 931 2334 nutriendum
957 2280 1196 2335 Roberto
1225 2280 1294 2334 de
1323 2277 1830 2354 NovoBurgotideli

205 2384 310 2424 suo
349 2369 592 2422 tradidit.

278 2456 466 2512 Mense
521 2456 833 2527 Septembri
865 2456 898 2510 9
965 2456 1190 2510 Kalend.
1257 2456 1523 2511 Octobris.
1563 2463 1724 2511 natus
1749 2465 1831 2512 est

208 2547 363 2603 ﬁlius
390 2548 624 2603 Henrico
654 2548 766 2619 regi
798 2547 1115 2622 Anglorum,
1145 2556 1203 2602 et
1226 2556 1451 2603 vocatus
1482 2555 1563 2603 est
1593 2548 1825 2604 Gaufre-

211 2641 336 2696 dus.
388 2642 445 2694 In
503 2640 796 2695 festivitate
851 2639 1031 2694 sancti
1090 2640 1371 2695 Michaelis
1396 2641 1547 2695 venit
1577 2640 1831 2697 Conanus

208 2746 398 2785 comes
426 2729 772 2784 Redoncnsis
801 2735 855 2783 et
883 2727 967 2782 sui
998 2728 1237 2782 Britanni
1274 2729 1415 2798 {cum
1442 2745 1508 2785 eo
1547 2730 1829 2796 Abrincas,

211 2829 266 2877 et
297 2820 543 2875 reddidit
576 2821 689 2892 regi
723 2821 916 2876 urbem
965 2823 1230 2877 Nannctis
1270 2839 1393 2877 cum
1429 2829 1539 2877 toto
1572 2824 1833 2879 comitatu

214 2909 419 2975 Medic,
441 2909 682 2974 valente,
716 2919 776 2964 ut
816 2909 1007 2977 fertur,
1041 2911 1110 2965 60
1142 2911 1290 2965 milia
1317 2911 1616 2966 solidorum
1649 2913 1835 2968 Ande-

215 3003 474 3077 gavensis
507 3009 748 3058 monete.
794 3005 1109 3075 lndejvenit
1159 3021 1253 3060 rex
1281 3005 1347 3059 ad
1395 3004 1629 3060 Montem
1659 3006 1834 3060 sancti

219 3096 522 3160 Michaelis,
557 3101 612 3150 et
630 3097 816 3152 audita
858 3097 1020 3152 missa
1053 3097 1120 3152 ad
1167 3097 1342 3168 majus
1382 3098 1568 3160 altare,
1597 3098 1836 3154 comedit

220 3188 277 3242 in
334 3187 626 3244 refectorio
691 3189 1086 3244 monachorum
1164 3205 1285 3244 cum
1339 3188 1647 3246 baronibus
1699 3191 1834 3246 suis.

222 3279 376 3344 Quod
404 3286 462 3334 ut
491 3278 718 3348 faceret,
749 3279 837 3333 vix
867 3279 1040 3334 abbas
1068 3281 1342 3335 Robcrtus
1367 3283 1554 3337 multis
1584 3283 1841 3354 precibus

221 3369 454 3423 extorsit
483 3369 550 3422 ab
591 3384 677 3424 eo.
715 3368 911 3425 Postea
959 3369 1014 3423 in
1068 3384 1210 3424 nova
1259 3385 1477 3425 camera
1524 3371 1741 3426 abbatis
1770 3371 1839 3407 ⁶⁰⁸

224 3461 502 3516 concessit
546 3460 810 3516 ecclesias
860 3460 1045 3516 Pontis
1089 3461 1314 3517 Ursonis
1360 3462 1557 3518 Sancto
1589 3463 1840 3518 Michaeli

226 3555 282 3604 et
322 3549 508 3604 abbati
563 3557 616 3604 et
656 3551 941 3605 monachis
990 3550 1239 3619 ejusdem
1288 3550 1418 3618 loci,
1461 3561 1713 3621 presente
1738 3550 1844 3605 Bo-

227 3639 392 3693 bcrto
419 3639 613 3693 abbate
645 3646 699 3694 ct
729 3638 964 3695 Banulfo
997 3638 1178 3710 priore
1217 3645 1272 3693 et
1299 3637 1534 3693 Mancrio
1574 3639 1846 3693 monacho

1071 148 1413 203 CHRONICA.
1464 176 1498 184 -
1564 141 1940 199 AUCTARIUM
1982 141 2263 196 ROBERTI
2311 141 2390 194 DE
2429 139 2666 193 MONTE.

1843 275 1890 340 Α
1919 272 1974 320 et
2001 265 2259 320 Gervasio
2293 265 2494 320 clerico
2522 265 2730 320 Thome
2753 265 3068 320 cancellarii
3097 268 3328 323 etAdam
3352 271 3531 324 scriba

3425 148 3528 202 486

1925 355 2146 409 Roberti
2187 354 2420 408 abbatis.
2455 355 2575 425 Ipsa
2627 354 2716 408 die
2749 356 2988 425 perrexit
3017 357 3085 411 ad
3113 357 3336 412 Pontem
3373 358 3533 414 Urso-

1924 447 2026 509 nis,
2053 455 2107 501 et
2137 446 2324 500 divisit
2351 446 2424 500 ibi
2489 445 2757 500 ministris
2796 447 2908 500 suis
2963 453 3016 502 et
3068 449 3364 514 ordinavit,
3398 466 3536 521 quo-

1922 535 2087 590 modo
2120 541 2354 590 castrum
2397 535 2534 589 illud
2584 533 3012 591 reedificaretur.
3069 538 3201 592 Inde
3243 539 3537 594 discedens

1922 643 2044 682 cum
2073 643 2235 682 manu
2277 632 2482 680 armata
2511 628 2752 697 perrexit
2798 628 2866 682 ad
2896 628 3308 699 suscipiendum
3341 630 3536 685 urbem

1918 717 2206 772 Mannetis.
2251 718 2364 782 Qua
2393 725 2619 789 accepta
2651 728 2705 774 et
2731 718 2998 789 disposita
3023 721 3090 774 ad
3123 721 3360 788 libitum,
3395 738 3535 792 pau-

1921 813 2000 868 cis
2031 813 2374 883 interpositis
2415 813 2632 879 dicbus,
2693 829 2814 868 cum
2875 813 3264 869 innumerabili
3299 818 3538 872 exercitu

1921 901 1954 957 3
1983 901 2123 955 feria
2153 901 2373 955 obsedit
2429 909 2664 956 castrum
2713 902 2925 969 Toarci,
2985 913 3040 958 et
3061 905 3094 958 6
3125 903 3259 959 feria
3288 905 3536 975 ejusdem

1923 996 2230 1064 septimane
2263 996 2426 1066 cepit.
2458 997 2586 1050 Post
2614 997 3012 1068 aliquantulum
3064 1000 3331 1070 temporis
3350 1017 3540 1071 perre-

1923 1087 2002 1142 xit
2029 1087 2248 1142 obviam
2275 1087 2549 1142 Ludovico
2591 1087 2704 1162 regi
2747 1090 3096 1153 Francorum,
3141 1090 3385 1145 venienti
3417 1109 3541 1167 gra-

1923 1175 1994 1229 tia
2016 1174 2283 1230 orationis
2307 1175 2375 1228 ad
2402 1175 2638 1229 Montem
2664 1177 2836 1231 sancti
2861 1178 3137 1233 Michaelis
3181 1180 3250 1233 dc
3283 1180 3530 1250 periculo

1923 1266 2107 1320 maris.
2142 1266 2331 1330 Quem,
2366 1281 2430 1320 ex
2461 1282 2571 1336 quo
2602 1267 2819 1322 intravit
2867 1269 2923 1321 in
2982 1269 3240 1324 ducatum
3271 1271 3543 1326 Norman—

1922 1358 2032 1420 nic,
2071 1357 2303 1411 deduxit
2325 1358 2512 1412 etsuis
2542 1358 2810 1428 impensis
2858 1359 3248 1416 decentissime
3279 1379 3542 1433 procura-

1920 1445 2014 1500 vit.
2052 1444 2322 1500 Bobertus
2361 1445 2429 1499 de
2479 1447 2679 1501 Sancto
2727 1447 3031 1514 Pancratio,
3079 1453 3382 1506 monachus
3404 1453 3544 1507 San—

1921 1536 1992 1590 cti
2022 1534 2299 1590 Michaelis
2342 1537 2409 1590 de
2437 1537 2638 1604 Monte,
2693 1537 2866 1594 factus
2890 1550 2971 1594 est
3011 1541 3178 1596 abbas
3211 1542 3539 1598 Cernelien-

1923 1627 1998 1682 sis
2035 1627 2123 1680 609.
2147 1629 2203 1682 In
2236 1627 2531 1684 festivitate
2560 1645 2689 1684 vero
2723 1630 2869 1685 beati
2903 1631 3205 1687 Clementis
3245 1634 3336 1688 die
3365 1636 3547 1691 domi-

1927 1719 2050 1775 nica
2079 1729 2352 1776 venerunt
2380 1731 2610 1792 uterque
2643 1739 2737 1777 rex
2769 1723 2836 1776 ad
2867 1723 3110 1779 Montem
3140 1727 3287 1781 beati
3321 1729 3548 1783 archan-

1927 1810 2058 1884 geli,
2086 1816 2140 1864 et
2165 1826 2287 1865 cum
2319 1827 2518 1885 magno
2549 1813 2788 1882 tripudio
2848 1823 2954 1869 tam
2987 1816 3170 1872 clerici
3218 1835 3381 1889 quam
3438 1837 3544 1892 po—

1931 1898 2070 1968 puli,
2102 1898 2237 1953 itum
2269 1906 2350 1953 est
2402 1901 2520 1973 regi
2549 1900 2879 1956 Francorum
2911 1903 3154 1960 obviam.
3192 1907 3250 1960 In
3289 1907 3402 1978 ipsa
3446 1927 3550 1964 au-

1929 1993 2037 2042 tem
2071 1987 2448 2057 processione,
2481 1997 2712 2060 excepto
2751 2000 3027 2046 conventu
3061 1996 3455 2052 monachorum
3498 2007 3553 2054 et

1927 2078 2256 2134 clericorum
2305 2086 2361 2134 et
2411 2079 2569 2149 plebe
2611 2080 2920 2148 innumera,
2955 2081 3176 2138 fuerunt
3206 2085 3317 2140 duo
3348 2089 3547 2143 summi

1930 2167 2242 2239 pontifices,
2277 2185 2418 2223 unus
2456 2169 2909 2240 arcliiepiscOpus
2966 2178 3020 2226 et
3049 2172 3187 2226 alter
3224 2175 3543 2245 episcopus,

1936 2269 1992 2318 ct
2020 2263 2265 2335 quinque
2305 2264 2553 2319 abbates.
2589 2265 2783 2319 Audita
2811 2265 2978 2320 missa
3017 2266 3302 2322 redierunt
3341 2269 3546 2323 Ahrin-

1934 2369 2046 2421 cas,
2079 2355 2390 2410 deducente
2419 2355 2572 2410 illum
2617 2372 2766 2429 rege,
2800 2365 2855 2412 et
2881 2357 3186 2412 innumeris
3217 2359 3384 2432 regiis
3423 2377 3550 2416 mu-

1931 2443 2162 2498 neribus
2190 2452 2298 2499 tam
2332 2445 2486 2500 illum
2517 2461 2679 2516 quam
2708 2463 2838 2502 suos
2866 2463 3042 2519 usque
3061 2448 3127 2502 ad
3160 2447 3300 2504 ﬁnes
3327 2451 3411 2505 sui
3447 2451 3551 2507 du-

1930 2541 2083 2587 catus
2113 2541 2506 2605 prosequente.

2003 2623 2186 2678 Mense
2212 2624 2500 2681 Dccembri
2531 2625 2846 2680 concordati
2904 2633 3031 2682 sunt
3073 2644 3168 2682 rex
3201 2628 3469 2685 Henricus
3498 2640 3552 2687 ct

1934 2734 2120 2774 comes
2138 2719 2770 2776 BlcsensisTheobaldus
2802 2731 3068 2793 cognatus
3099 2723 3220 2791 ejus
3237 2725 3341 2780 hoc
3362 2723 3548 2782 modo.

1935 2813 2131 2868 Comes
2149 2813 2498 2869 Tlieobaldus
2534 2815 2774 2870 reddidit
2814 2816 2930 2890 regi
2956 2816 3067 2872 duo
3100 2825 3274 2872 castra
3305 2835 3320 2884 ;
3353 2817 3554 2872 Amba-

1936 2906 2078 2961 zium
2121 2912 2175 2960 et
2203 2906 2444 2961 Fractam
2471 2906 2668 2962 vallem
2706 2925 2719 2972 ;
2762 2915 2818 2962 et
2862 2909 3132 2964 Rotrodus
3171 2923 3356 2964 comes
3386 2909 3554 2964 Mori-

1936 3001 2109 3070 tonic,
2130 3002 2377 3058 sororius
2406 3004 2527 3072 ejus
2561 3035 2625 3044 —
2654 3003 2927 3075 siquidem
2952 3022 3116 3060 unam
3150 3021 3396 3062 sororum
3429 3007 3550 3075 ejus

1937 3090 2051 3146 Odo
2083 3093 2190 3146 dux
2220 3092 2555 3167 Burgundie,
2601 3093 2763 3148 aliam
2794 3094 3074 3164 predictus
3124 3111 3312 3151 comes
3340 3095 3554 3152 Hodro-

1940 3200 2056 3252 cus,
2091 3185 2182 3257 qui
2206 3187 2458 3242 usitatius
2487 3187 2694 3243 dicitur
2739 3203 2928 3243 comes
2954 3189 3303 3256 Perticensis,
3335 3191 3555 3245 tertiam

1941 3276 2259 3331 Willermus
2289 3276 2531 3332 Goiet—
2583 3277 2676 3332 hic
2723 3278 2944 3349 inquam
2986 3279 3266 3335 Bodrocus
3318 3280 3558 3334 reddidit

1942 3366 2178 3422 Henrico
2202 3367 2313 3439 regi
2336 3368 2444 3422 duo
2478 3375 2674 3431 castra,
2707 3367 2936 3422 Molinas
2952 3374 3006 3421 et
3029 3368 3238 3422 Bonum
3271 3368 3554 3435 Molinum,

1943 3471 2052 3527 que
2067 3463 2224 3511 erant
2240 3456 2485 3511 dominia
2537 3456 2694 3510 ducis
2724 3456 3076 3511 Normannic.
3123 3457 3228 3511 Sed
3253 3465 3377 3528 post
3408 3473 3557 3512 mor-

1947 3556 2056 3602 tem
2088 3548 2233 3622 regis
2282 3547 2498 3601 Henrici
2530 3547 2798 3601 Hotrocus
2837 3546 2904 3580 δίο
2933 3562 3139 3613 comes,
3176 3555 3332 3617 pater
3395 3549 3559 3617 hujus

1953 3623 2199 3704 BotrOci,
2227 3644 2594 3710 occupaverat
2621 3652 2704 3691 ea.
2744 3637 2852 3692 Rex
2885 3645 3072 3692 autem
3119 3637 3386 3694 Henricus
3423 3655 3558 3695 con-

1583 3738 1804 3793 VARUE
1831 3738 2208 3795 LECTIONES.

227 3853 343 3893 sem
377 3843 432 3892 et
459 3836 609 3892 mille
640 3837 824 3904 libras,
856 3845 911 3894 et
939 3836 1131 3894 fiscum
1161 3837 1272 3895 300
1298 3838 1530 3893 militum
1556 3856 1572 3902 ;
1603 3839 1660 3893 in
1691 3840 2024 3895 Normannia
2047 3840 2320 3896 civitatem
2360 3840 2815 3898 Abrincatensem
2844 3852 2900 3897 et
2929 3841 3040 3897 duo
3071 3843 3297 3898 castella
3327 3849 3382 3898 et
3412 3843 3562 3899 mille

227 3909 422 3985 libras;
449 3915 503 3985 et
532 3907 722 3985 fiscum
750 3909 881 3985 Δ200
919 3909 1182 3985 militum._
1215 3908 1377 3979 Cujus
1426 3910 1703 3985 pactionis
1747 3909 2480 3985 fidcjussore_s__exstitcrunt
2537 3912 2810 3985 episcopi,
2833 3914 3119 3985 utriusque
3153 3916 3338 3985 partis.
3375 3915 3559 3970 Mense

233 3979 548 4057 Septembri
602 3979 864 4057 Henricus
916 3997 1009 4036 rex
1050 3979 1346 4057 Angl_orum
1389 3979 1936 4057 perrexit_Pa_risius,
1981 3990 2040 4037 ut
2067 3981 2232 4036 filiam
2264 3984 2428 4057 regis,
2455 3979 2615 4055 quam
2667 3979 2900 4057 suoﬁlio
2930 3979 3239 4057 acceperat,
3263 3986 3564 4042 adduceret

235 4052 290 4105 in
314 4051 732 4124 Noﬁrmanniam.
769 4052 866 4124 Cui
899 4067 1021 4106 cum
1055 4051 1146 4106 rex
1171 4051 1499 4124 Francorum
1545 4052 1855 4124 Ludovicus
1883 4070 2008 4107 cum
2058 4070 2258 4124 magno
2291 4051 2501 4109 honore
2534 4061 2587 4109 et
2617 4056 2877 4120 comitatu
2904 4051 3117 4110 veniret
3147 4057 3202 4110 in
3229 4051 3476 4124 Obviam,
3507 4059 3564 4112 in

238 4122 690 4197 aulaParisiensi
718 4123 892 4197 regia,
903 4131 976 4197 ut
1005 4131 1158 4197 tanto
1192 4123 1879 4197 regiOportuitapparata,
1910 4122 2267 4197 eum‘magno
2312 4126 2562 4181 omnium
2595 4126 2838 4196 tripudio
2865 4143 2988 4182 cum
3021 4129 3282 4197 suscepit.
3317 4122 3564 4193 Quicum

241 4193 332 4248 die
358 4193 450 4246 illa
481 4208 604 4248 sero
628 4193 937 4247 admirabili
967 4193 1225 4248 omnibus
1250 4193 1546 4248 dilectione
1577 4193 1978 4250 et’dilcctionis
2012 4193 2379 4251 alternatione
2410 4197 2573 4252 simul
2605 4193 2996 4262 comedissent,
3023 4215 3114 4252 rex
3145 4193 3474 4254 Francorum
3509 4200 3566 4254 in

241 4263 483 4341 crastino
525 4280 649 4341 eum
672 4280 794 4341 cum
829 4264 937 4318 filia
969 4281 1068 4341 sua
1087 4280 1259 4336 usque
1282 4264 1587 4341 Medantam
1619 4265 1902 4341 conduxit,
1937 4266 1996 4341 in
2017 4267 2255 4341 adventu
2311 4267 2457 4339 regis
2483 4269 2790 4341 Anglorum
2831 4278 2885 4322 et
2915 4284 3133 4323 recessu
3167 4270 3427 4341 omnibus
3459 4285 3565 4323 ne-

241 4335 499 4422 cessariis
528 4335 596 4387 ab
622 4336 817 4416 eodem
855 4352 992 4422 (rege
1020 4335 1351 4422 Francorum
1382 4335 1924 4422 largiterAattrlibutis.
1963 4337 2162 4422 Eodem
2197 4335 2402 4392 mench
2431 4335 2595 4393 natus
2613 4347 2695 4394 est
2716 4339 2864 4393 filius
2885 4345 3110 4422 quartus
3137 4340 3567 4422 regioAngloru‘m

245 4405 556 4484 inﬁnglia,
599 4407 825 4484 nomine
853 4405 1162 4484 Gaufridus.
1190 4407 1452 4484 Henricus
1470 4405 1576 4460 rex
1607 4407 1900 4484 Anglorum
1925 4408 2146 4484 eodem
2189 4424 2377 4484 mense
2437 4425 2561 4484 cum
2588 4425 2789 4484 magno
2830 4405 3062 4484 militum
3085 4405 3326 4464 exchitu
3352 4405 3569 4484 invadit

244 4476 499 4562 Britones
530 4493 543 4538 ;
578 4479 936 4562 quiadventu
961 4478 1081 4558 ejus
1109 4493 1216 4532 non
1255 4476 1726 4562 modice‘attoniti',
1763 4478 2056 4559 reddentcs
2085 4479 2150 4562 ‘ei
2181 4479 2454 4559 civitatem
2522 4476 2952 4562 Manualensium
2986 4495 3176 4562 eorum
3211 4482 3566 4562 praecipuam,

244 4547 404 4623 cujus
436 4546 610 4601 frater
632 4549 1294 4623 ejusdem__regis_comes
1325 4547 1620 4623 exstiterat,
1676 4550 2029 4623 onines__cjus
2067 4549 2324 4623 dominio
2357 4568 2417 4605 se
2462 4551 2843 4604 subdiderunt.
2884 4551 3106 4623 Incepto
3134 4546 3319 4623 igitur
3345 4546 3568 4608 castello

248 4618 611 4694 Ursipontc._a
645 4619 844 4674 Sancto
876 4618 1137 4694 Micli'aele
1165 4619 1382 4694 duobus
1403 4619 1653 4694 distante
1685 4620 2010 4694 miliaribus,
2041 4637 2133 4674 rex
2170 4621 2433 4694 Henricus
2455 4637 2800 4694 cummagno
2817 4618 3314 4694 exercituobsedit
3342 4625 3569 4690 Thoars,

246 4690 533 4744 castellum
568 4691 772 4760 inexpu
817 4691 1002 4745 nabile
1033 4691 1087 4744 in
1119 4688 1359 4744 confinio
1400 4690 1742 4745 Pictavorum
1774 4697 1828 4745 et
1858 4691 2293 4762 Andegavorum.
2326 4691 2420 4745 Cui
2452 4691 2508 4745 in
2540 4688 2722 4746 triduo
2743 4699 2902 4761 capto
2919 4692 3146 4747 castello
3171 4710 3342 4764 usque
3357 4696 3422 4748 ad
3457 4688 3575 4750 tur?

247 4759 377 4814 rim.
410 4767 465 4813 ct
494 4760 654 4814 turris
710 4708 920 4814 regdita
965 4770 1068 4814 est.
1104 4761 1300 4814 comite
1359 4761 1606 4814 eiusdem
1641 4763 1888 4814 exnulso.
1922 4763 2105 4814 Mense
2135 4763 2448 4814 Novembri.
2499 4779 2621 4814 eum
2681 4780 2769 4814 rex
2840 4763 3165 4814 Francorum
3203 4765 3270 4814 ad
3294 4767 3573 4814 orationes

247 4759 377 4824 rim,
410 4767 465 4813 ct
494 4760 654 4814 turris
704 4759 765 4815 re

811 4763 920 4817 dita
965 4770 1068 4824 est,
1104 4761 1300 4816 comite
1359 4761 1606 4828 ejusdem
1641 4763 1888 4832 expulso.
1922 4761 2105 4817 Mense
2135 4763 2448 4828 Novembri,
2499 4779 2621 4816 cum
2681 4780 2769 4816 rex
2840 4763 3165 4818 Francorum
3203 4761 3271 4820 ad
3294 4767 3573 4821 orationes

248 4831 426 4884 sancti
460 4830 818 4907 Michaelisde
852 4833 1109 4907 periculo_
1121 4832 1299 4907 maris
1331 4830 1794 4907 proficisceretur,
1829 4850 1919 4887 rex
1952 4834 2246 4907 Anglorum
2285 4833 2514 4907 obvians
2569 4834 2640 4899 ei,
2672 4849 2794 4887 cum
2837 4833 3071 4907 maximo
3100 4835 3333 4907 honore
3369 4838 3575 4907 recepit

247 4903 555 4975 eum_a_pud
589 4903 867 4975 Paccium,
897 4904 1044 4974 apud
1078 4903 1333 4957 Ebroicas
1363 4909 1427 4975 et_
1455 4903 1660 4958 Novum
1699 4905 1954 4975 Burgum,
1999 4903 2056 4958 ut
2113 4905 2325 4958 videret
2375 4903 2549 4958 filiam
2579 4921 2754 4971 suam,
2815 4920 2936 4975 quae
2968 4903 3043 4957 ibi
3065 4905 3333 4962 alebatur.
3369 4903 3574 4962 Deinde

245 4972 398 5042 apud
431 4973 656 5048 Beceum
679 4974 911 5048 solemni
934 4972 1298 5048 processione
1325 4973 1487 5029 ambo
1521 4991 1678 5048 [eges
1709 4972 1950 5048 suscepti
1983 4985 2138 5048 sunt,
2166 4975 2220 5048 in
2246 4992 2353 5045 qua
2381 4975 2735 5048 fuerunttres
2750 4972 2997 5046 cpi—scapi
3018 4987 3070 5031 et
3102 4979 3221 5032 aliae
3253 4979 3575 5048 pluresper-

248 5058 404 5096 sonte
437 5062 453 5106 ;
487 5044 690 5116 ibique
723 5045 811 5098 illa
844 5044 1000 5101 nocte
1021 5045 1372 5116 quieverunt,
1404 5061 1494 5100 rex
1528 5044 1769 5100 Fr'ancize
1799 5046 1852 5098 iu
1883 5044 2005 5100 aula
2035 5044 2332 5114 majoripct
2365 5064 2455 5099 rex
2488 5047 2693 5114 Anglia:
2723 5044 2911 5101 inalia.
2945 5044 3050 5101 Hoc
3081 5049 3227 5102 enim
3257 5044 3582 5102 decreverat

253 5129 346 5166 rex
363 5114 586 5183 Angliw,
625 5124 680 5169 ut
707 5132 926 5186 semper
951 5114 1052 5171 rex
1071 5117 1396 5169 Francorum
1425 5117 1729 5171 decentiori
1765 5118 2001 5186 hospitio
2035 5117 2364 5186 quiesceret.
2409 5119 2519 5171 Hoc
2575 5119 2628 5171 in
2678 5117 2797 5171 loco
2830 5118 3061 5172 dixitrex
3096 5119 3444 5182 Francorum,
3479 5135 3576 5171 ne-

254 5186 460 5238 minem
494 5201 552 5238 sc
589 5201 753 5309 posse
789 5195 994 5242 tantum
1030 5187 1282 5258 diligere,
1314 5195 1578 5256 quantum
1614 5204 1798 5258 regem
1820 5189 2134 5260 Anglorum.
2164 5188 2571 5242 Mirabiledictu
2598 5189 2761 5251 lQuis
2780 5206 3018 5258 unquam
3043 5190 3269 5253 audivit,
3291 5205 3448 5261 reges
3478 5189 3580 5242 An-

254 5255 468 5309 glorum
503 5264 558 5309 et
628 5274 914 5309 raucorum
941 5265 1088 5309 tanta
1110 5257 1410 5309 dilectione
1438 5259 1683 5309 conulari
1717 5259 1745 5301 ν
1777 5259 1902 5309 Inde
1918 5275 2039 5309 eum
2083 5259 2458 5309 discederent.
2492 5276 2585 5309 rex
2629 5259 2922 5309 Anglorum
2957 5261 3082 5309 fecit
3113 5261 3430 5309 societatem
3463 5260 3578 5309 regi

291 5255 468 5310 lorum
503 5264 558 5310 et

628 5274 914 5335 raucorum
941 5265 1088 5313 tanta
1110 5254 2458 5335 dilectiohc_c0pulari'?_lndc'cum__discedercnt,
2492 5276 2585 5313 rex
2629 5254 2922 5335 Anglorum
2957 5261 3082 5315 fecit
3113 5254 3579 5335 societate'mregi

295 5343 586 5403 raucorum
608 5345 724 5403 per
750 5329 1000 5403 civitates
1022 5345 1148 5383 suas
1177 5329 1482 5403 etdeaslclla
1512 5345 1688 5399 usque
1731 5330 1983 5403 Sanctum
2045 5328 2386 5396 Michaelem,
2417 5337 2472 5403 et
2529 5345 2628 5401 per
2669 5328 3025 5403 Rotomagum
3060 5328 3577 5403 usqueFranciarﬁ,

252 5398 619 5481 inveniensc‘i
653 5399 707 5452 in
737 5401 886 5453 omni
945 5400 1140 5454 itinere
1191 5400 1490 5481 afﬂuenter
1541 5398 1871 5454 necessaria.
1906 5403 2354 5481 eodemmense,
2413 5398 2642 5481 obtentu
2678 5403 2826 5481 regis
2857 5398 3204 5481 Francorum,
3233 5401 3331 5456 filii
3362 5401 3580 5481 comitis

253 5468 560 5543 'ljheobaldi
595 5470 842 5543 fecerunt
874 5487 1061 5543 pacem
1089 5472 1204 5543 regi
1234 5471 1534 5543 Anglorum,
1563 5488 1576 5535 ;
1611 5477 1922 5543 namgautea
1978 5470 2187 5543 inimici
2234 5471 2451 5528 fuerant
2499 5473 2566 5527 ad
2597 5468 2856 5528 invic"em.
2893 5473 2960 5507 ⁶⁰⁸
2991 5473 3231 5527 comedit
3259 5503 3327 5513 —
3363 5472 3580 5528 abbatis

252 5539 446 5594 desunt
475 5540 569 5594 8b.
603 5540 693 5593 8h.
727 5541 794 5576 60°
823 5539 958 5596 Bch.
993 5573 1057 5581 —
1085 5539 1242 5596 cem.
1270 5539 1462 5598 desunt
1487 5541 1578 5596 8b.
1611 5541 1702 5609 8h,
1738 5541 1806 5576 ⁶¹⁰
1833 5549 2050 5599 rotocus
2077 5542 2136 5596 E.
