3916 6064
198 252 314 309 489

350 391 714 436 κοιίλκοιωὶι.
863 393 1209 435 FRANCORUM.
1376 397 1680 438 ANGLORUM.

197 487 304 528 cus
327 485 424 525 rex
439 469 760 542 Anglorum,
791 472 846 522 et
865 467 1209 524 Raimundus
1231 484 1420 525 comes
1445 471 1823 527 Barcinonen-

196 559 283 615 sis
307 558 456 631 apud
485 563 723 614 castrum
773 555 1014 612 Blaviam
1070 557 1212 627 (630;
1253 559 1518 614 amiciciae
1549 558 1708 615 tedus
1732 561 1823 616 da-

195 651 274 706 tis
301 649 668 707 sacramentis
699 649 804 704 hoc
856 653 1017 719 pacto
1074 649 1338 716 inierunt,
1381 652 1528 722 quod
1559 651 1826 707 Ricardus

203 743 356 799 ﬁlius
379 743 530 815 regis
544 740 716 797 ﬁliam
743 740 961 797 comitis
985 747 1233 813 tempore
1259 750 1535 814 oportuno
1560 751 1705 799 esset
1724 745 1828 798 du-

204 845 420 906 cturus,
449 843 504 893 et
531 825 904 892 rex'ducatum
927 835 1218 907 Aquitanie
1247 836 1357 892 illis
1388 839 1594 894 exactis
1616 839 1826 910 nuptiis

203 941 593 983 concessurus.
629 923 916 996 Siquidem
951 924 1040 978 hic
1070 923 1410 980 Raimundus
1449 934 1532 981 est
1571 927 1717 998 (631)
1748 929 1830 982 vir

209 1028 512 1096 prepotens
541 1029 596 1076 et
625 1021 804 1086 dives,
848 1028 1039 1090 utpote
1067 1021 1160 1092 qui
1210 1037 1438 1094 regnum
1488 1023 1827 1097 Arragonum

210 1115 416 1170 habeat
444 1131 509 1170 ex
541 1113 1118 1187 hereditateconjugis
1141 1130 1274 1179 suae,
1309 1130 1372 1169 ex
1404 1123 1632 1186 paterna
1647 1123 1828 1170 autem

213 1209 521 1265 hereditate
553 1207 873 1265 comitatum
912 1207 1147 1264 civitatis
1187 1209 1512 1266 Barcinonc.
1571 1209 1636 1265 Ut
1684 1211 1830 1266 enim

209 1297 615 1370 aliquantulum
669 1297 734 1352 ad
797 1304 1070 1354 transacta
1121 1297 1418 1354 redeamus
1455 1317 1468 1354 :
1500 1300 1690 1356 Santio
1738 1315 1833 1355 rex

209 1393 552 1464 Arragonum
585 1389 777 1462 genuit
801 1397 914 1445 tres
952 1387 1119 1457 ﬁlios,
1148 1391 1244 1462 qui
1276 1390 1379 1446 sibi
1419 1391 1664 1447 vicissim
1697 1408 1832 1449 suc-

210 1486 523 1546 cesserunt,
553 1478 896 1545 Santionem,
954 1477 1286 1546 Anfortium,
1321 1479 1653 1536 Remelium.
1684 1481 1836 1538 Duo-

214 1573 321 1628 bus
349 1587 480 1630 vero
511 1572 895 1648 primogenitis
923 1573 1028 1628 sibi
1060 1573 1300 1630 invicem
1331 1575 1760 1632 succedentibus
1780 1584 1836 1634 et

215 1664 429 1736 absque
454 1663 584 1719 ﬁliis
613 1663 1038 1734 decedentibus,
1099 1681 1168 1720 ne
1221 1683 1454 1740 regnum
1487 1666 1620 1722 illud
1641 1665 1710 1723 ab
1741 1683 1835 1724 ex-

1069 251 1418 308 CHRONICA.
1462 284 1523 294 —
1565 253 1948 310 AUCTARIL'M
1992 253 2273 310 ROBERTI
2313 252 2396 309 DE
2437 251 2681 310 MONTE.

3442 255 3548 311 490

1850 385 1907 453 Α
1928 383 2116 440 vensis
2149 391 2204 438 et
2241 383 2351 438 dux
2407 383 2829 453 Aquitanorum,
2869 385 3088 438 mortuo
3107 387 3266 455 patre
3292 383 3549 456 predicte

1929 472 2133 543 puelle,
2177 489 2300 528 cum
2335 472 2644 528 hereditate
2675 469 2920 543 propria,
2951 470 3162 528 scilicet
3187 471 3326 528 urbe
3353 472 3551 531 Tolosa

1924 572 1978 618 et
2003 565 2270 620 comitatu
2297 564 2592 630 Tolosano,
2623 563 2776 618 duxit
2828 579 3057 620 uxorem
3089 580 3104 632 ;
3136 579 3203 620 ex
3231 581 3342 638 qua
3357 563 3552 639 genuit

1926 652 2074 707 idem
2097 653 2428 708 Guillermus
2459 651 2632 708 ﬁlium
2684 652 3044 708 Guillermum
3091 653 3337 722 nomine,
3371 655 3468 726 qui
3497 654 3550 711 ei

1925 748 2214 814 successit,
2246 749 2339 820 qui
2372 751 2525 820 pater
2549 747 2652 803 fuit
2679 747 3111 822 Alienorregine
3140 747 3466 824 Anglorum.
3493 744 3554 802 Si

1927 840 2053 911 quis
2073 847 2251 896 autem
2303 842 2551 914 requirit,
2613 841 2893 913 quomodo
2937 847 3129 914 postea
3162 857 3348 898 comes
3371 829 3555 900 Sancti

1929 931 2103 1002 Egidii
2138 931 2327 986 habuit
2359 932 2633 986 civitatem
2651 931 2926 1001 Tolosam,
2957 933 3194 1001 noverit,
3235 933 3384 1005 quod
3413 951 3546 1006 pre-

1931 1021 2110 1076 dictus
2154 1023 2468 1078 Willermus
2499 1040 2684 1078 comes
2715 1023 3054 1078 Pictavensis
3093 1023 3394 1080 invadiavit
3415 1042 3550 1081 ean-

1927 1111 2054 1164 dem
2084 1110 2361 1166 civitatem
2401 1111 2709 1167 Raimundo
2755 1111 2942 1168 comiti
2982 1113 3167 1168 Sancti
3217 1112 3415 1185 Egidii,
3446 1131 3550 1186 pa—

1931 1211 2052 1260 truo
2111 1203 2296 1260 uxoris
2352 1215 2472 1269 sue,
2537 1207 2764 1272 prOpter
2809 1203 3123 1271 pecuniam,
3183 1219 3346 1274 quam
3401 1203 3548 1259 idem

1931 1303 2263 1358 Guillermus
2330 1298 2386 1352 in
2442 1295 2800 1368 expeditione
2857 1295 3306 1352 lerosolimitana
3337 1313 3548 1369 expen-

1931 1392 2014 1447 dit
2039 1390 2222 1461 (633);
2263 1387 2414 1443 unde
2459 1386 2604 1441 idem
2641 1385 2980 1440 Raimundus
3010 1385 3067 1438 in
3130 1385 3272 1441 libro
3303 1385 3551 1456 ejusdem

1933 1479 2308 1554 expeditionis
2334 1493 2482 1534 nunc
2517 1492 2704 1532 comes
2730 1475 2914 1531 Sancti
2954 1475 3157 1548 Egidii,
3189 1492 3338 1532 nunc
3367 1492 3554 1534 comes

1933 1569 2236 1626 Tolosanus
2265 1574 2512 1625 vocatur.
2548 1566 2665 1630 Quo
2719 1571 2948 1621 'mortuo
2991 1566 3185 1622 habuit
3205 1567 3438 1624 eandem
3469 1583 3556 1622 ur-

1937 1663 2064 1718 bem
2095 1661 2381 1718 Anforsius
2411 1659 2558 1715 ﬁlius
2587 1659 2730 1730 ejus,
2764 1658 2859 1730 qui
2892 1658 3039 1730 apud
3063 1658 3368 1716 Jerusalem
3403 1675 3555 1716 mor-

214 1756 428 1812 traneis
487 1763 874 1828 occuparetur,
921 1757 1226 1814 Remelium
1282 1759 1614 1815 monachum
1668 1759 1833 1819 etiam
1861 1729 1913 1797 Β
1940 1755 2064 1805 tuus
2117 1756 2199 1804 est
2229 1749 2426 1805 eodem
2480 1757 2752 1820 tempore,
2782 1763 2891 1820 quo
2924 1748 3233 1806 Ludovicus
3261 1766 3353 1805 rex
3385 1750 3558 1806 Fran-

209 1845 327 1914 jam
365 1859 579 1913 senem,
611 1844 836 1902 licentia
864 1845 1093 1902 Romani
1133 1845 1410 1918 pontiﬁcis
1439 1862 1470 1902 a
1498 1847 1833 1906 monasterio

216 1933 551 1990 abstractum
583 1949 768 2008 regem
791 1933 1074 2003 fecerunt;
1105 1942 1162 1991 et
1193 1943 1251 1990 ut
1283 1935 1544 1992 heredem
1578 1935 1831 2002 haberet,

217 2023 535 2080 Mathildem
576 2031 806 2080 matrem
837 2025 1104 2081 Willermi
1153 2025 1495 2082 vicecomitis
1523 2025 1712 2080 Toarci
1754 2025 1831 2079 illi

220 2117 652 2185 associaverunt,
710 2133 778 2174 ex
833 2135 941 2190 qua
983 2119 1179 2194 genuit
1229 2135 1394 2174 unam
1450 2117 1639 2187 ﬁliam,
1667 2133 1832 2190 quam

218 2205 566 2262 Raimundus
596 2206 880 2278 predictus
911 2223 1100 2264 comes
1147 2208 1303 2263 duxit
1335 2209 1434 2276 ;de
1462 2225 1569 2281 qua
1601 2215 1726 2264 nata
1753 2219 1838 2264 est

218 2295 326 2350 ista
355 2295 560 2367 puella,
590 2311 752 2368 quam
785 2295 899 2352 ﬁlio
930 2297 1077 2371 regis
1099 2296 1342 2352 diximus
1371 2297 1761 2368 c0pulandam,
1783 2304 1838 2352 et

218 2386 368 2444 ﬁlius
397 2389 518 2458 ejus
545 2388 946 2463 primogenitus
969 2391 1310 2466 Arragonum
1342 2407 1437 2445 rex
1467 2389 1706 2446 futurus.
1748 2389 1837 2444 Si-

219 2478 446 2551 quidem
477 2477 597 2549 ipse
621 2494 828 2547 comes,
869 2479 1120 2552 quamvis
1151 2479 1376 2534 haberet
1411 2495 1643 2552 regnum
1676 2479 1836 2534 Arra-

219 2583 450 2641 gonum,
491 2575 545 2622 et
574 2575 765 2640 posset
795 2583 887 2623 rex
917 2567 1035 2622 ﬁeri
1064 2568 1110 2622 si
1135 2568 1324 2634 vellet,
1354 2567 1580 2622 omnino
1611 2583 1833 2622 recusa-

216 2659 317 2727 vit,
340 2676 572 2734 regnum
597 2675 883 2716 reservans
903 2657 1018 2715 ﬁlio
1051 2675 1174 2728 suo,
1195 2660 1342 2732 quod
1375 2659 1661 2715 accidebat
1690 2659 1742 2714 ei
1767 2675 1832 2713 ex

221 2756 478 2804 materna
512 2750 862 2827 genealogia.
897 2749 1008 2805 Hoc
1023 2749 1190 2804 etiam
1207 2765 1376 2815 anno,
1399 2749 1539 2804 sicut
1567 2756 1626 2804 et
1651 2764 1836 2820 prece-

217 2839 395 2908 denti,
428 2841 753 2896 Fredericus
778 2841 1075 2911 imperator
1093 2842 1478 2898 Alemanorum
1510 2842 1702 2898 urbem
1731 2841 1836 2897 Me-

219 2931 601 2987 diolanensem
618 2930 860 2998 obsidet,
876 2930 1002 3002 quia
1017 2931 1693 2988 rebellaverantadversus
1709 2947 1833 2987 eum

220 3025 369 3081 idem
382 3024 824 3080 Mediolanenses
859 3025 1026 3096 Papie
1057 3025 1403 3082 etPlacentie
1423 3026 1832 3094 turresdejecit,

221 3125 277 3172 et
316 3115 433 3172 fere
457 3131 677 3172 omnem
693 3087 1442 3190 Lungobardiamadlibitum
1456 3087 1830 3188 sibisubjecit.
1864 3087 1914 3156 θ

292 3207 568 3266 Mediante
613 3215 796 3265 autem
849 3209 1268 3282 quadragesima
1308 3227 1400 3266 rex
1432 3210 1564 3266 fecit
1589 3226 1836 3267 summo-

224 3301 338 3357 veri
369 3300 670 3358 exercitum
700 3301 870 3356 totius
901 3301 1256 3366 Normannie,
1291 3301 1834 3378 Anglie,Aquitanie,

223 3402 278 3450 et
307 3400 616 3449 ceterarum
672 3393 1104 3464 provinciarum,
1147 3409 1256 3466 que
1287 3393 1394 3448 sibi
1425 3394 1647 3450 subdite
1686 3401 1836 3462 sunt,

221 3483 352 3556 quia
379 3481 725 3538 Raimundus
759 3497 948 3538 comes
995 3481 1180 3537 Sancti
1211 3483 1384 3558 Egidii
1428 3482 1600 3538 nollet
1627 3483 1678 3537 ei
1713 3481 1838 3538 red-

222 3569 355 3627 dere
387 3568 661 3625 civitatem
691 3569 909 3638 Tolose,
943 3587 1107 3643 quam
1131 3587 1224 3626 rex
1256 3571 1574 3642 requirebat
1593 3569 1839 3626 sicuthe—

219 3657 510 3713 reditatem
541 3657 731 3712 uxoris
760 3674 860 3714 sue
899 3657 1122 3715 Alienor
1150 3658 1368 3732 regine.
1401 3657 1684 3730 Siquidem
1719 3659 1836 3716 Ro-

215 3749 414 3806 bertus
462 3765 650 3806 comes
703 3749 1002 3816 Moritonii,
1067 3751 1316 3807 uterinus
1365 3750 1532 3806 frater
1568 3751 1837 3806 Willermi

219 3840 393 3912 regis,
431 3840 526 3912 qui
555 3856 787 3913 regnum
847 3839 1041 3914 Anglic
1070 3840 1405 3912 subjugavit,
1439 3840 1636 3896 habuit
1665 3857 1838 3897 unum

224 3927 400 3984 ﬁlium
425 3928 806 3996 Guillermum,
861 3928 957 4000 qui
1009 3929 1060 3985 ei
1081 3929 1368 3996 successit,
1409 3937 1463 3985 et
1483 3931 1629 4002 apud
1660 3931 1840 3988 Tene-

227 4019 453 4076 chebrai
480 4035 513 4076 a
540 4035 672 4095 rege
697 4020 994 4094 Anglorum
1012 4020 1190 4092 primo
1221 4021 1456 4078 Henrico
1489 4022 1546 4076 in
1577 4021 1726 4079 bello
1750 4040 1843 4079 ca-

231 4112 356 4176 ptus
374 4115 460 4164 est
493 4126 509 4175 ;
541 4115 601 4164 et
623 4116 732 4164 tres
761 4107 924 4176 ﬁlias,
952 4125 1182 4182 quarum
1206 4127 1370 4166 unam
1405 4111 1552 4168 duxit
1593 4111 1840 4171 Andreas

229 4199 300 4254 de
327 4200 558 4268 Vitreio,
606 4200 768 4256 aliam
818 4201 993 4258 Guido
1043 4203 1113 4258 de
1153 4203 1334 4272 Laval,
1398 4205 1621 4262 terciam
1654 4223 1841 4264 comes

227 4289 534 4346 Tolosanus
581 4289 745 4359 (632).
804 4291 970 4347 frater
1026 4291 1318 4348 Raimundi
1380 4293 1598 4350 comitis
1662 4297 1843 4353 Sancti

233 4378 431 4455 Egidii,
462 4379 559 4452 qui
602 4379 660 4434 in
685 4379 1038 4450 expeditione
1065 4381 1494 4437 lerosolimitana
1520 4383 1754 4440 viriliter
1781 4401 1842 4440 se

231 4467 443 4525 habuit.
475 4469 676 4523 Genuit
701 4475 884 4524 autem
938 4484 1004 4523 ex
1033 4483 1100 4524 ea
1130 4484 1324 4525 comes
1345 4471 1650 4527 Tolosanus
1677 4490 1842 4530 unam
1863 4443 1919 4513 D

231 4557 580 4614 solummodo
635 4556 826 4624 ﬁliam,
875 4573 1041 4628 quam
1089 4557 1417 4616 Guillermus
1457 4576 1644 4617 comes
1668 4562 1845 4618 Picta-

1936 1859 2122 1900 corum
2151 1842 2327 1918 gratia
2389 1843 2658 1898 orationis
2711 1842 2842 1898 illuc
2891 1851 3228 1914 perrexerat.
3297 1843 3560 1900 Similiter

1937 1935 2102 1990 etiam
2135 1931 2476 1988 Raimundus
2528 1931 2674 1987 ﬁlius
2721 1933 2864 2001 ejus,
2917 1932 3010 2004 qui
3056 1933 3106 1988 ei
3139 1933 3429 2001 successit,
3457 1935 3553 2006 qui

1937 2025 2125 2081 habuit
2153 2025 2208 2080 in
2231 2024 2491 2100 conjugio
2547 2023 2944 2091 Constantiam,
2998 2039 3245 2080 sororem
3295 2025 3555 2081 Ludovici

1939 2111 2174 2184 predicti
2203 2112 2350 2187 regis
2379 2110 3002 2168 Francorum.relictam
3033 2111 3246 2167 scilicet
3276 2111 3556 2168 Eustachii

1937 2205 2180 2274 comitis,
2216 2203 2315 2260 ﬁlii
2347 2205 2614 2277 Stephani
2667 2203 2815 2280 regis
2863 2203 3186 2279 Anglorum.
3248 2204 3359 2260 Rex
3384 2204 3558 2280 igitur

1939 2297 2204 2353 Henricus
2237 2297 2415 2352 iturus
2440 2296 2496 2350 in
2529 2295 2942 2367 expeditionem
2986 2295 3313 2368 predictam,
3337 2303 3394 2352 et
3417 2311 3554 2352 con-

1937 2389 2188 2444 siderans
2217 2387 2621 2464 longitudinem
2673 2393 2728 2442 et
2777 2385 3158 2442 difficultatem
3211 2385 3322 2455 vie,
3354 2386 3554 2443 nolens

1936 2494 2132 2532 vexare
2153 2477 2418 2550 agriarios
2441 2477 2670 2544 milites,
2694 2476 3168 2549 necburgensium
3194 2491 3299 2532 nec
3325 2476 3557 2533 rustico-

1938 2567 2518 2634 rummultitudinem,
2558 2565 2795 2636 sumptis
2820 2565 2890 2620 60
2914 2565 3108 2621 solidis
3135 2566 3555 2640 Andegavensi-

1936 2659 2042 2715 bus
2063 2661 2117 2714 in
2137 2659 2469 2716 Normannia
2499 2659 2570 2713 de
2599 2657 2765 2713 feudo
2791 2657 3232 2730 uniuscujusque
3279 2655 3471 2720 lorice,
3501 2663 3559 2715 et

1936 2749 2005 2804 de
2035 2749 2262 2822 reliquis
2290 2749 2548 2804 omnibus
2579 2753 2685 2802 tam
2707 2747 2777 2811 jn
2799 2745 3136 2802 Normannia
3165 2762 3330 2818 quam
3362 2745 3418 2800 in
3446 2746 3557 2802 An-

1935 2842 2046 2916 glia
2074 2842 2188 2896 sive
2227 2841 2394 2896 etiam
2421 2841 2543 2896 aliis
2569 2839 2730 2895 terris
2769 2839 2905 2904 suis,
2947 2839 3253 2894 secundum
3275 2839 3380 2896 hoc
3405 2840 3555 2912 quod

1937 2931 1986 2986 ei
2017 2931 2194 2987 visum
2229 2929 2350 2994 fuit,
2376 2929 2640 3001 capitales
2664 2928 2906 2984 barones
2933 2943 3064 2983 suos
3097 2943 3222 2982 cum
3253 2925 3447 2998 paucis
3465 2941 3557 2982 se-

1935 3037 2060 3075 cum
2089 3019 2262 3086 duxit,
2328 3019 2619 3074 solidarios
2671 3032 2803 3073 vero
2861 3016 3067 3072 milites
3095 3015 3440 3072 innumeros.
3475 3014 3554 3070 Ad

1938 3111 2086 3166 illam
2123 3125 2252 3166 vero
2287 3108 2695 3180 expeditionem
2727 3123 2850 3162 cum
2916 3105 3146 3178 reliquis
3171 3104 3559 3184 transmarinis

1936 3203 2087 3258 venit
2117 3202 2390 3258 Macomus
2419 3217 2512 3255 rex
2535 3199 2737 3264 Scotie,
2772 3207 2828 3254 et
2857 3215 2887 3253 a
2915 3214 3045 3270 rege
3078 3197 3310 3254 Henrico
3335 3197 3558 3274 cingulo

1936 3289 2131 3346 militie
2161 3290 2365 3344 ibidem
2389 3288 2671 3344 accinctus
2693 3295 2799 3343 est.
2833 3288 3056 3343 Duravit
3082 3293 3263 3342 autem
3277 3285 3560 3359 expeditio

1938 3381 2030 3436 illa
2055 3380 2168 3434 fere
2197 3395 2298 3450 per
2324 3385 2434 3432 tres
2462 3393 2710 3432 menses.
2770 3375 2832 3430 Et
2871 3375 3126 3447 quamvis
3164 3391 3258 3430 rex
3291 3374 3561 3430 Henricus

1939 3471 2181 3544 cepisset
2202 3469 2396 3524 urbem
2427 3467 2676 3534 Cadurci,
2703 3475 2758 3522 et
2776 3467 2950 3535 major
2969 3483 3095 3537 pars
3132 3465 3368 3522 ducatus
3395 3465 3561 3522 Tolo-

1939 3563 2057 3620 sani
2080 3561 2184 3616 sibi
2216 3567 2362 3616 esset
2386 3559 2605 3623 subdita
2631 3558 2684 3611 vi
2737 3557 2821 3612 vel
2855 3558 3075 3625 timore,
3119 3557 3314 3614 urbem
3367 3566 3554 3614 tamen

1937 3648 2185 3704 Tolosam
2236 3647 2414 3703 noluit
2459 3645 2738 3710 obsidere,
2795 3644 3053 3701 deferens
3093 3646 3371 3704 Ludovico
3435 3647 3554 3724 regi

1937 3739 2291 3804 Francorum,
2319 3737 2413 3810 qui
2470 3737 2701 3792 eandem
2733 3736 2928 3792 urbem
2968 3747 3160 3794 contra
3190 3753 3377 3813 regem
3409 3737 3558 3795 [len-

1939 3831 2112 3888 ricum
2143 3830 2338 3904 Anglic
2361 3829 2690 3898 muniverat,
2710 3837 2767 3884 et
2792 3828 2881 3885 die
2912 3845 2976 3885 ac
3003 3836 3165 3886 nocte
3191 3831 3388 3888 volens
3419 3831 3562 3888 ferre

1939 3923 2206 3980 auxilium
2228 3922 2538 3978 Raimundo
2592 3921 2806 3978 sororio
2837 3937 2940 3978 suo
2987 3923 3333 3981 custodiebat
3374 3925 3563 3994 ;unde

1941 4035 2136 4096 graves
2166 4017 2474 4074 inimicitiae
2531 4018 2682 4074 inter
2720 4019 2902 4090 ipsum
2953 4024 3009 4074 et
3035 4035 3221 4092 regem
3263 4019 3562 4096 Anglorum

1941 4122 2059 4170 orte
2089 4120 2238 4180 sunt,
2269 4129 2394 4170 cum
2423 4113 2638 4169 videret
2659 4112 2768 4168 sibi
2787 4129 2974 4188 regem
3008 4113 3231 4171 Francia
3257 4117 3566 4184 nocere,dc

1943 4204 2103 4274 cujus
2131 4201 2335 4258 auxilio
2385 4201 2686 4274 plurimum
2742 4202 3078 4259 conﬁdebat.
3119 4201 3351 4258 Remisit
3383 4203 3568 4274 itaque

1946 4315 2042 4354 rex
2072 4297 2340 4352 Henricus
2389 4296 2648 4353 comitem
2699 4295 3061 4360 Teobaldum,
3101 4295 3195 4367 qui
3237 4295 3290 4351 ei
3321 4295 3564 4352 favebat.

1942 4394 2002 4440 ut
2040 4383 2370 4456 inquietaret
2395 4399 2624 4456 regnum
2657 4383 3029 4440 Francie.Sed
3065 4381 3331 4438 Henricus
3347 4383 3570 4455 episco-

1947 4493 2049 4549 pus
2077 4475 2448 4538 Belvaccnsis,
2479 4481 2537 4530 et
2566 4489 2754 4529 comes
2785 4474 3058 4530 Robertus
3079 4473 3341 4530 dominus
3367 4474 3571 4531 Dorca-

1947 4564 2055 4619 sini
2095 4567 2283 4635 castri,
2315 4566 2512 4624 fratres
2550 4567 2696 4642 regis
2726 4565 3079 4636 Francorum,
3137 4565 3189 4622 ei
3221 4565 3567 4636 restiterunt,

1574 4661 1796 4717 VARUE
1833 4661 2214 4721 LECTIONES.

236 4775 395 4838 mens
432 4757 506 4838 de
526 4757 665 4838 suis,
699 4773 956 4838 curn__suo
987 4759 1230 4838 exercitu
1264 4759 1395 4838 illuc
1433 4776 1610 4838 usque
1644 4763 1984 4835 properavit.
2020 4765 2446 4838 lnlereagmalis
2495 4766 2551 4822 in
2583 4772 2728 4822 terra
2758 4765 3160 4838 multiplicatis,
3193 4765 3342 4838 circa
3370 4765 3566 4824 festum

236 4830 288 4884 S.
320 4829 540 4885 Martini
583 4844 768 4886 comes
801 4829 1149 4912 Ebroicensis
1177 4830 1365 4912 omnia
1385 4829 1607 4888 castella
1642 4829 1912 4916 sua'qucn
1951 4843 2107 4892 erant
2141 4838 2194 4890 in
2246 4836 2492 4903 Francia,
2526 4839 2642 4962 regi
2669 4829 2965 4913 Anglorum
2994 4829 3240 4904 tradidit,
3274 4837 3329 4892 in
3361 4840 3568 4910 quibus

237 4918 327 4956 rex
360 4902 624 4957 custodes
655 4917 787 4957 suos
809 4910 1010 4962 posuit,
1035 4902 1380 4958 sicutSimon
1413 4903 1482 4958 de
1514 4908 1687 4961 Aneto
1720 4905 1866 4961 fecit.
1897 4907 2158 4962 Silvester
2183 4906 2356 4960 abbas
2411 4907 2590 4962 Castel
2616 4908 2759 4962 iouis
2789 4917 2921 4962 tunc
2962 4909 3230 4962 temporis
3255 4909 3508 4962 migravit
3536 4924 3568 4962 a

237 4918 327 4956 rex
360 4902 624 4957 custodes
655 4917 787 4957 suos
809 4901 1010 4973 posuit,
1035 4902 1380 4958 sicutSimon
1413 4903 1482 4958 de
1514 4908 1687 4961 Aneto
1720 4901 1866 4961 fecit.
1897 4907 2158 4962 Silvester
2183 4906 2356 4960 abbas
2411 4901 2590 4962 Ca'stel

2616 4909 2921 4984 i9nis'_tunc
2962 4909 3230 4984 temporis
3255 4909 3508 4984 migravit
3536 4924 3569 4964 a

235 4974 450 5039 seculo,
483 4981 538 5028 et
560 4972 826 5054 successit
855 4972 908 5028 ei
945 4973 1286 5054 Qillebertus
1335 4974 1688 5054 Ebroicensis
1734 4979 2064 5034 monachus.
2099 4979 2348 5034 Adventu
2369 4978 2591 5054 interim
2632 4979 2850 5034 Domini
2882 4972 3568 5054 propinquantejbtentu

237 5059 564 5121 magnorum
593 5045 832 5121 virorum
865 5046 1077 5121 patria,
1109 5045 1282 5121 amba
1302 5061 1462 5120 reges
1481 5047 1734 5121 inducias
1779 5059 2117 5121 acceperunt
2168 5049 2438 5121 usquead
2471 5057 2693 5106 octavas
2723 5045 3089 5121 pentecostes.
3104 5045 3413 5110 'Dominica
3437 5057 3568 5106 ante

238 5115 422 5196 natale
461 5115 1044 5196 Domini,_Frog_erius,
1074 5115 1498 5196 archidiaconus
1523 5115 2022 5196 etelemosynarius
2054 5121 2198 5196 regis
2223 5115 2545 5196 Anglorum,
2578 5115 2865 5196 ordinatus
2895 5130 2980 5179 est
3011 5121 3568 5196 episco_pusSagien-

238 5187 344 5268 sisi
369 5187 672 5268 Hocnanno,
702 5186 1065 5268 inundatione
1087 5187 1552 5268 pluviarum,un
1579 5205 1611 5244 a
1639 5191 1778 5268 festo
1801 5186 1871 5248 ’5.
1903 5186 2419 5268 ΙοδῃηὶξΒθρῑὶξιω
2442 5186 2618 5264 usque
2679 5193 2748 5247 ad
2774 5192 2974 5268 festum
3004 5186 3064 5250 Sf
3090 5186 3570 5268 Michaelisfpene

241 5257 626 5340 assidua'facta
641 5257 1026 5340 est._Sequana
1054 5267 1108 5312 et
1155 5259 1274 5314 alia:
1301 5257 1464 5331 aquae
1497 5261 1682 5318 alveos
1709 5263 1853 5318 ultra
1902 5264 2126 5320 modum
2158 5257 2803 5337 excedentem-magnum
2837 5265 3101 5322 damnum
3126 5263 3280 5340 genti
3316 5257 3567 5320 cireum-

1771 5404 1965 5462 ΝΟΤΑΞ
1988 5446 2002 5462 .

241 5329 434 5400 positae
467 5329 797 5386 intulerunt.

313 5471 454 5542 (330)
498 5471 685 5544 Blaye,
713 5471 786 5544 ad
811 5471 1162 5528 Garumnam.

313 5544 453 5614 (631)
512 5542 624 5598 Hoc
673 5542 942 5616 scripturn
993 5558 1124 5616 esse
1191 5550 1410 5616 oportet
1464 5543 1684 5602 vivente
1737 5545 1865 5604 Rai-

243 5613 474 5672 mundo.
508 5629 674 5676 quem
706 5613 899 5670 noster
923 5613 1064 5670 infra
1103 5629 1153 5671 a.
1209 5613 1351 5672 {162
1380 5623 1657 5674 mortuum
1701 5617 1852 5676 dicit.

321 5686 466 5759 (632)
509 5683 856 5742 Guillelmus.

608 5787 908 5858 ernon.
959 5788 1155 5856 CLX.

2033 5475 2174 5551 (633)
2225 5477 2440 5551 Falsum
2472 5495 2486 5546 ;
2520 5477 2863 5534 Raimundus
2887 5478 3034 5536 enim
3054 5478 3167 5550 jam
3189 5476 3578 5551 quinquennio

1975 5548 2554 5625 interAcrucesignatos
2597 5548 3072 5625 peregrinabatur,
3081 5548 3583 5625 cumﬁuillclmus

1971 5620 2169 5678 a.ttOt
2203 5621 2260 5677 in
2274 5617 2620 5680 Palaestinam
2655 5617 2935 5694 proiectus
2954 5617 3277 5686 est.’BOUQ.

3091 5797 3172 5867 16
