3916 6064
422 227 521 285 491

565 369 921 411 ΚΟΗΛΝΟΗυΜ.
1096 366 1439 409 FBANCORUM.
1586 367 1889 405 ANGLORUM.

423 454 479 502 et
508 446 564 501 in
594 445 843 518 margine
883 445 1115 500 ducatus
1170 444 1500 498 Normannie
1566 443 1785 514 aliquos
1817 443 1997 497 ﬂamm

422 543 475 591 et
507 534 699 605 rapina
728 542 1082 599 vexaverunt,
1118 533 1448 587 Normannis
1479 531 1583 587 sibi
1620 534 1875 587 talionem
1913 531 2039 586 red—

421 624 702 681 dentibus.
757 624 1025 681 Robertus
1079 624 1147 679 de
1198 624 1482 695 Blangeio.
1517 626 1819 679 monachus
1858 624 2034 689 Becci,

422 717 597 775 factus
618 723 700 773 est
720 718 891 773 abbas
919 717 1104 773 Sancti
1131 717 1330 773 Ebrulti
1352 718 1439 772 δίε.

492 809 679 865 Mense
704 810 851 865 Julio
898 808 1171 867 Robertus
1210 808 1279 864 de
1328 808 1478 866 Novo
1511 810 1710 884 Burge,
1743 808 1958 880 dapifer
1988 817 2043 863 et

416 902 641 975 justicia
663 903 833 958 totius
847 901 1203 969 Normannie,
1228 902 1459 957 adversa
1496 903 1812 958 valetudine
1844 909 2037 965 tactus,

384 994 648 1065 -gibbum
680 994 874 1049 cameli
907 993 1182 1064 deposuit,
1205 995 1465 1049 videlicet
1495 994 2042 1049 innumerasdivitias

424 1086 680 1143 ecclesiis
719 1093 773 1141 et
795 1086 1149 1143 monasteriis
1163 1096 1219 1141 et
1236 1085 1571 1157 pauperibus
1601 1084 1854 1141 dividens
1869 1103 1885 1149 ;
1899 1092 1953 1139 et
1974 1084 2041 1139 ad

422 1173 675 1229 ultimum
732 1173 789 1229 in
847 1173 1183 1230 monasterio
1244 1175 1423 1237 Becci,
1466 1173 1611 1245 quod
1659 1190 1755 1244 pre
1786 1172 2045 1228 omnibus

424 1261 712 1338 diligebat,
742 1262 989 1319 habitum
1013 1262 1270 1319 monachi
1288 1278 1533 1322 sumens.
1569 1277 1667 1332 per
1696 1277 1863 1316 unum
1897 1276 2047 1315 men-

424 1370 539 1410 sem
573 1354 650 1408 ibi
674 1353 1034 1427 penitentiam
1076 1352 1410 1409 fructuosam
1438 1351 1554 1426 egit
1581 1370 1594 1417 ;
1619 1358 1674 1405 et
1701 1352 1734 1407 3
1790 1350 2047 1407 Kalendis

429 1442 771 1513 Septembris
814 1442 1099 1497 hominem
1180 1442 1335 1507 exiit,
1387 1440 1635 1512 sepultus
1704 1441 1758 1496 in
1808 1440 2051 1511 capitulo

430 1531 612 1599 Becci,
640 1530 790 1601 quod
822 1530 939 1603 ipse
969 1529 1210 1602 propriis
1235 1529 1549 1601 sumptibus
1576 1527 1805 1585 mirifice
1834 1528 2055 1585 ediﬁce-

432 1633 603 1680 verat.
636 1623 847 1680 Mortuo
877 1622 1181 1679 venerabili
1221 1622 1428 1681 Milone
1476 1622 1742 1697 episcopo
1795 1625 2054 1679 Tamen-

1634 219 1976 274 SlGEBERTl
2068 216 2534 272 EMBLACENSIS.

3652 219 3778 275 492

2059 353 2105 419 Α
2133 348 2542 413 Belvacensem,
2590 351 2644 400 et
2681 346 2952 411 destruxit
3004 346 3431 402 munitissimum
3463 348 3772 404 castellum

2140 436 2486 501 Guerberrei,
2519 443 2748 505 excepta
2793 436 3027 506 quadam
3063 435 3317 491 firmitate
3351 454 3551 509 ;quam
3575 454 3649 492 ne
3672 454 3779 493 ca-

2141 534 2354 597 perent,
2395 524 2715 581 hominibus
2746 525 2914 595 regiis
2976 525 3123 599 ignis
3162 535 3218 579 et
3246 525 3427 580 fumus
3457 526 3779 597 prohibuit.

2140 619 2304 673 Villas
2331 619 2530 673 multas
2585 616 2888 673 combussit
2938 627 3017 677 et.
3042 618 3331 674 destruxit.
3358 618 3547 674 Simon
3579 634 3784 674 comes

2141 708 2490 764 Ebroicensis
2520 708 2742 764 tradidit
2774 707 3008 764 Henrico
3053 708 3168 783 regi
3197 711 3501 784 Anglorum
3535 710 3787 764 ﬁrmita-

2142 807 2226 854 tes
2273 815 2420 863 suas,
2453 816 2588 870 quas
2642 798 2882 854 habebat
2928 800 2984 854 in
3019 798 3263 864 Francia,
3290 801 3503 855 scilicet
3554 801 3782 873 Rupem

2143 887 2359 952 fortem,
2413 888 2646 942 Montem
2703 885 2919 952 fortem,
2980 886 3338 957 ESparlonem
3393 896 3447 943 et
3495 890 3774 960 reliquas.

2143 980 2294 1046 Quod
2341 995 2539 1051 magno
2572 977 2906 1035 detrimento
2968 978 3066 1033 fuit
3112 978 3227 1054 regi
3264 980 3619 1049 Francorum,
3646 998 3784 1035 cum

2146 1088 2255 1127 non
2290 1079 2474 1142 posset
2514 1070 2686 1127 libere
2738 1069 3038 1142 procedere
3068 1070 3138 1126 de
3192 1070 3432 1126 Parisius
3461 1072 3791 1126 Aurelianis

2145 1163 2508 1236 velStampis,
2537 1170 2762 1235 propter
2812 1161 3154 1219 Normannos
3204 1178 3344 1234 quos
3387 1180 3480 1217 rex
3508 1163 3792 1218 Henricus

2148 1262 2408 1327 posuerat
2437 1256 2493 1311 in
2520 1255 2713 1312 castris
2730 1255 2949 1312 comitis
2972 1254 3342 1311 Ebroicensis.
3378 1253 3485 1310 Hac
3513 1256 3580 1310 de
3614 1272 3795 1311 causa

2153 1348 2325 1406 trevie
2366 1356 2523 1419 capte
2553 1346 2775 1404 fuerunt
2802 1346 2949 1404 inter
2978 1346 3118 1405 duos
3172 1364 3350 1423 reges,
3387 1364 3417 1401 a
3446 1364 3638 1403 mense
3677 1349 3795 1403 De-

2153 1437 2366 1495 cembri
2394 1455 2570 1511 usque
2602 1436 2668 1493 ad
2702 1446 2924 1496 octavas
2943 1444 3310 1511 pentecostes.
3342 1437 3595 1504 lnlreditu
3615 1455 3795 1510 expe-

2156 1528 2383 1587 ditionis
2435 1529 2628 1587 Toloce
2683 1545 2875 1587 mense
2942 1528 3191 1587 Octobris
3248 1527 3387 1587 obiit
3451 1530 3797 1586 Guillermus

2154 1638 2340 1679 comes
2368 1620 2640 1679 iloritonii
2675 1639 2689 1688 ;
2723 1620 2962 1677 decessit
3009 1629 3191 1677 autem
3234 1620 3445 1693 absque
3470 1621 3688 1691 liberis,
3737 1628 3796 1678 et

433 1712 616 1779 nensi,
640 1710 947 1767 electusest
970 1712 1093 1770 nilo
1117 1712 1583 1769 nrcbidiacbonus
1600 1710 1848 1781 ejusdem
1864 1711 2053 1768 aaccle~
2073 1677 2125 1746 Β
2155 1710 2383 1767 retinuit
2413 1710 2677 1767 Henricus
2697 1726 2789 1766 rex
2818 1709 3141 1765 comitatum
3167 1710 3222 1765 in
3244 1727 3409 1765 manu
3443 1726 3558 1766 sua.

430 1804 550 1870 size,
572 1801 873 1860 canonicus
910 1801 1207 1877 regularis,
1228 1803 1369 1860 sicut
1400 1803 1664 1860 decessor
1703 1804 1823 1877 ejus
1854 1802 2049 1862 fuerat.

434 1896 606 1962 Quem
627 1912 750 1952 cum
780 1893 1007 1951 Samson
1065 1894 1516 1968 archiepiscOpus
1563 1893 1849 1951 Remensis
1887 1894 2053 1953 vellet

434 1984 1143 2056 sacrare,|clericijcivitatis
1167 1983 1418 2052 Bolonie,
1440 1983 1533 2057 qui
1549 1984 1641 2040 diu
1666 1983 1769 2039 sub
1791 1982 2052 2057 episcopo

430 2077 824 2133 Tarwennensi
867 2074 1108 2141 fuerant,
1167 2074 1416 2132 volentes
1466 2075 1668 2132 emodo
1708 2092 1866 2134 suum
1922 2090 2055 2148 pro-

433 2169 614 2240 prium
659 2168 981 2249 episcOpum
1034 2166 1265 2234 habere,
1323 2168 1465 2224 sicut
1515 2167 1817 2240 antiquitus
1847 2167 2055 2223 habue-

431 2262 576 2320 rant,
595 2255 1002 2325 prohibuerunt
1032 2256 1515 2328 archiepiscopum
1555 2258 1659 2312 sub
1684 2256 2055 2328 appellatione

433 2345 756 2418 apostolica,
798 2364 867 2403 ne
909 2365 1032 2403 eum
1070 2355 1308 2403 sacraret
1340 2348 1446 2403 nisi
1480 2349 1858 2404 tantummodo
1889 2349 1957 2404 ad
1988 2350 2058 2406 ti-

433 2436 607 2492 tulum
636 2437 1035 2494 Tarvennensis
1061 2439 1319 2494 ecclesie.
1354 2437 1506 2504 Quod
1530 2440 1811 2511 predictus
1851 2439 2059 2495 electus

432 2530 698 2599 refutans,
744 2533 1050 2589 insacratus
1105 2541 1299 2589 contra
1359 2534 1484 2589 illos
1544 2535 1778 2589 clericos
1834 2536 2054 2590 Romam

432 2628 699 2698 perrexit,
755 2634 807 2683 et
855 2629 931 2683 ibi
993 2640 1238 2684 sacratus
1287 2639 1386 2684 est.
1441 2630 1699 2705 Magister
1749 2632 2061 2685 Bernardus

430 2718 603 2787 Brito,
635 2720 997 2777 cancellarius
1048 2721 1283 2777 eeclesie
1331 2722 1705 2789 Carnotensis,
1768 2723 1940 2779 factus
1978 2733 2060 2778 est

2224 1801 2380 1858 9980.
2414 1802 2726 1858 Fredert'eus
2781 1802 2833 1857 9.
2876 1800 3179 1859 Ludovicus
3212 1800 3302 1855 ‘23.
3348 1804 3613 1857 Henricus
3644 1800 3702 1858 6.

2224 1894 2337 1955 Rex
2364 1893 2634 1952 Henricus
2660 1893 2773 1971 egit
2804 1893 3142 1949 nativitatem
3176 1894 3393 1949 Demini
3439 1910 3560 1950 cum
3591 1896 3794 1971 regina

2153 1986 2376 2042 Alienor
2403 1985 2546 2059 apud
2582 1985 2845 2042 Falesiam
2872 2004 2891 2054 ;
2932 1984 3133 2041 exinde
3161 1984 3353 2042 eadem
3383 1987 3575 2060 regina
3601 1998 3791 2044 trans-

2155 2075 2373 2135 fretavit
2425 2078 2478 2133 in
2526 2076 2795 2151 Angliam.
2839 2075 3101 2133 Kalendis
3154 2076 3398 2133 Januarii
3449 2087 3790 2135 terremotus

2156 2165 2424 2223 acciditin
2448 2181 2591 2240 pago
2610 2164 2987 2233 Constantino,
3018 2174 3197 2222 castro
3212 2167 3394 2222 Sancti
3411 2167 3579 2223 Laudi
3609 2168 3789 2239 (635),

2155 2255 2300 2314 circa
2321 2255 2511 2312 horam
2550 2255 2806 2327 primam.
2843 2254 3153 2312 Hardoinus
3200 2256 3444 2313 decanus
3477 2257 3793 2313 Cenoman-

2160 2347 2351 2404 nensis
2382 2346 2555 2402 factus
2594 2356 2676 2402 est
2701 2346 3155 2418 archiepiscopus
3177 2348 3625 2423 Burdegalensis,
3656 2367 3788 2406 cum

2161 2437 2420 2492 decessor
2449 2436 2569 2504 ejus
2598 2436 2684 2492 vix
2744 2451 2888 2491 anno
2919 2443 2974 2491 et
3004 2436 3233 2493 dimidio
3262 2439 3504 2496 vixisset.
3526 2439 3795 2495 Mathilde

2162 2525 2510 2597 imperatrice
2540 2524 2769 2580 adversa
2809 2525 3128 2580 valetudine
3160 2540 3443 2595 percussa,
3473 2527 3795 2598 dapsiliter,

2163 2625 2428 2689 preeunte
2450 2617 2684 2673 consilio
2716 2616 2814 2671 filii
2850 2617 2932 2671 sui
2960 2617 3175 2673 llenrici
3194 2620 3341 2693 regis
3371 2620 3799 2691 Anglorum,di-

2160 2710 2324 2766 vitias
2355 2726 2485 2765 suas
2511 2710 2800 2783 ecclesiis,
2832 2709 3203 2775 monasteriis,
3231 2721 3285 2765 et
3311 2711 3654 2781 pauperibus
3675 2712 3795 2767 dis-

429 2808 726 2882 episcopus
758 2812 1032 2867 Cornubie
1091 2813 1149 2867 in
1205 2813 1404 2869 minori
1445 2814 1747 2869 Britannia.
1806 2815 2043 2887 Magistei

2164 2801 2355 2855 tribuit
2383 2818 2397 2867 ;
2424 2798 2818 2855 monasterium
2852 2800 3147 2867 Beccense,
3183 2800 3327 2854 sicut
3358 2806 3412 2854 et
3444 2799 3499 2854 in
3533 2800 3643 2855 alia
3698 2802 3791 2855 in-

427 2899 593 2955 etiam
634 2901 823 2957 Petrus
865 2902 1187 2957 Lonbardus
1249 2904 1617 2959 Parisiensem
1667 2905 2044 2976 episc0patum

426 2992 660 3065 adeptus
677 3001 781 3059 est,
811 2995 1106 3050 conivente
1127 2995 1385 3067 Philippo
1406 2996 1656 3065 ejusdem
1687 2998 1919 3051 ecelesie
1951 2997 2049 3052 de-

2165 2892 2421 2947 firmitate
2478 2908 2576 2946 sua
2627 2890 2853 2957 fecerat,
2898 2892 3100 2947 celeris
3155 2907 3492 2963 preponens.
3540 2892 3791 2948 Ecclesia

2154 2981 2436 3051 Bajocensi
2460 2983 2586 3056 igne
2620 2981 2935 3045 combusta,
2963 2981 3251 3053 Philippus
3274 2982 3569 3053 episcopus
3588 2982 3644 3036 in
3668 2985 3794 3052 ejus

424 3048 585 3148 cani),
618 3081 780 3136 fratre
830 3082 974 3156 regis
1007 3048 1339 3139 Francoru'n;
1372 3101 1386 3137 ε
1421 3048 1536 3155 (iui,
1564 3092 1622 3138 ιιι
1650 3085 1861 3150 dmum.
1933 3085 2049 3140 ele-
2074 3048 2122 3115 Ο
2152 3076 2551 3130 restauratione
2608 3075 2804 3130 iterum
2860 3075 3092 3130 viriliter
3131 3075 3363 3130 laborat.
3422 3076 3560 3135 Maio
3591 3092 3785 3133 mense

430 3168 670 3225 ctionem
700 3187 855 3225 suam
883 3171 1161 3226 concessit
1188 3172 1369 3227 eidem
1406 3173 1584 3228 Petro.

496 3262 755 3319 Kalendis
807 3266 1149 3336 Septembris
1193 3274 1409 3323 mortuo
1475 3268 1715 3323 Adriano
1766 3267 2049 3339 pontiﬁce,

426 3349 587 3407 electi
618 3361 749 3408 sunt
787 3354 896 3409 duo
954 3361 1007 3409 et
1056 3355 1384 3421 consecrati,
1435 3356 1736 3412 llollandus
1779 3359 2051 3414 cancella-

428 3438 545 3495 rius
578 3442 850 3510 presbiter
890 3442 1183 3497 cardinalis
1239 3445 1380 3500 tituli
1414 3447 1596 3501 Sancti
1631 3447 1817 3512 Marci,
1848 3448 1931 3501 vir
1960 3464 2050 3501 re-

430 3526 685 3603 ligiosus,
716 3538 940 3585 vocatus
968 3532 1275 3587 Alexander
1305 3532 1398 3599 Ill,
1436 3550 1576 3604 papa
1610 3535 1865 3590 videlicet
1889 3538 2049 3590 tuus

431 3629 486 3678 et
516 3623 844 3678 Octavianus
882 3623 1156 3693 presbiter
1184 3625 1481 3680 cardinalis
1532 3626 1670 3680 tituli
1704 3628 1900 3683 Sancte
1929 3628 2045 3682 Ma-

430 3711 511 3767 rie
552 3712 607 3766 in
640 3710 976 3778 Cosmidum,
1000 3712 1180 3766 dictus
1204 3712 1387 3767 Victor
1420 3713 1487 3765 lll
1516 3731 1530 3778 ;
1564 3714 1654 3768 hic
1679 3732 1775 3786 per
1795 3723 2045 3787 potenta-

428 3812 544 3858 tum
577 3810 898 3872 etparentes
932 3818 1064 3856 suos
1097 3803 1318 3857 nobiles
1360 3813 1620 3874 papatum
1656 3806 1874 3861 invasit.
1914 3807 2046 3860 Fre—

426 3890 615 3967 gerius
650 3889 795 3961 regis
842 3889 1261 3943 elemosinarius
1293 3891 1467 3946 factus
1524 3900 1604 3945 est
1624 3893 1917 3964 episcOpus
1948 3894 2044 3949 Sa-

424 3977 653 4051 giensis.
707 3975 974 4030 Galterius
1014 3976 1311 4047 episcOpus
1365 3977 1670 4034 Cestrensis
1700 3981 1856 4037 obiit.
1899 3982 2043 4037 Obiit

425 4067 589 4123 etiam
614 4067 886 4122 Robertus
906 4067 1199 4138 episcopus
1230 4068 1555 4125 Exoniensis
1575 4072 1664 4139 6“,
1705 4073 1788 4128 vir
1817 4074 2040 4145 religio-

424 4172 521 4212 sus
573 4162 629 4211 et
674 4156 875 4209 timens
926 4155 1117 4211 Deum.
1170 4157 1421 4213 Terricus
1464 4176 1651 4215 comes
1690 4162 2041 4217 Flandrensis

425 4245 594 4302 rediit
628 4245 697 4301 de
718 4245 1042 4312 Jerusalem,
1082 4255 1137 4300 et
1166 4263 1303 4303 uxor
1355 4249 1475 4319 ejus
1506 4250 1731 4305 Mabiria
1779 4252 1925 4323 (634')
1959 4268 2040 4308 re-

2153 3180 2258 3235 pax
2298 3164 2439 3219 facta
2468 3172 2551 3220 est
2583 3165 2726 3219 inter
2776 3179 2933 3238 reges
2966 3163 3255 3219 Henricum
3289 3165 3482 3239 Anglic
3515 3175 3569 3219 et
3597 3165 3784 3223 Ludo-

2153 3255 2333 3309 vieum
2371 3255 2613 3323 Francie,
2650 3255 2909 3310 revolutis
2960 3254 3235 3325 prioribus
3266 3254 3442 3325 pactis
3480 3262 3534 3308 et
3563 3253 3777 3309 confir-

2154 3343 2317 3397 matis
2338 3352 2392 3398 et
2447 3344 2767 3414 paeiticatis,
2797 3342 2891 3414 qui
2935 3352 3117 3412 partes
3150 3349 3510 3414 utrorumque
3538 3343 3778 3412 adjuve-

2152 3444 2297 3491 runt.
2321 3436 2568 3490 Matheus
2599 3435 2744 3490 tilius
2780 3436 2996 3491 comitis
3035 3436 3289 3490 Flandrie
3312 3435 3563 3491 inaudito
3589 3451 3781 3491 exem-

2152 3529 2241 3600 plo
2272 3530 2423 3583 duxit
2496 3528 2830 3583 abbatissam
2896 3528 3229 3598 Rummesiel
3252 3528 3423 3599 (636),
3456 3543 3565 3599 que
3599 3526 3780 3584 fuerat

2151 3618 2263 3673 tilia
2290 3619 2555 3690 Stephani
2588 3618 2754 3690 regis,
2778 3624 2832 3672 et
2856 3618 3002 3687 cepit
3025 3634 3149 3673 cum
3185 3634 3250 3672 ea
3273 3617 3591 3674 comitatum
3620 3617 3780 3673 Bolo-

2149 3711 2419 3766 niensem.
2456 3712 2637 3765 Mense
2665 3710 2808 3765 Julio
2869 3710 3137 3765 llenricus
3169 3726 3261 3765 rex
3309 3709 3606 3783 Anglorum
3636 3725 3778 3765 con-

2147 3803 2396 3877 gregavit
2422 3818 2617 3857 omnes
2651 3802 2941 3873 episcopos
2997 3802 3336 3857 Normannie
3368 3809 3422 3857 et
3456 3800 3690 3857 abbates
3721 3809 3776 3857 et

2147 3894 2384 3949 barones
2414 3894 2560 3964 apud
2601 3893 2812 3951 Novum
2871 3894 3204 3960 Mercatum;
3242 3900 3297 3950 et
3340 3893 3647 3950 Ludovicus
3674 3908 3773 3947 rex

2149 3984 2475 4039 Francorum
2502 3983 2763 4037 adunavit
2786 3999 2915 4038 suos
2947 3984 3188 4041 Belvaci.
3240 3982 3324 4038 lbi
3360 3990 3649 4038 tractatum
3676 3990 3770 4038 est

2145 4077 2214 4130 de
2255 4076 2570 4148 reccptione
2600 4092 2742 4147 pape
2763 4075 3056 4130 Alexandri
3077 4075 3476 4131 etrefutatione
3499 4075 3753 4130 Victoris:

2142 4182 2197 4228 et
2224 4178 2626 4228 consenserunt
2652 4171 2973 4237 Alexandro,
3010 4171 3305 4242 reprobato
3322 4169 3767 4226 Victore.Mense

2144 4263 2455 4334 Septembri
2488 4262 2623 4317 obiit
2675 4263 2969 4318 llerbertus
2989 4263 3284 4334 episcopus
3313 4260 3689 4327 Abrincensis,
3712 4267 3767 4316 et

420 4343 625 4438 mansit
661 4358 786 4438 cum
845 4342 1121 4438 abbatissa
1172 4344 1354 4438 Sancti
1413 4345 1595 4400 Lazari
1634 4347 1703 4402 de
1756 4349 2038 4415 Bethania,
2064 4370 2120 4438 Β
2145 4354 2396 4425 sepultus
2426 4354 2584 4409 estin
2613 4352 2863 4407 aecelesia
2888 4353 3048 4407 beate
3071 4352 3237 4407 Marie
3263 4351 3441 4417 Becci,
3483 4350 3625 4406 sicut
3643 4366 3766 4421 pre-

421 4432 594 4489 invito
614 4433 852 4506 conjuge
872 4448 994 4487 suo.
1029 4432 1209 4486 Mense
1228 4432 1475 4489 Octobris
1522 4435 1788 4491 Henricus
1814 4453 1908 4493 rex
1933 4438 2042 4491 An-

421 4530 658 4603 glorum,
686 4529 896 4583 munita
916 4527 1133 4584 civitate
1165 4528 1532 4584 Cadurcorum
1578 4537 1636 4585 et
1660 4532 2043 4587 commendata

421 4617 627 4672 Thome
667 4616 998 4673 cancellario
1055 4632 1177 4683 suo,
1216 4624 1269 4672 et
1322 4618 1606 4689 dispositis
1636 4619 1957 4674 custodibus
1990 4626 2043 4674 et

426 4705 732 4759 auxiliariis
762 4706 816 4760 in
860 4707 993 4760 locis
1046 4706 1358 4777 oportunis,
1420 4706 1710 4762 conlidens
1743 4709 1809 4762 de
1832 4708 2040 4763 auxilio

424 4795 720 4852 Raimundi
788 4797 1100 4870 Berengarii
1163 4798 1381 4854 comitis
1444 4799 1771 4859 Barcinone.
1814 4810 1868 4855 et
1920 4801 2043 4855 Tre-

423 4888 624 4945 chenel
644 4889 860 4946 comitis
889 4890 1204 4959 Neumausi,
1233 4899 1288 4946 et
1320 4890 1587 4946 Willermi
1616 4891 1683 4947 de
1722 4890 2041 4962 Montepes-

423 4980 715 5040 sulanoet
759 4985 993 5040 aliorum
1048 5000 1273 5040 suorum
1329 4982 1595 5051 fidelium,
1626 4985 1789 5041 rediit
1812 4985 1868 5040 in
1900 4986 2040 5044 Nor-

423 5078 723 5135 manniam.
743 5077 878 5136 Inde
912 5077 1150 5150 perrexit
1188 5091 1315 5133 cum
1345 5076 1526 5133 valida
1547 5093 1711 5133 manu
1754 5077 1808 5133 in
1839 5094 2036 5152 pagum

2145 4443 2403 4498 decessor
2421 4444 2539 4511 ejus
2569 4441 2833 4496 Rieardus
2862 4440 2929 4496 de
2964 4440 3262 4515 Bellofago.
3293 4440 3546 4495 Predicto
3574 4453 3764 4494 mense

2145 4536 2332 4606 regina
2363 4536 2557 4607 Anglic
2598 4533 2818 4587 Alienor
2849 4532 3225 4587 transfretavit
3281 4530 3338 4585 in
3366 4529 3759 4586 Normanniam

2138 4624 2294 4692 jussu
2344 4623 2511 4696 regis,
2540 4622 2823 4677 adducens
2862 4638 3048 4677 secum
3084 4620 3375 4676 Henrieum
3400 4619 3575 4675 ﬁlium
3598 4636 3759 4675 suum

2144 4725 2199 4771 et
2230 4715 2394 4771 tiliam
2444 4715 2753 4769 Mathildem
2784 4715 2919 4785 (Oct.
2962 4714 3069 4781 16.)
3113 4713 3356 4770 Mortuus
3379 4713 3761 4784 estPhilippus

2144 4809 2309 4863 frater
2334 4808 2591 4862 Ludovici
2648 4807 2793 4882 regis
2849 4806 3203 4873 Francorum,
3282 4807 3527 4861 decanus
3577 4805 3759 4860 Sancti

2142 4899 2356 4954 Martini
2385 4898 2721 4955 Turonensis
2750 4899 2836 4953 διδ.
2871 4897 3082 4953 Mortua
3124 4904 3210 4954 est
3233 4897 3545 4953 Constantia
3571 4896 3762 4970 regina

2143 4989 2369 5044 Francie
2399 4988 2587 5043 labore
2641 4995 2851 5059 partus,
2902 4986 3204 5060 superstite
3256 4986 3389 5055 ﬁlia,
3421 4986 3761 5055 cujuscausa

2141 5094 2289 5134 mors
2310 5078 2418 5134 sibi
2438 5078 2737 5135 acciderat.

1764 5207 1985 5265 VARIZE
2014 5207 2291 5266 LECTION
2303 5207 2399 5264 ES.

493 5307 565 5346 ⁸¹³
592 5308 730 5367 Rob.
762 5339 832 5353 -—
860 5307 1059 5365 Ebrulﬁ
1089 5311 1285 5369 desunt
1346 5310 1437 5367 8b.
1473 5310 1567 5368 8h.
1612 5309 1682 5347 διδ
1736 5311 1823 5369 hic
1853 5310 2054 5367 desinit
2108 5311 2161 5367 4.
2218 5313 2278 5367 in
2317 5309 2497 5367 verbis
2529 5329 2545 5364 :
2578 5306 2938 5367 Obsoniensis
2966 5305 3268 5379 episcopus
3298 5304 3350 5363 ei
3379 5303 3664 5372 successit,
3695 5306 3759 5362 in

424 5390 633 5438 summa
654 5383 886 5451 pagina.
919 5381 988 5420 ⁸⁸⁸
1010 5385 1136 5441 Post
1156 5385 1267 5440 hac
1296 5385 1359 5439 in
1387 5382 1444 5438 E.
1478 5384 1626 5438 linea
1661 5397 1845 5439 erasa.

1978 5481 2190 5541 NOTAE.

404 5656 407 5659 _
496 5578 646 5651 (634)
664 5579 894 5653 Sibylla.
1460 5608 1463 5613 ι
1539 5584 1689 5657 (635)
1715 5584 1925 5646 St.-Lo.

2576 5586 2726 5657 (636)
2750 5581 3002 5644 Mariam.
