3916 6064
277 283 382 340 493

423 419 782 460 ΒΟΙΛΝΟΒΠΜ.
932 422 1252 462 FRANCORUM
1441 425 1750 465 ANGLORUM.

347 493 538 550 Mense
591 493 810 549 Octobri
878 509 968 550 rex
1052 497 1245 570 Anglie
1294 505 1348 553 et
1413 515 1506 554 rex
1565 501 1894 556 Francorum

279 584 557 652 collocuti,
590 593 809 656 pactum
857 587 1008 658 pacis
1059 596 1249 644 mutue
1296 590 1761 648 confirmaverunt
1795 612 1808 659 ;
1842 605 1896 649 et

281 677 543 734 Henricus
581 677 729 734 ﬁlius
786 680 999 736 Henrici
1033 683 1182 756 regis
1206 685 1501 758 Anglorum
1538 687 1666 741 fecit
1695 688 1892 742 homa-

279 767 426 843 ginm
485 767 602 842 regi
655 767 984 822 Francorum
1037 770 1107 824 de
1161 771 1362 826 ducatu
1407 773 1761 840 Normannic,
1799 775 1891 846 qui

281 862 460 919 estde
506 877 680 936 regno
730 862 978 918 Francie.
1034 864 1228 920 Paucis
1290 867 1632 938 interpositis
1673 869 1891 935 diebus,

281 950 588 1007 Ludovicus
653 966 747 1005 rex
820 949 1151 1007 Francorum
1233 953 1386 1008 duxit
1449 953 1616 1010 ﬁliam
1680 958 1894 1012 comitis

279 1043 579 1099 Theobaldi
605 1043 861 1099 senioris.
894 1045 1004 1100 Nec
1051 1061 1202 1101 mora
1243 1047 1476 1102 llenrico
1532 1048 1646 1104 filio
1677 1050 1891 1106 Henrici

280 1135 424 1210 regis
444 1134 637 1210 Anglie
691 1135 1022 1206 desponsata
1050 1145 1132 1192 est
1181 1139 1330 1209 apud
1387 1139 1594 1195 Novum
1657 1143 1892 1217 Burgum

279 1225 568 1297 Margarita
598 1225 711 1282 ﬁlia
741 1227 1000 1284 Ludovici
1068 1229 1213 1302 regis
1262 1230 1587 1286 Francorum
1621 1251 1634 1288 :
1667 1243 1722 1288 et
1754 1234 1896 1289 Hen-

281 1315 428 1370 ricus
457 1331 552 1370 rex
609 1315 806 1391 Anglie
863 1315 1009 1388 cepit
1057 1317 1157 1372 tria
1213 1319 1440 1374 castella
1506 1319 1892 1390 munitissima,

280 1405 492 1462 scilicet
539 1405 745 1474 Gisorz,
805 1405 1093 1474 Neaﬂiam,
1140 1408 1349 1464 Novum
1418 1409 1734 1478 Castellum,
1792 1411 1897 1466 sita

282 1513 450 1568 super
476 1497 681 1554 ﬂumen
710 1499 866 1570 Epte,
898 1499 954 1553 in
986 1499 1227 1556 confinio
1277 1501 1608 1557 Normannie
1632 1512 1688 1558 et
1719 1502 1892 1558 Fran-

282 1589 367 1646 cie
410 1607 425 1657 ;
458 1589 588 1662 quia
631 1591 960 1665 pepigerant
1013 1591 1157 1648 inter
1193 1609 1252 1648 se
1300 1593 1421 1665 ipse
1448 1603 1502 1650 et
1533 1611 1626 1650 rex
1657 1595 1895 1652 Franco-

1153 285 1497 342 CHRONICA.
1546 317 1610 326 —-
1651 287 2035 345 AUCTARIUM
2076 288 2356 347 ROBERTI
2398 289 2480 343 DE
2519 288 2760 343 MONTE.

3495 289 3598 346 494

1922 414 2262 486 Acomitatu
2313 414 2647 488 Andegavie,
2707 414 3066 484 Cenomanie,
3115 418 3448 488 Turonensi,
3507 439 3604 480 ca-

1996 507 2175 569 stella,
2219 507 2534 587 mansiones
2560 506 2758 581 regias,
2791 509 2876 562 vel
2907 523 3046 564 nova
3065 509 3358 584 editicavit,
3388 513 3476 570 vel
3503 531 3604 571 ve-

1996 608 2110 656 tera
2134 601 2466 656 emendavit.
2510 600 2795 656 Castellum
2827 603 2991 658 etiam
3041 605 3096 658 in
3136 606 3282 673 villa,
3315 625 3423 679 que
3455 609 3602 664 dici-

1998 696 2085 743 tur
2145 690 2529 754 Amandivilla,
2596 706 2766 760 super
2815 690 2939 746 Vire
3016 692 3238 748 ﬂuvium
3305 695 3601 752 edificavit.

1998 777 2278 832 Achardus
2307 779 2474 832 abbas
2524 778 2706 833 Sancti
2765 779 2994 834 Victoris
3062 781 3379 838 Parisiensis
3433 785 3606 840 factus

1995 879 2077 923 est
2132 871 2424 940 episcopus
2511 869 2880 925 Abrincensis.
2981 871 3300 928 Willermus
3350 875 3609 947 Anglicus

1995 961 2147 1030 prior
2174 961 2356 1015 Sancti
2383 961 2596 1016 Martini
2645 963 2714 1018 de
2746 963 2986 1034 Campis,
3030 964 3133 1018 luit
3173 965 3346 1020 abbas
3377 967 3608 1022 ecclesie

1997 1049 2345 1104 Ramesensis
2367 1050 2422 1104 in
2445 1051 2636 1124 Anglia
2667 1052 2754 1106 6".
2788 1053 2845 1106 ln
2895 1053 3074 1123 capite
3097 1053 3298 1122 jejunii
3339 1057 3485 1126 apud
3516 1057 3610 1112 Ce—

1995 1154 2306 1194 nomannos
2351 1139 2502 1211 Hugo
2566 1140 3015 1212 archiepiscopus
3073 1142 3327 1197 Dolensis
3379 1145 3610 1200 cecitate

1995 1232 2334 1298 debilitatus,
2378 1235 2732 1304 presentibus
2783 1236 3012 1292 Henrico
3067 1253 3197 1312 rege
3228 1239 3525 1312 Anglorum
3556 1248 3612 1295 et

1995 1321 2213 1377 duobus
2249 1323 2443 1397 legatis
2475 1324 2717 1380 Romane
2771 1323 3026 1392 ecclesie,
3077 1327 3310 1383 Henrico
3359 1328 3430 1382 de
3469 1328 3610 1384 Pisis

1997 1421 2052 1468 et
2079 1413 2378 1470 Guillermo
2409 1415 2479 1470 de
2501 1417 2685 1487 Papia,
2728 1422 2782 1471 et
2797 1415 3608 1490 reddiditarchiepiscopatum,

1998 1521 2162 1576 quem
2184 1508 2298 1564 fere
2331 1525 2431 1580 per
2459 1526 2558 1565 sex
2613 1525 2790 1564 annos
2838 1515 3112 1578 tenuerat,
3141 1518 3195 1566 et
3241 1511 3298 1566 in
3329 1513 3486 1581 cuius
3511 1530 3608 1568 re-

1999 1606 2284 1677 paratione
2325 1605 2622 1677 plurimum
2661 1605 3028 1662 laboraverat.
3078 1607 3134 1660 ln
3185 1607 3306 1675 ejus
3349 1607 3472 1663 loco
3503 1609 3612 1664 ibi-

283 1701 426 1752 rum,
468 1685 729 1756 quatinus
781 1685 918 1742 inito
969 1687 1324 1743 matrimonio
1376 1686 1620 1745 ﬁliorum
1671 1705 1894 1746 suorum
1927 1697 2124 1778 Bdem
2157 1697 2367 1752 electus
2413 1696 2516 1753 fuit
2541 1698 2812 1775 Rogerius
2841 1700 2910 1754 de
2941 1699 3162 1764 Humez,
3187 1700 3612 1757 archidiaconus

283 1792 375 1832 rex
409 1776 678 1832 Henricus
700 1777 928 1834 haberet
951 1778 1073 1834 illas
1102 1779 1466 1848 munitiones,
1499 1797 1606 1854 que
1635 1782 1702 1836 ad
1735 1783 1898 1839 duca-

282 1877 397 1924 tum
435 1868 770 1926 Normannie
827 1871 1125 1942 pertinent.
1162 1873 1277 1937 Quo
1323 1873 1512 1930 audito
1552 1890 1644 1930 rex
1676 1874 1902 1932 Francie

281 1955 522 2030 graviter
550 1957 673 2012 tulit
705 1958 846 2029 ipse,
887 1967 943 2015 et
988 1960 1184 2015 sororii
1213 1961 1320 2028 sui,
1365 1961 1577 2018 scilicet
1609 1963 1898 2032 Henricus,

282 2049 610 2115 'l‘eobaldus,
654 2053 984 2124 Stephanus.
1049 2055 1252 2110 Exinde
1316 2056 1372 2110 hi
1416 2064 1526 2112 tres
1557 2059 1786 2114 comites
1807 2075 1900 2116 co-

285 2141 540 2198 adunatis
581 2143 791 2199 viribus
849 2146 962 2200 suis
988 2155 1256 2218 ceperunt
1285 2147 1499 2204 firmare
1530 2150 1894 2206 munitionem

283 2235 429 2291 Calvi
459 2236 674 2303 Montis,
704 2254 812 2309 que
837 2245 952 2293 erat
985 2240 1054 2294 de
1097 2239 1264 2296 feudo
1316 2243 1478 2296 castri
1510 2243 1806 2310 Blesensis,
1840 2252 1900 2298 ut

281 2328 482 2383 exinde
533 2345 733 2403 pagum
792 2330 1121 2385 Turonicum
1185 2332 1528 2390 infestarent.
1598 2336 1706 2389 Rex
1768 2351 1898 2389 vero

287 2423 570 2490 Henricus,
629 2423 758 2496 quia
792 2424 928 2480 illud
988 2433 1226 2480 castrum
1281 2436 1397 2482 erat
1457 2429 1526 2483 de
1581 2436 1898 2484 casamento

284 2510 527 2584 Hugonis
553 2510 654 2566 lilii
704 2512 930 2582 Sulpicii
973 2514 1040 2568 de
1071 2514 1348 2581 Ambazia,
1383 2517 1532 2586 quod
1575 2515 1798 2570 tenebat
1831 2516 1900 2570 de

277 2604 480 2658 comite
509 2602 847 2658 Teobaldo—
893 2612 1054 2674 caput
1079 2611 1260 2659 autem
1289 2607 1372 2660 sui
1405 2607 1652 2673 honoris,
1689 2607 1901 2662 scilicet

281 2690 619 2756 Ambaziam,
651 2691 874 2746 tenebat
906 2692 972 2746 de
1007 2710 1134 2763 rege
1195 2693 1428 2750 Henrico
1457 2727 1524 2734 —
1553 2713 1644 2750 rex
1674 2695 1896 2766 inquam

283 2779 550 2835 Henricus
617 2787 875 2852 percepto
943 2781 1146 2836 exinde
1197 2774 1420 2848 nuncio,
1464 2801 1572 2838 non
1602 2783 1900 2854 expectatis

283 2872 444 2928 soliis
483 2873 622 2940 suis,
681 2873 812 2928 illuc
851 2875 1189 2945 properavit,
1241 2876 1436 2930 volens
1465 2877 1734 2947 impedire
1761 2894 1901 2948 Opus

282 2962 433 3018 illius
461 2965 647 3035 castri,
683 2981 786 3036 per
816 2967 963 3036 quod
997 2967 1274 3032 licentius,
1305 2968 1350 3021 si
1396 2968 1700 3038 perfectum
1731 2977 1898 3036 esset,

280 3052 656 3108 discurrerent
713 3070 810 3124 per
863 3063 1059 3108 terram
1121 3073 1303 3113 suam.
1351 3057 1547 3111 Audito
1587 3063 1766 3111 autem
1796 3058 1892 3110 ad-
1923 3087 1969 3154 Ο

1957 3131 1972 3152 ’
1994 3149 2142 3203 tibus
2172 3155 2224 3203 et
2259 3147 2566 3218 perterritis
2604 3147 2968 3202 Wasconibus
3013 3148 3178 3219 cepit.
3223 3148 3436 3222 Regina
3465 3148 3610 3215 Alie-

277 3153 444 3202 ventu
475 3149 619 3222 regis
648 3148 839 3223 Anglic
861 3164 1046 3204 comes
1085 3150 1359 3204 Tebaldus
1391 3151 1642 3206 discessit
1671 3168 1702 3205 a
1732 3151 1892 3206 Calvo

277 3235 478 3302 Monte,
502 3237 715 3292 munita
744 3238 1002 3293 ﬁrmitate
1023 3247 1078 3293 et
1105 3240 1425 3295 custodibus
1447 3241 1749 3311 dispositis.
1782 3241 1891 3296 Rex

271 3343 403 3382 vero
465 3328 728 3382 Henricus
779 3329 997 3384 obsedit
1030 3331 1340 3402 predictum
1380 3341 1639 3395 castrum,
1679 3341 1734 3388 et
1767 3333 1892 3388 ilico

275 3418 446 3490 cepit,
466 3420 522 3474 in
549 3436 659 3492 quo
692 3428 847 3475 erant
896 3421 1117 3494 triginta
1157 3423 1404 3494 quinque
1437 3425 1639 3478 milites
1670 3433 1724 3479 et
1756 3441 1892 3495 qua-

271 3515 356 3565 ter
375 3509 567 3584 viginti
616 3513 938 3576 servientes,
1009 3521 1063 3568 et
1092 3514 1333 3568 reddidit
1363 3515 1608 3569 eandem.
1631 3515 1892 3570 munitio-

277 3619 403 3658 nem
441 3603 648 3677 Hugoni
682 3604 752 3658 de
789 3605 1064 3671 Ambazia,
1102 3605 1194 3676 qui
1226 3606 1585 3661 aversabatur
1610 3623 1706 3676 pro
1731 3623 1893 3676 posse

276 3705 380 3746 suo
410 3691 594 3746 comiti
615 3692 918 3760 'l‘edbaldo,
949 3694 1078 3765 quia
1112 3695 1166 3748 in
1199 3710 1420 3750 carcere
1452 3695 1684 3766 prcdicti
1719 3697 1891 3750 comi-

279 3779 352 3836 tis
381 3781 677 3853 Sulpicius,
729 3783 904 3853 ipsius
937 3785 1181 3860 Hugonis
1215 3795 1392 3856 pater,
1427 3786 1684 3858 nequiter
1713 3786 1896 3840 extin-

277 3875 401 3926 ctus
429 3868 626 3926 fuerat.
671 3871 878 3926 Exinde
936 3890 1029 3928 rex
1088 3873 1354 3930 Henricus
1403 3876 1629 3930 munitis
1659 3877 1901 3932 turribus

279 3956 542 4013 Ambazie
580 3967 636 4014 et
663 3959 1083 4028 Fracte'Vallis,
1135 3968 1190 4015 et
1246 3962 1530 4032 dispositis
1554 3964 1898 4030 custodibus,

281 4050 398 4126 egit
436 4050 636 4106 festum
686 4053 886 4108 natalis
915 4053 1128 4109 Domini
1179 4070 1305 4109 cum
1332 4055 1554 4111 Alienor
1585 4056 1774 4131 regina
1805 4056 1904 4112 Ce-

279 4140 585 4195 homannis
611 4141 701 4196 διδ.

280 4227 442 4284 4161.
514 4231 830 4286 Fredericus
867 4231 953 4285 10.
1027 4233 1331 4288 Ludovicus
1387 4232 1478 4288 2i.
1559 4237 1819 4290 Henricus
1845 4237 1898 4292 7.

360 4323 630 4380 Henricus
658 4342 754 4380 rex
795 4326 1136 4382 munitiones
1158 4326 1376 4383 comitis
1401 4327 1645 4383 Mellenti
1685 4337 1738 4383 et
1762 4328 1902 4384 alio-

2003 1788 2336 1856 Bajocensis.
2392 1788 2810 1844 Bartholomeus
2834 1789 3258 1845 archidiaconus
3291 1790 3613 1846 Exoniensis

2002 1875 2178 1931 factus
2215 1882 2300 1930 est
2357 1875 2654 1947 episcOpus
2707 1877 2930 1932 Exonie.
2986 1877 3293 1932 Richardus
3323 1877 3612 1934 Peccatum

2001 1965 2423 2021 archidiaconus
2453 1965 2756 2020 Cestrensis
2787 1965 2846 2022 fit
2873 1965 3170 2038 episcOpus
3231 1967 3482 2036 ejusdem
3523 1984 3615 2024 ec-

2003 2057 2186 2113 clesie.
2216 2057 2524 2113 'l‘eobaldus
2585 2057 3035 2129 archiepiscOpus
3101 2058 3451 2114 Cantuarieﬁ
3477 2059 3613 2115 feria

1999 2151 2201 2221 pasche
2241 2149 2398 2205 obiit.
2429 2149 2561 2204 Post
2584 2149 2785 2220 pascha
2817 2165 2908 2203 rex
2939 2149 3232 2219 Anglorum
3269 2150 3534 2205 Henricus
3556 2157 3611 2205 et

2001 2243 2306 2298 Ludovicus
2331 2242 2680 2306 Francorum,
2748 2241 2925 2312 primo
2975 2241 3031 2296 in
3062 2241 3357 2308 Vilcasino,
3417 2249 3611 2312 postea

2001 2333 2058 2388 in
2082 2335 2323 2388 Dunensi
2348 2350 2487 2406 pago
2519 2334 2686 2402 (637),
2721 2334 3016 2405 instigante
3055 2349 3152 2388 eos
3177 2333 3246 2388 ad
3277 2333 3607 2388 discordiam

2003 2423 2202 2478 comite
2229 2423 2527 2488 Teobaldo,
2558 2423 2906 2496 congregatis
2936 2422 3268 2478 exercitibus
3294 2421 3409 2476 suis
3435 2421 3608 2476 alter-

2001 2521 2179 2569 utrum
2203 2522 2376 2570 terras
2415 2531 2542 2568 suas
2594 2512 2968 2577 defendendo,
3024 2512 3137 2566 fere
3187 2511 3242 2566 in
3301 2513 3612 2568 comminus

2001 2611 2290 2658 Venerunt.
2327 2604 2459 2659 lude
2492 2603 2633 2659 datis
2655 2603 2900 2658 induciis
2928 2609 3053 2673 post
3090 2600 3286 2656 festum
3313 2601 3487 2656 sancti
3513 2601 3611 2656 Jo-

2001 2692 2220 2757 hannis,
2257 2692 2519 2747 Henricus
2546 2708 2638 2747 rex
2695 2691 2993 2763 Anglorum
3027 2689 3263 2761 perrexit
3293 2689 3345 2744 in
3378 2689 3608 2761 Aquita-

2001 2784 2170 2850 niam,
2203 2791 2256 2838 et
2281 2785 2425 2838 inter
2449 2785 2555 2838 alia
2586 2799 2693 2855 que
2757 2791 2984 2838 strenue
3014 2782 3205 2858 gessit,
3226 2781 3610 2838 Castellionem

2002 2890 2166 2944 supra
2192 2873 2386 2927 urbem
2419 2875 2702 2947 Agennum
2749 2872 2916 2943 (638).
2979 2882 3213 2934 castrum
3260 2871 3474 2927 scilicet
3512 2887 3612 2926 na-

2003 2970 2123 3018 tura
2151 2971 2205 3018 et
2243 2961 2472 3017 artificio
2539 2963 2831 3028 munitum,
2879 2961 3118 3028 obsedit,
3173 2969 3232 3016 et
3278 2959 3424 3016 infra
3443 2977 3610 3016 unam

2001 3058 2364 3128 septimanam
2399 3058 2455 3112 in
2490 3057 2782 3112 festivitate
2833 3059 3009 3112 sancti
3026 3056 3300 3112 Laurentii
3331 3057 3612 3112 admiran-

1995 3252 2097 3290 nor
2148 3237 2290 3307 apud
2368 3234 2861 3290 Donnumfrontem
2925 3235 3092 3290 filiam
3150 3237 3387 3307 peperit,
3445 3253 3610 3308 quam

1995 3328 2262 3385 Henricus
2326 3325 2604 3396 presbiter
2646 3327 2944 3382 cardinalis
3003 3333 3058 3382 et
3113 3327 3328 3401 legatus
3368 3327 3612 3382 Romane

1993 3415 2224 3471 ecclesie
2279 3414 2594 3484 baptizavit,
2653 3424 2708 3469 et
2745 3415 3027 3468 Achardus
3082 3415 3378 3486 episcopus
3415 3415 3612 3469 Abrin-

1994 3508 2196 3574 censis,
2230 3515 2284 3561 et
2337 3507 2610 3561 Robertns
2658 3507 2829 3560 abbas
2887 3507 3070 3561 Sancti
3105 3506 3383 3561 Michaelis
3414 3507 3483 3560 de
3514 3522 3611 3577 pe-

1996 3600 2166 3654 riculo
2199 3599 2384 3661 maris,
2417 3614 2542 3652 cum
2595 3597 2717 3651 aliis
2761 3596 2972 3664 multis,
3028 3597 3098 3652 de
3165 3597 3315 3653 fonte
3348 3613 3615 3668 suscepe-

1995 3697 2151 3755 runt;
2185 3698 2239 3744 et
2277 3696 2466 3746 vocata
2513 3696 2595 3744 est
2633 3687 2856 3744 Alienor
2913 3688 2981 3742 de
3017 3687 3242 3743 nomine
3273 3689 3464 3742 matris
3491 3704 3613 3744 sue.

2000 3783 2291 3838 Mauricius
2314 3782 2739 3837 archidiaconus
2795 3780 3121 3836 Parisiensis
3160 3780 3218 3835 ﬁt
3243 3780 3490 3850 ejusdem
3523 3797 3615 3837 ec-

2000 3873 2165 3928 clesie
2191 3873 2502 3943 episcopus.
2539 3873 2748 3926 Mortuo
2792 3871 3011 3926 Jubello
3043 3872 3112 3926 de
3158 3871 3446 3937 Meduana,
3487 3886 3613 3926 suc-

2001 3965 2166 4020 cessit
2194 3963 2484 4019 Gaufridus
2515 3963 2660 4018 filius
2728 3963 2881 4034 ejus;
2923 3963 3013 4019 hic
3059 3963 3214 4020 duxit
3243 3961 3411 4019 tiliam
3443 3961 3617 4018 comi-

2005 4059 2072 4112 tis
2095 4057 2336 4112 Mellenti
2365 4058 2454 4114 δίε.

2148 4148 2304 4204 1162.
2600 4148 2688 4201 Η.
3013 4148 3108 4202 25.
3420 4148 3475 4202 8.

2081 4241 2188 4294 Rex
2222 4239 2484 4294 llenricus
2517 4239 2628 4312 egit
2675 4239 3014 4293 nativitatem
3065 4237 3280 4292 Domini
3321 4237 3468 4308 apud
3518 4239 3617 4292 Ba-

2001 4333 2175 4401 jocas.
2203 4333 2383 4386 Mense
2407 4332 2666 4386 Januario
2707 4330 2997 4384 Gaufridus
3037 4331 3104 4383 de
3136 4329 3404 4384 Meduana
3434 4329 3618 4383 reddi-

284 4431 410 4470 rum
441 4415 711 4470 baronum
742 4431 968 4471 suorum
1021 4415 1077 4469 in
1109 4417 1442 4472 Normannia
1491 4417 1547 4471 in
1604 4433 1768 4472 manu
1811 4434 1907 4472 sua
1931 4404 1984 4471 D
2009 4419 2088 4473 dit
2120 4418 2352 4474 Henrico
2403 4419 2519 4490 regi
2567 4419 2866 4493 Anglorum
2921 4417 3022 4471 tria
3053 4417 3280 4472 castella
3325 4432 3434 4488 que
3467 4423 3622 4486 pater

283 4505 520 4578 cepitet
575 4506 836 4563 ﬁdelibus
883 4507 1000 4562 suis
1047 4509 1454 4564 commendavit
1537 4511 1595 4562 In
1659 4508 1907 4583 margine

285 4599 458 4658 etiam
483 4601 714 4657 ducatus
758 4602 1096 4659 Normannie
1141 4602 1254 4658 fere
1301 4602 1488 4658 omnia
1524 4619 1621 4657 sua
1662 4603 1905 4670 castella,

281 4699 341 4748 et
373 4691 608 4748 maxime
637 4692 845 4760 Gisorz,
891 4695 1200 4750 melioravit
1231 4694 1314 4750 vel
1337 4695 1648 4758 renovavit,
1682 4711 1907 4765 parcum

281 4786 342 4836 et
373 4781 716 4836 mansionem
773 4782 981 4856 regiam
1040 4783 1172 4840 fecit
1229 4784 1375 4840 circa
1432 4783 1604 4839 fustes
1634 4785 1908 4856 plantatos

282 4872 436 4944 apud
461 4872 828 4940 Chivilleium,
863 4874 1020 4943 juxta
1069 4875 1491 4950 R0thomagum.
1553 4876 1780 4931 Domum
1825 4875 1908 4931 Ie-

283 4981 582 5038 prosorum
637 4967 793 5036 juxta
868 4969 1168 5025 Cadumum
1225 4969 1536 5025 mirabilem
1606 4969 1904 5026 editicavit.

283 5060 480 5115 Aulam
535 5067 589 5115 et
645 5077 892 5117 cameras
946 5069 1072 5118 ante
1126 5071 1333 5119 turrem
1402 5063 1906 5136 Rothomagensem

283 5149 690 5204 nichilominus
722 5151 1023 5208 renovavit.
1057 5153 1118 5208 Et
1166 5167 1276 5208 non
1317 5153 1497 5210 solum
1543 5153 1600 5206 in
1649 5151 1916 5209 Norman-

283 5235 408 5306 nia,
438 5237 538 5292 sed
568 5238 734 5294 etiam
767 5238 826 5294 in
873 5255 1046 5314 regno
1101 5241 1318 5316 Anglie,
1360 5241 1562 5297 ducatu
1601 5241 1915 5313 Aquitanie,

2011 4517 2132 4584 ejus
2165 4522 2420 4570 tenuerat
2449 4522 2570 4584 post
2620 4521 2848 4568 mortem
2913 4511 3129 4566 Henrici
3173 4512 3318 4582 regis
3356 4511 3617 4577 senioris,

2007 4604 2218 4659 scilicet
2252 4604 2478 4669 Gorran,
2511 4602 2840 4666 Ambrerias,
2900 4600 3109 4654 Novum
3161 4607 3396 4656 castrum
3453 4617 3622 4672 super

2009 4694 2214 4750 ﬂumen
2249 4693 2472 4747 Colmie.
2529 4690 2729 4746 Eodem
2775 4705 2965 4743 mense
3015 4697 3222 4746 remoto
3274 4691 3531 4764 Aquilino
3554 4693 3621 4748 de

2010 4784 2204 4840 Furnis
2232 4785 2300 4838 de
2333 4782 2556 4839 castello
2605 4781 2794 4836 Pontis
2841 4779 3090 4848 Ursonis,
3131 4783 3260 4854 quia
3281 4783 3618 4839 Abrincatini

2009 4872 2496 4944 conquerebantur
2545 4870 2612 4924 de
2652 4885 2718 4924 eo
2751 4870 2900 4940 quod
2957 4877 3130 4926 terras
3191 4887 3381 4929 eorum
3439 4873 3624 4927 nimiis

2010 4963 2392 5020 exactionibus
2425 4969 2478 5016 et
2501 4959 2719 5029 injuriis
2741 4971 3013 5034 gravaret,
3066 4963 3331 5018 Henricus
3360 4980 3452 5018 rex
3476 4963 3620 5017 idem

2009 5063 2248 5112 castrum
2273 5055 2341 5109 ad
2371 5063 2589 5124 tempus
2617 5053 3029 5110 commendavit
3069 5055 3308 5110 Robcrto
3338 5053 3523 5108 abbati
3556 5055 3624 5107 de

2015 5146 2198 5201 Monte
2247 5144 2333 5199 θη.
2385 5143 2596 5198 Mortuo
2654 5142 2951 5198 Sanctione
3009 5143 3150 5215 (639)
3210 5143 3625 5214 archiepiscopo

2017 5236 2293 5293 Remensi.
2323 5236 2589 5292 Henricus
2628 5235 2798 5291 frater
2838 5235 2984 5310 regis
3022 5236 3374 5303 Francorum,
3407 5235 3630 5308 episco-z

1644 5336 1866 5392 VARIA‘I
1889 5333 2266 5392 LECTIONES.

361 5431 674 5505 “{4me
705 5435 766 5489 in
809 5393 1041 5491 Εξηουα
1066 5449 1258 5491 manus
1296 5435 1533 5501 Roberti,
1586 5438 1647 5490 ut
1705 5435 1946 5492 videtur.
1992 5433 2059 5468 ⁶¹⁷
2108 5429 2423 5505 Willermus
2448 5461 2519 5473 —
2557 5431 2754 5505 Anglia
2810 5432 3001 5488 desunt
3033 5428 3129 5497 8b,
3179 5429 3276 5484 8h.
3331 5429 3400 5465 θιθ
3430 5425 3640 5492 Μειλινίιέ

279 5501 410 5558 eius
435 5502 679 5560 Mellenti
711 5505 902 5562 desunt
929 5505 1022 5562 8b.
1053 5507 1148 5563 8h.
1181 5507 1250 5542 ⁶¹⁹
1269 5505 1460 5563 Mense
1491 5505 1614 5562 Jan.
1641 5534 1706 5547 --
1731 5505 1916 5564 Monte
1943 5505 2131 5562 desunt
2168 5503 2262 5559 8b.
2300 5502 2391 5557 8h.

1867 5605 2070 5676 nom,

361 5703 509 5776 (637)
532 5701 604 5762 Le
633 5704 860 5765 Dunois.
882 5705 1029 5766 circa
1053 5706 1303 5791 Orléa_ns.

1739 5709 1881 5782 (638)
1909 5709 2080 5782 Agen.

2594 5705 2742 5774 (639)
2776 5707 3062 5762 Samsone.
