3916 6064
296 242 404 300 495

444 385 798 429 nonnenon.
966 372 1307 428 vnmcoaun.
1380 418 1385 421 ς
1452 390 1760 431 Ακαιοκωιι.

302 478 406 534 pus
497 459 847 515 Belvacensis
913 462 1203 518 succcssit.’
1284 458 1702 520 Bartholdmeus
1778 481 1908 521 vero

302 553 725 611 archidiaconus
799 552 1090 609 Remensis
1181 554 1357 612 factus
1446 565 1529 613 est
1617 558 1912 629 episcopus

299 643 653 701 Belvacensis
689 643 777 697 ⁶²⁰.
833 644 1015 700 Prima
1057 645 1338 704 dominica
1370 649 1788 722 quadragesime
1817 665 1911 704 rex

294 735 563 792 Henricus
609 737 929 811 aggregavit
983 737 1298 810 episcopos,
1366 740 1613 806 abbates,
1675 741 1912 796 barones

298 829 477 885 tocius
506 830 841 884 Normannie
891 830 1038 900 apud
1090 831 1516 907 Rothomagum,
1541 840 1593 887 et
1633 833 1913 904 querimo-

297 921 442 975 niam
492 918 699 973 faciens
747 918 813 971 de
860 919 1140 990 episcopis
1194 928 1249 975 ct
1294 937 1485 976 eorum
1539 921 1802 975 ministris
1860 910 1913 973 et

298 1008 715 1064 vicecomitibus
764 1007 898 1067 suis.
956 1008 1120 1079 jussit
1162 1017 1219 1063 ut
1249 1010 1542 1065 concilium
1590 1011 1732 1064 .lulie
1764 1010 1909 1063 Bone

1505 246 1847 302 SIGEBEHTI
1897 247 2415 304 GEMBLACENSIS.

1933 381 1985 448 Α
2011 377 2395 449 chiepiscopus
2439 374 2849 430 Cantuariensis
2902 376 2992 431 6”.
3052 373 3318 431 Hadulqu
3347 373 3419 431 de
3451 374 3623 432 Tuane

3514 250 3621 305 496

2010 467 2258 529 moritur,
2289 465 2479 519 relicto
2506 464 2732 534 parvulo
2771 462 2884 519 ﬁlio
2937 479 3001 519 ex
3041 462 3154 518 filia
3200 463 3424 520 Roberti
3451 465 3625 519 comi-

2012 554 2082 608 tis
2112 551 2440 608 Leecestrie.
2495 551 2682 606 Mense
2739 550 2882 605 Julio
2942 553 3005 604 in
3036 551 3343 619 gBritaunia
3397 550 3626 620 minori,

2010 646 2222 701 scilicet
2249 645 2304 699 in
2359 643 2591 710 Retello,
2647 644 2872 716 sanguis
2902 643 3060 713 pluit,
3080 648 3135 698 et
3163 644 3232 698 de
3268 643 3405 714 ripis
3432 644 3625 714 cujus-

2013 738 2137 793 dam
2171 736 2337 792 fonlis
2362 735 2569 790 ibidem
2603 734 2833 803 effluxit,
2879 750 2983 790 nec
3017 750 3131 791 non
3163 734 3329 790 etiam
3358 735 3426 790 de
3457 751 3622 805 pane.

2014 826 2214 881 Eodem
2247 840 2434 879 mense
2462 824 2743 879 Johannes
2772 824 2841 878 de
2890 824 2986 878 Dol
3024 830 3275 879 mortuus
3317 830 3420 891 est,
3452 831 3507 879 et
3537 825 3624 879 di—

2014 918 2384 972 misitterram
2436 925 2490 970 et
2520 915 2684 969 ﬁliam
2730 932 2882 969 suam
2925 916 2981 969 in
3012 917 3354 986 protectionc
3409 916 3621 971 Radulﬁ

2011 1010 2078 1063 de
2112 1007 2400 1083 Fulgeriis.
2439 1007 2549 1062 Sed
2602 1024 2695 1061 rex
2757 1007 3052 1082 Anglorum
3077 1008 3290 1078 accepit
3318 1017 3519 1063 turrem
3551 1009 3622 1063 de

300 1108 603 1157 teneretur.
646 1099 790 1154 Julia
840 1100 987 1154 Bona
1042 1083 1107 1155 in.
1139 1100 1409 1156 Caletensi
1449 1118 1589 1176 pago
1630 1102 1782 1169 juxta
1809 1102 1908 1155 Se—
2009 1115 2175 1153 manu
2218 1098 2338 1166 ejus
2378 1097 2463 1149 σεε.
2500 1096 2830 1151 Guillermus
2880 1112 2972 1151 rex
3030 1097 3214 1151 Sicilie
3248 1098 3521 1152 transiens
3550 1098 3623 1153 de

297 1209 535 1264 quanam
567 1199 668 1257 est,
702 1192 865 1247 sedes
897 1194 1066 1266 regia,
1098 1210 1128 1247 a
1195 1194 1436 1248 dominis
1465 1194 1901 1250 Normannorum
2004 1188 2189 1243 Sicilia
2220 1188 2274 1242 in
2330 1186 2578 1258 Apuliam
2636 1203 2760 1242 eum
2816 1203 3016 1259 magno
3055 1187 3322 1253 exercitu,
3384 1188 3623 1246 Βοῦθτιο

290 1280 523 1351 multum
563 1286 740 1335 amata
785 1289 839 1334 et
888 1279 1250 1351 frequentata.
1312 1284 1463 1336 Hanc
1520 1282 1696 1336 Julius
1721 1282 1902 1347 Cesar,
2005 1278 2074 1333 de
2102 1276 2409 1331 Basenvilla
2464 1275 2650 1349 fugato
2707 1292 2829 1331 eum
2896 1278 3262 1349 complicibus
3300 1279 3453 1348 lsuis,
3485 1280 3622 1335 civi-

289 1387 354 1426 ex
377 1371 540 1441 cujus
570 1371 795 1426 nomine
825 1370 967 1424 Julia
1022 1378 1267 1436 vocatur,
1315 1370 1580 1436 condidit,
1626 1372 1903 1426 destructa
2003 1375 2143 1424 tates
2181 1375 2236 1423 et
2271 1369 2517 1433 castella,
2546 1385 2654 1438 que
2685 1385 2716 1423 a
2755 1385 2818 1422 se
2845 1369 3181 1438 defecerant,
3199 1379 3506 1441 recuperat.
3531 1373 3623 1429 Jo-

289 1465 427 1521 urbe
452 1464 658 1528 Caleto,
691 1480 757 1519 ex
787 1464 945 1532 cujus
963 1464 1133 1518 veteri
1160 1464 1429 1520 vocabulo
1477 1470 1589 1520 tota
1614 1465 1767 1538 regio
1797 1466 1899 1520 sita
2005 1459 2217 1513 hannes
2246 1457 2619 1512 ὶιιεδίὶυνετίυε
2672 1457 3056 1526 Εῧοτδοθηδίδν
3112 1460 3199 1514 Vir
3254 1461 3535 1529 jOCUDdUS
3564 1471 3622 1519 εί

287 1559 431 1613 inter
450 1558 758 1629 Sequanam
791 1562 846 1610 et
876 1572 1028 1610 mare
1078 1556 1258 1612 adhuc
1287 1565 1532 1612 vocatur.
1565 1557 1775 1611 Primus
1807 1558 1898 1611 Ri-
2002 1552 2184 1626 largus
2213 1558 2268 1606 et
2305 1550 2555 1621 apprime
2594 1551 2886 1617 litteratus,
2908 1551 2969 1606 fit
2999 1552 3298 1624 episcopus
3328 1554 3617 1610 Pictaven-

287 1650 486 1708 cardus
531 1650 640 1704 dux
698 1648 1133 1703 Normannorum
1194 1658 1248 1704 οι
1299 1651 1576 1705 secundus
1635 1650 1899 1706 Ricardus
1929 1710 1968 1718 _
2000 1644 2096 1699 sis.
2130 1644 2343 1698 Matheo
2371 1643 2632 1714 episcopo
2664 1643 3046 1718 Andegavensi
3080 1645 3370 1714 defuncto,
3394 1663 3619 1703 succes-

288 1738 436 1795 filius
464 1738 605 1807 ejus,
638 1737 783 1808 apud
800 1737 1126 1792 Fiscannum
1155 1738 1403 1795 levatide
1430 1740 1654 1795 tumulis
1679 1739 1814 1805 suis,
1843 1737 1899 1792 in
1923 1710 1974 1777 Β
2002 1735 2074 1790 sit
2116 1734 2407 1789 Gaufridus
2447 1734 2746 1806 Sagiensis,
2814 1736 3060 1791 decanus
3100 1737 3349 1806 ejusdem
3382 1740 3618 1795 ecclesie

290 1830 496 1903 quibus
515 1827 810 1900 separatim
858 1825 1141 1895 jacebant,
1185 1834 1308 1899 post
1356 1829 1525 1884 altare
1565 1836 1755 1884 sancte
1784 1828 1900 1883 Tri-

286 1918 474 1973 nitatis
512 1915 799 1973 honestius
838 1923 1136 1987 ponuntur.
1178 1917 1313 1972 Huic
1366 1917 1709 1974 translationi
1756 1919 1899 1972 Hen-

287 2007 434 2063 ricus
477 2022 567 2061 rex
612 2006 908 2079 Anglorum
970 2004 1235 2074 interfuit,
1274 2013 1327 2061 et
1346 2006 1596 2079 episcopi
1632 2007 1898 2063 Norman-

288 2098 402 2165 nie,
431 2103 487 2152 et
516 2095 668 2150 dedit
688 2095 765 2149 illi
788 2096 1021 2151 ecclesie
1040 2095 1230 2151 silvam
1265 2097 1333 2152 de
1367 2097 1548 2172 Hogis.

357 2187 552 2242 Comes
605 2184 875 2239 Robertus
918 2184 985 2239 de
1046 2185 1354 2240 Basenvilla
1381 2186 1644 2242 adversus
1679 2186 1895 2242 Willer-

285 2290 435 2329 mum
484 2280 776 2348 cognatum
840 2288 1000 2327 suum
1054 2289 1240 2346 regem
1301 2274 1487 2330 Sicilie
1554 2274 1788 2330 rebellat
1841 2276 1895 2331 in

283 2365 479 2435 Apulia
527 2381 542 2430 ;
586 2372 643 2418 et
686 2363 874 2418 multis
933 2364 1350 2432 coadjutoribus
1412 2379 1599 2420 secum
1642 2365 1897 2420 adunatis

282 2457 545 2523 majorem
576 2460 787 2524 partem
836 2454 1228 2508 maritimarum
1259 2454 1541 2510 civitatum
1582 2455 1687 2509 sibi
1710 2455 1894 2510 conci-

285 2545 452 2598 liavit.
485 2542 809 2597 Fredericus
874 2542 1172 2612 imperator
1224 2544 1651 2599 Alemannorum
1704 2544 1894 2598 urbem

284 2632 680 2696 Mediolanum,
716 2646 879 2701 quam
923 2646 1021 2700 per
1061 2639 1171 2685 tres
1221 2647 1395 2686 annos
1445 2633 1758 2698 obsederat,
1791 2650 1891 2687 ne-

284 2722 541 2779 cessitate
571 2721 731 2777 famis
751 2720 1007 2776 afflictam
1041 2721 1187 2792 capit
1209 2732 1263 2776 et
1297 2723 1532 2778 destruit
1560 2726 1749 2795 (Mart.
1779 2724 1890 2789 26),

284 2815 571 2870 reservatis
595 2814 973 2870 tantummodo
1031 2814 1254 2869 matrice
1313 2814 1545 2869 ecclesia
1586 2824 1639 2870 et
1662 2816 1894 2887 quibus-

283 2907 406 2962 dam
436 2907 577 2963 aliis.
645 2906 930 2960 Discordia
975 2906 1116 2961 inter
1145 2923 1376 2980 regnum
1436 2915 1490 2961 et
1514 2908 1887 2963 sacerdocium

281 2999 459 3054 adhuc
486 2999 820 3070 perdurante
860 3005 1085 3070 propter
1140 2999 1339 3053 scisma
1366 3000 1668 3064 Octaviani,
1726 3017 1889 3072 quem

280 3103 374 3141 rex
405 3088 813 3144 Romannorum
840 3088 1163 3143 Fredericus
1184 3104 1370 3143 secum
1389 3090 1443 3142 in
1462 3089 1613 3144 [talia
1631 3090 1888 3155 habebat,

277 3179 582 3234 Alexander
639 3194 782 3251 papa
861 3180 1138 3235 Romanus
1195 3180 1483 3237 confidens
1536 3183 1604 3235 de
1663 3183 1892 3257 regibus

280 3270 611 3329 Francorum
644 3271 917 3328 Ludovico
950 3280 1005 3327 et
1057 3274 1351 3348 Anglorum
1383 3275 1638 3341 Henrico,
1667 3276 1763 3346 qui
1794 3276 1893 3329 de-

277 3366 638 3432 votesempcr
695 3361 992 3416 Romanam
1061 3364 1350 3418 ecclesiam
1389 3364 1577 3419 fovent
1635 3374 1689 3419 et
1719 3382 1892 3420 vene-

279 3460 486 3521 rantur,
538 3454 607 3509 ad
657 3453 1033 3511 cismontanos
1076 3456 1286 3512 marina
1354 3458 1710 3528 expeditione
1751 3459 1895 3514 circa

277 3547 480 3615 pascha
542 3546 713 3613 venit,
780 3554 832 3601 et
913 3549 1060 3618 apud
1152 3549 1745 3621 Montempessulanum
1841 3552 1893 3605 in

275 3632 561 3690 Provincia
645 3635 830 3690 debita
917 3636 1338 3693 honorificentia
1408 3646 1698 3710 susceptus
1787 3646 1892 3694 est.

275 3726 579 3782 Richardus
632 3728 702 3782 de
746 3729 968 3794 Revers,
1040 3731 1302 3785 dominus
1342 3731 1521 3786 insule
1586 3733 1773 3797 Vecte,
1830 3732 1883 3786 in

275 3817 467 3888 Anglia
497 3817 747 3884 moritur,
795 3818 1120 3890 relinquens
1160 3836 1223 3874 ex
1254 3819 1370 3874 filia
1395 3820 1887 3876 Rainaldieomitis

277 3903 551 3959 Cornubie
605 3905 891 3974 parvulum
978 3905 1172 3972 filium,
1234 3908 1458 3963 nomine
1533 3909 1882 3963 Dalduinum.

268 3994 590 4064 Stephanus
637 4003 1006 4069 cognomento
1076 3998 1394 4071 Burgensis,
1462 3998 1632 4053 abbas
1701 4000 1886 4055 Sancti

275 4080 555 4135 Michaelis
598 4080 668 4136 de
724 4080 880 4137 Clusa
926 4090 980 4137 et
1050 4085 1354 4140 monachus
1392 4086 1784 4157 Cluniacensis,
1828 4089 1887 4144 fit

274 4168 446 4224 abbas
477 4168 742 4238 Cluniaci,
790 4170 991 4227 abbate
1046 4172 1273 4247 Hugone
1319 4190 1377 4228 se
1443 4175 1762 4232 conferente
1812 4178 1880 4233 ad

273 4267 457 4331 partes
486 4260 834 4332 imperatoris
882 4271 936 4318 et
988 4264 1264 4320 Octaviani
1319 4266 1407 4323 ⁶²¹.
1464 4266 1679 4323 Mortuo
1747 4269 1880 4324 Har-

2000 1831 2056 1880 et
2074 1825 2309 1880 clericus
2334 1824 2480 1900 regis
2511 1825 2812 1899 Anglorum
2832 1825 2922 1878 5“.

2072 1915 2290 1986 Leupus
2321 1932 2413 1970 rex
2467 1914 2725 1970 Valencie
2781 1922 2839 1969 et
2869 1914 3091 1979 Murcie,
3150 1916 3279 1972 licet
3302 1918 3526 1989 gentilis
3563 1927 3621 1974 et

1998 2003 2298 2077 Agarenus,
2357 2018 2590 2057 munera
2627 2001 2875 2077 ingentia
2929 2004 2985 2058 in
3017 2020 3149 2061 auro
3190 2012 3243 2061 et
3267 2007 3449 2063 serico
3478 2014 3535 2063 et
3560 2008 3618 2063 in

1997 2090 2120 2146 aliis
2146 2091 2441 2162 speciebus
2467 2102 2522 2146 et
2570 2091 2624 2145 in
2659 2091 2819 2163 equis
2852 2097 2905 2147 et
2931 2093 3158 2148 camelis
3189 2094 3354 2151 mittit
3379 2095 3616 2151 Henrico

1998 2180 2113 2253 regi
2144 2180 2464 2252 Anglorum,
2497 2179 2731 2254 grandia
2785 2187 2839 2236 et
2870 2181 2985 2251 ipse
3027 2182 3095 2235 ab
3126 2184 3324 2238 eodem
3357 2191 3619 2255 receptu-

1998 2284 2108 2322 rus.
2142 2267 2481 2322 Raimundus
2537 2269 2900 2343 Berengarius
2930 2285 3117 2325 comes
3165 2270 3614 2342 Barcinonensis,

1995 2359 2079 2414 vir
2133 2359 2391 2415 omnibus
2442 2359 2609 2415 bonis
2681 2361 3051 2435 plangendus,
3107 2364 3363 2430 moritur,
3425 2365 3619 2420 relicto

1996 2449 2111 2507 filio
2135 2450 2407 2518 Anforsio,
2435 2452 2530 2523 qui
2586 2451 2760 2507 factus
2809 2460 2893 2508 est
2922 2471 3017 2508 rex
3060 2454 3396 2527 Arragonum
3425 2474 3439 2523 ;
3469 2458 3621 2529 quod

1996 2555 2225 2611 regnum
2256 2541 2306 2593 ei
2338 2541 2613 2596 acciderat
2640 2558 2705 2596 ex
2736 2549 2982 2598 materno
3014 2560 3240 2617 genere.
3293 2545 3619 2601 Fredericus

1994 2628 2417 2684 Alemannorum
2460 2630 2762 2701 imperator
2800 2639 2853 2687 et
2903 2633 3209 2689 Ludovicus
3239 2650 3332 2689 rex
3377 2635 3618 2691 Franco-

1997 2737 2136 2787 rum;
2171 2736 2293 2774 cum
2326 2737 2492 2791 super
2523 2722 2745 2776 fluvium
2781 2722 3080 2797 Sagonam,
3132 2726 3278 2795 quod
3308 2726 3617 2797 antiquitus

1994 2813 2127 2865 Arar
2153 2813 2473 2877 vocabatur,
2527 2813 2594 2868 de
2636 2831 2769 2884 pace
2825 2816 3105 2870 tractaturi
3160 2818 3456 2872 convenire
3514 2819 3620 2873 de-

1996 2903 2249 2958 buissent
2308 2906 2521 2975 (Sept),
2590 2914 2816 2976 repente
2876 2914 3085 2963 mutato
3144 2908 3329 2963 animo
3391 2917 3622 2981 prepter

1994 2995 2195 3049 scisma
2213 2995 2515 3063 Octaviani,
2539 2999 2697 3066 cujus
2728 3009 2911 3068 partes
2960 2999 3617 3070 imperatoriadjuvabat,

1994 3087 2195 3143 infecto
2237 3090 2459 3160 negotio
2485 3090 2551 3143 ad
2585 3092 2807 3161 pr0pria
2864 3092 3167 3160 redierunt.
3203 3093 3412 3148 Exinde
3446 3110 3615 3164 parvo

1993 3181 2181 3250 spacio
2213 3184 2475 3252 temporis
2530 3183 2845 3251 interjeeto,
2908 3185 3214 3242 Ludovicus
3246 3203 3339 3242 rex
3378 3185 3622 3243 Franco-

1995 3288 2113 3326 rum
2142 3278 2195 3326 et
2219 3273 2483 3327 Henricus
2512 3290 2603 3327 rex
2642 3276 2938 3349 Anglorum
2982 3292 3150 3346 super
3197 3276 3432 3349 Ligerim
3464 3278 3613 3348 apud

1994 3360 2276 3416 Cociacum
2310 3364 2730 3431 convenientes,
2787 3367 3152 3422 Alexandrum
3176 3382 3372 3438 papam
3417 3368 3621 3423 Roma-

1997 3466 2125 3504 num
2179 3451 2389 3506 honore
2445 3467 2691 3527 congruo
2748 3463 3136 3525 susceperunt,
3187 3462 3241 3511 et
3278 3458 3380 3515 ,usi
3431 3457 3618 3514 officio

1996 3540 2269 3607 stratoris,
2310 3541 2525 3611 pedites
2553 3542 2743 3597 dextra
2773 3543 3002 3616 levaque
3032 3546 3252 3603 frenum
3282 3548 3411 3620 equi
3438 3548 3618 3620 ipsius

1999 3637 2272 3699 tenentes,
2332 3648 2458 3687 eum
2516 3650 2691 3706 usque
2744 3635 2812 3689 ad
2863 3646 3218 3708 preparatum
3273 3640 3614 3710 papilionem

1998 3724 2390 3794 perduxerunt.
2422 3726 2537 3790 Quo
2570 3726 2870 3795 mediante,
2904 3729 3015 3785 Deo
3051 3729 3294 3797 favente,
3327 3748 3429 3804 pax
3470 3733 3616 3788 inter

1986 3830 2083 3871 eos
2108 3814 2263 3871 firma
2324 3817 2572 3872 restituta
2629 3825 2731 3873 est.
2794 3819 3101 3877 Richardus
3142 3822 3441 3895 episcopus
3469 3824 3614 3880 Lon-

1987 3907 2119 3963 doni
2150 3908 2380 3985 moritur
2404 3909 2490 3964 5’5.
2554 3908 2819 3965 Henricus
2873 3928 2965 3967 rex
2998 3913 3270 3969 ordinatis
3299 3922 3354 3970 et
3385 3931 3620 3986 compo-

1987 3995 2106 4050 sitis
2138 3984 2322 4063 rebus,
2369 4005 2425 4053 et
2474 3998 2716 4053 castellis
2766 3999 2882 4054 suis
2915 4000 2969 4055 in
3001 3984 3615 4076 Normannia,Aqui—ta-

1988 4087 2099 4154 nia,
2133 4089 2465 4163 Andegavia,
2520 4097 2574 4144 et
2633 4091 2797 4145 etiam
2831 4092 2888 4146 in
2938 4092 3254 4162 Wasconia,
3287 4095 3343 4150 in
3370 4096 3612 4153 adventu

1991 4176 2202 4232 Domini
2233 4178 2383 4232 venit
2425 4178 2848 4247 Barbeﬂuvium,
2901 4181 3096 4236 volens
3126 4182 3170 4236 si
3203 4191 3391 4253 posset
3430 4190 3612 4240 trans-

1983 4268 2185 4325 fretare
2207 4279 2333 4325 ante
2356 4271 2593 4325 natalem
2618 4272 2873 4339 Domini;
2908 4274 3004 4329 sed
3047 4281 3212 4330 vento
3246 4276 3608 4347 prohibente,

273 4355 446 4411 duino
501 4355 921 4428 archiepiscopo
984 4358 1359 4433 Burdigalensi
1402 4362 1549 4433 apud
1617 4362 1882 4421 Montem-
1902 4355 1960 4423 D
1984 4363 2097 4436 egit
2125 4363 2357 4417 natalem
2389 4363 2606 4418 Domini
2636 4380 2757 4418 cum
2794 4365 2987 4440 regina
3018 4366 3239 4422 Alienor
3265 4368 3413 4439 apud
3435 4369 3606 4424 Cesa-

271 4449 652 4519 pessulanum,
682 4453 812 4517 dum
840 4453 1044 4509 ibidem
1095 4455 1150 4508 in
1181 4454 1334 4510 curia
1373 4457 1562 4511 domni
1592 4475 1735 4530 pape
1767 4475 1889 4515 mo-

270 4547 505 4601 raretur.
554 4542 851 4613 episcopus
905 4542 1251 4599 Lactorensis
1302 4545 1448 4617 (640)
1503 4547 1554 4601 ei
1596 4550 1885 4608 successit.

269 4627 455 4696 Fame,
498 4634 827 4688 mortalitate
871 4635 1220 4699 cismontani,
1284 4638 1520 4693 maxime
1578 4640 1632 4693 in
1667 4642 1890 4711 Aquita-

269 4714 382 4783 nia,
443 4718 710 4788 laborant,
772 4721 1067 4778 Rainaldus
1119 4726 1189 4781 de
1238 4724 1567 4781 Castellione
1622 4730 1880 4801 princeps

266 4807 555 4864 Antiochie
585 4811 713 4865 dum
758 4811 977 4884 incapte
1026 4816 1079 4870 in
1142 4825 1338 4871 terram
1391 4819 1760 4891 Agarenorum
1796 4822 1881 4876 in-

266 4905 392 4964 trat,
424 4902 615 4958 multis
644 4919 867 4960 suorum
925 4908 1122 4962 occisis
1174 4910 1258 4963 vel
1300 4910 1477 4981 captis
1517 4911 1752 4981 ipsemet
1782 4931 1876 4969 ca-

263 4988 431 5058 pitur.
463 4990 698 5047 Thomas
735 4994 1097 5051 cancellarius
1151 4997 1298 5073 regis
1340 4998 1637 5071 Anglorum
1694 4999 1755 5055 fit
1783 5017 1873 5057 ar-

1991 4452 2067 4506 ris
2083 4452 2341 4525 Burgum.
2370 4451 2587 4507 Manuel
2618 4452 2916 4523 imperator
2965 4454 3611 4529 Constantinopolitanus

1991 4549 2144 4604 duxit
2175 4549 2545 4605 Constantiam
2604 4549 2775 4606 tiliam
2842 4554 3073 4609 secundi
3132 4555 3608 4612 Boamundiuxo-

1991 4656 2127 4697 rem.
2160 4641 2223 4695 Et
2248 4642 2601 4696 Boamundus
2631 4642 2846 4711 tertius,
2878 4642 3047 4699 frater
3106 4645 3355 4716 predicte
3396 4645 3605 4717 puelle,

1990 4730 2164 4785 factus
2194 4737 2276 4784 est
2301 4729 2578 4800 princeps,
2620 4729 2812 4786 vitrico
2860 4747 2963 4787 suo
2989 4732 3045 4787 in
3085 4733 3401 4803 captivitate
3430 4750 3607 4790 rema-

1982 4832 2147 4881 nente
2176 4823 2442 4879 Rainaldo
2474 4826 2563 4879 6’5.

1980 4914 2138 4971 1163.
2216 4915 2525 4969 Fredericus
2567 4915 2650 4971 12.
2729 4917 3031 4972 Ludovicus
3084 4917 3174 4973 26.
3255 4919 3518 4973 Henricus
3542 4918 3599 4975 9.

2051 5005 2235 5060 Mense
2262 5006 2522 5063 Januario
2551 5024 2645 5062 rex
2678 5008 2943 5063 Henricus
2974 5008 3225 5063 transivit
3248 5010 3304 5064 in
3326 5009 3602 5083 Angliam,

1604 5130 1824 5186 VARM‘J
1866 5134 2140 5193 LECTION
2147 5134 2243 5189 ES.

296 5264 307 5271 κ
341 5224 410 5260 ⁶²⁰
432 5226 527 5298 Hic
551 5225 705 5298 inﬂE.
724 5228 931 5298 pagina
960 5227 1230 5282 desinente
1254 5246 1446 5284 manus
1475 5231 1719 5287 habitum
1747 5238 1939 5289 mutat.
1972 5239 2159 5291 Restat
2207 5241 2390 5292 tamen
2465 5238 2667 5295 eadem.
2732 5239 2797 5274 ⁶²¹
2843 5238 3152 5295 Richardus
3206 5272 3269 5281 —
3318 5241 3601 5298 Octaviani

260 5295 450 5376 desunt
478 5296 800 5376 8b_.8h._°_ff
825 5299 1161 5376 T‘homas_—
1187 5300 1338 5376 Cant.
1393 5302 1586 5376 desunt
1608 5304 1822 5376 8b.78h.
1885 5307 1954 5341 ⁶²³
1982 5306 2186 5362 Eodem
2240 5338 2308 5348 —
2364 5308 2486 5376 ejus
2526 5311 2712 5365 desunt
2749 5309 2842 5364 8b.
2871 5311 2964 5365 8h.
3015 5311 3084 5346 ⁵³⁸
3140 5295 3597 5368 δοὺεηὴὲέλῖίξ

257 5365 712 5451 glorumz‘desun-t
738 5369 925 5451 _8b‘.8h
976 5370 1043 5403 ⁸³⁵
1070 5370 1130 5423 Ε.
1173 5386 1223 5426 c.
1255 5372 1309 5426 L.
1337 5388 1410 5427 m.
1437 5374 1635 5429 desunt
1679 5375 1770 5430 8b.
1803 5377 1899 5431 8h.
1924 5378 1993 5413 ⁶²⁶
2018 5379 2223 5434 Aanuel
2274 5365 2616 5438 —Rainaldo
2656 5386 2846 5451 postea
2875 5365 3156 5438 additum.
3181 5365 3598 5441 'séé‘iib'éaa'éin

1805 5518 2012 5574 ΝΟΤᾸΕ.

257 5446 446 5492 manu.
476 5438 696 5507 Reliqui
733 5440 928 5496 habent
954 5454 1152 5496 omnes.

326 5603 470 5675 (640)
496 5603 778 5675 Lectoure,
798 5608 1058 5666 subditus
1078 5609 1577 5683 archiepiscopatui
1609 5615 1896 5673 Auscenci.
