3930 6068
301 369 406 424 497

446 513 783 555 ιουΑκοιιωι
794 539 806 552 ο
953 513 1272 554 FRANCOHUM
1285 541 1294 552 .
1443 511 1751 552 ANGLORUM.

304 587 424 658 ipse
455 595 508 642 et
539 586 752 662 regina,
787 597 843 642 et
881 603 1004 642 cum
1038 603 1238 660 magno
1268 586 1470 662 gaudio
1509 592 1798 657 susceptus
1837 592 1920 640 est

303 679 374 734 ab
395 679 655 736 omnibus
693 679 808 734 fere
841 679 1184 751 principibus
1215 680 1412 751 patrie,
1443 679 1538 751 qui
1567 695 1695 734 eum
1733 679 1790 732 in
1837 677 1918 731 lit-

303 777 424 825 tore
481 770 863 840 expectabant.
903 769 1022 824 Jam
1075 770 1222 825 enim
1285 770 1553 825 Henricus
1598 768 1744 824 ﬁlius
1797 769 1919 838 ejus

304 869 666 935 precesserat,
721 871 776 918 et
804 863 948 918 sicut
1005 863 1058 918 in
1108 863 1462 931 Normannia,
1515 865 1592 920 sic
1631 863 1687 918 in
1725 863 1918 936 Anglia

303 953 554 1026 homagia
585 960 640 1008 et
671 952 963 1008 fidelitates
1002 954 1271 1010 baronum
1289 965 1343 1010 et
1375 955 1611 1010 militum
1643 954 1908 1026 suscepit.

301 1045 730 1117 Archiepiscopo
781 1045 1139 1118 Lugdunensi
1187 1046 1678 1118 (6111)deﬁciente,
1737 1048 1917 1104 clerus

301 1147 354 1194 et
381 1141 621 1212 p0pulus
654 1140 969 1196 coniventia
1019 1141 1293 1196 Frederici
1327 1141 1674 1213 imperatoris
1730 1142 1916 1213 elege-

301 1229 427 1286 runt
452 1231 810 1287 Guillermum
859 1230 1034 1287 filium
1079 1233 1296 1289 comitis
1337 1233 1600 1289 Teobaldi
1657 1233 1910 1298 senioris,

301 1323 448 1394 quod
486 1313 666 1380 etiam'
684 1341 827 1398 papa
883 1325 1194 1380 Alexander
1233 1325 1527 1382 concessit.
1579 1325 1679 1380 Illa
1728 1331 1915 1382 autem

297 1413 452 1480 urbs,
479 1427 589 1484 que
620 1411 700 1467 cis
725 1413 1010 1468 Rodanum
1044 1421 1146 1480 est,
1179 1413 1247 1469 ad
1271 1431 1500 1488 regnum
1530 1413 1759 1483 Francie
1789 1431 1912 1486 per-

298 1505 468 1574 tinet;
494 1505 594 1560 sed
616 1505 748 1578 quia
767 1503 940 1581 Guigo
969 1505 1038 1541 ⁶²⁷
1069 1505 1312 1562 Dalfinus
1342 1513 1396 1562 et
1418 1505 1792 1576 Forojulensis
1818 1524 1914 1564 ce-

297 1596 460 1653 mites
490 1613 638 1652 anno
695 1597 962 1668 preterito
1013 1597 1204 1654 fraude
1259 1615 1380 1654 eam
1435 1599 1686 1670 predicto
1728 1597 1913 1655 archi-

296 1685 559 1756 episcOpo
587 1685 956 1754 abstulerunt,
987 1702 1093 1742 nec
1147 1703 1247 1757 per
1276 1703 1462 1760 regem
1521 1687 1748 1744 Francie
1787 1705 1908 1744 eam

295 1773 561 1830 rehabere
587 1775 784 1846 potuit,
819 1775 946 1832 ideo
977 1776 1124 1832 idem
1151 1777 1604 1848 archiepiscopus
1631 1777 1910 1834 transtulit

1173 368 1521 424 CHHONICA.
1563 398 1630 408 —
1669 367 2047 423 AUCTARlUM
2087 366 2368 446 RQBERTI
2407 366 2490 421 DE
2531 365 2776 422 ΜΟΝΤΕ.

1943 501 1994 568 Α
2020 496 2126 550 trui
2158 496 2262 562 sui,
2299 511 2396 566 per
2427 495 2770 566 aliquantum
2801 495 3068 566 temporis
3116 495 3221 552 fuit
3273 496 3447 552 abbas
3477 497 3635 554 Hom-

1939 1820 1988 1888 Β

3525 369 3634 425 498

2021 589 2226 642 mensis
2256 589 2312 642 in
2354 588 2579 659 Anglia;
2639 604 2748 658 qua
2805 587 3027 642 abbatia
3080 589 3270 644 relicta
3319 588 3423 644 fuit
3459 590 3633 646 abbas

2019 674 2390 731 Certesiensis.
2443 678 2640 731 lterum
2675 677 2772 731 illa
2821 678 3017 732 relicta
3057 679 3208 733 venit
3245 679 3300 733 in
3355 679 3630 734 Franciam
3663 739 3666 742 ,

2016 767 2084 821 ad
2113 778 2345 840 nepotes
2367 783 2494 822 suos
2522 768 2816 824 Henricum
2843 776 2898 824 et
2925 769 3338 836 Theobaldum;
3374 778 3429 826 et
3457 771 3558 838 sic,
3576 779 3636 829 ut

2018 861 2278 926 diximus,
2308 860 2484 915 factus
2515 866 2594 914 est
2625 859 2798 915 abbas
2839 861 3259 916 Latiniacensis.
3299 861 3635 919 Gislebertus

2019 954 2314 1024 episcopus
2361 951 2801 1020 Herefordensis,
2865 967 3082 1010 mortuo
3122 954 3355 1010 Ricardo
3412 955 3634 1012 Lundo-

2017 1039 2196 1094 niensi
2226 1042 2508 1112 episcOpo,
2538 1043 2835 1098 translatus
2864 1053 2950 1098 est
2973 1045 3042 1098 ad
3073 1045 3305 1100 eandem
3333 1045 3544 1114 sedem,
3576 1052 3633 1100 et

2019 1133 2282 1207 magister
2310 1133 2583 1188 Robertus
2604 1135 2672 1189 de
2699 1135 2998 1204 Mileduno,
3031 1153 3238 1208 genere
3267 1136 3544 1212 Anglicus,
3577 1144 3634 1194 et

2017 1228 2354 1302 grandevus,
2390 1228 2566 1284 factus
2591 1236 2676 1284 est
2706 1231 3002 1302 episcopus
3051 1231 3489 1288 Herefordensis.
3523 1233 3632 1288 Bo-

2014 1317 2202 1392 gerius
2232 1316 2378 1372 ﬁlius
2433 1319 2654 1373 Hoberti
2684 1320 2902 1375 comitis
2953 1321 3268 1378 Glcecestrie
3309 1323 3520 1378 electus
3546 1327 3633 1378 est

2013 1413 2081 1466 ad
2137 1412 2518 1482 episcopatum
2571 1413 3010 1488 Wigorniensem
3066 1415 3154 1470 °3°.
3203 1416 3388 1472 Mense
3437 1415 3628 1473 Martio

2013 1503 2151 1560 obiit
2181 1504 2386 1561 tercius
2415 1505 2718 1561 Balduinus
2743 1521 2839 1561 rex
2861 1507 3188 1575 Jerusalem,
3212 1507 3296 1562 vir
3323 1523 3424 1579 per
3441 1507 3630 1564 omnia

2014 1595 2392 1670 plangendus;
2451 1605 2506 1653 et
2534 1597 2802 1654 successit
2851 1599 2902 1654 ei
2936 1599 3238 1655 Amalricus
3273 1599 3444 1656 frater
3485 1600 3627 1669 ejus.

2013 1684 2146 1740 Huic
2176 1686 2444 1742 Balduino
2483 1702 2515 1740 a
2553 1703 2796 1758 superna
2823 1687 3120 1744 clementia
3157 1703 3482 1744 concessum
3523 1694 3626 1758 est,

2010 1780 2069 1828 ut
2100 1774 2422 1829 Ascalonem
2451 1781 2695 1846 caperet,
2723 1783 2780 1831 et
2805 1777 3084 1848 Agarenos
3106 1777 3410 1848 expelleret
3439 1785 3494 1832 et
3512 1793 3630 1834 ser-

296 1879 355 1919 se
393 1863 462 1918 ad
520 1863 939 1934 imperatorem;
991 1866 1086 1937 qui
1145 1866 1446 1936 predictam
1503 1865 1780 1922 civitatem
1827 1862 2143 1922 ei-“vitio
2173 1863 2363 1919 divino
2417 1865 2788 1935 manciparet;
2849 1867 2999 1937 quod
3030 1881 3136 1922 nec
3187 1867 3358 1922 David
3399 1874 3630 1938 propter

297 1951 421 2006 dem
451 1952 713 2020 restituit,
746 1962 800 2008 et
829 1962 1031 2009 extunc
1060 1953 1129 2008 ab
1157 1969 1226 2008 eo
1257 1954 1405 2009 illam
1439 1955 1616 2010 tenuit
1645 1955 1712 1989 ⁸³⁸
1745 1953 1909 2026 (642).

295 2039 559 2096 Rotrocus
619 2042 914 2113 episcOpus
957 2042 1304 2098 Ebroicensis
1381 2049 1436 2098 et
1481 2042 1784 2098 Rainaldus
1841 2041 1910 2097 de

287 2129 484 2185 Sancto
517 2130 756 2186 Walerio
805 2117 1055 2187 fecerunt
1087 2132 1142 2185 in
1185 2132 1522 2188 Normannia
1573 2147 1910 2204 cognoscere

279 2217 439 2286 jussu
459 2217 628 2292 regis,
661 2235 759 2289 per
783 2218 1158 2290 epiSCOpatus,
1182 2219 1388 2294 legales
1423 2219 1674 2276 redditus
1697 2227 1752 2275 et
1769 2235 1902 2276 con-

285 2306 612 2362 suetudines
650 2307 719 2361 ad
749 2323 936 2380 regem
992 2319 1048 2363 et
1079 2308 1315 2364 barones
1369 2309 1731 2378 pertinentes.
1774 2308 1905 2364 Phi-

283 2401 467 2473 lippus
504 2401 801 2474 episcopus
835 2403 1153 2472 Bajoccnsis
1185 2418 1372 2459 mense
1415 2403 1707 2459 Februario
1734 2403 1904 2460 mori-

281 2503 390 2559 tur,
425 2495 516 2566 qui
541 2493 644 2548 fuit
675 2495 758 2549 vir
793 2495 1042 2566 prudens
1070 2503 1125 2550 et
1149 2501 1363 2550 astutus
1393 2495 1450 2549 in
1475 2495 1904 2568 augmentandis

281 2595 337 2640 et
367 2586 692 2642 revocandis
724 2586 890 2642 rebus
945 2586 1093 2643 illius
1135 2586 1394 2650 ecclesie,
1451 2594 1507 2640 et
1547 2587 1775 2641 multum
1826 2587 1900 2642 ibi

279 2676 548 2748 profecit;
605 2679 704 2734 sed
735 2679 1010 2750 sapientia
1063 2679 1226 2748 hujus
1263 2677 1458 2734 mundi
1517 2677 1760 2734 stulticia
1815 2685 1900 2736 est

277 2772 427 2841 apud
458 2773 650 2827 Deum.
684 2773 778 2828 Hic
798 2789 858 2827 se
890 2773 1121 2830 dederat
1151 2774 1487 2829 monasterio
1518 2773 1782 2829 Beccensi
1827 2775 1893 2830 ad

273 2865 686 2933 monachatum,
727 2867 826 2921 sed
857 2882 967 2923 non
997 2874 1078 2922 est
1109 2866 1166 2922 in
1202 2867 1426 2922 homine
1456 2867 1544 2921 via
1595 2866 1734 2938 ejus.
1765 2866 1894 2922 Pre-

268 2962 472 3010 ventus
499 2957 648 3012 enim
688 2957 791 3014 fuit
819 2967 1018 3025 morte,
1053 2975 1154 3014 nec
1211 2959 1358 3031 quod
1393 2967 1756 3030 proposuerat
1787 2959 1891 3013 im-

271 3043 429 3114 plere
473 3046 687 3116 potuit;
743 3047 1010 3103 librorum
1039 3054 1220 3103 tamen
1251 3047 1458 3118 septies
1505 3047 1696 3122 viginti
1728 3049 1886 3104 volu-

2011 1955 2356 2010 sanctitatem
2387 1971 2567 2022 suam,
2607 1971 2714 2010 nec
2738 1955 3015 2011 Salomoni
3047 1964 3275 2028 propter
3297 1957 3624 2028 sapientiam

2011 2056 2066 2102 et
2113 2047 2335 2104 divitias
2380 2064 2508 2123 suas
2542 2089 2555 2112 ,
2595 2063 2721 2111 ,nec
2776 2048 3006 2103 Ezechie
3071 2056 3300 2120 prepter
3354 2049 3623 2118 justitiam

2010 2151 2190 2204 suam,
2219 2152 2321 2191 nec
2341 2137 2506 2192 alicui
2536 2143 2698 2191 antea
2726 2153 2953 2209 regnum
2977 2136 3306 2208 permissum
3333 2137 3528 2192 fuerat.
3563 2138 3624 2192 in

2007 2225 2216 2280 octavis
2241 2234 2592 2297 pentecostes
2616 2227 2920 2281 Alexander
2939 2243 3082 2298 papa
3113 2227 3290 2282 tenuit
3319 2227 3618 2283 concilium

2005 2317 2261 2383 Turonis,
2294 2319 2350 2372 in
2381 2334 2492 2390 quo
2547 2316 3043 2375 excommuriicavit
3099 2319 3452 2375 Octavianum
3493 2334 3617 2374 cum

2005 2409 2129 2464 aliis
2157 2411 2486 2466 scismaticis
2511 2417 2565 2466 et
2593 2411 2957 2482 complicibus
2985 2411 3122 2467 suis.
3160 2411 3218 2466 In
3250 2411 3345 2468 illo
3381 2410 3617 2468 concilio

2004 2502 2112 2557 duo
2152 2501 2419 2572 episcOpi,
2448 2517 2682 2574 quorum
2715 2517 2859 2557 unus
2884 2511 3130 2558 sacratus
3161 2503 3341 2558 fuerat
3370 2518 3472 2574 per
3496 2517 3620 2556 ma-

2003 2603 2132 2642 num
2198 2589 2664 2644 Terrachonensis
2717 2590 3125 2662 archiepiscopi
3205 2592 3616 2664 metropolitani

2001 2683 2105 2748 sui,
2135 2682 2274 2737 alter
2302 2699 2400 2754 per
2424 2683 2746 2739 Toletanum
2797 2685 3278 2756 archiepiscopum
3315 2687 3488 2742 totius
3521 2689 3616 2744 Hi-

1998 2771 2190 2842 spanie
2223 2771 2534 2842 primatem,
2576 2773 2789 2844 expulsi
2815 2774 3026 2828 suntde
3057 2775 3293 2830 ecclesia
3318 2775 3610 2848 Pampulo-

1997 2863 2184 2930 nensi,
2212 2863 2280 2918 ad
2309 2863 2465 2934 cujus
2493 2865 2713 2920 titulum
2752 2865 2914 2921 ambo
2952 2866 3147 2921 sacrati
3191 2877 3369 2931 erant.
3407 2875 3464 2924 et
3503 2875 3611 2924 ter-

1991 2953 2111 3008 cius
2136 2953 2468 3025 subrogatus
2509 2962 2610 3010 est.
2667 2955 2782 3010 lllis
2831 2958 3014 3010 tamen
3055 2955 3274 3012 duobus
3323 2957 3459 3013 ordo
3491 2957 3611 3030 epi-

1990 3045 2144 3114 scepi
2177 3045 2398 3112 mansit,
2441 3055 2498 3100 et
2529 3061 2854 3101 concessum
2883 3052 2986 3110 est,
3016 3053 3078 3101 ut
3127 3046 3176 3100 si
3230 3053 3490 3104 vacantes
3517 3063 3611 3103 ec-

272 3135 425 3191 mina
455 3137 532 3191 illi
569 3137 680 3206 jam
721 3139 950 3194 dederat
978 3139 1047 3174 ⁶²⁹
1077 3139 1242 3210 (643).
1303 3139 1513 3194 Bellum
1549 3139 1774 3194 Roberti
1817 3140 1886 3195 de
1910 3182 1960 3250 Ο
1987 3133 2154 3188 clesie
2175 3149 2272 3189 eos
2301 3143 2582 3202 vocarent,
2609 3133 2805 3190 ﬁerent
2835 3150 3026 3190 earum
3042 3135 3295 3205 presules
3315 3135 3406 3191 ⁸³³.

272 3225 447 3250 [Ωιι-ιι-
489 3228 631 3250 Π-..ιῖ
670 3245 782 3250 ---μ
832 3230 1059 3250 ll____!_-
1108 3231 1161 3250 -ι,
1208 3231 1418 3250 Π------
1467 3245 1557 3250 μ---
1608 3229 1659 3250 ll,
1679 3247 1728 3250 η-
1767 3247 1855 3250 .-__
2059 3225 2192 3250 ᾹΔΩΙ
2261 3226 2561 3250 ιτ-ΑΔΑ...⁶Α..-
2589 3225 2657 3250 ΔΟ
2713 3227 3010 3250 T-..L....‘....-
3033 3226 3100 3250 ω’]
3157 3225 3406 3250 αμυὲμ-.-

267 3225 449 3282 Monte
489 3228 632 3283 Forti
663 3245 788 3284 cum
832 3230 1066 3286 Henrico
1099 3231 1168 3285 de
1207 3231 1427 3285 Essessa
1467 3245 1564 3302 pro
1608 3229 1738 3306 fuga
1767 3247 1887 3302 pre-
1911 3225 1960 3250 υ
2059 3225 2217 3280 “64-
2251 3226 2562 3281 Fredeﬂ'cus
2589 3225 2674 3282 13.
2704 3227 3010 3282 Ludovicus
3033 3226 3124 3280 27.
3150 3225 3412 3282 Henricus
3443 3226 3534 3282 10.

261 3316 328 3371 lii
350 3328 540 3374 contra
571 3317 893 3386 Gualenses,
927 3320 985 3375 in
1013 3337 1122 3392 quo
1163 3321 1339 3376 isdem
1365 3322 1628 3377 Henricus
1657 3321 1884 3390 defecit,

265 3418 324 3463 et
368 3410 762 3479 exheredatus,
811 3411 986 3467 factus
1024 3419 1106 3468 est
1149 3413 1452 3469 monachus
1499 3413 1885 3489 Hadingensis.

271 3499 560 3557 Walenses
590 3503 798 3558 subditi
829 3513 960 3559 sunt
987 3505 1104 3580 regi
1136 3505 1370 3562 Henrico
1392 3506 1462 3561 ad
1493 3505 1730 3561 libitum.
1755 3505 1892 3560 Mal-

267 3611 464 3651 comus
512 3612 605 3652 rex
666 3598 847 3655 Scotie
886 3597 1015 3656 fecit
1066 3601 1384 3674 homagium
1437 3601 1688 3668 Henrico,
1744 3601 1894 3676 regis

273 3685 576 3758 Anglorum
619 3685 755 3755 ﬁlio,
778 3695 835 3744 et
877 3688 1032 3744 dedit
1064 3690 1178 3764 regi
1211 3689 1458 3755 obsides,
1489 3689 1700 3744 scilicet
1739 3687 1894 3744 dedit

274 3771 500 3827 fratrem
531 3789 688 3829 suum
721 3775 992 3831 minorem
1047 3783 1102 3832 et
1141 3777 1407 3848 quosdam
1449 3777 1521 3832 de
1572 3775 1701 3831 ﬁliis
1729 3776 1891 3832 baro-

270 3878 407 3918 num
441 3879 693 3929 suorum,
725 3867 795 3922 de
823 3884 961 3938 pace
989 3869 1230 3924 tenenda
1261 3879 1316 3924 et
1345 3884 1446 3940 pro
1486 3869 1728 3925 castellis
1755 3869 1890 3936 suis,

267 3969 378 4026 que
417 3971 512 4011 rex
540 3957 757 4014 volebat
796 3959 1026 4014 habere.
1077 3959 1307 4025 Quidam
1350 3961 1546 4034 gartio,
1579 3961 1895 4016 coniventia

266 4052 672 4106 monachorum
718 4059 779 4107 ut
831 4053 1098 4121 creditur,
1143 4054 1346 4110 occidit
1399 4055 1654 4111 abbatem
1710 4055 1892 4112 Sancti

266 4133 554 4197 Παλίωἰηὶ
587 4144 1033 4212 Aurelianensis;
1083 4153 1136 4201 et
1167 4163 1308 4218 papa
1360 4148 1668 4203 Alexander
1695 4153 1748 4203 et
1786 4149 1892 4203 Lu-

273 4233 506 4290 dovicus
536 4251 629 4315 rex
670 4236 997 4293 Francorum
1030 4239 1360 4310 expulerunt
1390 4240 1517 4295 inde
1549 4255 1742 4296 omnes
1774 4239 1891 4295 fere

270 4328 596 4392 monachos,
619 4334 676 4382 et
705 4344 806 4398 per
835 4327 1080 4384 diversas
1109 4328 1361 4384 abbatias
1387 4329 1787 4401 disperserunt,
1835 4336 1892 4385 et

271 4413 530 4470 fecerunt
569 4416 647 4470 ibi
681 4416 940 4473 abbatem
967 4418 1038 4474 de
1067 4418 1258 4488 Majori
1293 4419 1646 4476 Monasterio.
1679 4420 1890 4474 Simili-

268 4509 357 4556 ter
385 4519 531 4561 anno
583 4507 847 4576 preterito
886 4524 1009 4563 cum
1071 4509 1242 4564 abbas
1277 4509 1670 4566 Latiniacensis
1726 4509 1888 4581 equi-

2043 3315 2310 3372 Terricus
2367 3333 2552 3373 comes
2623 3317 2978 3374 Flandrensis
3025 3317 3175 3372 vadit
3215 3319 3599 3374 Jerosolimam

1989 3406 2188 3472 tercio,
2209 3414 2263 3462 et
2300 3406 2449 3462 ﬁlius
2477 3409 2600 3478 ejus
2627 3409 3032 3483 primogenitus
3079 3407 3368 3480 Philippus
3397 3408 3450 3463 ei
3489 3423 3613 3464 suc-

1991 3495 2218 3561 cedens,
2250 3495 2414 3551 ducta
2443 3495 2616 3552 altera
2641 3495 2878 3550 ﬁliarum
2909 3493 3124 3550 Radulﬁ
3155 3493 3395 3550 senioris
3423 3493 3600 3551 comi-

1993 3584 2063 3640 tis
2090 3583 2562 3650 Viromandensis,
2597 3589 2651 3638 et
2679 3583 2846 3638 fratre
2894 3582 3080 3638 uxoris
3107 3598 3207 3638 sue
3229 3581 3454 3650 juniore
3501 3581 3610 3638 Ra-

1993 3675 2148 3732 dulfo
2169 3675 2368 3731 comite
2395 3675 2712 3747 elephantia
2731 3689 3016 3746 percusso,
3041 3691 3141 3748 per
3169 3689 3398 3730 uxorem
3425 3671 3487 3728 ﬁt
3507 3672 3611 3729 do-

1995 3765 2177 3820 minus
2216 3764 2450 3820 duorum
2479 3763 2860 3830 comitatuum,
2896 3763 3109 3820 scilicet
3160 3761 3612 3819 Viromandensis

1995 3862 2050 3911 et
2105 3855 2302 3912 Montis
2360 3855 2616 3912 Disderii.
2652 3855 2955 3911 Rainaldus
2996 3854 3338 3912 Coloniensis
3374 3854 3608 3919 electus.

1994 3947 2359 4004 cancellarius
2414 3947 2690 4004 Frederici
2746 3948 3098 4020 imperatoris
3153 3947 3606 4015 Alemannorum,

1992 4041 2274 4096 transtulit
2302 4039 2462 4095 trium
2489 4055 2778 4112 magorum
2806 4055 3038 4112 corpora
3067 4040 3137 4096 de
3163 4038 3472 4096 Mediolano
3497 4036 3608 4094 Co-

1993 4131 2225 4198 loniam;
2263 4147 2498 4204 quorum
2538 4147 2770 4204 corpora
2799 4132 2928 4204 quia
2969 4133 3214 4188 balsamo
3245 4141 3300 4188 et
3331 4131 3454 4186 aliis
3485 4130 3606 4206 pig-

1992 4224 2194 4280 mentis
2225 4223 2448 4280 condita
2487 4223 2724 4292 fuerant,
2765 4224 2982 4300 integra
3023 4224 3282 4290 exterius,
3341 4230 3609 4296 quantum

1990 4311 2061 4367 ad
2090 4320 2273 4368 cutem
2305 4319 2359 4368 et
2395 4313 2648 4384 capillos,
2678 4313 2968 4369 durabant.
2999 4313 3198 4368 Eorum
3231 4311 3460 4392 primus,
3495 4309 3607 4365 sic-

1991 4412 2050 4460 ut
2077 4405 2212 4458 mihi
2247 4405 2452 4472 retulit,
2481 4404 2574 4477 qui
2605 4420 2701 4460 eos
2725 4421 2785 4460 se
2813 4404 3019 4459 vidisse
3049 4402 3381 4468 afﬁrmabat,
3419 4415 3602 4473 quan-

1992 4504 2104 4552 tum
2129 4513 2193 4551 ex
2228 4496 2366 4552 facie
2397 4504 2452 4552 et
2473 4495 2686 4567 capillis
2709 4512 2900 4552 eorum
2931 4493 3332 4566 comprehendi
3357 4500 3598 4564 poterat,

487 4558 522 4561 ν,
583 4558 596 4576 ,
893 4558 1009 4563 η---
1074 4558 1239 4564 ww“
1277 4558 1667 4566 __-_-___v_-_-_-
1731 4558 1854 4581 --ιν
2540 4558 2555 4567 ,
3059 4558 3074 4566 -
3357 4558 3368 4564 .
3587 4558 3590 4559 γ

269 4600 398 4647 tans
432 4593 738 4651 invenisset
769 4597 1068 4668 quendam,
1101 4597 1196 4668 qui
1239 4598 1288 4652 ei
1323 4598 1657 4666 forifecerat,
1691 4607 1746 4653 et
1788 4597 1889 4651 mi-
1911 4558 1968 4626 Β
1993 4587 2308 4659 quindecim
2339 4604 2633 4654 annorum,
2654 4587 2930 4642 secundus
2959 4585 3206 4661 triginta,
3239 4584 3446 4640 tercius
3472 4599 3611 4656 qua-

271 4695 502 4742 na'retur
544 4696 605 4742 ut
632 4703 759 4742 eum
797 4695 1022 4758 caperet
1059 4696 1113 4744 et
1139 4689 1486 4744 destrueret:
1548 4689 1643 4744 ille
1694 4691 1897 4744 emissa

269 4778 474 4852 sagitta
505 4781 1058 4850 percussitabbatem
1087 4781 1142 4836 in
1191 4781 1352 4837 oculo
1396 4798 1572 4852 usque
1623 4782 1681 4836 in
1738 4797 1898 4836 cere-

271 4867 456 4932 brum,
491 4875 546 4921 et
569 4869 791 4923 occidit.
827 4869 922 4924 Cui
951 4871 1217 4926 successit
1249 4870 1426 4945 Hugo,
1458 4870 1724 4926 naturalis
1751 4869 1898 4926 filius

269 4957 495 5013 comitis
521 4959 827 5016 Theobaldi
877 4961 1134 5018 senioris.
1189 4963 1292 5019 [ste
1349 4961 1453 5018 fuit
1489 4963 1644 5034 prius
1701 4979 1896 5019 mona-

273 5049 418 5104 chus
443 5049 658 5108 Tironis
689 5054 858 5125 (644);
891 5060 946 5109 et
982 5059 1232 5126 tempore
1283 5055 1548 5128 Stephani
1604 5055 1750 5130 regis
1799 5069 1898 5124 pa-

1998 4683 2253 4756 draginta
2285 4681 2592 4738 videbatur.
2644 4682 2844 4736 Beatus
2872 4685 3054 4736 autem
3110 4679 3428 4756 Eustorgius
3459 4678 3609 4737 dono

1997 4775 2283 4846 cujusdam
2305 4773 2656 4846 imperatoris
2685 4773 2961 4829 transtulit
2983 4771 3108 4829 illos
3139 4772 3510 4828 Mediolanum
3537 4773 3610 4828 de

1999 4869 2491 4942 Constantinopoli,
2522 4885 2644 4924 cum
2684 4869 2920 4941 quadam
2951 4885 3147 4951 mensa
3195 4868 3286 4928 cui
3337 4884 3608 4941 superpo-

1997 4965 2086 5021 siti
2116 4971 2294 5033 erant,
2316 4961 2371 5016 in
2402 4961 2646 5035 quodam
2678 4962 2933 5018 vehiculo
2952 4961 3311 5036 parvo,quod
3342 4962 3452 5016 due
3479 4976 3611 5016 vac-

1998 5069 2061 5109 ce
2099 5052 2288 5106 divina
2315 5052 2515 5108 virtute
2562 5057 2617 5108 et
2643 5052 2924 5110 voluntate
2969 5051 3282 5109 trahebant.
3311 5047 3612 5106 Transtulit

1629 5157 1850 5215 VAHIAS
1893 5158 2260 5214 LECTIONES.

349 5255 418 5291 ⁸⁸⁷
450 5257 511 5312 G.
555 5259 711 5314 habet
748 5260 804 5314 Ε.

891 5261 962 5296 ⁶²⁸
981 5261 1224 5332 archiep.
1277 5261 1446 5332 Lugd.
1474 5291 1560 5332 7—
1603 5260 1782 5318 tenuit
1818 5261 2012 5316 desunt
2035 5259 2126 5332 8b.
2185 5259 2393 5332 ἰξῷ-,⁸³³
2423 5260 2524 5332 Hic
2549 5260 2684 5326 folio
2709 5259 3005 5332 desinente,
3035 5257 3178 5332 inii.
3211 5269 3411 5332 manus
3441 5254 3610 5332 habt-

273 5331 399 5404 tum_
419 5334 614 5386 mutat.
651 5330 747 5386 Hic
771 5361 839 5372 -—
869 5332 1100 5388 dederat
1135 5326 1328 5404 desunt
1345 5326 1438 5387 8b.
1459 5331 1552 5386 8h.
1599 5332 1667 5404 ‘3?
1697 5333 1928 5404 Quidam
1955 5331 2222 5404 gartio—
2248 5329 2692 5404 \Vigorniensem
2710 5330 2907 5404 desunt
2933 5329 3025 5385 8b.
3057 5328 3152 5383 8h.
3207 5326 3388 5382 “illic
3401 5327 3613 5398 pagina

273 5399 576 5470 desinente,
607 5417 805 5457 manus
834 5405 1081 5459 habitum
1105 5403 1394 5474 paululum
1416 5405 1615 5457 mutat.
1647 5402 1709 5456 1n
1739 5403 1832 5457 illo
1861 5433 1918 5442 —
1951 5399 2182 5456 Naboris
2209 5399 2463 5471 mart'yris
2491 5401 2686 5456 desunt
2703 5399 2793 5456 8b.
2833 5400 2928 5455 8h.

1853 5497 2063 5555 ΝΟΤᾹΞ.

353 5568 505 5638 (661)
540 5570 806 5627 Heraclio.
840 5570 1031 5636 BOUQ.

357 5641 504 5712 (642)
545 5642 693 5698 Hanc
745 5641 973 5699 Roberti
1013 5641 1385 5698 narrationem
1439 5641 1663 5698 dubiam
1694 5640 1934 5698 reddunt

286 5727 528 5836 ῗῖ-Ιὲυαξ
574 5711 730 5769 aﬁ‘ert
777 5714 1028 5785 Bouquet
1073 5713 1208 5768 Xlll.
1261 5712 1384 5779 307,
1445 5730 1479 5770 n
1521 5731 1536 5780 ;
1590 5713 1663 5770 cf.
1709 5711 1851 5770 infra
1888 5729 1937 5766 a.

292 5782 396 5837 H7

2113 5568 2261 5644 (643)
2286 5568 2526 5644 Quorum
2556 5570 2888 5644 catalogum,
2917 5567 3096 5644 primo
3135 5565 3347 5644 codicis
3372 5566 3431 5644 Β.
3466 5563 3607 5644 folio

2043 5639 2387 5711 inscriptum,
2429 5641 2560 5698 inde
2587 5639 2765 5698 edidit
2801 5639 3101 5696 Havaisson
3137 5641 3381 5710 Rapport
3404 5653 3478 5694 au
3513 5641 3618 5694 nti-

2050 5711 2581 5789 ttistre.__Par.1841.
2631 5783 2682 5789 __
2799 5783 2807 5789 _
2979 5783 3014 5789 __
3169 5783 3178 5789 _
3256 5782 3282 5789 ,
3429 5787 3436 5789 _
3550 5780 3558 5789 .

2134 5783 2276 5850 (ΕΗ)
2318 5783 2443 5839 Tiro
2487 5785 2600 5840 sive
2631 5783 2929 5848 Tironium,
2963 5783 3216 5839 diaecesis
3247 5782 3612 5838 Carnotensis.
