3916 6064
290 331 394 387 499

444 461 795 504 ROMANORUM.
891 492 894 494 η
947 463 1291 504 FRANCORUH.
1443 465 1748 507 ANGLORUM.

289 537 451 592 etiam
484 537 630 591 idem
663 532 963 590 Rainaldus
993 536 1193 591 exinde
1225 553 1426 608 corpus
1454 538 1614 593 beate
1666 538 1899 603 Valerio,

287 629 476 683 matris
523 636 837 684 sanctorum
896 640 1194 701 martyrum
1227 630 1470 685 Gervasii
1527 640 1581 684 et
1609 630 1899 697 Prothasii,

285 728 339 774 et
383 726 548 791 caput
598 717 829 775 Naboris
878 719 1149 789 martyris.
1210 719 1368 789 Apud
1426 720 1824 792 Rothomagum
1870 720 1903 775 3

287 809 558 863 Kalendas
590 808 873 863 Februarii
921 808 1059 863 obiit
1087 807 1408 862 Willermus
1461 807 1628 862 frater
1685 808 1900 862 Henrici

286 900 468 974 regis;
507 899 756 971 sepultus
786 905 870 953 est
919 898 973 952 in
1024 897 1259 953 ecclesia
1298 903 1486 951 sancte
1518 896 1705 950 Marie.
1748 884 1899 952 Circa

285 1002 507 1049 octavas
536 995 738 1065 pasche
768 1010 863 1048 rex
889 992 1152 1047 Henricus
1181 990 1309 1045 fecit
1335 991 1579 1046 dedicari
1611 992 1898 1046 ecclesiam

286 1088 448 1142 beate
477 1087 643 1141 Marie
673 1086 741 1140 de
784 1085 1069 1158 Radingis,
1126 1093 1179 1139 et
1211 1100 1311 1154 per
1344 1090 1455 1138 tres
1486 1083 1603 1137 dies
1643 1084 1900 1156 regaliter

288 1179 600 1250 procuravit
621 1184 950 1233 conventum
979 1177 1377 1231 monachorum
1407 1182 1460 1229 et
1482 1176 1746 1246 hospites,
1772 1176 1897 1231 data

286 1274 451 1329 etiam
492 1272 622 1327 dote
676 1285 787 1325 non
828 1270 1054 1323 minima
1092 1269 1272 1323 eidem
1312 1267 1565 1322 ecclesie.
1600 1266 1895 1335 Hamelius,

286 1362 549 1417 naturalis
566 1361 734 1415 frater
753 1358 992 1424 Henrici,
1011 1358 1163 1411 duxit
1194 1357 1531 1411 comitissam
1560 1356 1628 1410 de
1662 1357 1898 1410 Guaren-

285 1473 376 1523 na,
399 1457 641 1511 relictam
678 1452 942 1507 Willermi
972 1452 1187 1507 comitis
1216 1449 1513 1517 Moritonii,
1534 1450 1629 1504 ﬁlii
1664 1451 1897 1521 Stepha-

286 1545 531 1616 nifregis.
560 1544 667 1597 Hec
684 1541 786 1596 fuit
816 1540 928 1595 filia
960 1541 1114 1595 tercii
1134 1540 1399 1594 Willermi
1423 1540 1641 1594 comitis
1664 1540 1732 1594 de
1755 1540 1894 1595 Gua-

285 1653 477 1701 rcnna,
508 1636 601 1706 qui
626 1651 748 1689 cum
773 1650 900 1708 rege
917 1633 1141 1687 Fraueie
1174 1634 1447 1687 Ludovico
1481 1633 1895 1704 perrexitJeru-

1498 328 1841 384 SlGEBERTl
1886 330 2398 387 GEMBLACENSIS.

3505 336 3613 399 500

1927 457 1976 524 Α
2003 459 2246 532 Augusto
2277 458 2426 531 cepit
2454 463 2690 513 castrum
2724 455 2963 513 Conbort
3001 456 3059 511 in
3090 457 3374 515 Britannia
3411 461 3466 516 in
3495 478 3619 519 ma-

2004 567 2077 605 nu
2109 549 2275 621 regis,
2309 549 2458 621 quod
2489 547 2754 603 Radulfus
2778 548 2847 603 de
2890 548 3162 623 Fulgeriis
3189 550 3458 607 habuerat
3495 560 3621 624 post

2005 648 2236 696 mortem
2289 640 2554 696 Johannis
2603 640 2671 695 de
2724 640 2843 695 Dol.
2887 639 3094 695 Eodem
3150 656 3344 696 mense
3388 644 3618 716 sanguis

2005 733 2143 804 pluit
2165 733 2218 786 in
2247 732 2464 797 Rethel,
2496 732 2552 786 in
2577 731 2899 802 episcOpatu
2926 730 3170 787 Dolensi.
3203 732 3473 787 Robertus
3500 734 3619 804 epi-

2003 836 2206 891 scopus
2235 820 2587 875 Carnotensis
2613 820 2695 873 vir
2723 819 3016 893 religiosus
3056 819 3291 875 moritur
3328 820 3415 871 635.
3471 820 3616 877 Obiit

2003 909 2154 983 Hugo
2193 908 2537 964 venerabilis
2584 905 3038 978 archiepiscopus
3085 907 3544 980 Rothomagensis
3581 910 3617 963 4

2002 999 2078 1052 ld.
2116 998 2381 1053 Octobris.
2435 997 2531 1053 Hic
2582 997 2664 1053 vir
2703 1013 2902 1069 magne
2974 996 3256 1053 literature
3310 999 3482 1054 multa
3524 1000 3617 1068 jo-

2000 1089 2180 1143 cunde
2222 1089 2424 1157 edidit;
2454 1088 2633 1144 viduis
2657 1094 2711 1143 et
2738 1088 3004 1158 erphanis
3041 1094 3096 1142 et
3124 1088 3248 1143 aliis
3273 1090 3617 1161 pauperibus

1999 1176 2181 1248 largus
2202 1177 2403 1232 extitit.
2436 1177 2593 1231 Rexit
2631 1184 2815 1231 autem
2865 1175 3157 1231 ecclesiam
3198 1176 3617 1253 Rothomagen-

1999 1280 2115 1318 sem
2148 1266 2379 1321 honeste
2408 1273 2463 1321 et
2500 1264 2732 1320 viriliter
2770 1264 2930 1319 annis
2960 1262 3071 1320 fere
3121 1266 3345 1340 triginta
3382 1267 3468 1323 ‘3‘.
3512 1269 3613 1323 Al-

2000 1361 2265 1415 marricus
2296 1376 2389 1414 rex
2417 1360 2742 1427 Jerusalem,
2772 1360 3081 1415 conductus
3119 1361 3187 1416 ab
3229 1361 3478 1419 amiralio
3509 1365 3617 1420 Ba-

1998 1447 2261 1514 bilonieo,
2292 1464 2415 1502 cum
2440 1447 2679 1502 exercitu
2716 1448 2953 1518 perrexit
2982 1448 3038 1502 in
3076 1448 3408 1518 adjutorium
3441 1452 3610 1517 illius,

1996 1543 2232 1597 liberare
2264 1543 2540 1613 quandam
2572 1543 2848 1598 civitatem
2897 1544 3072 1613 ipsius
3110 1546 3338 1601 nomine
3379 1547 3618 1603 Barbas-

1997 1642 2125 1697 tam,
2162 1648 2326 1703 quam
2369 1632 2603 1702 Salegon
2638 1633 2979 1687 senescallus
3022 1634 3263 1688 Noradin
3296 1633 3491 1691 fraude
3517 1653 3615 1692 oc-

283 1729 476 1793 salem,
505 1726 651 1780 etibi
673 1725 830 1789 obiit,
853 1724 1149 1794 superstite
1179 1724 1293 1778 sola
1327 1724 1571 1792 prodicta
1591 1724 1884 1778 comitissa.
1922 1754 1967 1819 Β
1993 1729 2241 1792 cupatam
2284 1728 2474 1777 contra
2524 1723 2702 1792 ipsum
2733 1723 2976 1777 tenebat.
3036 1723 3269 1779 Obsessa
3304 1724 3472 1798 igitur
3518 1743 3620 1798 per

358 1821 415 1873 ln
441 1834 578 1891 pago
600 1817 922 1873 Belvacensi
946 1817 1160 1870 cuidam
1204 1816 1422 1886 plebeio
1450 1816 1701 1885 apparuit
1734 1816 1787 1869 in
1811 1817 1894 1869 vi-

283 1932 345 1970 su
382 1913 561 1969 noctis
592 1917 815 1965 sanctus
846 1908 1092 1982 Egidius,
1134 1916 1189 1962 et
1227 1908 1460 1978 quedam
1496 1909 1725 1962 honeste
1757 1926 1889 1979 per-

282 2020 420 2059 sone
447 2018 568 2057 cum
592 2017 678 2066 eo,
715 2000 801 2054 cui
835 1998 1091 2070 predixit,
1133 2004 1191 2051 ut
1233 2013 1354 2051 cum
1399 1997 1487 2051 die
1520 1999 1756 2052 crastina
1790 2001 1893 2069 pri-

282 2108 429 2145 mum
464 2090 673 2143 sulcum
715 2086 877 2142 aratri
909 2086 1158 2148 duceret,
1206 2085 1480 2139 inveniret
1512 2103 1728 2155 parvam
1765 2103 1892 2141 cru-

283 2198 399 2235 cem
432 2180 684 2241 ferream,
720 2184 772 2231 et
796 2176 958 2247 jussit
989 2185 1047 2229 ut
1074 2174 1236 2228 ferret
1265 2192 1384 2229 eam
1414 2176 1480 2228 ad
1523 2192 1674 2229 suam
1710 2178 1892 2231 eccle-

280 2272 434 2325 siam.
465 2272 615 2325 Tune
646 2270 883 2324 rusticus
922 2267 1159 2339 quesivit
1195 2268 1263 2319 ab
1302 2282 1391 2332 eo,
1433 2274 1615 2319 utrum
1657 2268 1724 2321 ad
1758 2270 1888 2322 San-

280 2370 425 2415 ctum
461 2358 711 2432 Egidium
769 2359 838 2411 de
888 2356 1172 2410 Provincia
1204 2355 1433 2409 deberet
1474 2372 1591 2409 eam
1644 2366 1888 2426 portare;

280 2449 365 2503 cui
395 2455 617 2502 sanctus
671 2445 895 2515 Egidius
934 2441 1217 2513 respondit
1252 2461 1264 2496 :
1319 2446 1473 2507 Non;
1534 2445 1621 2498 sed
1652 2446 1724 2497 ad
1751 2444 1887 2498 San-

278 2543 416 2592 ctum
464 2537 727 2605 Egidium
764 2536 822 2586 de
853 2534 1216 2595 Constantino,
1259 2534 1350 2587 ubi
1387 2538 1460 2587 est
1487 2550 1675 2602 corpus
1702 2550 1869 2587 meum

281 2627 434 2692 Quod
467 2641 589 2680 cum
620 2624 821 2677 factum
868 2622 1081 2687 fuisset,
1115 2622 1286 2677 multo
1328 2622 1404 2675 ibi
1463 2623 1695 2676 virtutes
1752 2624 1888 2678 facte

278 2729 425 2775 sunt.
460 2718 617 2789 Apud
649 2718 846 2771 Lucam
892 2715 1165 2770 civitatem
1204 2714 1341 2769 obiit
1399 2714 1729 2769 Octavianus
1780 2717 1890 2770 sci-

279 2809 561 2876 smaticus,
591 2824 690 2879 per
718 2804 1019 2860 antifrasim
1048 2814 1271 2858 vocatus
1292 2805 1505 2869 Victor;
1536 2814 1590 2858 et
1621 2807 1889 2859 successit

279 2906 328 2959 ei
353 2905 407 2958 in
435 2905 629 2959 eodem
663 2918 852 2957 errore
885 2916 1216 2971 permanens
1248 2899 1407 2953 Wido
1437 2900 1768 2965 Cremensis,
1802 2901 1888 2954 di-

277 3004 397 3052 ctus
453 2996 727 3050 Paschalis
776 2995 858 3049 1V.
921 2994 1115 3047 Comes
1158 2992 1507 3046 Carnotensis
1562 2993 1888 3047 Tedbaudus

277 3087 572 3156 despondit
621 3086 786 3138 tiliam
818 3083 1077 3138 Ludovici
1126 3082 1269 3155 regis
1302 3082 1548 3146 Fraucie,
1605 3093 1658 3136 et
1715 3100 1805 3137 rex
1835 3085 1884 3138 ei
1921 3132 1961 3156 μ

1917 3136 1964 3196 (ἰ

274 3175 547 3231 concessit
582 3173 945 3244 dapiferatum
992 3171 1235 3238 Franéie,
1284 3188 1448 3243 quem
1495 3187 1680 3227 comes
1707 3174 1886 3227 Ande-

274 3271 532 3345 gavensis
562 3267 865 3340 antiquitus
889 3265 1146 3331 habebat,
1172 3267 1321 3321 unde
1343 3266 1508 3320 etiam
1524 3268 1721 3321 nostris
1750 3275 1886 3321 tem-

273 3363 503 3435 poribus
561 3360 824 3416 Radulfus
870 3361 939 3415 de
999 3361 1236 3416 Parrona
1290 3377 1389 3431 pro
1447 3378 1512 3415 eo
1566 3361 1881 3429 serviebat;

273 3457 420 3511 unde
444 3456 496 3511 ei
526 3454 898 3525 hommagium
919 3452 1127 3509 faciens
1166 3462 1223 3507 ut
1246 3452 1529 3507 dominum
1555 3455 1882 3511 honorabat.

273 3545 537 3600 Henricus
598 3550 779 3599 autem
844 3542 1008 3598 frater
1064 3543 1188 3613 ejus
1245 3543 1642 3616 primogenitus
1696 3561 1883 3599 comes

269 3633 558 3689 Trecensis
588 3633 790 3687 iterum
833 3632 1129 3703 assumpsit
1178 3630 1344 3685 tiliam
1401 3632 1658 3685 Ludovici
1717 3634 1879 3707 regis,

268 3743 431 3797 quam
478 3727 632 3797 prius
683 3725 967 3779 dimiserat
1046 3722 1367 3777 Fredericus
1420 3723 1722 3793 imperator
1759 3742 1881 3780 cum

268 3815 335 3868 ad
369 3813 581 3867 libitum
627 3812 910 3866 subdisset
949 3812 1016 3843 6³2
1048 3810 1151 3863 sibi
1201 3811 1658 3881 Langobardiam.
1692 3813 1747 3866 in
1775 3830 1882 3884 qua

268 3910 397 3959 sunt
432 3905 503 3957 25
533 3903 803 3968 civitates,
846 3904 987 3955 inter
1019 3918 1155 3971 quas
1202 3910 1329 3956 sunt
1361 3910 1467 3957 tres
1506 3906 1879 3974 archiepisco-

270 3999 449 4062 patus,
479 3990 688 4045 scilicet
737 3989 1435 4054 Mediolanum,'Ravenna,
1468 3989 1676 4048 Jenua:
1734 4001 1788 4045 et
1819 3992 1884 4044 ti-

267 4098 420 4138 scum
468 4082 674 4156 regium
707 4080 777 4135 ad
808 4080 876 4135 5O
925 4079 1072 4134 milia
1125 4080 1466 4134 marcharum
1511 4098 1778 4136 summam
1826 4084 1879 4137 in

267 4175 464 4229 eodem
488 4189 658 4245 regno
693 4180 1016 4243 reparasset,
1053 4178 1106 4226 et
1128 4187 1319 4242 pacem
1362 4171 1567 4226 ibidem
1604 4178 1708 4225 tam
1743 4173 1881 4227 indi-

265 4266 425 4341 genis
447 4282 609 4337 quam
641 4263 946 4336 peregrinis
977 4266 1324 4318 reformasset
1356 4279 1368 4315 :
1417 4262 1607 4317 iterum
1641 4264 1873 4331 Verona,

265 4364 320 4411 et
349 4356 583 4427 quedam
617 4354 724 4409 alie
756 4353 1003 4409 civitates
1030 4352 1294 4406 adversus
1323 4368 1448 4406 eum
1483 4352 1753 4408 rebellant
1783 4355 1868 4410 ⁸³³.

264 4449 562 4504 Gualenses
588 4446 756 4502 fidem
798 4446 1030 4501 Henrico
1062 4446 1178 4517 regi
1220 4459 1330 4500 non
1367 4453 1669 4512 servantes,
1703 4453 1876 4502 terras

1996 1818 2392 1889 aliquantulum
2424 1817 2709 1887 temporis,
2745 1817 2983 1872 tamdem
3016 1827 3174 1887 capta
3205 1828 3289 1873 est
3319 1827 3373 1873 et
3398 1820 3610 1875 amira-

1998 1913 2068 1965 lio
2102 1910 2350 1964 restituta
2404 1910 2614 1973 civitas,
2667 1908 2896 1963 ﬁrmatis
2930 1918 3111 1964 autem
3146 1909 3290 1964 inter
3330 1926 3426 1965 eos
3474 1913 3618 1967 ami-

1995 2000 2161 2065 ciliis,
2196 2008 2252 2053 et
2304 1998 2535 2052 redditis
2574 1997 2759 2051 multis
2818 1997 3069 2068 captivis,
3112 1998 3396 2069 duplicato
3445 2001 3612 2056 etiam

1997 2089 2202 2142 tributo
2235 2119 2299 2127 —
2327 2103 2452 2140 nam
2485 2092 2645 2139 antea
2695 2085 2862 2140 dabat
2901 2087 3184 2141 amiralius
3225 2088 3342 2163 regi
3377 2089 3616 2162 singulis

1995 2178 2151 2231 annis
2181 2177 2250 2230 ’30
2290 2176 2439 2229 milia
2471 2190 2760 2229 aureorum
2796 2208 2860 2215 —
2901 2192 2994 2230 rex
3048 2177 3116 2230 ad
3148 2178 3369 2247 prepria
3423 2178 3611 2234 rediit.

1994 2267 2100 2320 Sed
2132 2267 2343 2319 interea
2376 2265 2614 2319 Noradiu
2662 2265 2926 2319 intulerat
2976 2265 3290 2320 christianis
3350 2284 3610 2340 magnum

1995 2360 2327 2428 dampnum;
2355 2374 2479 2410 nam
2504 2366 2662 2426 capto
2686 2365 2861 2412 castro
2880 2373 3095 2425 eorum,
3116 2359 3339 2414 nomine
3365 2358 3601 2426 Hareue,

1994 2455 2153 2518 capto
2190 2448 2353 2501 etiam
2390 2446 2709 2501 Boamundo
2742 2446 2969 2513 juniore
3008 2446 3257 2517 principe
3289 2448 3606 2516 Antiochie,

1994 2545 2047 2591 et
2076 2538 2264 2591 multis
2301 2535 2625 2603 interfectis,
2660 2534 2933 2602 Habiliua,
2978 2535 3031 2589 id
3063 2542 3148 2590 est
3184 2535 3423 2602 Belinas,
3456 2547 3614 2607 post-

1993 2630 2216 2684 modum
2250 2646 2279 2683 a
2311 2628 2628 2681 Sarracenis
2657 2643 2887 2697 pervasa
2919 2634 3022 2682 est.

1992 2723 2151 2775 11635.
2227 2721 2534 2774 Fredericus
2566 2721 2652 2772 H.
2730 2720 3031 2774 Ludovicus
3057 2720 3147 2774 28.
3228 2723 3492 2777 Hen=icus
3521 2725 3611 2781 11.

2062 2812 2332 2867 Henricus
2365 2828 2458 2865 rex
2489 2810 2679 2884 Anglic
2711 2813 2765 2864 in
2801 2810 3228 2882 quadragesima
3254 2814 3310 2865 in
3340 2812 3614 2868 Norman-

1991 2902 2135 2955 niam
2170 2901 2465 2965 transiens,
2501 2900 2555 2953 in
2588 2899 2801 2954 octabis
2842 2900 3044 2970 pasche
3075 2901 3220 2970 apud
3268 2900 3452 2956 Gisorz
3482 2919 3609 2957 cum

1990 3012 2118 3068 rege
2158 2994 2484 3047 Francorum
2517 2992 2733 3046 loeutus
2764 2999 2865 3046 est.
2920 2992 3052 3047 inde
3094 2992 3315 3047 rediens
3348 2993 3613 3049 Rotoma-

1987 3102 2134 3159 gum.
2168 3083 2479 3152 Philippum
2501 3082 2759 3136 comitem
2792 3082 3179 3136 Flandrensem
3205 3084 3606 3139 consobrinum

1987 3194 2145 3232 suum
2179 3176 2438 3250 regaliter
2466 3176 2698 3245 excepit.
2755 3177 3036 3230 Venerunt
3075 3176 3331 3231 similiter
3362 3178 3427 3231 ad
3475 3195 3605 3235 eum

1989 3267 2155 3341 legati
2197 3265 2467 3319 Frederici
2500 3265 2848 3335 imperatoris
2924 3264 3331 3332 Alemanorum,
3385 3266 3609 3322 Rainal-

1988 3357 2090 3410 dus
2128 3354 2339 3410 scilicet
2367 3354 2821 3424 archiepiscopus
2865 3352 3209 3409 Coloniensis
3241 3355 3610 3412 cancellarius

1989 3452 2180 3522 ipsius,
2226 3458 2278 3504 et
2307 3449 2462 3503 multi
2492 3449 2584 3503 alii
2632 3449 2817 3521 magni
2860 3456 3179 3518 potentatus
3228 3449 3354 3517 viri,
3418 3452 3611 3522 requi-

1988 3552 2169 3599 rentes
2200 3560 2324 3598 eum
2354 3560 2414 3595 ex
2463 3548 2614 3612 parte
2663 3541 3030 3613 imperatoris,
3065 3548 3122 3595 ut
3155 3542 3311 3596 daret
3343 3559 3507 3597 unam
3541 3542 3605 3597 ﬁ-

1986 3635 2177 3687 liarum
2209 3648 2430 3686 suarum
2467 3630 2695 3685 Henrico
2737 3630 2859 3683 duci
2904 3630 3172 3699 Bajoarie,
3214 3638 3268 3686 et
3293 3631 3454 3686 aliam
3488 3629 3607 3688 ﬁlio

1986 3742 2106 3791 suo,
2141 3725 2269 3778 licet
2299 3724 2480 3777 adhuc
2522 3722 2772 3794 puerulo.
2817 3722 3028 3776 Exactis
3057 3724 3240 3794 itaque
3288 3740 3608 3779 sacramen-

1985 3817 2053 3869 tis
2083 3815 2318 3881 etdatis,
2353 3831 2446 3867 rex
2473 3822 2664 3883 postea
2688 3812 2832 3867 misit
2872 3828 3000 3867 suos
3040 3814 3248 3888 legatos
3283 3815 3340 3868 in
3384 3814 3607 3870 Alema-

1987 3908 2149 3964 niam.
2175 3907 2267 3977 qui
2301 3906 2369 3960 ab
2397 3906 2729 3976 imperatore
2762 3914 2817 3958 et
2863 3905 3097 3976 satrapis
3127 3906 3243 3959 suis
3283 3906 3479 3960 eadem
3512 3924 3603 3962 sa-

1983 4004 2263 4052 cramenta
2291 3996 2359 4051 de
2384 3995 2869 4063 conventionibus,
2897 4012 3004 4067 que
3039 3996 3182 4050 inter
3201 4011 3297 4051 eos
3320 4012 3601 4053 convene-

1984 4098 2124 4157 rant,
2156 4093 2490 4161 aeciperent.
2528 4089 2804 4144 Rotrodus
2830 4088 3126 4159 episeOpus
3156 4088 3509 4145 Ebroicensis
3540 4090 3603 4147 fit

1979 4183 2432 4253 archiepiscopus
2459 4181 2896 4255 Rotomagensis.
2934 4179 3201 4235 Henricus
3222 4181 3466 4236 decanus
3505 4182 3607 4237 Sa-

1978 4270 2616 4344 lcsberiensis,eligitur
2654 4269 2724 4324 ad
2780 4269 3161 4341 epise0patum
3219 4270 3602 4342 Bajocensem.

1977 4365 2186 4419 Mortuo
2236 4361 2472 4435 Rogerio
2514 4361 2715 4416 abbate
2771 4362 2955 4417 Sancti
3017 4360 3433 4431 Wandregisili,
3489 4362 3607 4418 viro

1978 4459 2261 4532 religioso,
2300 4455 2571 4512 Anfredus
2610 4457 2837 4512 sacrista
2877 4456 3128 4527 ejusdem
3180 4457 3501 4513 monasterii
3551 4457 3604 4513 ei

264 4543 542 4613 proximas
574 4539 955 4596 latrocinando
984 4538 1263 4606 infestant,
1289 4548 1487 4614 agente
1510 4541 1747 4611 quodam
1779 4557 1871 4596 re-
1892 4509 1950 4577 D
1975 4509 2242 4607 sucgessit
2270 4549 2352 4602 63".
2403 4548 2612 4620 Regina
2648 4548 2840 4622 Anglic
2871 4509 3094 4604 Alienor
3144 4556 3369 4604 evocata
3393 4565 3426 4604 a
3472 4566 3604 4624 rege

261 4634 391 4709 gulo
421 4650 633 4700 eorum,
665 4640 857 4689 vocato
906 4632 1020 4698 Ris,
1079 4631 1267 4687 etalio
1313 4632 1561 4701 ejusdem
1594 4633 1873 4703 perversi-

265 4724 391 4778 tatis
445 4722 667 4776 homine
699 4721 924 4776 nomine
953 4720 1122 4788 (Eno,
1174 4720 1406 4791 predicti
1435 4721 1526 4774 Ris
1575 4722 1867 4777 avunculo.

262 4814 557 4870 Walterius
607 4811 773 4867 Giﬂ‘ar
819 4827 1005 4868 comes
1051 4813 1120 4867 de
1173 4813 1583 4888 Rochingaham
1640 4814 1872 4869 moritur

259 4913 467 4984 absque
494 4910 724 4977 herede,
757 4915 810 4963 et
831 4909 1146 4980 _comitatus
1176 4909 1301 4977 ejus
1331 4909 1387 4963 in
1420 4910 1611 4983 Anglia
1642 4917 1695 4963 et
1726 4918 1871 4966 terra

257 5004 376 5072 ejus
406 5002 460 5056 in
488 4999 823 5057 Normannia
860 4998 1022 5051 rediit
1059 4998 1127 5052 ad
1158 4998 1461 5053 dominium
1495 5000 1639 5072 regis
1670 4998 1757 5055 63‘.
1783 4999 1872 5054 Ri-

255 5099 493 5154 chardus
521 5092 1193 5165 de’flumetﬁconestalus
1246 5095 1460 5149 Henrici
1513 5094 1679 5167 regis,
1736 5111 1872 5151 con-

253 5192 462 5247 vocatis
515 5188 821 5246 baronibus
870 5185 1203 5242 Normannie
1233 5193 1287 5240 et
1331 5185 1633 5254 Britannie,
1678 5204 1866 5242 mense

1970 4641 2125 4695 venit
2151 4640 2207 4694 in
2234 4638 2647 4703 Normanniam,
2692 4637 2975 4693 adducens
3008 4653 3198 4692 secum
3231 4637 3403 4693 filium
3436 4654 3599 4694 suum

1973 4728 2265 4783 Ricardum
2294 4735 2349 4782 et
2380 4727 2548 4781 tiliam
2582 4726 2921 4781 Mathildem.
2966 4725 3253 4781 Redeunte
3304 4742 3435 4782 vero
3467 4743 3600 4801 rege

1973 4818 2027 4871 in
2056 4817 2326 4892 Angliam,
2378 4824 2433 4872 et
2487 4832 2611 4871 cum
2661 4817 2834 4871 multo
2874 4825 3143 4887 apparatu
3175 4815 3373 4872 bellico
3430 4833 3601 4888 super

1971 4911 2231 4965 Valenses
2259 4917 2452 4975 eunte,
2495 4909 2688 4981 regina
2720 4909 2988 4964 remansit
3017 4908 3074 4961 in
3125 4908 3375 4980 partibus
3402 4909 3604 4965 cisma-

1974 5004 2123 5058 riuis.
2190 5003 2495 5058 Alexander
2533 5018 2675 5073 papa
2730 5002 3007 5057 Romanus
3047 5001 3370 5073 relinquens
3423 5001 3600 5059 Seno-

1971 5112 2122 5163 nem,
2174 5097 2229 5151 in
2276 5111 2386 5166 qua
2434 5094 2548 5149 fere
2600 5093 2742 5149 duos
2771 5109 2947 5149 annos
2985 5099 3229 5149 moratus
3267 5092 3466 5160 fuerat,
3498 5108 3599 5151 γε·-

1971 5187 2130 5240 niens
2172 5185 2260 5262 ad
2310 5183 2910 5256 Montempessulanum
2971 5181 3153 5239 navali
3208 5180 3593 5266 subvectione,

1602 5308 1822 5363 VARUE
1851 5307 2229 5365 LECTIONES.

322 5410 391 5445 ⁶³²
418 5413 601 5485 ἰζαῌΕ.
660 5412 1149 5485 Henricusiautem
1182 5411 1495 5485 —A_inﬁqua
1532 5416 1589 5468 in
1630 5430 1829 5471 rasura
1859 5420 2041 5485 postea
2075 5418 2311 5471 corremit
2362 5415 2547 5470 eadem
2591 5428 2802 5485 manus.

249 5513 318 5560 Σ
353 5482 884 5560 -τεὺειιιδηιμιῑθέυηι
934 5483 1025 5537 8b.
1081 5483 1173 5560 _8h_.
1199 5482 1310 5560 __°3‘
1343 5482 1635 5540 walterius
1692 5519 1733 5523 η
1780 5482 1927 5560 regis
1965 5488 2158 5542 desunt
2197 5488 2284 5542 8b.
2322 5488 2412 5560 8h.
2476 5486 2628 5560 “PAR.
2664 5502 2712 5540 e.
2851 5500 2903 5560 γ.
2948 5501 3080 5560 r._m

250 5552 320 5587 ⁸³⁸
342 5554 629 5627 Postjizc
661 5558 721 5610 in
746 5556 802 5610 E.
843 5571 1038 5627 manus
1075 5554 1322 5627 habitum
1351 5560 1523 5609 mutat
1575 5562 1737 5627 atque
1781 5552 2142 5612 atFamcntum
2217 5562 2280 5613 In
2317 5559 2409 5614 8h.
2460 5558 2715 5613 additur:
2768 5555 2914 5610 Obiit
2952 5554 3182 5611 illustris
3214 5570 3402 5627 comes
3430 5553 3589 5627 Gale-

249 5625 763 5701 rannus_Mel_l_enti,A
790 5628 886 5701 qui
916 5626 1085 5701 multa
1123 5626 1273 5701 bona
1305 5627 1547 5701 contulit
1569 5623 1800 5701 ecclesia
1832 5629 1882 5683 b.
1916 5629 2085 5684 Marie
2130 5630 2199 5684 de
2234 5630 2388 5697 Voto,
2422 5646 2531 5701 que
2560 5629 2665 5701 sita
2694 5634 2780 5701 est
2808 5627 2866 5681 in
2899 5626 3175 5683 territorio
3204 5624 3498 5691 Catelensi,
3528 5623 3587 5679 ’n

249 5696 433 5763 terris,
466 5696 523 5750 in
552 5695 728 5763 silvis,
749 5695 1010 5754 in’vineis
1035 5704 1090 5752 et
1119 5696 1447 5751 redditibus.
1483 5698 1549 5733 ⁸³⁷
1580 5699 1640 5752 ll.
1686 5701 1928 5755 decanus
1957 5732 2024 5741 —
2057 5701 2320 5758 successit
2348 5695 2540 5757 desiuit
2567 5699 2659 5755 8b.
2694 5700 2792 5754 8h.

2885 5411 2956 5447 ⁸³³
2987 5413 3045 5467 ln
3090 5427 3232 5484 pago
3271 5410 3593 5484 Belvacensi

3201 5488 3331 5539 sunt
3354 5482 3448 5539 8b.
3488 5482 3584 5538 8h.

259 5944 287 5960 λ
