3916 6064
207 249 314 308 501
1082 251 1427 310 CHRONICA.
1472 285 1536 300 --
1578 255 1962 312 AUCTARIUM
2005 256 2290 312 ROBEBTI
2331 255 2416 312 DE
2453 254 2692 312 MONTE.
3447 257 3560 315 502

358 389 720 432 nonnonuu.
869 392 1188 437 rnanconuu
1219 423 1232 438 .
1381 397 1688 440 ancaonuu.
1861 388 1913 456 Α
1933 383 2054 454 ejus
2085 383 2228 438 filius
2250 381 2519 438 Guidonis
2555 381 2909 458 primogeniti
2959 383 3042 439 sui
3071 380 3291 440 comitis
3315 381 3562 465 Pontivij

210 470 463 542 perrexit
490 471 560 526 ad
599 477 800 526 terram
828 469 1094 528 Willermi
1118 475 1266 550 regis
1305 475 1510 545 Sicilie,
1553 477 1844 536 licetinci-
1941 479 2338 527 concesserunt
2392 471 2507 548 regi
2571 471 2802 528 Henrico
2863 479 3100 528 castrum
3153 472 3471 530 Alenceium
3502 482 3560 532 et

211 565 305 622 die
335 565 631 637 piratarum
664 564 1014 636 imperatoris
1042 567 1324 626 Alemanie
1371 571 1427 627 ei
1468 571 1526 627 in
1563 573 1698 629 mari
1725 589 1836 630 non
1941 563 2140 618 “008m
2171 563 2431 630 Mabel‘ie,
2462 579 2584 618 cum
2633 563 2715 618 eis
2737 579 2845 636 que
2875 563 2944 618 ad
2976 563 3096 636 ipsa
3133 564 3358 621 castella
3386 565 3564 637 Perli-

211 655 497 712 deessent.
531 653 848 709 Willermus
873 653 1045 710 frater
1099 658 1319 714 comitis
1353 659 1579 716 Tebaldi
1612 661 1838 736 eligitur

213 743 286 799 ad
319 742 568 817 regimen
597 743 830 799 ecclesie
861 744 1235 816 Carnotensis,
1267 749 1395 804 data
1423 750 1474 804 ei
1507 751 1832 808 remissione

213 850 412 906 apapa
445 841 670 906 propter
691 834 996 906 juvenilem
1025 843 1250 907 etatem,
1279 847 1340 896 ut
1368 856 1542 914 usque
1568 841 1637 898 ad
1669 841 1833 914 quin-

213 925 523 997 quennium
554 923 867 980 differretur
920 927 1152 983 sacratio
1217 929 1338 998 ejus
1371 929 1460 986 ⁸³⁸.
1500 929 1684 986 Mense
1715 931 1834 987 Au-

213 1023 402 1092 gusto,
430 1016 706 1073 Ludovico
719 1017 836 1092 regi
884 1017 1212 1076 Francorum
1239 1037 1306 1080 ex
1319 1037 1491 1078 uxore
1520 1037 1620 1079 sua
1649 1024 1834 1080 naech-

213 1117 307 1166 tur
336 1109 504 1178 filius,
533 1120 592 1166 et
628 1117 856 1168 vocatus
879 1121 965 1168 est
1015 1112 1318 1188 Philippus.
1352 1115 1562 1192 Regina
1615 1117 1836 1176 Aliencr

212 1215 408 1256 mense
436 1199 691 1257 Octobris
721 1199 1031 1278 Andegavis
1067 1203 1284 1276 peperit
1321 1201 1514 1274 ﬁliam,
1559 1217 1616 1264 et
1640 1214 1834 1264 vocata

216 1303 306 1350 est
344 1293 402 1350 in
433 1290 765 1367 baptismate
799 1293 1070 1352 Iohanne.
1125 1293 1398 1356 Robertus
1435 1298 1608 1358 abbas
1639 1301 1836 1358 Montis

216 1385 274 1440 in
303 1382 546 1457 quodam
576 1381 807 1441 brachio
845 1396 983 1442 cura
1035 1390 1091 1442 ct
1119 1394 1346 1464 argento
1405 1388 1612 1462 optime
1642 1397 1835 1464 parato

213 1475 384 1546 jussit
408 1474 607 1549 reponi
649 1473 915 1548 teliqaias
947 1477 1124 1534 sancti
1176 1477 1484 1548 Laurencii,
1542 1481 1837 1540 seiliectos

216 1565 431 1622 brachii
461 1563 613 1638 quod
645 1565 935 1623 ecchiunm
975 1573 1196 1634 vocant,
1248 1577 1302 1625 et
1317 1570 1423 1626 alia
1450 1577 1707 1645 quattuor
1733 1571 1836 1630 mi-

218 1671 356 1713 nora
385 1670 512 1712 ossa
562 1653 812 1727 ejusdem
855 1656 1110 1731 martyris
1141 1675 1157 1726 ;
1187 1658 1350 1717 sicuti
1371 1669 1533 1717 antes
1577 1673 1836 1734 repasue-

1937 661 2091 708 nent.
2116 654 2178 708 Et
2204 652 2447 708 forsitam
2489 651 2616 708 ideo
2646 653 2928 723 predictas
2956 652 3562 730 munitionesperdide-

1934 753 2078 802 runt.
2115 743 2244 816 quia
2284 744 2920 800 malasconsuetudincs
2945 745 3050 820 ipsi
3085 754 3138 803 et
3159 761 3351 803 eorum
3395 753 3554 804 ante-

1933 849 2179 892 cessores
2199 836 2293 892 diu
2320 836 2396 892 ibi
2425 843 2757 905 tenuerant;
2809 850 2946 910 quas
2991 849 3086 896 rex
3147 835 3410 897 Esuriens
3437 847 3554 897 sta-

1929 923 2028 982 tim
2055 927 2329 986 meliorari
2369 929 2646 1002 tprecipit.
2687 929 2877 986 Mense
2922 929 3234 1004 Septembri
3259 929 3396 988 obiit
3425 931 3550 989 Ste-

1935 1016 2152 1089 phanus
2185 1016 2479 1091 episcopus
2515 1016 2880 1076 kedonensis.
2911 1018 3055 1076 Obiit
3084 1019 3334 1078 etiamin
3361 1019 3555 1096 Anglia

1937 1107 2212 1166 Robertus
2258 1108 2508 1166 Batensis
2555 1109 2852 1184 episcopus
2873 1111 2962 1168 “'.
2995 1112 3130 1178 Quia
3155 1127 3288 1169 vero
3307 1111 3552 1192 obtima-

1936 1211 2019 1260 tes
2063 1203 2412 1261 Cenomaniei
2459 1205 2752 1264 comitatus
2807 1209 2860 1262 et
2917 1205 3234 1266 Britannice
3283 1207 3551 1284 regionis,

1937 1299 2229 1366 antequam
2255 1305 2348 1346 rex
2372 1292 2774 1359 transfretaret,
2819 1292 3002 1350 minus
3039 1294 3559 1367 obtemperaverant

1937 1381 2215 1456 preceptis
2235 1381 2448 1456 regine,
2483 1387 2538 1441 et
2586 1389 2646 1438 ut
2691 1379 2907 1439 dicitur.
2933 1393 3281 1442 sacramento
3323 1402 3386 1442 se
3413 1386 3560 1442 obli-

1937 1476 2216 1547 gaverant,
2276 1478 2336 1528 ut
2367 1484 2428 1526 se
2456 1470 2824 1528 communiter
2861 1469 3250 1540 defenderent,
3273 1472 3319 1529 si
3354 1474 3557 1548 aliquis

1937 1577 2128 1618 eorum
2152 1567 2514 1638 gravaretur:
2545 1575 2640 1619 rex
2695 1561 2763 1619 ad
2817 1561 3034 1618 libitum
3067 1579 3226 1619 suum
3261 1579 3358 1621 eos
3386 1574 3441 1621 et
3467 1583 3562 1622 ca-

1937 1656 2096 1712 stella
2117 1668 2308 1712 eOrum
2366 1656 2620 1713 tractavit
2665 1671 2681 1724 ;
2723 1661 2778 1712 et
2825 1656 3188 1730 congregatis
3225 1657 3560 1714 exercitibus

215 1755 305 1804 rat
333 1747 391 1805 in
434 1714 672 1820 quadam
711 1761 897 1822 cupps
943 1714 1093 1806 intus
1379 1714 1655 1811 deaurata
1680 1714 1918 1826 caputB
1944 1747 2062 1803 fere
2119 1745 2190 1802 de
2231 1745 2384 1803 omni
2443 1751 2714 1819 potestate
2753 1762 2854 1802 sua
2901 1714 3069 1802 citra"
3090 1764 3263 1814 mare,
3317 1757 3555 1805 castrum

212 1838 528 1896 Innocentii
553 1838 692 1898 socii
751 1840 925 1898 sancti
963 1840 1230 1900 Mauricii.
1265 1843 1548 1901 Predictas
1578 1845 1847 1920 reliquias

1945 1840 2313 1911 Felgeriarum
2357 1838 2596 1906 obsedit,
2643 1839 2811 1912 cepit,
2863 1840 3110 1896 funditus
3150 1840 3372 1898 delevit.
3419 1843 3556 1898 Inde

213 1937 269 1985 et
294 1937 504 2001 partem
553 1930 803 2000 corporis
837 1933 1014 1990 sancti
1072 1931 1286 2007 Agapiti
1319 1935 1595 2008 martyris,
1629 1925 1845 1992 scilicet
1947 1927 2092 1984 facto
2121 1926 2364 2010 conubio
2401 1927 2470 1982 de
2517 1926 2783 1984 Gaufrido
2813 1925 2926 1984 lilio
2983 1944 3086 1985 suo
3138 1937 3193 1985 et
3229 1930 3554 1986 Constancia

217 2035 440 2074 carnem
472 2035 596 2074 cum
635 2018 802 2074 costis
831 2028 1110 2091 quattuor.
1153 2023 1342 2096 Suppo
1369 2023 1540 2080 abbas
1568 2022 1766 2080 Montis
1797 2040 1828 2080 a
1928 2019 2040 2075 ﬁlia
2095 2018 2312 2075 comitis
2373 2017 2578 2074 Conani
2624 2017 2928 2074 Brittannis
2973 2025 3031 2073 et
3082 2019 3151 2074 de
3204 2019 3554 2090 Richemont,

217 2107 556 2164 monasterio
595 2109 770 2164 sancti
802 2109 1034 2186 Benigni
1066 2110 1520 2176 Fructuariensis,
1554 2113 1650 2169 ubi
1679 2113 1830 2186 prius
1930 2127 2116 2168 comes
2135 2111 2388 2166 Conanus
2437 2109 2716 2165 concessit
2766 2109 2903 2182 regi,
2966 2110 3122 2182 quasi
3187 2111 3256 2164 ad
3283 2126 3424 2182 opus
3455 2109 3557 2167 ﬁlii

216 2197 402 2254 fuerat
419 2197 612 2266 abbas,
662 2205 719 2254 et
759 2215 920 2271 prece
975 2206 1030 2256 et
1081 2201 1267 2272 precio
1321 2201 1390 2257 ad
1435 2203 1832 2259 monasterium

216 2288 396 2342 sancti
455 2287 741 2344 Michaelis
794 2289 1120 2360 adportavit.
1193 2291 1283 2346 Est
1338 2300 1520 2348 autem
1579 2294 1840 2349 Fructua-

219 2375 407 2431 riense
431 2377 826 2433 monasterium
867 2379 923 2433 in
982 2380 1378 2452 Langobardia,
1433 2383 1490 2436 in
1523 2385 1844 2455 episcopatu

215 2464 559 2522 Vercellensi
609 2467 696 2524 ⁸³9,
731 2468 1010 2524 Malconus
1066 2485 1159 2525 rex
1189 2471 1397 2538 Scotie,
1440 2473 1732 2548 religiosus
1753 2473 1847 2541 ju—

218 2555 396 2622 venis,
417 2554 576 2611 obiit.
595 2555 855 2612 Succedit
902 2557 955 2614 ei
982 2558 1149 2616 frater
1187 2560 1309 2631 ejus
1347 2561 1684 2616 Willermus.
1720 2561 1843 2616 Ful-

216 2659 349 2700 men
377 2645 579 2701 cecidit
606 2646 665 2702 in
701 2648 940 2704 ecclesia
997 2652 1171 2707 sancti
1216 2650 1497 2707 Michaelis
1524 2653 1579 2706 in
1612 2658 1762 2707 turre
1792 2661 1846 2706 et

217 2733 278 2788 in
301 2733 428 2789 aliis
458 2735 614 2804 locis,
640 2743 696 2792 et
746 2745 930 2794 tamen
953 2741 1068 2796 Deo
1091 2741 1388 2796 miserante
1420 2742 1588 2798 nichil
1635 2743 1839 2798 nocuit.

221 2821 372 2878 Obiit
397 2823 674 2881 Robertus
713 2826 888 2886 abbas
933 2828 1149 2900 Maioris
1203 2830 1520 2887 Monasterii
1560 2832 1728 2904 (645},
1788 2839 1842 2888 et

219 2912 492 2968 successit
520 2915 571 2970 ei
591 2915 858 2972 Robertns
897 2916 1172 2974 Blesensis
1193 2920 1280 2976 αθ.

294 3005 456 3061 1166.
495 3008 804 3065 Freden'cus
847 3008 912 3064 15
978 3011 1278 3072 Ludovicus
1335 3013 1423 3071 29.
1458 3014 1728 3070 Henricus
1749 3016 1836 3070 l2.

297 3095 560 3152 Henrices
605 3113 720 3164 rex,
771 3099 1000 3154 munitis
1053 3100 1312 3157 confiniis
1368 3102 1512 3160 inter
1554 3104 1757 3180 Anglos
1785 3112 1840 3162 et
1868 3063 1918 3132 Ο

225 3193 536 3256 Walenses,
592 3199 652 3250 et
699 3195 944 3252 castellis
986 3203 1043 3254 et
1099 3196 1370 3256 militibus
1429 3199 1730 3272 dispositis,
1782 3201 1838 3255 in

225 3281 651 3357 quadragesima
700 3283 1074 3340 transfretavit
1103 3283 1160 3340 in
1185 3286 1594 3344 Normanniam.
1631 3289 1840 3345 Deinde

219 3368 444 3426 locutus
464 3385 590 3424 cum
617 3386 747 3447 rege
781 3371 1112 3431 Francorum
1132 3389 1199 3431 ea
1216 3391 1323 3448 que
1348 3377 1416 3430 ad
1448 3393 1638 3450 pacem
1673 3386 1800 3432 sunt
1824 3395 1838 3445 ;

219 3459 414 3514 audito
474 3461 642 3516 etiam
707 3461 857 3534 quod
903 3477 1000 3518 rex
1059 3463 1389 3521 Francorum
1445 3467 1726 3522 statuisset
1768 3468 1840 3524 de

219 3548 570 3606 thesauriset
607 3551 913 3607 redditibus
977 3553 1118 3622 suis,
1169 3553 1432 3611 similiter
1483 3561 1540 3610 et
1593 3555 1838 3613 omnium

224 3639 512 3694 hominum
571 3647 682 3697 tam
731 3641 1059 3700 clericorum
1112 3659 1279 3716 quam
1325 3643 1611 3712 laicorum,
1660 3645 1753 3718 qui
1783 3645 1840 3702 in

224 3743 329 3784 sua
349 3727 558 3783 ditione
601 3735 783 3797 erant,
812 3729 1050 3805 singulis
1098 3731 1261 3789 annis
1315 3747 1494 3807 usque
1542 3733 1612 3789 ad
1675 3734 1840 3808 quin-

229 3821 538 3894 quennium
560 3822 626 3858 ⁶⁴¹
655 3823 724 3880 de
746 3822 978 3899 cingulis
1006 3826 1080 3882 29
1100 3825 1294 3882 solidis
1306 3827 1556 3902 singulos
1591 3828 1850 3885 denarios

236 3915 462 3970 mittere
508 3914 816 3972 Jerusalem
845 3918 913 3973 ad
971 3917 1356 3976 defensionem
1387 3920 1804 3978 cbristianitatis
1836 3937 1848 3975 :

233 4005 387 4062 idem
414 4021 510 4064 rex
532 4008 920 4082 magnanimus
949 4009 1082 4068 fecit
1110 4011 1395 4082 duplicare
1429 4013 1482 4068 in
1511 4013 1662 4069 omni
1699 4021 1853 4085 pote-

233 4105 377 4155 state
405 4115 508 4156 sua
534 4099 810 4160 redditum
860 4101 1022 4176 primi
1059 4103 1214 4171 anni,
1249 4103 1480 4180 reliquis
1531 4105 1692 4162 annis
1732 4121 1860 4178 per-

235 4191 597 4248 manentibus
612 4193 680 4248 ad
695 4194 1028 4253 solutionem
1052 4196 1219 4252 unius
1249 4196 1465 4253 denarli
1493 4213 1593 4268 per
1613 4198 1862 4271 singulos

1933 2207 2040 2272 sui,
2061 2214 2235 2262 totum
2266 2207 2524 2262 ducatum
2580 2204 2864 2271 Brittanis,
2893 2205 3146 2278 [excepto
3191 2205 3454 2261 comitatu
3485 2205 3556 2262 de

1943 2296 2230 2370 Gingamp,
2264 2294 2358 2366 qui
2377 2293 2427 2348 ei
2455 2293 2746 2349 accederat
2767 2308 2866 2365 per
2897 2309 3057 2348 avum
3087 2308 3247 2348 suum
3290 2294 3551 2350 comitem

1945 2389 2306 2460 Stephanum.
2365 2387 2476 2442 Rex
2542 2401 2674 2442 vero
2720 2385 2934 2456 accepit
2965 2385 3274 2440 hominium
3325 2385 3440 2442 fere
3483 2385 3553 2442 ab

1943 2479 2202 2534 omnibus
2222 2475 2528 2530 baronibus
2560 2474 2861 2530 Brittannie
2915 2475 3061 2544 apud
3091 2474 3249 2530 Toas.
3286 2475 3417 2530 Inde
3459 2491 3557 2530 ve-

1945 2565 2028 2620 nit
2056 2563 2316 2642 Bedonis,
2373 2571 2428 2619 et
2459 2579 2558 2634 per
2612 2563 2890 2619 civitatem
2932 2561 3104 2628 illam,
3136 2578 3244 2636 que
3283 2569 3448 2633 caput
3475 2568 3559 2617 est

1947 2655 2270 2722 Brittannis,
2314 2661 2486 2710 totum
2521 2654 2674 2709 illum
2707 2655 2967 2711 ducatum
3024 2653 3235 2708 saisivit
3315 2653 3378 2708 Et
3427 2653 3560 2724 quia

1947 2760 2230 2818 nunquam
2257 2743 2470 2798 viderat
2499 2742 2828 2798 Comborcht
2881 2758 3063 2816 neque
3106 2742 3222 2807 Dol,
3264 2747 3557 2814 postquam

1940 2839 1998 2894 in
2029 2856 2224 2894 manus
2253 2839 2372 2908 ejus
2404 2847 2691 2904 venerant,
2719 2837 2776 2893 in
2830 2839 3061 2896 transitu
3083 2837 3175 2893 illa
3201 2835 3355 2893 vidit.
3387 2835 3560 2892 Causa

1939 2947 2068 2988 vero
2096 2931 2364 2989 orationis
2395 2931 2462 2985 ad
2497 2929 2732 2986 Montem
2780 2930 2954 2986 sancti
2987 2928 3267 2986 Michaelis
3303 2927 3555 2992 veniens,

1945 3021 2090 3094 apud
2123 3020 2414 3095 genecium
2473 3019 2567 3075 illa
2609 3027 2766 3078 nocte
2847 3019 3156 3092 bospitatus
3184 3026 3268 3074 est
3295 3017 3384 3073 °“.
3428 3017 3562 3073 llluc

1946 3110 2213 3167 venerunl
2273 3110 2339 3164 ad
2394 3125 2519 3164 eum
2569 3109 2904 3166 Guillermus
2958 3125 3052 3164 rex
3109 3107 3564 3180 Scotie,episc0-

1942 3214 2046 3271 pus
2068 3197 2371 3253 insularum
2422 3197 2542 3252 Man
2593 3187 2648 3252 et
2696 3195 2928 3252 aliarum
2979 3195 3069 3264 3|,
3126 3211 3235 3268 que
3266 3205 3396 3250 sunt
3421 3195 3566 3254 inter

1941 3287 2180 3342 Scotiam
2213 3294 2268 3342 et
2296 3285 2610 3342 Hiberniam
2664 3293 2719 3340 et
2766 3285 3036 3356 Angliam.
3082 3283 3210 3340 Illas
3249 3284 3320 3338 32
3351 3283 3565 3341 insulas

1943 3386 2094 3436 tenet
2116 3395 2206 3433 rex
2266 3379 2570 3434 insularum
2615 3375 2708 3432 tali
2747 3377 2956 3432 tributo
2981 3375 3049 3431 de
3095 3391 3224 3450 rege
3255 3375 3561 3450 Norwegie.

1940 3473 2090 3548 quod
2121 3474 2344 3546 quando
2378 3488 2434 3527 re
2455 3487 2489 3526 x
2519 3471 2836 3535 innovatur,
2899 3485 2993 3527 rex
3048 3469 3350 3526 insularum
3387 3468 3481 3526 dat
3509 3469 3562 3526 ei

1941 3563 2132 3618 decem
2162 3577 2370 3617 marcas
2400 3559 2541 3625 auri,
2593 3573 2698 3615 nec
2727 3556 2938 3632 aliquid
2965 3556 3096 3613 facit
3135 3556 3186 3611 ei
3213 3557 3272 3614 in
3298 3564 3413 3615 tota
3449 3559 3565 3616 vita

1942 3671 2060 3720 sua,
2101 3653 2205 3708 nisi
2235 3653 2430 3708 iterum
2485 3651 2626 3706 alius
2681 3666 2774 3705 rex
2825 3648 3116 3706 ordinetur
3165 3649 3223 3706 in
3250 3650 3560 3726 Norwegia.

1952 3747 2120 3815 llujus
2150 3745 2294 3820 regis
2315 3744 2619 3800 insularum
2647 3742 2798 3799 venit
2825 3742 3037 3816 legatus
3065 3741 3132 3798 ad
3160 3757 3347 3814 regem
3371 3741 3566 3816 Anglic

1953 3837 2232 3911 predictus
2263 3836 2578 3908 episcopus.
2636 3834 2920 3904 Bstjenim
2968 3833 3254 3906 prodictus
3304 3849 3399 3890 rex
3429 3849 3565 3890 con-

1954 3943 2291 4001 sanguineus
2320 3926 2470 4000 regis
2492 3924 2682 4000 Anglic
2707 3939 2774 3980 ex
2817 3933 2972 3996 parte
3014 3923 3287 3981 Mathildis
3315 3923 3564 3997 impera-

1960 4018 2112 4074 tricis
2135 4016 2326 4073 matris
2341 4031 2443 4072 suc
2467 4016 2558 4071 “5.

2034 4108 2190 4168 1167.
2548 4107 2635 4164 16.
3024 4105 3115 4162 30.
3483 4107 3568 4164 13.

2035 4201 2094 4256 In
2121 4199 2289 4256 natali
2317 4198 2537 4254 Domini
2577 4197 2680 4256 fuit
2731 4213 2828 4256 rex
2884 4197 3151 4256 Henricus
3208 4197 3461 4265 Pictavis,
3516 4204 3575 4254 et

233 4283 436 4358 viginti
491 4284 718 4342 solidos.
751 4285 1090 4343 Gualeranus
1159 4302 1347 4343 comes
1385 4287 1626 4344 Mellenti
1675 4286 1854 4346 factus
1883 4355 1930 4361 _
1960 4290 2112 4347 venit
2141 4289 2209 4345 ad
2239 4305 2362 4343 cum
2422 4287 2688 4343 Henricus
2711 4285 2860 4343 ﬁlius
2903 4303 3039 4342 suus
3065 4287 3134 4343 de
3176 4286 3390 4361 Anglia.
3435 4287 3572 4342 Ante

237 4355 548 4432 monachus
603 4376 818 4433 Pratelli
852 4378 993 4435 obiit
1017 4394 1035 4446 ;
1080 4386 1136 4438 et
1181 4380 1447 4435 successit
1475 4379 1528 4436 ei
1557 4378 1706 4436 ﬁlius
1732 4380 1854 4448 ejus
1882 4355 2435 4456 unadragesimam
2488 4378 2639 4435 venit
2685 4394 2781 4433 rex
2813 4377 3234 4451 Rothomagum,
3261 4355 3331 4434 et
3353 4383 3572 4435 mortuo

237 4466 535 4534 Robertus,
593 4477 754 4525 natus
811 4485 875 4526 ex
931 4487 1118 4526 sorore
1149 4470 1390 4527 Simonis
1427 4471 1644 4528 comitis
1664 4473 1856 4528 Ebroi-
1956 4469 2214 4540 Rotgerio
2235 4468 2435 4523 abbate
2487 4465 2673 4522 Sancti
2715 4465 2986 4531 Audonei,
3035 4465 3152 4520 viro
3180 4479 3396 4520 summe
3442 4465 3574 4520 reli-

237 4556 423 4612 censis
458 4557 544 4612 ⁸³⁸.
577 4559 740 4615 Duxit
796 4566 977 4616 autem
1036 4559 1184 4616 idem
1213 4561 1486 4616 Robertus
1517 4559 1682 4616 filiam
1733 4560 1858 4616 itai-
1957 4556 2163 4634 gionis,
2199 4557 2430 4611 eandem
2457 4554 2731 4610 abbatiam
2775 4553 2928 4608 dedit
2950 4551 3254 4609 Haimerico
3281 4553 3571 4610 cellerario

240 4646 396 4702 naldi
427 4649 648 4706 comitis
703 4651 1094 4708 Cornubensis.
1153 4652 1300 4707 Obiit
1341 4653 1504 4708 etiam
1531 4653 1862 4709 Guillermus
1961 4645 2139 4701 BBCCi-
2173 4643 2339 4699 Ρειυίο
2371 4649 2496 4698 ωηο
2526 4641 2778 4697 οδίθτειηί
2801 4641 2854 4695 in
2880 4641 3072 4717 Anglia
3101 4641 3375 4698 Βοδθνῑυε
3399 4641 3572 4698 δεῖθ’

239 4750 338 4790 rex
421 4735 625 4794 Sicilia
705 4747 764 4794 et
847 4741 1120 4798 successit
1179 4740 1230 4795 ei
1309 4738 1636 4797 Guillermus
1716 4741 1863 4798 ﬁlius
1963 4740 2240 4796 fordensis
2277 4748 2333 4793 et
2391 4737 2664 4792 Robertus
2694 4735 3074 4792 Linconiensis
3112 4736 3360 4809 episcOpi
3395 4737 3572 4794 “‘Jn

238 4826 382 4895 ejus.
481 4826 800 4884 Willermus
863 4828 1199 4899 Talavacius,
1289 4847 1479 4888 comes
1557 4833 1863 4906 Sagiensis,
1964 4831 2384 4906 quadragesima
2438 4831 2652 4885 locutus
2688 4828 2788 4884 fuit
2837 4846 2930 4884 rex
2978 4829 3275 4904 Anglorum
3315 4847 3438 4887 cum
3477 4845 3575 4887 co—

239 4924 301 4974 et
339 4916 490 4975 ﬁlius
509 4919 631 4988 ejus
686 4919 990 4991 Iohannes,
1039 4930 1093 4978 et
1148 4923 1348 4978 iterum
1377 4924 1658 4979 .lohannes
1687 4940 1864 4996 nepos
1969 4923 2102 4978 mite
2125 4920 2308 4976 Sancti
2349 4919 2525 4995 Egidii
2555 4919 2703 4991 apud
2735 4918 2987 4993 Magnum
3029 4927 3291 4977 montem.
3322 4921 3448 4976 Post
3476 4934 3576 4991 pa-

1581 5024 1803 5079 VARl/E
1847 5023 2251 5082 LECTlONES..

317 5117 987 5192 “#Willermus—ejus
1045 5125 1240 5179 desunt
1295 5125 1386 5178 8b.
1420 5125 1510 5180 8h.
1574 5125 1643 5159 ⁵⁸⁸
1696 5125 1965 5180 Roberius
1994 5122 2398 5178 —Vercehensi
2453 5123 2642 5178 desunt
2693 5122 2784 5178 8b.
2847 5123 2934 5175 8h.
3000 5121 3068 5157 διο
3106 5119 3586 5176 Fulmen—Ble-

239 5190 425 5274 sensis
447 5197 634 5274 postea
653 5190 1098 5274 ᾳάιέίάἰς-’τηᾳηυι
1159 5195 1343 5250 eadem
1360 5213 1385 5274 ,ξ
1443 5197 1629 5274 desunt
1657 5197 1748 5274 8b.
1800 5197 1901 5274 _8h.
1962 5197 2073 5274 tm”
2097 5194 2547 5274 quadriennium
2583 5193 2674 5250 8d.
2699 5194 2930 5274 f"_Pos_t
2966 5195 3074 5274 tunc
3095 5197 3210 5274 tres
3246 5206 3393 5274 uoces
3416 5193 3587 5248 erasit

238 5265 481 5332 scriptor
507 5265 622 5332 ipse
639 5266 701 5318 in
740 5263 797 5319 Ε.
848 5265 1200 5334 ριιδιρτθηυε
1231 5297 1298 5306 -
1355 5267 1729 5322 Cornubensis
1781 5269 1971 5324 desunt
2025 5263 2132 5324 8b:
2166 5267 2258 5320 8h.
2307 5266 2377 5300 ⁶¹ο³
2407 5265 2622 5334 Pagina
2677 5265 2946 5320 desinente
2980 5268 3038 5319 in
3091 5264 3147 5318 E.
3190 5263 3430 5318 habitum
3456 5279 3584 5318 ma-

239 5329 576 5418 nus—mmet.
603 5335 698 5418 sed
725 5329 1008 5418 pautatim:
1058 5341 1287 5393 tantum.
1327 5337 1513 5394 Mense
1545 5339 1940 5418 —_episc0p_us
1999 5340 2185 5418 desunt
2238 5335 2330 5392 8b.
2381 5329 2589 5418 8h.'5‘f
2633 5338 3010 5418 Atramentum
3058 5339 3320 5418 mutatur.

239 5407 383 5482 hinc
401 5404 765 5482 atramentum
795 5413 953 5482 atque
979 5425 1176 5482 manus
1204 5424 1428 5482 prorsus
1466 5404 1734 5479 mutatur,
1775 5404 2171 5482 orthographia
2209 5423 2413 5478 quoque
2455 5410 2654 5478 saepius
2704 5409 2888 5478 differt
2917 5423 2951 5460 α
2984 5406 3324 5476 praecedenti.
3356 5404 3426 5440 ⁸⁸⁵
3453 5411 3590 5460 Ante

234 5476 725 5550 quadragesimam
762 5507 836 5522 -
860 5476 1110 5552 episcopi
1139 5476 1330 5536 desunt
1357 5479 1448 5536 8b.
1466 5482 1559 5536 8h.

1789 5577 2004 5636 NOT/E.

315 5645 470 5717 (615)
499 5644 1219 5708 Marmontiers-les-Tours.
