3916 6064
349 200 456 259 503

501 344 851 385 ROMANORUM.
1002 345 1324 387 FBANCORUM
1337 374 1348 386 .
1495 349 1804 388 ANGLORUM.

351 408 484 482 scha
511 425 667 481 duxit
713 425 1012 481 exercitum
1079 427 1312 484 militum
1381 428 1435 482 in
1487 429 1836 485 Arvernicum
1862 447 1958 500 pa-

346 530 499 589 gum,
530 518 587 568 et
614 514 845 570 vastavit
875 522 1075 569 terram
1109 516 1649 585 Guillermicomitis,
1680 518 1808 589 quia
1835 519 1959 574 data

347 601 459 659 fide
485 602 775 679 pepigerat
805 609 948 659 stare
973 604 1222 672 justieie,
1256 604 1312 658 in
1342 606 1625 676 presentia
1666 607 1835 663 donni
1874 624 1958 660 re-

344 691 447 768 gis,
467 690 653 762 nepoti
682 706 805 759 suo,
856 708 1020 763 quem
1079 694 1534 761 exberedaverat,
1555 694 1764 763 juniori
1795 696 1953 750 vide-

342 784 674 841 licetcomiti
719 785 1048 841 Arvernensi
1079 786 1211 851 ;sed
1255 786 1590 843 inveteratus
1630 787 1722 843 ille
1744 788 1957 842 dierum

346 872 611 929 malorum
654 879 814 943 rupta
860 872 990 941 fide,
1044 874 1321 929 transtulit
1372 890 1429 928 se
1470 875 1537 929 ad
1567 892 1751 950 regem
1794 876 1958 930 Fran-

345 977 558 1029 corum,
587 968 642 1016 et
670 961 963 1016 seminavit
992 962 1300 1018 discordias
1330 963 1474 1017 inter
1513 979 1610 1019 eos
1669 964 1777 1018 Sed
1810 971 1865 1020 et
1889 966 1959 1020 de

346 1051 679 1106 collectione
711 1051 945 1121 pecunie
975 1051 1277 1107 deferende
1341 1052 1664 1119 Jerusalem,
1722 1070 1831 1126 que
1859 1054 1960 1110 ad-

344 1146 514 1195 unata
538 1138 715 1195 fuerat
739 1139 991 1206 Turonis,
1049 1156 1211 1211 quam
1266 1157 1360 1195 rex
1417 1141 1713 1215 Anglorum
1740 1144 1961 1200 volebat

349 1228 569 1283 mittere
600 1244 699 1300 per
727 1243 857 1285 suos
914 1229 1162 1295 nuntios,
1201 1236 1390 1299 utpote
1436 1238 1709 1301 sumptam
1770 1232 1824 1285 in
1857 1248 1957 1288 suo

347 1323 631 1389 comitatu,
692 1340 789 1379 rex
830 1330 1015 1378 autem
1072 1324 1403 1379 Francorum
1464 1341 1563 1396 per
1623 1341 1774 1393 suos,
1830 1328 1958 1398 quia

346 1412 579 1467 ecclesia
630 1411 967 1467 Turonensis
1005 1428 1104 1467 sua
1142 1420 1246 1479 est,
1287 1414 1642 1487 suggestione
1697 1414 1834 1469 Jocii
1865 1431 1958 1468 ar-

342 1503 682 1575 chiepiscOpi
711 1502 1048 1559 Turonensis
1093 1520 1293 1576 magna
1326 1504 1602 1560 discordia
1635 1506 1777 1560 inter
1817 1506 1961 1560 Hen-

1577 200 1916 255 SIGEBERTI
1958 201 2464 257 GEMBLAGENSIS.

3583 208 3711 263 504

1985 334 2295 402 Amultum
2364 332 2607 387 deferret
2659 332 2774 404 regi
2822 332 3121 396 Ludovico,
3181 332 3403 389 Calvum
3440 334 3700 392 Montem

2063 433 2300 479 castrum
2331 424 2763 478 munitissimum
2818 430 2874 477 et
2927 423 3283 487 ditissimum,
3341 426 3398 479 in
3456 442 3567 497 quo
3592 444 3703 483 rex

2061 515 2389 569 Francorum
2422 521 2853 586 congregaverat
2901 529 3177 582 expensas
3234 522 3289 568 et
3328 515 3585 570 victualia
3615 517 3701 572 ad

2059 617 2199 671 Opus
2230 603 2381 667 belli,
2417 613 2472 657 et
2499 602 2769 672 plurimas
2818 601 2976 655 villas
3008 602 3063 654 in
3089 602 3320 657 circuitu
3352 603 3501 659 illius
3530 621 3698 661 com-

2061 694 2252 749 bussit.
2293 695 2407 759 Quo
2434 694 2622 749 audito
2670 710 2763 749 rex
2820 694 3150 748 Francorum
3182 695 3421 768 graviter
3460 696 3604 764 tulit,
3630 705 3700 753 et

2059 786 2306 840 collectis
2327 787 2538 841 viribus
2569 786 2707 849 suis,
2740 786 2878 840 latos
2909 785 3114 841 fundos
3143 802 3284 857 quos
3313 789 3547 843 Sanctus
3577 792 3703 844 Au-

2060 877 2274 932 doenus
2302 878 2545 932 habebat
2577 878 2632 932 in
2650 877 2958 944 Vircasino,
3001 878 3217 933 scilicet
3247 879 3454 934 Vadum
3478 881 3697 953 Nigasii

2060 975 2113 1021 et
2138 969 2271 1024 alias
2325 970 2498 1025 villas
2559 970 2909 1035 combussit;
2944 969 3305 1026 Andeliacum
3336 972 3500 1027 etiam
3543 973 3695 1029 bur-

2061 1076 2186 1130 gum
2216 1060 2509 1131 optimum,
2542 1061 2635 1131 qui
2690 1068 2809 1115 erat
2860 1060 3120 1131 preprius
3187 1062 3354 1117 Beate
3404 1062 3573 1118 Marie
3624 1072 3697 1129 et

2062 1149 2463 1220 archiepiscOpi
2523 1150 3006 1226 Bothomagensis.
3063 1152 3339 1208 Nonnulla
3377 1155 3542 1209 etiam
3576 1172 3696 1228 que

2061 1239 2409 1309 pertinebant
2438 1242 2505 1295 ad
2538 1243 2829 1297 ecclesiam
2851 1250 3039 1298 sancte
3067 1243 3345 1299 Trinitatis
3373 1245 3696 1302 Hothoma-

2058 1331 2265 1404 gensis,
2307 1333 2560 1388 vastavit.
2589 1334 2699 1388 Sed
2759 1349 2870 1390 non
2902 1334 3083 1390 defuit
3131 1335 3390 1392 festinata
3417 1339 3695 1395 vindicta.

2064 1422 2262 1478 Eadem
2296 1441 2534 1497 namque
2589 1426 2682 1482 die
2722 1427 2882 1483 multi
2912 1429 2981 1483 de
3025 1430 3271 1485 exercitu
3300 1431 3421 1500 ejus
3444 1447 3570 1487 cum
3602 1449 3701 1488 re-

2062 1515 2247 1571 dirent
2302 1518 2368 1571 ad
2421 1526 2618 1588 castra,
2663 1521 2776 1589 siti,
2826 1522 2961 1578 solis
3013 1522 3247 1591 fervore,
3294 1526 3538 1595 pulvere,
3566 1527 3696 1584 for-

342 1592 517 1647 Ticum
545 1607 730 1666 regem
762 1592 1062 1666 Anglorum
1120 1599 1175 1647 θῐ
1205 1593 1543 1650 Ῐλιιάονίοιιῐιὶ
1574 1610 1757 1669 regem
1788 1595 1958 1649 Fraﬂ-
1986 1639 2034 1707 Β
2061 1606 2273 1663 midine
2334 1608 2661 1666 deficientes
2717 1614 3129 1683 expiraverunt.
3190 1592 3309 1671 Sie—
3344 1617 3510 1672 etiam
3540 1620 3691 1690 patri

350 1698 529 1707 ..Α-...α-
558 1692 699 1707 ...ΑᾹΑ
758 1689 833 1707 ,ιι-ιι
920 1682 1203 1707 Πη...1.--,-ι,
1273 1696 1348 1707 --Α
1416 1687 1597 1707 -2--2ι--
1628 1686 1957 1707 'I‘______-_-i_
2064 1694 2074 1703 ο
2154 1695 2163 1706 -
2336 1699 2345 1707 .
2374 1699 2386 1707 .
2534 1700 2576 1707 ,Α
2596 1700 2661 1707 --.
2836 1702 2845 1707 -
2871 1702 2884 1707 -
3242 1704 3252 1707 -
3306 1706 3313 1707 ,

345 1698 533 1738 corum
558 1692 706 1738 mota
755 1689 854 1737 est.
920 1682 1209 1739 Combusta
1269 1696 1354 1739 est
1410 1687 1601 1741 civitas
1628 1686 1961 1741 Turonensis
1986 1682 2034 1707 ”
2062 1694 2236 1765 ipsius
2266 1699 2483 1768 pridem
2528 1700 2668 1770 (646)
2730 1682 3050 1768 acciderat;
3085 1720 3209 1758 nam
3241 1704 3478 1762 initurus
3506 1682 3699 1764 certa-

344 1792 470 1831 cum
510 1775 799 1847 principali
856 1777 1109 1831 ecclesia.
1165 1777 1469 1833 Almaricus
1526 1795 1618 1833 rex
1656 1779 1957 1834 Jerusalem
2059 1788 2185 1841 men
2214 1803 2335 1843 cum
2380 1790 2611 1846 Henrico
2666 1793 2887 1849 seniore
2948 1811 3080 1870 rege
3109 1795 3432 1868 Anglorum,
3466 1798 3521 1853 in
3571 1816 3690 1871 quo

345 1874 605 1923 evocatus
642 1867 711 1921 ab
774 1867 1033 1922 amirario
1074 1867 1383 1934 Babilonie,
1444 1870 1532 1924 cui
1572 1868 1960 1925 eonfederatus
2058 1876 2286 1934 inferior
2307 1878 2427 1948 fuit,
2456 1882 2779 1952 precedenti
2813 1891 2974 1940 nocte
3008 1867 3063 1940 in
3101 1867 3298 1941 eodem
3332 1888 3455 1944 vico
3484 1867 3692 1960 hospi-

348 1965 483 2023 erat,
513 1958 731 2014 obsedit
762 1958 1165 2026 Alexandriam,
1222 1975 1329 2030 que
1359 1966 1524 2029 caput
1552 1966 1637 2014 est
1665 1961 1877 2035 Egypti,
1905 1967 1959 2015 et
2056 1972 2201 2021 tatus
2228 1968 2426 2036 fuerat,
2456 1977 2510 2025 et
2538 1971 2750 2038 Franci,
2785 1974 2879 2044 qui
2918 1990 2947 2029 a
2975 1974 3281 2043 ferocitate,
3314 1985 3452 2032 teste
3479 1958 3691 2036 Valen-

343 2049 512 2120 cepit,
543 2056 598 2103 et
625 2047 865 2103 reddidit
890 2064 1010 2103 eam
1067 2048 1345 2116 amirario,
1404 2050 1496 2120 qui
1531 2050 1739 2126 pepigit
1768 2051 1818 2105 ei
1841 2051 1956 2105 sin-

2059 2058 2269 2115 tiniano
2303 2062 2670 2118 Romanorum
2703 2064 3055 2135 imperatore,
3097 2070 3276 2124 vocati
3308 2076 3457 2137 sunt,
3494 2072 3688 2127 eccle-

342 2150 489 2223 gulis
517 2149 678 2204 annis
732 2149 996 2204 tributum
1041 2150 1109 2205 de
1175 2152 1371 2205 eadem
1432 2150 1653 2206 civitate
1715 2152 1784 2207 50
1813 2152 1963 2206 milia

340 2238 735 2306 Bizantiorum,
792 2239 1036 2309 exceptis
1084 2239 1152 2295 57
1220 2240 1489 2307 milibus,’
1528 2256 1667 2312 quos
1698 2240 1865 2295 habet
1893 2242 1961 2296 de

339 2330 623 2388 Babilone.
670 2330 819 2386 ldem
867 2332 1030 2386 etiam
1082 2348 1177 2386 rex
1239 2333 1392 2386 duxit
1450 2349 1673 2388 uxorem
1731 2343 1956 2404 neptem

339 2420 558 2477 Manuel
588 2420 938 2491 imperatoris
982 2420 1719 2493 ConstantinOpolitanicum
1761 2423 1952 2478 infini-

339 2510 409 2566 tis
433 2508 729 2564 thesauris.

408 2597 562 2652 Circa
587 2601 967 2668 pentecostem
1039 2597 1359 2654 Fredericus
1412 2599 1713 2671 imperator
1740 2601 1957 2655 Alema-

335 2707 557 2761 norum,
601 2691 786 2747 missis
840 2691 1178 2748 exercitibus
1217 2694 1351 2760 suis,
1413 2695 1615 2750 multos
1678 2696 1959 2752 Romano-

332 2801 453 2841 rum
506 2782 729 2851 occidit,
764 2783 885 2855 ipse
939 2784 1008 2839 ab
1073 2785 1288 2840 eisdem
1347 2786 1553 2841 similia
1609 2798 1951 2858 recepturus.

333 2874 487 2933 Circa
527 2891 777 2932 mensem
834 2875 1039 2931 Julium
1087 2891 1187 2947 per
1243 2877 1602 2948 semetipsum
1658 2879 1957 2934 Leoninam

337 2972 564 3027 Romam
597 2971 895 3027 obseditet
928 2970 1097 3042 cepit,
1131 2978 1185 3026 et
1216 2970 1455 3043 quedam
1494 2971 1647 3040 juxta
1668 2973 1958 3029 ecclesiam

333 3059 481 3118 beati
513 3059 661 3116 Petri
689 3060 979 3128 destruxit,
1036 3060 1248 3115 scilicet
1279 3060 1550 3131 porticum
1576 3070 1629 3117 et
1667 3063 1774 3117 alia
1806 3079 1953 3119 non-

336 3152 505 3208 nulla.
529 3153 858 3225 Antipapam
890 3153 1055 3208 etiam
1083 3153 1377 3209 Widonem
1420 3154 1487 3210 de
1510 3156 1701 3211 (lreme
1729 3157 1953 3213 Romam

339 3247 589 3315 adduxit,
623 3256 679 3304 et
707 3265 809 3320 per
845 3264 1068 3304 manum
1108 3248 1286 3319 ipsius
1337 3264 1562 3305 uxorem
1593 3267 1746 3306 suam
1776 3251 1957 3324 impe-

339 3340 593 3402 ratricem
624 3340 757 3397 fecit
805 3341 1060 3398 coronari
1118 3342 1274 3413 (Aug.
1333 3343 1408 3413 1).
1453 3342 1762 3400 Subsecuta
1806 3351 1899 3403 est
1926 3362 1956 3400 e

334 3434 566 3509 vestigio
597 3434 733 3491 ultio
781 3435 990 3493 divina.
1050 3436 1184 3492 Nam
1240 3436 1468 3492 Karolus
1512 3436 1658 3492 ﬁlius
1713 3437 1957 3505 Corradi,

335 3526 576 3599 quiante
601 3527 952 3584 Fredericum
994 3529 1387 3600 imperaverat,
1420 3529 1788 3585 consobrinus
1816 3530 1959 3601 ejus,

332 3623 585 3672 mortuus
616 3622 701 3673 est
730 3617 820 3685 “7,
851 3624 907 3673 et
950 3617 1250 3674 Raiualdus
1305 3617 1763 3690 archiepiscOpus
1789 3618 1958 3675 Colo-

336 3707 548 3764 niensis
576 3709 941 3765 cancellarius
966 3710 1110 3777 ejus,
1163 3709 1321 3777 cujus
1350 3710 1584 3766 consilio
1616 3711 1786 3766 multa
1816 3711 1960 3766 mala

335 3800 577 3859 faciebat
604 3804 696 3869 ω,
731 3813 787 3859 et
837 3804 1135 3874 episcopus
1188 3804 1529 3859 Leodiensis.
1566 3811 1621 3859 et
1678 3806 1835 3861 multi
1863 3806 1957 3861 alii

335 3899 451 3946 tam
512 3891 764 3963 episc0pi
818 3908 985 3964 quam
1035 3894 1311 3961 consules,
1343 3894 1600 3950 similiter
1645 3897 1950 3966 perierunt.

334 3981 544 4037 Dicitur
574 3982 746 4051 enim,
773 3984 920 4055 quod
955 3990 1252 4039 ’crassante
1302 3985 1633 4042 mortalitate
1679 3988 1751 4041 25
1803 3989 1956 4043 milia

333 4069 619 4126 hominum
651 4071 720 4127 de
750 4073 995 4129 exercitu
1021 4089 1122 4129 suo
1145 4074 1341 4130 mortui
1375 4084 1521 4131 Sunt.
1573 4076 1954 4152 Longobardie

332 4161 602 4230 civitates,
634 4179 740 4236 que
771 4170 900 4219 sunt
961 4179 1192 4220 numero
1220 4164 1311 4232 Μ,
1365 4164 1731 4221 Mediolanum
1772 4168 1957 4222 reedi-

331 4259 498 4316 ficant
528 4261 584 4312 et
629 4258 698 4312 ab
763 4257 1096 4329 imperatore
1152 4257 1456 4319 deciscunt,
1515 4267 1703 4330 preter
1732 4260 1954 4332 Papiam

2063 2148 2197 2202 siam
2231 2148 2389 2204 beate
2422 2151 2587 2206 Marie
2618 2154 2901 2209 Andeliari
2943 2156 3217 2211 stabulum
3252 2174 3520 2230 equorum
3547 2176 3692 2218 suo-

2066 2254 2186 2291 rum
2217 2238 2476 2295 fecerant.
2505 2242 2659 2297 Unde
2717 2244 2807 2297 alii
2867 2261 3055 2299 rerum
3090 2247 3256 2317 capti,
3308 2248 3400 2302 alii
3456 2265 3590 2305 vero
3622 2249 3685 2305 in

2061 2324 2244 2400 fugam
2286 2328 2459 2400 elapsi
2482 2340 2627 2385 sunt.
2662 2331 2851 2387 Mense
2882 2336 3125 2405 Augusto
3156 2344 3344 2411 tregue
3374 2347 3596 2409 sumpte
3626 2348 3688 2394 et

2052 2417 2232 2495 jurate
2278 2430 2405 2475 sunt
2463 2423 2607 2477 inter
2645 2440 2801 2499 reges
2862 2425 3155 2482 Henricum
3212 2438 3267 2483 et
3316 2429 3684 2497 Ludovicum,

2060 2524 2234 2581 usque
2257 2510 2326 2565 ad
2367 2512 2587 2581 pascha.
2641 2513 2775 2567 lnde
2804 2515 3045 2584 perrexit
3072 2531 3161 2571 rex
3186 2517 3451 2573 Henricus
3480 2519 3535 2573 in
3566 2520 3691 2573 Bri-

2059 2601 2323 2669 tanniam,
2356 2610 2411 2658 et
2454 2602 2702 2658 subdidit
2754 2605 2858 2659 sibi
2903 2621 3098 2662 omnes
3158 2608 3469 2677 Britannos,
3492 2611 3684 2673 {etiam

2060 2690 2373 2747 Leonenses
2406 2710 2419 2759 ;
2452 2709 2577 2746 nam
2628 2693 3057 2763 Guibunmarus,
3115 2694 3262 2751 filius
3293 2697 3485 2753 Hervei
3523 2700 3689 2755 vice-

2059 2784 2277 2839 comitis
2325 2784 2627 2840 Leonensis
2667 2786 2823 2857 cujus
2875 2786 3043 2842 filiam
3073 2804 3258 2844 comes
3304 2789 3478 2846 Guido
3506 2791 3689 2848 habe-

2060 2878 2156 2931 bat
2184 2876 2239 2930 in
2272 2875 2613 2949 conjugium,
2643 2877 2785 2931 datis
2834 2877 3124 2935 obsidibus
3173 2881 3429 2937 submisit
3455 2899 3517 2939 se
3540 2884 3683 2956 regi,

2060 2976 2270 3023 terrore
2338 2965 2702 3032 exanimatus,
2777 2983 2901 3023 cum
2956 2969 3171 3025 videret
3227 2978 3463 3026 castrum
3515 2989 3683 3029 suum

2059 3056 2486 3113 munitissimum
2528 3055 2879 3112 combustum
2931 3064 2988 3113 et
3042 3066 3284 3128 captum,
3327 3066 3381 3114 et
3403 3059 3511 3115 alia
3537 3077 3687 3116 non-

2058 3149 2208 3204 nulla
2239 3148 2325 3203 vel
2349 3154 2515 3219 capta
2594 3148 2680 3203 vel
2720 3149 2956 3204 reddita.
2987 3148 3120 3205 Cum
3162 3150 3343 3207 adhuc
3373 3160 3687 3213 moraretur

2059 3255 2151 3294 rex
2184 3238 2241 3292 in
2275 3237 2578 3305 Britannia,
2636 3238 2848 3293 audivit
2887 3239 3140 3295 nuntium
3169 3238 3239 3295 de
3280 3250 3457 3296 morte
3487 3241 3685 3298 matris

2058 3347 2158 3387 sue
2187 3329 2464 3385 Mathildis
2520 3328 2906 3400 imperatricis.
2975 3331 3224 3386 Decessit
3273 3332 3440 3391 enim,
3476 3333 3513 3385 4
3551 3333 3686 3389 ldus

2060 3420 2401 3493 Septembris
2432 3419 2779 3496 Hothomagi,
2846 3430 2900 3476 et
2937 3421 3157 3492 sepulta
3185 3429 3267 3477 est
3315 3422 3498 3480 Becci.
3532 3423 3684 3479 The-

2059 3532 2253 3572 sauros
2284 3516 2530 3573 infinitos
2561 3517 2686 3587 pius
2719 3515 2863 3571 ﬁlius
2885 3514 3170 3569 distribuit
3189 3515 3467 3584 ecclesiis,
3488 3530 3682 3571 mona-

2060 3609 2262 3674 steriis,
2293 3609 2527 3679 leprosis
2556 3617 2611 3663 et
2638 3608 2763 3663 aliis
2792 3607 3151 3679 pauperibus,
3180 3622 3280 3678 pro
3306 3607 3490 3662 anima
3510 3608 3679 3664 illius.

2060 3702 2210 3757 Fecit
2252 3710 2435 3756 autem
2486 3700 2734 3773 predicta
2775 3700 3093 3770 imperatrix
3140 3699 3539 3755 monasterium
3606 3701 3697 3756 de~

2059 3797 2194 3853 Voto
2224 3797 2281 3852 in
2315 3796 2588 3851 Caletensi
2621 3810 2762 3867 pago
2784 3796 2943 3864 juxta
2964 3793 3165 3849 Juliam
3212 3795 3441 3863 Bonam,
3463 3802 3520 3849 et
3572 3812 3678 3867 po-

2056 3890 2168 3945 suit
2196 3889 2267 3943 ibi
2294 3890 2593 3944 monachos
2651 3887 3051 3945 Cistertienses.
3092 3886 3237 3942 Fecit
3264 3893 3319 3941 et
3346 3889 3685 3943 monasteria

2057 3983 2471 4049 canonicorum,
2500 3998 2669 4037 unum
2712 3982 2863 4049 juxta
2896 3978 3106 4034 Cesaris
3146 3980 3406 4052 Burgum,
3439 3990 3495 4035 et
3520 3982 3681 4036 'aliud

2059 4076 2113 4129 in
2137 4075 2273 4130 silva
2298 4074 2367 4129 de
2397 4072 2595 4129 Goffer.
2628 4072 2705 4127 Ad
2738 4080 2980 4127 montem
3011 4070 3179 4125 etiam
3210 4070 3488 4140 lapideum
3510 4086 3685 4142 super.

2058 4164 2371 4235 Sequanam
2400 4162 2543 4234 apud
2578 4162 3005 4236 Botbomagum,
3033 4176 3064 4214 a
3089 4175 3148 4215 se
3175 4160 3517 4228 inchoatum,
3540 4163 3682 4217 mul-

2059 4262 2169 4310 tam
2209 4271 2477 4310 summam
2509 4254 2745 4326 pecunic
2776 4253 3002 4308 dimisit.

332 4358 388 4409 et
425 4350 704 4409 Vercellas
730 4349 819 4403 “9.
858 4349 915 4403 In
970 4348 1180 4404 octavis
1231 4355 1583 4420 pentecostes
1627 4366 1721 4403 rex
1752 4350 2037 4440 Anglo-D
2130 4348 2431 4403 Ricliardus
2474 4347 2646 4402 abbas
2699 4346 2885 4401 Sancti
2917 4345 3061 4401 Petri
3094 4360 3265 4415 super
3303 4345 3493 4400 Divam
3523 4346 3672 4440 (647)

338 4458 459 4497 rum
481 4450 537 4497 et
562 4456 656 4497 rex
683 4439 1015 4494 Francorum
1048 4438 1104 4491 in
1135 4437 1415 4493 Vircasino
1470 4436 1707 4493 locuturi
1730 4437 1798 4492 de
1821 4454 1955 4508 pace
1976 4436 2019 4440 ἡ
2056 4440 2276 4504 obiit,et
2333 4440 2601 4494 successit
2632 4440 2918 4494 Rannerus
2969 4438 3276 4493 monachus
3308 4437 3532 4494 Cadomi
3574 4454 3674 4510 pro

333 4536 733 4588 convenerunt.
769 4529 878 4584 Sed
923 4528 1259 4600 primoribus
1314 4527 1470 4599 regni
1504 4527 1834 4583 Francorum
1859 4544 1956 4582 ex-

332 4618 722 4675 acerbantibus
750 4618 1033 4673 lenitatem
1060 4617 1210 4691 regis
1241 4614 1526 4684 Ludovici,
1562 4616 1701 4670 nihil
1733 4614 1953 4687 profue-

333 4719 480 4766 runt.
511 4710 993 4785 Congregaverunt
1025 4711 1208 4782 itaque
1228 4717 1459 4780 uterque
1490 4706 1767 4763 infinitum
1799 4725 1953 4763 exer-

332 4801 501 4859 citum
525 4801 594 4858 de
626 4801 778 4857 omni
832 4808 1102 4873 potestate
1148 4817 1268 4868 sua,
1328 4809 1383 4856 et
1435 4801 1698 4855 alteruter
1727 4800 1952 4857 castella

331 4911 437 4953 sua
473 4895 848 4951 muniverunt.
907 4894 1036 4951 Cum
1068 4900 1253 4951 autem
1313 4910 1407 4949 rex
1468 4894 1796 4949 Francorum
1847 4895 1950 4949 ali-

330 4993 565 5060 quantas
592 4986 812 5044 villulas
844 4987 903 5043 in
932 5003 1136 5055 marca,
1191 4988 1334 5043 inter
1389 4986 1694 5042 Medantam
1740 4995 1796 5043 et
1851 4988 1950 5044 Pa-

329 5076 603 5135 scheium.
635 5076 1053 5144 combussisset,
1086 5091 1181 5131 rex
1231 5074 1498 5131 Henricus
1526 5075 1789 5143 irritatus,
1822 5077 1952 5133 licet

2056 4545 2142 4584 eo.
2177 4528 2422 4585 Decessit
2444 4528 2605 4583 etiam
2632 4527 2858 4581 Michael
2890 4526 3059 4581 abbas
3086 4526 3306 4580 Aratelli
3340 4525 3510 4596 (648),
3553 4543 3673 4584 mo-

2057 4621 2267 4676 nachus
2310 4618 2490 4683 Becci,
2543 4627 2599 4675 et
2656 4618 2987 4673 substitutus
3030 4622 3114 4671 est
3152 4632 3253 4687 pro
3293 4631 3361 4671 eo
3407 4616 3677 4673 Henricus

2053 4729 2319 4770 menaeus
2343 4712 2526 4777 Becci,
2582 4717 2901 4781 procurator
2950 4708 3233 4779 hospitum
3263 4707 3351 4762 ⁸⁵0.
3389 4707 3545 4763 Jocio
3584 4725 3673 4764 ar-

2051 4803 2443 4875 chiepiscopus
2472 4799 2805 4854 Turonensis
2854 4796 3221 4853 concordatus
3278 4796 3364 4851 es’t
3393 4810 3517 4851 cum
3541 4812 3673 4873 rege

2051 4897 2372 4971 Anglorum.
2414 4891 2759 4947 Venerabilis
2826 4891 2979 4963 Hugo
3036 4889 3206 4944 abbas
3261 4887 3467 4943 Cerasii
3522 4887 3666 4958 (649)

2051 4987 2291 5042 humane
2329 4982 2440 5038 vite
2470 4980 2761 5038 moriendo
2782 4978 3050 5035 satisfecit
3080 4995 3095 5045 ;
3129 4976 3222 5049 qui
3254 4976 3323 5033 50
3354 4975 3468 5031 fere
3506 4976 3669 5032 annis

2052 5076 2191 5132 rexit
2216 5074 2362 5129 idem
2424 5069 2840 5127 monasterium.
2905 5067 3041 5123 Huic
3106 5064 3372 5121 successit
3407 5063 3669 5120 Martinus

1689 5177 1907 5232 νΑΒιίΕ
1938 5176 2208 5234 LECTION
2218 5175 2312 5229 ES.

403 5275 472 5314 “7
501 5281 624 5333 post
652 5276 792 5331 hanc
820 5280 925 5330 tres
947 5288 1098 5328 voces
1128 5287 1310 5328 eram.
1369 5274 1436 5309 “3

334 5346 430 5405 8b.
459 5345 555 5404 8b.
588 5346 658 5384 ⁶⁸⁰
685 5346 991 5404 Richardus
1016 5374 1087 5385 —
1113 5345 1396 5417 hospitum
1428 5345 1625 5403 desunt
1642 5348 1735 5403 8b.
1759 5348 1853 5403 8h.

1488 5280 1614 5346 post
1670 5277 1807 5331 hanc
1836 5278 2048 5347 aliquos
2096 5289 2243 5330 voces
2305 5288 2488 5329 erasae.
2540 5271 2608 5306 “9
2659 5269 2811 5325 Circa
2842 5274 3137 5341 penteea—
3166 5264 3445 5322 Vercellas
3475 5264 3668 5321 desunt

1885 5447 2100 5509 NOTon

406 5518 556 5659 ἓξὲξ)
583 5517 910 5659 ὒίέἐέἓξιεί

429 5588 556 5659 647)
583 5587 757 5645 Diosc.
789 5588 1093 5660 Sagiensis.

2134 5517 2280 5588 (648)
2306 5517 2536 5583 Préaux,
2554 5513 2717 5588 dicae.
2744 5511 3126 5588 Luxoviensis.

2135 5584 2273 5659 (649)
2308 5588 2515 5659 Cerisy,
2548 5584 2713 5654 dioec,
2744 5584 3082 5653 Bajocensis.
