3930 6068
265 263 379 318 505

413 407 746 449 ROIANORUM
757 436 767 448 .
919 407 1256 448 PRANCORUI.
1408 405 1718 448 ANGLORUM.

268 500 536 541 monacus
561 486 810 558 ejusdem
853 485 960 542 loci
991 486 1081 542 θδί.
1117 485 1328 561 Regina
1356 485 1580 542 Alienor
1619 483 1885 540 transfre-

261 577 403 633 tavit
445 579 501 632 in
558 579 826 653 Angliam,
879 579 1089 634 ducens
1135 595 1323 635 secum
1357 580 1525 636 ﬁliam
1574 597 1729 636 suam
1775 580 1888 634 Ma-

267 673 500 729 thildem
539 674 596 728 in
646 673 835 748 vigilia
873 674 1070 730 natalis
1113 675 1332 730 Domini
1371 677 1482 731 due
1539 675 1698 730 stt-lle
1739 676 1884 749 ignei

265 761 489 824 coloris,
519 779 754 833 quarum
799 779 910 818 una
935 770 1052 819 erat
1079 767 1298 838 magna,
1338 765 1509 820 altera
1563 781 1754 836 parva,
1785 781 1884 836 ap-

263 860 570 922 paruerunt
617 855 672 908 in
709 855 1020 922 occidente,
1069 861 1126 910 et
1157 865 1314 910 erant
1353 857 1512 928 quasi
1541 859 1880 926 conjuncte;

261 953 457 1012 postea
494 945 770 1015 disjuncte
821 953 950 1002 sunt
1013 947 1182 1020 longo
1229 947 1432 1019 spatio.
1499 955 1555 1003 et
1615 963 1882 1020 apparere

263 1037 606 1097 desiverunt.
638 1039 804 1096 Natus
836 1048 920 1096 est
966 1040 1248 1096 Johannes
1294 1041 1444 1097 ﬁlius
1498 1042 1644 1114 regis
1681 1042 1884 1116 Anglo-

258 1145 386 1188 rum
407 1133 496 1190 ⁸⁸³.

336 1223 498 1280 1168.
539 1225 848 1281 Fredericus
889 1225 973 1280 17.
1015 1227 1320 1283 Ludovicus
1359 1225 1446 1284 3|.
1487 1227 1751 1284 Henricus
1790 1229 1879 1284 14.

335 1319 415 1374 Ad
471 1321 649 1376 natale
691 1319 792 1376 fuit
843 1337 936 1376 rex
970 1321 1242 1378 Henricus
1271 1323 1684 1397 Argentomagi,
1715 1331 1770 1380 et
1801 1332 1884 1380 te-

265 1408 388 1465 nuit
409 1409 486 1464 ibi
517 1425 772 1483 magnam
801 1411 1008 1466 curiam
1036 1410 1091 1464 in
1127 1427 1266 1467 nova
1295 1412 1420 1467 aula
1457 1428 1575 1468 sua.
1606 1412 1882 1469 Matliildis

259 1501 378 1558 ﬁlia
404 1497 552 1578 regis
597 1503 814 1560 Henrici
857 1521 984 1561 cum
1019 1504 1238 1562 inﬁnita
1277 1509 1512 1578 pecunia
1539 1516 1594 1564 et
1622 1515 1886 1581 apparatu

262 1595 503 1650 maximo
529 1595 693 1652 ducta
743 1602 826 1651 est
853 1596 908 1652 in
961 1597 1299 1654 Alemaniam
1330 1599 1400 1654 ad
1429 1615 1693 1670 sponsum
1725 1617 1886 1656 suum

267 1684 561 1740 Henricum
596 1685 794 1742 ducem
820 1687 1092 1744 Sansonie
1123 1687 1192 1724 ⁸⁵⁸
1229 1695 1284 1743 et
1321 1688 1597 1758 Bajoarie;
1652 1703 1882 1760 quorum
1916 1717 1965 1786 B

261 1777 561 1832 ducatuum
601 1793 772 1832 unum
807 1778 1041 1835 habebat
1071 1795 1138 1834 ex
1176 1786 1332 1850 patre
1381 1795 1505 1847 suo,
1555 1781 1785 1836 alterum
1819 1797 1884 1836 ex

262 1873 460 1919 matre.
484 1865 643 1920 Pater
670 1865 846 1936 ipsius
869 1865 971 1921 fuit
1003 1867 1271 1923 Henricus
1297 1868 1428 1934 dux,
1461 1869 1554 1941 qui
1594 1868 1696 1924 fuit
1725 1876 1884 1926 natus

259 1967 326 2006 ex
381 1950 494 2006 ﬁlia
539 1952 776 2008 Lotharii
833 1955 1203 2024 imperatoris,
1267 1955 1362 2027 qui
1415 1963 1544 2011 ante
1583 1956 1878 2014 Corradum

253 2044 642 2114 imperaverat.
671 2043 767 2099 Hic
798 2045 1080 2110 Henricus,
1107 2046 1320 2102 scilicet
1343 2047 1554 2115 junior,
1587 2046 1682 2119 qui
1713 2046 1878 2104 ﬁliam

254 2132 404 2205 regis
431 2132 731 2205 Anglorum
768 2133 942 2200 duxit,
975 2150 1143 2206 super
1182 2152 1448 2210 paganos,
1489 2136 1701 2191 scilicet
1725 2136 1878 2192 Scla-

251 2239 352 2280 vos
385 2231 440 2280 et
482 2225 815 2286 Vindelicos.
862 2209 1072 2282 tantum
1107 2209 1425 2301 adquisivit,
1469 2229 1616 2302 quod
1647 2229 1772 2285 fecit
1802 2229 1873 2283 ibi

245 2324 362 2371 tres
390 2318 762 2389 episcOpatus.
796 2318 940 2374 Obiit
970 2321 1038 2356 5“
1067 2321 1320 2376 Terrieus
1359 2337 1545 2377 comes
1575 2322 1877 2376 Flandren-

246 2407 348 2473 sis,
373 2407 462 2462 cui
504 2409 771 2464 successit
816 2410 1106 2482 Philippus
1139 2411 1283 2468 ﬁlius
1322 2429 1464 2484 ejus,
1497 2413 1591 2485 qui
1628 2414 1740 2482 jam
1775 2414 1870 2468 diu

249 2498 568 2553 comitatum
601 2499 756 2554 illum
788 2509 1022 2567 rexerat,
1065 2518 1190 2557 cum
1223 2509 1379 2573 pater
1413 2503 1564 2557 illius
1595 2503 1698 2558 iter
1716 2505 1877 2559 Jeru-

250 2592 425 2646 salem
471 2591 870 2665 frequentabat.
915 2595 1226 2666 Stephanus
1255 2597 1325 2652 de
1373 2597 1648 2668 Filgeriis,
1689 2601 1877 2670 capel-

254 2681 415 2735 lanus
440 2683 589 2756 regis
629 2683 869 2747 Henrici,
913 2683 1088 2740 factus
1118 2693 1202 2741 est
1241 2687 1539 2758 episc0pus
1584 2687 1878 2744 Rodonen-

248 2774 349 2830 sis.
401 2775 734 2832 Fiscanense
792 2781 1186 2834 monasterium
1253 2781 1598 2837 combustum
1659 2792 1741 2838 est
1783 2785 1871 2841 ⁸⁵⁵.

247 2865 436 2922 Mense
468 2867 762 2924 Februario
787 2870 990 2926 accidit
1018 2872 1296 2943 quoddam
1336 2873 1588 2928 mirabile
1608 2874 1664 2929 in
1695 2875 1873 2932 Ceno-

247 2959 502 3013 manensi
535 2956 697 3034 pago,
726 2968 905 3016 castro
953 2962 1232 3031 Freernai,
1294 2965 1444 3036 quod
1499 2973 1736 3022 castrum
1789 2974 1874 3022 est

1157 229 1502 318 CHHONICA.
1545 291 1615 302 —
1654 261 2048 318 AUCTARIUM
2092 265 2381 322 ROBER‘TI
2419 266 2503 321 DE
2540 265 2785 322 MONTE.

1906 393 1962 465 Α
1985 394 2101 449 suis
2126 395 2404 451 militibus
2431 401 2486 450 et
2512 394 2678 450 victui
2713 392 3056 455 necessariis,
3088 392 3280 448 relicta
3310 391 3386 446 ibi
3414 391 3606 464 regina

3503 260 3607 319 506
3633 253 3638 258 .

1985 501 2108 541 cum
2157 486 2356 541 comite
2401 485 2632 540 Patricio
2695 482 3114 548 Salesberiensi,
3173 480 3445 536 avunculo
3495 481 3605 536 Ho-

1985 577 2128 632 trodi
2184 577 2402 634 comitis
2429 576 2800 641 Pcrticensis;
2853 575 2908 629 in
2965 573 3172 630 octavis
3222 571 3428 644 pasche
3459 571 3605 628 inter

1986 669 2241 724 Paceium
2272 676 2327 723 et
2372 667 2684 722 Medantum
2715 666 2770 720 in
2799 663 3115 729 Normania,
3148 663 3434 717 locuturus
3475 675 3599 715 cum

1986 774 2115 832 rege
2142 758 2471 814 Francorum
2504 764 2558 812 et
2589 755 2822 823 injurias
2863 769 2992 806 suas
3023 753 3092 806 ab
3121 767 3186 806 eo
3222 749 3602 821 expostulatu-

1984 864 2099 914 rus,
2156 847 2409 902 accessit.
2451 845 2736 918 Siquidem
2791 842 2992 898 Pictavi
3023 841 3090 896 ad
3147 854 3330 912 regem
3366 835 3605 890 Franco-

1987 957 2105 997 rum
2151 947 2437 1009 venerant,
2495 947 2550 996 et
2579 939 2805 997 obsides
2847 951 2976 992 suos
3028 941 3218 990 contra
3267 949 3451 1006 regem
3492 934 3601 988 An-

1983 1033 2221 1108 glorum,
2245 1031 2402 1100 cujus
2431 1029 2636 1101 proprii
2669 1035 2845 1095 erant,
2873 1026 2922 1081 ei
2956 1024 3244 1080 dederant.
3286 1023 3437 1078 Unde
3475 1037 3601 1078 cum

1985 1122 2117 1177 hinc
2145 1121 2274 1176 inde
2305 1119 2532 1193 grandis
2566 1117 2852 1173 altercatio
2883 1115 3059 1182 ﬁeret,
3092 1129 3196 1169 nec
3233 1128 3328 1168 rex
3354 1112 3600 1167 Franco-

1984 1229 2102 1270 rum
2132 1211 2378 1275 obsides,
2430 1225 2570 1282 quos
2607 1217 2797 1266 contra
2839 1207 3117 1277 justiciam
3172 1211 3418 1278 ceperat,
3475 1203 3604 1260 red-

1984 1305 2120 1359 dere
2169 1302 2352 1365 vellet,
2405 1300 2627 1356 inducie
2683 1301 2808 1355 date
2862 1307 2991 1355 sunt
3037 1314 3212 1370 usque
3257 1297 3326 1352 ad
3381 1303 3604 1352 octavas

1981 1393 2156 1451 sancti
2195 1393 2484 1450 Johannis.
2546 1393 2699 1448 Circa
2741 1407 2872 1447 vero
2912 1397 3131 1447 octavas
3187 1389 3394 1460 pasche
3449 1387 3600 1457 dolo,

1989 1486 2391 1544 Pictavensium
2431 1486 2649 1542 occisus
2673 1493 2756 1542 est
2788 1501 2976 1542 comes
3005 1484 3296 1554 Patricius,
3330 1492 3386 1542 et
3413 1485 3604 1558 sepul-

1987 1586 2076 1634 tus
2104 1584 2187 1633 est
2211 1577 2359 1647 apud
2385 1577 2638 1632 Sanctum
2674 1575 2953 1630 Hilarium.
3011 1574 3284 1628 Successit
3330 1574 3381 1628 ei
3429 1573 3599 1638 ﬁlius,

1989 1678 2150 1724 natus
2188 1683 2255 1722 ex
2284 1667 2396 1722 tilia
2426 1665 2711 1720 Guillermi
2751 1663 2969 1718 comitis
2998 1662 3240 1730 Pontivi,
3290 1671 3462 1718 matre
3511 1679 3604 1719 co-

1988 1757 2214 1814 mitissze
2229 1757 2297 1812 de
2327 1757 2623 1811 Warenna.
2671 1757 2978 1826 Antequam
3024 1753 3204 1826 trigue
3229 1753 3360 1808 date
3391 1761 3600 1820 essent,

1983 1868 2080 1906 rex
2124 1849 2420 1925 Anglorum
2463 1848 2863 1903 submonuerat
2904 1847 3188 1902 Eudonem
3217 1844 3600 1900 vieecomitem

1987 1942 2056 1996 de
2095 1939 2406 2005 Purrohoit,
2447 1938 2542 2009 qui
2571 1938 2787 1992 eatinus
2818 1937 3122 1992 umbratico
3161 1935 3385 1992 nomine
3415 1949 3602 1990 comes

1980 2033 2295 2098 vocabatur,
2323 2038 2378 2086 et
2407 2029 2494 2086 cui
2529 2036 2676 2084 tanta
2694 2029 2840 2084 bona
2871 2029 3200 2094 contulerat,
3229 2037 3288 2082 ut
3328 2026 3396 2080 ad
3426 2025 3600 2082 servi-

1980 2122 2114 2178 tium
2139 2133 2198 2178 et
2227 2121 2558 2191 adjutorium
2587 2135 2746 2174 suum
2779 2119 3020 2183 veniret;
3068 2119 3214 2190 quod
3257 2119 3375 2189 ipse
3417 2117 3602 2172 renuit

1980 2228 2033 2276 et
2063 2219 2291 2292 quidam
2342 2219 2432 2272 alii
2476 2218 2543 2272 de
2573 2217 2848 2272 Britannis
2891 2216 2940 2270 ei
2987 2215 3351 2278 conl'ederati,
3385 2212 3601 2268 scilicet

1977 2313 2267 2377 Oliverius,
2298 2312 2444 2366 ﬁlius
2483 2310 2678 2366 Oliveri
2709 2310 2778 2365 de
2805 2309 3024 2364 Dinam.
3060 2315 3114 2363 et
3149 2307 3447 2363 llollandus
3471 2321 3600 2360 con-

1973 2409 2236 2464 sobrinus
2265 2407 2401 2478 ejus.
2452 2407 2563 2461 Rex
2610 2407 2794 2477 itaque
2853 2421 2962 2460 non
3008 2403 3285 2459 immerito
3334 2402 3598 2457 adversus

1977 2514 2073 2554 eos
2129 2499 2320 2562 iratus,
2367 2513 2397 2550 a
2431 2497 2632 2566 capite,
2664 2495 2876 2550 scilicet
2921 2493 2990 2547 ab
3023 2493 3247 2548 Eudone
3299 2491 3596 2561 incipiens,

1977 2590 2205 2647 vastavit
2233 2599 2287 2645 et
2330 2588 2638 2646 combussit
2674 2589 2796 2656 ejus
2825 2595 3050 2652 terram,
3093 2587 3374 2640 destructo
3405 2583 3599 2655 impri-

1982 2683 2086 2738 mis
2133 2681 2356 2738 castello
2409 2680 2693 2744 Joscelini,
2758 2679 2908 2751 quod
2965 2679 3199 2733 habebat
3245 2677 3594 2749 precipuum.

1981 2775 2309 2830 Comitatuin
2365 2775 2530 2829 etiam
2592 2773 2663 2828 de
2713 2771 2986 2828 Broerech
3043 2769 3271 2825 abstulit
3316 2769 3388 2831 ei,
3441 2767 3598 2835 cujus

1979 2870 2144 2934 caput
2179 2870 2262 2918 est
2312 2863 2502 2918 civitas
2535 2861 2953 2926 Venetensium,
2987 2876 3151 2932 quam
3196 2875 3290 2914 rex
3331 2857 3385 2911 iu
3428 2873 3595 2912 manu

1976 2972 2076 3011 sua
2105 2957 2273 3028 cepit,
2323 2955 2479 3024 cujus
2521 2961 2740 3026 portum
2798 2953 2978 3007 Julius
3023 2952 3186 3008 Cesar
3223 2949 3452 3005 miriﬁce
3498 2964 3594 3004 ex-

246 3048 522 3105 Roscelini
572 3051 912 3108 vicecomitis
964 3052 1462 3122 Cenomannorum,
1496 3058 1591 3130 qui
1625 3059 1788 3116 habet
1813 3060 1869 3116 ίη
1903 3105 1947 3130 Π
1978 3047 2224 3102 tollendo
2251 3045 2529 3100 collaudat
2560 3044 2615 3098 in
2661 3043 2800 3098 libro
2845 3057 3010 3114 quem
3048 3041 3283 3130 scripsit
3323 3040 3392 3094 de
3439 3039 3586 3094 bello

243 3141 508 3215 conjugio
547 3107 863 3200 Mathildem
926 3107 1591 3220 ίίιίειππέῖιὸίῆεὶὲτῖᾝτῗιιῖἑ
1627 3107 2176 3218 ’ἧὲιῖἓίζὲβδαίιίοο
2215 3135 2397 3208 (650);
2457 3133 2746 3188 dimidium
2807 3107 2973 3188 etiam
3033 3107 3306 3185 Cornhbie
3364 3127 3592 3198 i651iei

241 3233 392 3308 regis
471 3236 812 3309 Anglorum,
890 3247 1238 3295 materteram
1320 3243 1550 3297 secundi
1646 3244 1864 3300 Henrici

241 3325 394 3397 regis
434 3327 752 3400 Anglorum,
801 3345 868 3384 ex
906 3347 1014 3402 qua
1075 3333 1268 3404 genuit
1319 3333 1608 3389 Ricardum
1668 3336 1763 3408 qui
1807 3337 1858 3392 ei

239 3418 530 3484 successit,
577 3427 634 3474 et
680 3419 1062 3488 Guillermum,
1121 3423 1208 3478 cui
1265 3425 1544 3480 secundus
1600 3427 1866 3484 Henricus

243 3521 339 3560 rex
369 3506 664 3580 Anglorum
690 3507 844 3563 dedit
869 3508 925 3564 in
971 3510 1269 3566 Brittannia
1300 3511 1465 3567 ﬁliam
1505 3513 1756 3570 Rollandi
1794 3517 1862 3573 de

244 3594 394 3650 Reus
438 3609 564 3650 cum
615 3602 760 3651 terra
811 3596 1004 3668 ipsius.
1053 3599 1112 3653 In
1167 3599 1268 3656 hac
1312 3601 1499 3673 itaque
1555 3605 1864 3662 munitione

247 3683 450 3738 ﬂuvius
471 3683 661 3750 εει-ιω,
693 3684 790 3756 qui
822 3685 1148 3756 preterﬂuit,
1182 3687 1295 3744 fere
1337 3707 1436 3761 per
1474 3691 1664 3746 horam
1695 3702 1750 3750 et
1789 3695 1871 3750 di-

245 3771 474 3828 midiam
515 3772 754 3828 siccatus
784 3780 887 3841 est,
928 3775 1003 3830 ita
1053 3785 1111 3830 ut
1161 3777 1373 3832 calciati
1403 3778 1576 3835 siccis
1619 3783 1870 3859 vestigiis

245 3870 479 3935 possent
523 3863 774 3931 transire,
803 3880 927 3920 cum
977 3873 1140 3920 antea
1167 3865 1257 3921 vix
1281 3868 1408 3940 equi
1433 3868 1645 3942 absque
1676 3881 1863 3928 natatu

245 3959 472 4022 possent
519 3951 894 4008 transvadare.
945 3953 1055 4010 Hoc
1109 3955 1274 4010 etiam
1329 3957 1530 4014 accidit
1580 3960 1864 4017 Londonie

243 4041 318 4095 de
374 4041 630 4098 Tamensi
661 4041 910 4108 ﬂumine,
952 4051 1200 4115 tempore
1256 4047 1418 4117 primi
1463 4048 1678 4103 Henriei
1719 4051 1864 4122 regis

245 4133 572 4208 Anglorum,
636 4135 698 4188 14
751 4135 862 4189 Kal.
913 4135 1097 4192 Marcii
1154 4145 1486 4194 terremotus
1536 4139 1710 4196 factus
1757 4151 1862 4211 est,

249 4234 308 4282 et
331 4227 530 4299 globus
565 4227 764 4301 igneus
792 4229 944 4286 visus
997 4238 1081 4286 est
1125 4247 1222 4302 per
1250 4247 1379 4286 aera
1429 4231 1741 4288 discurrere
1771 4236 1859 4286 55°.

1967 3226 2210 3282 abstulit.
2254 3224 2480 3280 Obsedit
2541 3223 2708 3278 etiam
2763 3221 3052 3278 castellum
3113 3219 3305 3282 Abrai;
3367 3226 3590 3289 captum

1967 3319 2219 3376 munivit.
2253 3319 2472 3372 Vastata
2513 3317 2681 3389 igitur
2709 3315 2957 3370 Eudonis
3005 3321 3148 3368 terra
3177 3317 3232 3366 et
3260 3311 3328 3366 ad
3369 3310 3587 3364 libitum

1966 3426 2127 3465 suum
2159 3408 2401 3472 redacta,
2437 3406 2506 3460 ad
2549 3413 2748 3460 terram
2793 3401 3226 3458 Dinannensium
3269 3397 3580 3469 appropin-

1965 3519 2160 3576 quans,
2213 3509 2448 3558 castrum
2503 3499 2692 3554 Hedde
2750 3515 2782 3552 a
2831 3495 3104 3552 Gaufredo
3158 3495 3228 3550 de
3274 3489 3592 3548 Monteforti

1964 3597 2071 3650 sibi
2128 3594 2404 3650 redditum
2458 3590 2714 3658 munivit,
2784 3597 2840 3645 et
2888 3587 3296 3643 Tintinniacum
3366 3583 3586 3640 evertit.

1971 3688 2104 3744 Inde
2145 3685 2404 3742 Becherel
2442 3683 2808 3739 munitionem
2856 3679 3108 3738 Rollandi
3151 3679 3219 3734 de
3258 3677 3452 3732 Dinam
3493 3675 3590 3731 lir-

1968 3778 2280 3834 missimam
2312 3790 2414 3847 per
2442 3773 2651 3845 aliquot
2679 3771 2798 3827 dies
2839 3770 3122 3831 obsidens,
3159 3766 3420 3823 adhibitis
3462 3781 3589 3820 ma-

1969 3871 2148 3926 chinis
2185 3867 2333 3938 cepit
2364 3874 2419 3920 et
2457 3862 2710 3918 munivit.
2758 3861 2944 3916 Lehun
2974 3875 3104 3916 vero
3136 3867 3371 3915 castrum
3419 3856 3588 3927 (652),

1966 3963 2023 4016 in
2079 3977 2189 4034 quo
2245 3957 2551 4015 Rollandus
2603 3955 2842 4010 maxime
2885 3951 3236 4019 conﬁdebat,
3279 3966 3410 4023 quia
3471 3956 3590 4006 erat

1967 4060 2158 4108 natura
2188 4057 2243 4106 et
2272 4056 2390 4105 arte
2429 4044 2884 4106 munitissimum,
2933 4041 3267 4108 obsedisset,
3309 4041 3414 4096 nisi
3462 4039 3587 4096 bre-

1963 4143 2104 4199 vitas
2129 4139 2345 4196 termini
2380 4137 2552 4193 eundi
2581 4135 2649 4192 ad
2681 4132 3021 4205 colloquium
3054 4132 3201 4206 regis
3254 4131 3582 4186 Francorum

1965 4247 2090 4288 eum
2123 4236 2362 4304 urgeret.
2407 4225 2626 4282 Tradita
2672 4224 2858 4294 itaque
2909 4229 3052 4276 terra
3084 4219 3336 4274 Rollandi
3383 4218 3591 4289 rapinis

323 4317 525 4374 Pictavi
552 4329 608 4375 et
655 4322 912 4394 Aquitani
947 4338 1013 4378 ex
1045 4323 1240 4392 majori
1276 4330 1450 4394 parte,
1484 4323 1540 4378 id
1568 4330 1653 4379 est
1679 4340 1866 4382 comes
1897 4375 1946 4394 ,κ
1972 4331 2026 4379 et
2077 4319 2374 4386 incendiis,
2427 4318 2564 4372 citra
2604 4316 2790 4371 Ricem
2851 4313 3078 4373 ﬂumen,
3123 4310 3318 4365 eadem
3376 4309 3490 4381 egit
3531 4309 3600 4361 in-

1277 4375 1450 4394 τηρη.
1486 4375 1540 4378 --
1574 4375 1651 4379 η-
1685 4375 1863 4382 --η-ν-
1977 4375 2023 4379 ν-
2359 4375 2372 4386 ,
3412 4375 3439 4381 ν

247 4409 324 4463 de
361 4408 597 4475 Marcha,
626 4426 812 4466 comes
844 4412 1360 4486 Engolismensium,
1411 4413 1748 4471 Haimericus
1794 4416 1866 4470 de
1897 4375 1949 4442 Ο
1970 4409 2355 4473 ulterioribus;
2386 4423 2511 4461 nam
2544 4403 2772 4460 transito
2811 4416 2974 4456 amne
3005 4415 3105 4470 per
3145 4399 3331 4453 Lehun
3355 4397 3591 4450 descen-

242 4495 586 4565 Lizennioio,
619 4499 908 4570 Hobertus,
942 4511 995 4558 et
1023 4503 1175 4576 Hugo
1205 4503 1370 4560 frater
1395 4506 1516 4574 ejus
1555 4507 1623 4560 de
1671 4507 1859 4570 Sileio,

241 4594 300 4643 et
327 4588 420 4643 alii
456 4589 636 4660 multi,
663 4592 960 4649 voluerunt
1009 4595 1278 4650 rebellare
1336 4604 1526 4652 contra
1557 4612 1780 4670 regem;
1813 4605 1867 4654 et

245 4677 526 4734 incendiis
552 4687 608 4734 et
632 4681 842 4753 rapinis
873 4699 1180 4754 pauperum
1211 4683 1613 4751 incumbentes,
1647 4685 1864 4741 circun-

245 4781 470 4838 quaque
521 4769 930 4826 crassabantur.
995 4771 1149 4838 Quod
1201 4789 1294 4827 rex
1357 4772 1592 4828 audiens
1630 4773 1870 4846 impiger

242 4853 493 4922 advolat;
517 4864 575 4912 et
598 4873 788 4914 eorum
823 4859 1038 4916 insanie
1061 4861 1362 4928 obsistens,
1398 4862 1754 4918 Lizennoium
1783 4879 1870 4920 ca-

247 4956 424 5005 strum
483 4952 914 5010 munitissimum
981 4957 1148 5027 cepit,
1227 4963 1447 5028 captum
1503 4958 1756 5027 munivit,
1813 4966 1870 5016 et

247 5041 410 5097 villas
433 5057 625 5099 eorum
651 5053 707 5101 et
727 5047 1031 5118 municipia
1060 5048 1344 5106 destruxit.
1378 5049 1598 5106 Munitis
1625 5050 1869 5107 castellis

1968 4505 2128 4570 deus,
2157 4507 2208 4556 et
2233 4499 2450 4570 aliquas
2481 4492 2842 4566 perfundans,
2894 4487 3182 4544 monachis
3215 4483 3593 4539 Leliunnensi-

1965 4598 2068 4652 bus
2107 4591 2373 4665 pepercit.
2428 4589 2616 4643 Dinam
2657 4599 2787 4640 vero
2844 4581 3140 4646 circuiens,
3194 4577 3433 4651 quedam
3485 4576 3584 4631 de-

1966 4663 2195 4746 struxit,
2215 4679 2452 4753 quedam
2507 4677 2708 4730 intacta
2739 4671 2979 4744 reliquit.
3043 4670 3100 4724 ιιι
3147 4683 3288 4743 pago
3344 4663 3588 4721 Aletensi

1969 4772 2164 4828 eadem
2195 4768 2384 4844 gessit.
2407 4767 2468 4821 ln
2499 4762 2709 4820 octavis
2736 4759 2912 4816 sancti
2947 4759 3218 4816 Johannis
3244 4766 3468 4812 ventum
3504 4765 3592 4812 est

1970 4865 2038 4923 ad
2068 4863 2359 4920 Feritatem
2404 4854 2690 4921 Bernardi,
2729 4853 2825 4907 ubi
2855 4853 2926 4908 de
2958 4867 3092 4922 pace
3120 4851 3268 4907 inter
3297 4865 3458 4924 reges
3479 4858 3588 4903 tra-

1971 4967 2176 5016 ctatum
2211 4960 2316 5020 est,
2349 4960 2410 5008 et
2437 4949 2643 5004 infecto
2695 4945 2932 5020 negocio
2973 4943 3284 4999 discessum
3324 4948 3424 4997 est.
3456 4940 3587 4995 Nam

1972 5047 2267 5110 Brittones,
2297 5040 2444 5096 sicut
2474 5044 2530 5093 et
2568 5033 2798 5102 Pictavi,
2839 5031 3068 5089 obsides
3111 5031 3228 5104 regi
3260 5030 3588 5086 Francorum

1569 5158 1789 5213 VARIIE
1828 5153 2204 5215 LECTIONES.

327 5246 393 5282 ⁸⁵¹
423 5246 860 5306 Venerabilis—
890 5251 998 5307 loci
1050 5253 1240 5310 desunt
1276 5253 1372 5312 8h.
1401 5255 1495 5309 8h.
1577 5256 1646 5291 δδί
1676 5256 1736 5310 Ν.
1779 5272 1830 5310 e.
1887 5257 1930 5310 l.
1972 5255 2008 5310 f.
2057 5268 2106 5308 r.
2151 5267 2202 5305 a.
2252 5250 2368 5303 alia
2396 5259 2588 5301 manus
2617 5242 2880 5306 addidit;
2923 5241 3124 5296 adsunt
3151 5241 3312 5312 etiam
3332 5236 3586 5312 reliquis.

248 5317 329 5396 δεῇ
348 5320 431 5372 ita
453 5318 512 5373 E.
592 5319 661 5396 ‘f‘
687 5323 812 5396 Hac
832 5338 938 5379 vos:
958 5325 1020 5378 in
1047 5339 1247 5396 rasura
1268 5325 1395 5396 plus
1419 5341 1525 5396 qua

1527 5342 1581 5381 m
1607 5306 1852 5382 dimidia:
1879 5306 2030 5383 linem
2046 5306 2256 5393 scripta
2275 5323 2352 5376 est
2389 5321 2448 5393 in
2470 5316 2526 5371 E.
2586 5315 2678 5393 ξιξ
2703 5316 2905 5393 Inmﬁne
2928 5311 3298 5382 qualemionis
3327 5307 3412 5363 hic
3440 5306 3588 5362 desi-

243 5391 332 5444 nit
356 5405 570 5448 manus.
601 5391 760 5448 Redit
791 5397 980 5466 prima
1008 5395 1205 5452 codicis
1233 5385 1446 5452 manus:
1522 5397 1593 5432 ⁶⁵⁶
1623 5397 1938 5470 Stephanus
1965 5427 2036 5438 ——
2061 5385 2370 5450 discurrere
2407 5389 2596 5444 desunt
2625 5385 2718 5442 8b.
2751 5385 2846 5441 8h.

1813 5493 2022 5552 NOTAE.

317 5585 584 5658 (650)1ll,
611 5588 664 5644 8.
698 5589 871 5646 Hodie
899 5601 982 5648 est
1015 5593 1255 5651 Vannes.

321 5657 469 5726 (651)
511 5657 875 5718 Cornouaille.

2043 5595 2207 5668 ((652)
2241 5592 2508 5663 lnter,Dol
2539 5601 2594 5649 et
2622 5592 2821 5648 Dinan.
