3930 6068
332 285 436 343 807

481 423 833 467 ΠΟΙΑΝΟΚΠΜ.
981 420 1321 463 FRANCORUM.
1473 421 1761 462 ANCLORUM
1772 449 1782 462 .

334 500 622 565 dederant,
649 506 703 553 et
734 496 841 552 ﬁde
873 496 1196 567 interposita
1240 495 1559 567 paccionem
1593 505 1940 566 acceperant,

335 591 480 664 quod
509 606 604 645 rex
644 590 972 645 Francorum
999 589 1119 643 sine
1156 588 1291 660 ipsis
1331 588 1446 661 regi
1485 588 1781 662 Anglorum
1831 600 1943 640 non

332 683 778 739 concordaretur.
820 681 972 735 Unde
990 687 1045 735 et
1075 681 1179 751 ipsi
1212 679 1496 742 Brittanni,
1519 677 1945 733 conniventibus

332 774 659 846 quibusdam
711 772 1204 828 Cenomanensium
1241 814 1254 835 ,
1311 787 1410 841 per
1454 786 1685 842 quorum
1742 778 1942 824 terram

331 869 566 924 latenter
600 868 957 934 transierunt,
989 864 1268 937 colloquio
1300 864 1686 920 interfuerunt.
1724 863 1945 918 Munitis

331 968 513 1015 autem
562 959 820 1024 marchis,
870 975 935 1013 ex
992 967 1223 1029 utraque
1270 963 1423 1027 parte
1481 957 1803 1011 continuata
1863 961 1948 1009 est

332 1053 633 1108 decertatio
691 1068 863 1124 usque
916 1051 985 1105 ad
1028 1051 1324 1107 adventum
1383 1049 1616 1105 Domini.
1674 1050 1785 1103 Rex
1811 1063 1945 1103 vero

334 1144 601 1199 Henricus
655 1149 815 1198 caute
860 1158 1053 1215 agens,
1113 1146 1405 1215 cognatum
1460 1155 1618 1193 suum
1671 1138 1945 1192 Matheum

332 1235 586 1290 comitem
623 1233 848 1289 Bolonie
878 1233 986 1287 sibi
1017 1229 1344 1302 paciﬁcavit,
1373 1228 1658 1299 spondens
1682 1228 1733 1281 ei
1761 1243 1819 1281 se
1849 1228 1950 1282 da-

330 1333 511 1380 turum
563 1341 660 1396 per
700 1341 907 1379 annum
941 1324 1231 1377 maximam
1295 1327 1502 1392 partem
1547 1319 1801 1390 pecunie,
1849 1335 1947 1390 pro

329 1414 644 1484 calumpnia
684 1414 831 1483 (633)
869 1411 1160 1466 relaxanda
1186 1409 1474 1465 comitatus
1506 1407 1797 1462 Moritonii.
1838 1407 1948 1461 Ha-

328 1506 495 1561 bebat
521 1506 667 1560 enim
701 1504 867 1559 ﬁliam
901 1505 1047 1577 regis
1083 1500 1371 1572 Stephani,
1414 1500 1506 1571 qui
1536 1499 1716 1554 fuerat
1764 1514 1952 1554 comes

335 1597 620 1652 Moritonii
660 1597 744 1645 ⁸³⁷.
785 1596 913 1650 Cum
949 1605 1128 1650 autem
1173 1594 1319 1648 idem
1384 1593 1632 1646 Mathcus
1685 1592 1750 1646 ad
1793 1591 1951 1646 auxi—

333 1689 469 1743 lium
502 1687 649 1761 regis
687 1688 1004 1763 Anglorum,
1034 1685 1243 1741 domini
1293 1693 1351 1740 et
1400 1683 1617 1756 cognati
1661 1684 1768 1750 sui,
1795 1683 1950 1739 veni-

333 1787 437 1844 ret,
497 1780 779 1835 Johannes
828 1794 1016 1834 comes
1066 1778 1282 1832 Pontivi
1337 1791 1448 1831 non
1503 1775 1755 1845 permisit
1820 1791 1948 1829 eum

334 1875 569 1929 transire
593 1892 690 1945 per
720 1882 917 1929 terram
957 1890 1140 1937 suam;
1177 1871 1325 1926 unde
1354 1871 1685 1925 necessitate
1713 1878 1951 1943 cogente

333 1964 510 2018 navali
552 1964 911 2019 subvectione
941 1963 1010 2017 ad
1042 1978 1227 2035 regem
1268 1977 1391 2015 eum
1424 1958 1621 2014 multis
1684 1958 1954 2013 militibus

336 2054 608 2124 expeditis
629 2054 876 2108 accessit.
909 2053 1062 2117 Quod
1093 2068 1184 2106 rex
1216 2051 1468 2117 audiens,
1490 2058 1681 2125 rogatu
1704 2051 1952 2119 ejusdem

339 2141 538 2195 Mathei
561 2157 683 2196 cum
719 2140 919 2195 bellico
941 2146 1205 2211 apparatu
1240 2140 1295 2193 in
1318 2147 1515 2194 terram
1545 2138 1814 2194 Johannis
1836 2156 1958 2210 per-

342 2228 500 2294 rexit,
533 2236 587 2283 et
616 2229 994 2284 Vimacensem
1026 2230 1169 2299 (654)
1209 2244 1411 2299 pagum
1444 2228 1684 2283 Vulcano
1706 2229 1954 2295 tradens,

347 2321 414 2377 40
436 2329 491 2377 et
518 2338 585 2377 eo
607 2324 842 2394 amplius
872 2323 1203 2378 comburens
1227 2322 1405 2389 villas,
1435 2323 1705 2376 voluntati
1735 2339 1849 2378 sure
1875 2340 1959 2378 sa-

345 2410 569 2467 tisfecit.
598 2413 708 2467 Rex
768 2413 1096 2468 Francorum
1137 2412 1369 2467 veniens
1401 2412 1637 2465 latenter
1680 2413 1749 2466 ad
1780 2413 1960 2484 quod-

347 2500 472 2555 dam
514 2502 874 2572 municipium
918 2502 1289 2563 Normanniae,
1322 2502 1768 2574 cognominatum
1810 2501 1956 2557 Che-

347 2591 597 2658 snebrut,
640 2592 775 2646 illud
816 2593 1145 2662 combussit,
1178 2599 1231 2646 et
1292 2599 1527 2664 quatuor
1558 2594 1761 2648 milites
1790 2595 1846 2648 in
1891 2610 1959 2650 eo

347 2682 514 2753 cepit.
545 2682 660 2748 Quo
691 2691 997 2754 comperto,
1030 2700 1120 2739 rex
1161 2684 1456 2757 Anglorum
1490 2685 1641 2739 illum
1676 2687 1961 2742 insecutus

349 2778 454 2838 est,
476 2771 677 2826 multos
689 2772 891 2827 milites
906 2772 1082 2843 cepit;
1104 2773 1249 2827 inter
1264 2789 1405 2844 quos
1420 2773 1581 2828 etiam
1596 2777 1960 2832 senescallum

349 2861 590 2933 Philippi
636 2861 1051 2917 Flandrensium
1100 2862 1319 2917 comitis
1359 2863 1665 2917 aduncatus
1696 2871 1796 2919 est.
1831 2866 1962 2921 Tra-

1553 277 1898 336 SIGEBERTI
1936 273 2451 333 GEMBLACENSIS.

1965 409 2020 475 Α
2116 399 2274 457 1169.
2316 400 2626 457 Fredericus
2664 401 2753 457 18.
2794 403 3096 457 Ludovicus
3139 401 3228 459 32.
3273 401 3529 460 Henricus
3570 408 3663 462 15.

3553 264 3686 338 508.

2116 493 2229 548 Rex
2265 493 2534 548 Henricus
2581 493 2695 569 egit
2732 495 2915 550 natale
2946 494 3160 561 Domini
3202 496 3348 567 apud
3389 498 3663 572 Argento-

2044 605 2286 664 magum.
2333 588 2479 643 Obiit
2527 590 2838 645 Bernardus
2866 590 3162 661 episcopus
3200 591 3569 648 Nannetensis
3596 594 3667 630 ⁸⁸³

2045 678 2105 732 ln
2145 678 2445 749 epiphania
2485 679 2701 734 Domini
2742 680 3057 735 concordati
3102 689 3231 735 sunt
3270 698 3364 735 rex
3423 682 3664 740 Franco-

2044 783 2161 821 rum
2219 776 2274 821 et
2325 783 2417 822 rex
2457 768 2670 841 Anglic.
2734 769 2999 824 Henricus
3055 768 3202 824 ﬁlius
3258 770 3473 827 Henrici
3513 773 3664 847 regis

2046 858 2364 933 Anglorum,
2403 858 2535 915 fecit
2574 861 2890 932 homagium
2937 863 3053 934 regi
3105 862 3433 919 Francorum
3467 880 3665 922 socero

2047 965 2147 1005 suo
2170 951 2237 1004 de
2268 950 2649 1023 Andegavensi
2681 952 2941 1008 comitatu
2975 960 3030 1007 et
3069 954 3138 1008 de
3176 953 3375 1010 ducatu
3420 955 3663 1011 Brittan-

2048 1040 2164 1108 nie,
2215 1056 2378 1112 quem
2421 1057 2515 1096 rex
2553 1042 2828 1097 concessit
2866 1043 3049 1097 eidem
3090 1060 3299 1116 genere
3352 1060 3473 1101 suo.
3529 1046 3664 1102 Nam

2050 1128 2119 1182 de
2148 1128 2481 1184 Normannia
2520 1128 2724 1184 fecerat
2756 1129 2806 1184 ei
2836 1140 2998 1185 antea
3046 1132 3381 1205 homagium,
3434 1141 3492 1188 et
3528 1150 3667 1190 con-

2050 1221 2215 1275 cessit
2243 1222 2296 1276 ei
2342 1238 2435 1276 rex
2468 1222 2691 1278 Francic
2723 1232 2784 1277 ut
2836 1231 2981 1279 esset
3022 1225 3362 1280 senescallus
3418 1226 3665 1294 Francia,

2049 1310 2200 1381 quod
2251 1311 2488 1381 pertinet
2516 1312 2584 1367 ad
2630 1311 2853 1367 feudum
2903 1313 3319 1387 Andegavense.
3362 1316 3669 1371 Richardus

2050 1398 2198 1452 ﬁlius
2229 1398 2446 1454 Henrici
2489 1400 2634 1473 regis
2678 1401 2977 1474 Anglorum
3018 1402 3148 1457 fecit
3200 1403 3518 1477 homagium
3550 1405 3667 1479 regi

2052 1489 2383 1545 Francorum
2421 1492 2491 1545 de
2536 1492 2737 1546 ducatu
2770 1493 3082 1563 Aquitania.
3118 1494 3455 1550 Williermus
3503 1494 3672 1551 Malet

2052 1578 2520 1649 cepitﬁobertum
2562 1581 2630 1636 de
2656 1581 2845 1636 Silleio
2877 1583 2965 1639 δδο.
3000 1583 3059 1637 ln
3091 1581 3479 1654 puriﬁcatione
3508 1584 3670 1639 beate

2056 1671 2222 1727 Marie
2254 1672 2355 1727 fuit
2383 1672 2648 1729 Henricus
2681 1672 2829 1729 ﬁlius
2870 1674 3019 1748 regis
3070 1676 3368 1748 Anglorum
3412 1676 3672 1740 Parisius,

2051 1770 2107 1817 et
2137 1763 2363 1819 servivit
2392 1764 2508 1838 regi
2532 1764 2862 1820 Francorum
2904 1766 2973 1819 ad
3003 1782 3279 1833 mensam,
3299 1775 3358 1822 ut
3386 1768 3672 1823 senescal-

2052 1853 2139 1908 lus
2195 1854 2439 1910 Francie.
2486 1856 2632 1912 Hanc
2676 1858 3086 1926 senescaltiam,
3144 1859 3230 1913 vel
3285 1867 3344 1915 ut
3370 1860 3674 1931 antiquitus

2054 1943 2365 2012 dicebatur,
2408 1946 2732 2013 majoratum
2786 1946 2984 2002 domus
3030 1947 3204 2021 regie,
3248 1948 3520 2003 Robertus
3573 1965 3671 2005 rex

2058 2034 2282 2091 Francie
2311 2036 2466 2091 dedit
2496 2034 2758 2093 Gaufrido
2791 2038 3165 2113 Grisagonella
3194 2039 3384 2096 comiti
3415 2042 3670 2113 Andega-

2054 2139 2266 2189 verum,
2301 2131 2524 2196 propter
2553 2126 2884 2195 adjutorium
2913 2127 3062 2198 quod
3103 2129 3154 2182 ei
3186 2127 3457 2199 impendit
3481 2136 3674 2185 contra

2056 2215 2327 2270 Othonem
2383 2216 2773 2291 imperatorem
2827 2216 3130 2273 Alem'anie.
3196 2218 3355 2275 Dedit
3409 2221 3572 2276 etiam
3621 2221 3674 2277 ei

2057 2308 2321 2380 quicquid
2350 2309 2588 2364 habebat
2619 2309 2675 2363 in
2697 2310 3017 2381 episc0patu
3045 2311 3450 2385 Andegavensi.
3481 2313 3677 2368 Postea

2057 2415 2187 2455 vero
2236 2416 2359 2455 cum
2418 2400 2711 2456 Gaufridus
2756 2417 2943 2457 comes
2999 2401 3331 2458 Perticensis
3400 2411 3455 2459 et
3505 2404 3676 2460 David

2057 2509 2244 2549 comes
2265 2492 2700 2549 Cenomanensis
2733 2506 2921 2550 essent
2952 2497 3185 2552 rebelles
3215 2497 3400 2553 eidem
3431 2496 3674 2554 Hoberto

2059 2585 2173 2655 regi
2206 2585 2559 2651 Francorum,
2593 2586 2872 2657 predictus
2902 2603 2995 2641 rex
3027 2586 3378 2655 Francorum,
3412 2585 3676 2644 Gaufrido

2058 2679 2432 2752 Grisagonella
2454 2680 2666 2736 ferente
2695 2681 2803 2735 sibi
2832 2681 3117 2747 auxilium,
3152 2682 3372 2737 obsedit
3394 2683 3675 2738 municio-

2064 2784 2189 2823 nem
2224 2768 2511 2824 Moritonie
2542 2777 2597 2824 et
2634 2770 2797 2840 cepit.
2828 2770 2889 2824 Et
2929 2771 3058 2843 quia
3089 2772 3256 2826 David
3283 2787 3470 2827 comes
3501 2772 3682 2828 Ceno-

2066 2874 2391 2915 mannorum
2450 2867 2709 2915 evocatus
2761 2877 2792 2916 a
2837 2877 2967 2937 rege
3015 2862 3083 2916 ad
3137 2878 3262 2918 eum
3303 2863 3492 2919 venire
3544 2879 3680 2919 con-

349 2955 493 3010 didit
531 2956 693 3012 etiam
747 2957 1031 3012 castellum
1082 2957 1324 3029 Hugonis
1381 2958 1451 3012 de
1508 2958 1657 3013 Novo
1725 2960 1951 3017 Castellc

2063 2950 2307 3022 tempait,
2339 2950 2491 3005 dedit
2530 2965 2624 3006 rex
2652 2951 2911 3008 Gaufrido
2941 2951 3319 3027 Grisagonella
3360 2953 3679 3030 bomagium

351 3041 589 3098 ﬂammis
626 3051 681 3099 et
710 3044 1004 3112 incendiis,
1042 3052 1295 3100 vocatum
1344 3046 1655 3112 Brueroles,
1702 3054 1761 3102 ut
1810 3064 1962 3104 COm-
1988 3079 2040 3147 Ο
2064 3042 2235 3110 illius,
2282 3051 2340 3097 et
2369 3043 2549 3114 ipsam
2580 3043 2884 3108 civitatem,
2939 3052 2996 3101 et
3034 3044 3298 3120 quicquid
3354 3046 3594 3105 habebat
3622 3047 3679 3103 in

349 3135 566 3189 bustum
595 3150 658 3190 ex
693 3152 750 3190 re
786 3151 989 3191 nomen
1021 3137 1266 3191 haberet.
1302 3137 1410 3191 Hac
1448 3138 1613 3192 etiam
1651 3138 1783 3194 fecit
1810 3139 1961 3198 Novo
1996 3135 2039 3147 ν
2062 3136 2386 3207 episc0patu
2436 3136 2899 3194 Cenomannensi.
2950 3138 3218 3195 Henricus
3275 3137 3422 3194 ﬁlius
3463 3140 3679 3196 Henrici

351 3224 585 3282 Castello
634 3244 733 3298 per
782 3228 987 3283 milites
1043 3245 1198 3297 suos,
1264 3230 1389 3301 ipso
1466 3237 1647 3286 tamen
1699 3232 1954 3290 absente.
2064 3227 2210 3300 regis
2238 3228 2536 3301 Ληαίοτιιπι
2589 3227 2719 3283 fecit
2758 3230 3075 3301 homaginm
3132 3229 3386 3301 Philippo
3420 3230 3533 3287 ﬁlio
3575 3231 3681 3287 Lu-

349 3317 565 3373 Vastata
617 3327 701 3375 est
754 3320 1011 3375 similiter
1057 3330 1201 3375 terra
1247 3321 1466 3376 comitis
1519 3322 1855 3379 Perticensis
1890 3342 1957 3381 ex
2054 3315 2238 3373 dovici
2289 3317 2435 3394 regis
2483 3318 2831 3374 Francorum.
2906 3319 3171 3375 Henricus
3223 3338 3317 3379 rex
3359 3322 3552 3395 Anglia
3595 3323 3683 3378 lo-

349 3412 543 3479 majori
573 3420 746 3484 parte.
792 3414 911 3485 ipso
947 3424 1144 3490 agente
1186 3414 1273 3469 sua.
1302 3415 1465 3471 multa
1507 3417 1672 3472 etiam
1707 3418 1836 3475 fecit
1862 3437 1955 3479 rex
2056 3420 2217 3468 cutus
2248 3418 2332 3468 est
2356 3428 2480 3467 cum
2513 3412 2788 3470 Ludovico
2820 3430 2950 3485 rege
2979 3414 3229 3479 Francia,
3263 3416 3411 3486 apud
3440 3416 3495 3472 S.
3541 3416 3679 3471 Ger-

351 3500 543 3575 Anglie
574 3503 630 3557 in
661 3503 761 3560 hac
778 3522 996 3578 guerra.
1031 3522 1139 3578 que
1163 3522 1274 3562 non
1304 3507 1639 3575 audivimus,
1666 3510 1751 3564 vel
1780 3511 1828 3566 si
1854 3529 1955 3571 au-
2056 3522 2276 3583 [nanum
2338 3506 2393 3560 in
2444 3505 2589 3563 [εἰει
2639 3506 2934 3563 ὓᾶυἰτίάῠε
2988 3508 3133 3564 ﬁlius
3180 3510 3325 3583 regis
3380 3511 3679 3580 Anglorum

348 3574 606 3660 divimus,
640 3611 748 3651 non
772 3574 1065 3653 occurrunt
1094 3598 1379 3653 memorie.
2052 3574 2184 3651 tIccit
2214 3596 2531 3670 bomaginm
2579 3596 2816 3653 Henrico
2848 3598 2999 3653 fratri
3032 3614 3135 3654 suo
3159 3574 3493 3655 deuducatn"
3533 3600 3678 3655 Brit-

422 3683 863 3745 ObiitRobertus
888 3706 1075 3745 comes
1091 3691 1427 3758 Leeccstrie,
1451 3689 1773 3763 relinquens
1790 3692 1962 3750 filium
2065 3688 2275 3751 lannie.
2310 3687 2544 3757 iubente
2575 3697 2727 3760 patre
2767 3706 2978 3747 eorum.
3042 3691 3259 3747 Mortuo
3316 3691 3568 3747 Hascnlfo
3612 3690 3683 3747 de

352 3770 676 3845 Robertum,
706 3778 799 3849 qui
841 3780 1055 3849 accepit
1104 3795 1228 3833 cum
1260 3795 1433 3835 uxore
1467 3797 1564 3835 ma
1602 3783 1964 3839 hereditatem
2065 3775 2373 3843 Solinneio,
2400 3779 2666 3834 successit
2705 3779 2758 3832 ei
2790 3778 2934 3836 ﬁlius
2973 3796 3107 3835 suus
3145 3779 3502 3837 Gislebertus.
3547 3780 3683 3836 Mor-

351 3865 422 3919 de
452 3866 893 3925 Grantemesnill.
934 3871 1176 3926 lortuus
1214 3878 1299 3925 est
1336 3879 1519 3927 autem
1564 3873 1619 3928 in
1662 3872 1951 3931 Brittannis

2062 3868 2191 3921 tuus
2219 3874 2303 3919 est
2339 3866 2505 3920 etiam
2538 3866 2839 3923 Richardus
2885 3867 2953 3923 de
2994 3867 3154 3935 Hart.
3185 3868 3510 3943 relinquens
3539 3868 3679 3924 ﬁlias

354 3956 593 4012 Herveus
643 3960 712 4014 de
756 3960 964 4028 Lehun,
1015 3963 1104 4018 cui
1151 3964 1420 4019 successit
1474 3964 1774 4020 Guibomar
1818 3967 1964 4025 ﬁlius
2065 3960 2179 4014 tres
2204 3956 2290 4009 ⁶⁶¹.
2326 3954 2437 4013 Rex
2464 3958 2731 4014 Henricus
2758 3958 3075 4032 perrexitin
3106 3958 3529 4038 quadragesima
3557 3959 3682 4014 Wa-

352 4047 492 4115 ejus.
511 4048 914 4107 Nichilominus
936 4053 1078 4109 obiit
1105 4055 1276 4110 Home
1305 4054 1374 4110 de
1398 4054 1578 4113 (ὶιίἀο
1607 4054 1963 4119 Cremcanti-
2062 4045 2306 4102 sconiam
2347 4053 2402 4102 οι
2454 4047 2754 4104 destructis
2793 4048 2981 4106 multis
3034 4047 3298 4114 castellis.
3339 4064 3447 4120 que
3488 4055 3680 4104 contra

352 4151 497 4208 papa
526 4141 855 4195 etsuccessit
881 4142 937 4196 in
966 4143 1222 4199 scismate
1240 4143 1464 4216 quidam
1488 4146 1961 4215 pseudoclericus.
2066 4151 2193 4194 eum
2223 4146 2401 4203 erant,
2433 4138 2519 4192 νει
2546 4136 2795 4205 Nimim.
2826 4137 3058 4193 οοῐηίῑθί
3098 4136 3596 4213 Εηϐθιίδῐηθηδίυηὶ
3628 4144 3687 4193 ει

348 4226 777 4299 cognominatus
799 4230 1054 4286 Calixtus.
1088 4232 1511 4306 Archiepiscopo
1534 4249 1753 4306 qucque
1786 4236 1962 4297 seno-
2065 4227 2218 4285 illum
2247 4229 2318 4285 de
2346 4230 2561 4286 ﬂarcha
2588 4228 2695 4286 sibi
2726 4229 3055 4303 paciﬁcavit:
3086 4240 3140 4285 et
3179 4231 3386 4287 multos
3420 4230 3558 4285 alios
3584 4229 3681 4301 qui

351 4318 511 4373 nensi
552 4320 607 4375 in
656 4319 767 4377 fata
796 4326 1117 4391 secedente,
1174 4324 1483 4381 Winei-mus
1511 4325 1723 4385 electus
1752 4328 1960 4389 Carm-
1984 4376 2033 4397 ἢ
2062 4337 2172 4376 non
2216 4329 2373 4378 erant
2405 4322 2539 4378 tanti
2583 4320 2843 4379 nominis.
2880 4322 3168 4379 Gaufridus
3217 4322 3365 4377 ﬁlius
3395 4322 3543 4397 regis
3571 4323 3684 4376 An-

349 4407 524 4463 iensis
573 4409 627 4464 ei
679 4412 967 4477 successit;
1014 4428 1279 4469 concesso
1307 4421 1490 4469 tamen
1534 4414 1585 4469 ei
1634 4407 2037 4489 episcopatu”
2061 4411 2275 4484 glorum
2307 4426 2495 4467 mense
2551 4408 2687 4466 Baio
2726 4410 2876 4467 venit
2928 4410 3215 4478 Redonis;
3272 4419 3329 4467 et
3367 4412 3684 4482 Stephanus

351 4496 670 4557 Carnotensi
701 4518 800 4573 per
842 4504 1128 4559 biennium
1163 4521 1195 4559 a
1241 4520 1383 4578 papa
1414 4505 1718 4563 Alexandro
1790 4508 1951 4566 Venit

2062 4498 2405 4554 Redonensis
2428 4505 2485 4553 et
2513 4499 2814 4556 Antbertns
2844 4500 3115 4559 Alsiensis
3166 4499 3438 4573 episcopi,
3471 4509 3527 4555 et
3573 4500 3686 4554 Ro-

350 4590 417 4645 ad
469 4592 677 4648 curiam
732 4595 879 4671 regis
934 4596 1150 4651 Henrici
1202 4597 1521 4669 Anglorum,
1573 4598 1848 4654 Saxonum
1906 4608 1962 4656 ει
2061 4590 2251 4647 bertus
2272 4592 2443 4647 abbas
2463 4592 2531 4647 de
2561 4591 2744 4648 ﬂente
2772 4592 2824 4646 S.
2861 4591 3171 4659 Michaelis,
3199 4600 3254 4649 et
3285 4593 3389 4647 alie
3421 4591 3686 4663 religiose

351 4678 670 4748 Bajocorum
711 4682 822 4738 dux
854 4684 1119 4740 Henricus
1149 4700 1321 4756 gener
1365 4685 1508 4755 ejus,
1564 4693 1619 4740 et
1647 4688 1861 4761 magnis
1890 4688 1959 4744 ab
2062 4700 2322 4756 persons.
2365 4693 2698 4756 receperunt
2732 4701 2858 4741 eum
2888 4702 3011 4741 cum
3078 4702 3290 4740 summa
3321 4685 3683 4740 veneratione

349 4785 416 4824 eo
447 4771 745 4829 honoratus
774 4778 1098 4833 muneribus
1145 4777 1199 4832 in
1237 4793 1337 4832 sua
1387 4778 1569 4833 rediit.
1614 4779 1959 4854 Longobardi
2061 4773 2117 4828 in
2145 4774 2380 4829 ecclesia
2417 4775 2591 4830 sancti
2645 4774 2812 4831 Petri.
2847 4774 2928 4831 lbi
2970 4777 3183 4849 accepit
3210 4774 3455 4831 hominia
3514 4775 3684 4830 baro-

349 4856 612 4915 edificant
639 4862 915 4919 civitatem
944 4865 1076 4942 haut
1106 4866 1269 4937 longe
1300 4882 1332 4919 a
1374 4865 1656 4932 Vercellis,
1697 4876 1961 4923 meantes
2061 4879 2192 4918 num
2220 4862 2545 4920 Brittannie.
2610 4864 2725 4919 Rex
2758 4863 3023 4920 Henricus
3061 4864 3191 4921 fecit
3236 4866 3440 4920 tossata
3494 4863 3602 4918 alta
3629 4868 3688 4918 et

351 4964 473 5005 eam
524 4951 927 5022 Alexandriam,
988 4956 1056 5011 ad
1125 4957 1392 5012 honorem
1460 4955 1749 5011 Alexandri
1798 4974 1961 5031 pape,
2065 4953 2172 5010 lata
2200 4955 2345 5009 inter
2393 4954 2670 5012 Franciam
2712 4963 2766 5011 et
2804 4956 3220 5025 Normanniam,
3279 4957 3349 5012 ad
3410 4955 3686 5027 predones

346 5040 582 5110 sumptis
631 5040 1035 5100 habitatoribus
1075 5060 1143 5099 ex
1193 5042 1431 5118 singulis
1454 5044 1769 5102 civitatibus
1822 5046 1964 5105 Lon-
2066 5047 2355 5103 arcendos.
2415 5047 2679 5104 Similiter
2738 5048 2943 5105 fecerat
2998 5050 3053 5104 in
3106 5047 3490 5124 Andegavensi
3541 5062 3684 5122 pago

350 5126 640 5199 gobardie.
2064 5151 2234 5206 super
2274 5135 2533 5213 Ligerim,
2574 5137 2642 5192 ad
2670 5152 2871 5210 aquam
2897 5138 3216 5207 arcendam,
3251 5153 3360 5211 que
3391 5152 3601 5192 messes
3625 5142 3684 5191 et

1693 5260 1915 5318 VARUS
1945 5261 2304 5319 LECTlONES

420 5351 490 5387 ⁸⁵⁷
526 5352 774 5408 Habebat
800 5384 869 5394 —
909 5352 1184 5410 Moritonii
1212 5356 1401 5412 desunt
1448 5357 1538 5414 8b.
1572 5359 1666 5414 sed
1690 5360 1906 5416 absunt.
1939 5360 2032 5415 8h.
2112 5359 2180 5396 ⁸⁸⁸
2211 5362 2277 5418 Se
2318 5363 2497 5417 uentia
2540 5361 2701 5417 Multa
2730 5393 2803 5404 —
2836 5362 3162 5429 Alexandro,
3217 5372 3265 5420 et
3324 5359 3676 5435 Langobardi

448 5423 839 5488 Longobardie
866 5427 1052 5481 desunt
1090 5426 1183 5481 8b.
1215 5428 1308 5483 8h.
1391 5429 1460 5464 “9
1508 5429 1560 5485 Ο.
1622 5431 1680 5485 Β.
1727 5447 1778 5488 e.
1819 5431 1882 5488 Ν.
1925 5432 2114 5487 desunt
2143 5432 2236 5488 8b.
2278 5378 2373 5488 gb.
2442 5433 2511 5468 ⁶⁶⁰
2546 5432 2632 5488 W.
2690 5434 2759 5488 Μ.
2809 5450 2857 5488 c.
2909 5435 2971 5488 Β,
3023 5435 3077 5488 d.
3110 5434 3165 5488 S.
3224 5437 3416 5488 desunt
3459 5432 3552 5488 8b.
3584 5432 3676 5487 8h.

350 5423 839 5496 T_I_.ongobardie
866 5427 1052 5481 desunt
1090 5426 1183 5481 8b.
1215 5428 1308 5483 8h.
1391 5429 1460 5464 “9
1508 5429 1560 5485 Ο.
1622 5431 1680 5485 Β.
1727 5447 1778 5488 e.
1819 5431 1882 5488 Ν.
1925 5432 1951 5486 d

2058 5432 2236 5488 nt8b.
2278 5423 2373 5489 8b.
2442 5433 2511 5468 ⁶⁶⁰
2546 5432 2632 5490 W.
2690 5434 2759 5489 Μ.
2809 5450 2857 5490 c.
2909 5435 2971 5492 Β.
3023 5435 3077 5490 (1.
3110 5423 3165 5490 ΒΖ
3224 5437 3416 5491 desunt
3439 5423 3552 5488 "8b.
3584 5432 3680 5487 8h.

349 5494 416 5529 ost
431 5494 648 5551 Mortuo
679 5526 744 5537 —
775 5503 889 5551 tres
915 5497 1107 5553 desunt
1139 5497 1231 5555 8b.
1264 5499 1357 5556 8h.
1913 5572 2105 5631 NOTAE-

425 5632 576 5710 (653)
618 5639 660 5696 1.
695 5654 747 5698 e.
782 5638 1244 5710 expostulatione.
2174 5646 2315 5719 (654)
2343 5645 2413 5704 Le
2437 5645 2651 5714 Vimen,
2685 5645 2829 5703 inter
2866 5645 3009 5705 ostia
3033 5646 3214 5706 Lucias
3245 5653 3412 5721 atque
3437 5645 3673 5705 Summe.
