3930 6068
146 200 281 258 509
1045 208 1396 268 CHRONICA.
1440 240 1510 254 σ-
1549 215 1938 274 AUCTARIUM
1976 217 2263 275 ROBEBTI
2303 220 2386 275 DE
2429 218 2671 276 MONTE.

329 342 694 384 nonnenon.
859 348 1207 390 rnancoauu.
1357 354 1666 396 ANGLoauu.
1841 348 2099 415 Atamen
2162 344 2285 400 sine
2332 344 2674 400 discrimine.
2737 344 3032 401 Submerso
3088 346 3143 400 in
3173 346 3311 401 mari
3353 346 3529 403 Gisle-

152 428 342 490 prata
376 419 670 491 predabat,
700 422 936 493 quedam
996 426 1317 495 retinacula,
1347 446 1454 501 que
1484 432 1684 487 torsias
1714 448 1812 489 vo-
1913 429 2073 486 berto
2095 431 2165 485 de
2195 431 2506 499 Abrincate,
2544 432 2703 488 l‘ulco
2756 432 2970 500 Painel,
3024 434 3119 505 qui
3153 434 3391 490 habebat
3417 436 3532 506 pri-

149 520 326 578 cant,
358 528 463 583 per
492 513 713 585 triginta
759 513 874 570 fere
902 516 1155 584 miliaria,
1192 518 1401 576 faciens
1440 522 1518 576 ibi
1551 521 1809 579 ediﬁcare
1911 523 2243 591 mogenitam
2278 540 2523 579 sororem
2560 524 2705 593 ejus,
2745 525 3015 581 successit
3066 526 3139 581 ei.
3171 526 3534 583 Vicccomites

154 602 509 659 mansiones
562 603 879 669 hominum,
941 608 1036 679 qui
1078 611 1279 666 torsias
1328 619 1601 669 tenerent.
1663 615 1809 680 Quos
1910 631 2011 685 per
2053 614 2325 689 Angliam,
2353 615 2449 686 qui
2497 615 2878 671 exactionibus
2911 622 2966 671 et
3024 617 3232 687 rapinis
3261 619 3527 689 populum

158 692 350 746 etiam
395 692 524 747 fecit
562 692 769 748 liberos
829 695 899 750 de
948 699 1190 754 exercitu
1246 707 1301 754 et
1350 703 1536 758 multis
1583 703 1706 758 aliis
1734 705 1802 759 ad
1909 702 2445 777 afﬂixerant,arege
2494 706 2735 775 correpti
2788 711 2933 760 sunt.
2982 704 3111 761 Post
3169 715 3528 776 pentecosten

160 784 377 838 fiscum
415 783 824 854 pertinentibus
849 786 936 841 ⁸⁸³,
964 787 1108 844 Oblit
1151 790 1385 846 Hilarius
1415 792 1719 848 Cestrensis
1747 801 1802 849 et
1904 806 1998 844 rex
2036 788 2301 844 Henricus
2332 798 2557 846 evocato
2611 791 2723 848 ﬁliO
2757 808 2859 848 SUO
2905 793 3140 849 Ηθιιΐὶοο
3172 794 3226 849 in
3254 794 3526 867 Angliam.

164 873 434 945 Nigellus
451 873 722 928 Heliensis
746 875 1016 947 episc0pi,
1041 886 1095 932 et
1117 878 1794 951 PetrusGemmeticensis,
1911 880 2042 936 fecit
2072 897 2197 936 eum
2219 882 2542 938 coronariin
2578 900 2787 958 regem,
2817 901 2939 941 cum
2969 902 3169 959 magna
3194 885 3322 940 cleri
3353 902 3529 958 popu-

170 964 497 1019 Bicbardus
544 965 947 1035 Bcrnaicensis,
1002 968 1265 1025 Silvester
1307 972 1683 1029 Bothonensis
1712 976 1812 1030 ab—
1913 972 2061 1043 lique
2124 972 2330 1038 leticia,
2397 975 2681 1031 Lundonie
2751 978 2897 1048 apud
2953 977 3526 1034 Westmonasterium.

169 1051 341 1106 bates
386 1052 573 1106 Mense
620 1055 887 1125 Augusto,
952 1056 1253 1127 paciﬁcatis
1284 1060 1399 1116 fere
1453 1063 1714 1118 omnibus
1754 1064 1809 1119 in
1918 1061 2068 1115 llunc
2098 1060 2315 1115 inunxit
2348 1062 2616 1135 Rogerius
2637 1064 3092 1136 archiepiscOpus
3128 1067 3527 1135 Eboracensis;

172 1140 495 1196 Pictavensi
550 1159 714 1216 pago,
764 1145 1076 1214 Wasconia,
1126 1148 1391 1227 Henricus
1451 1167 1542 1205 rex
1571 1153 1724 1207 venit
1759 1153 1814 1208 in
1917 1167 2043 1204 nam
2076 1150 2313 1205 Thomas
2344 1151 2905 1210 Cantuariensiscitra
2933 1157 3528 1228 marepercontinuum

173 1235 600 1304 Normanniam,
636 1246 689 1292 et
733 1242 941 1295 evocati
975 1243 1245 1298 Brittanni
1277 1255 1718 1316 pr0peraverunt
1745 1249 1816 1303 ad
1915 1241 2030 1297 fere
2053 1244 2373 1299 sexennium
2413 1244 2467 1298 in
2500 1245 2687 1300 Galliis
2712 1246 3045 1302 morabatur.
3081 1248 3215 1302 Huic
3239 1263 3530 1304 consecra-

175 1341 332 1380 eum.
369 1324 555 1381 Catina
598 1327 792 1382 civitas
847 1329 1048 1385 Siciliae
1106 1340 1404 1388 terremolu
1458 1350 1727 1392 concussa
1756 1347 1812 1395 ει
1912 1331 2050 1386 tioni
2070 1332 2439 1388 interfuerunt
2471 1335 2808 1392 Gislebertus
2830 1337 3238 1406 Lundoniensis,
3285 1339 3528 1395 Gosceli-

179 1425 463 1489 prostrata
484 1426 588 1484 est,
617 1427 669 1473 et
702 1421 855 1475 multi
880 1422 934 1476 in
963 1439 1028 1477 ea
1063 1424 1351 1494 perierunt
1372 1426 1457 1479 663.
1910 1441 2016 1480 nus
2045 1426 2502 1493 Salesburiensis,
2536 1428 2809 1484 Walterus
2840 1431 3112 1486 Rofensis.
3149 1431 3412 1488 Ricardus
3428 1433 3527 1489 Ce-

3423 224 3529 281 5‘10

260 1511 371 1564 Rex
426 1511 688 1566 Henricus
755 1514 883 1569 fecit
954 1523 1194 1571 castrum
1262 1519 1689 1576 munitissimum
1753 1531 1809 1579 et
1909 1521 2158 1586 strensis,
2192 1521 2566 1577 Bartolomeus
2607 1523 2949 1588 Exoniensis,
3007 1524 3157 1596 Hugo
3190 1527 3530 1581 Dunelmen-

176 1599 425 1671 burgum
470 1601 778 1671 pergrande
811 1603 969 1670 juxta
1029 1605 1207 1660 haiam
1238 1607 1308 1661 de
1373 1608 1633 1674 Malaffre,
1657 1611 1805 1683 quod
1831 1658 1876 1690 Β
1907 1613 1982 1667 sis
2008 1614 2288 1684 episc0pi;
2340 1615 2608 1689 Hogerius
2666 1616 3068 1690 Wigorniensis
3102 1619 3157 1672 in
3188 1619 3529 1675 Normannia

293 1658 326 1671 υ
470 1658 486 1670 ι
572 1658 605 1671 η
811 1658 831 1670 _
1246 1658 1302 1661 η
1373 1658 1633 1674 --.,-η,-,-,
1660 1658 1805 1683 ν--
1907 1658 1981 1667 ,η
2009 1658 2288 1684 Ὕηννμ,
2340 1658 2608 1670 “re...”
2792 1658 3068 1673 νηυυιωω
3189 1658 3529 1675 .................

178 1697 441 1743 vocatum
482 1697 564 1743 est
595 1690 876 1746 Bealveer.
910 1692 1040 1747 Cum
1092 1694 1359 1767 Hogerius
1395 1696 1802 1755 Malabranchia
1830 1658 1881 1726 B
1904 1704 2236 1759 morabatur.
2294 1658 2566 1762 Henricus
2662 1658 3042 1764 WiZtonensis
3112 1717 3168 1764 et
3213 1710 3529 1766 Willermus

180 1779 317 1834 dolo
347 1779 590 1850 cepisset
613 1781 807 1836 urbem
839 1783 1218 1854 Citeriensem,
1244 1803 1408 1858 quam
1440 1788 1589 1843 cives
1626 1790 1802 1861 ipsius
1904 1791 2255 1847 Norvicensis
2282 1792 2598 1849 inﬁrmitate
2626 1796 2902 1866 prepediti
2927 1813 3038 1852 non
3071 1796 3368 1856 affuerunt.
3392 1799 3524 1854 Nam

181 1878 381 1926 contra
403 1887 525 1926 eum
569 1873 853 1941 tenebant,
888 1892 1082 1932 omnes
1102 1884 1211 1932 tam
1241 1879 1386 1934 viros
1417 1896 1581 1951 quam
1607 1882 1806 1939 mulie-
1903 1883 2184 1938 Adelulfus
2236 1883 2595 1952 Carluiensis,
2655 1893 2710 1941 et
2762 1887 3040 1943 Robertus
3083 1889 3523 1958 Herefordensis,

183 1975 277 2013 res
309 1960 394 2015 vel
437 1961 739 2032 suspendio
795 1963 882 2018 vel
926 1964 1035 2020 alio
1101 1967 1371 2023 tormenlo
1420 1970 1581 2024 morti
1639 1973 1811 2027 tradi-
1909 1982 1964 2028 ct
1993 1974 2265 2029 Robertus
2295 1975 2560 2038 Batensis,
2622 1982 2677 2030 et
2707 1976 2976 2031 Robertus
3024 1977 3428 2047 Lincolnensis,
3471 1989 3527 2037 et

186 2050 290 2117 dit,
327 2056 381 2105 et
414 2051 573 2106 novis
601 2052 1004 2110 habitatoribus
1044 2055 1194 2110 illam
1247 2058 1663 2115 inhabitandam
1692 2069 1806 2118 tra-

184 2143 351 2197 didit.
386 2143 672 2215 Siquidem
690 2146 923 2215 predicti
956 2148 1105 2202 cives
1145 2149 1428 2206 dominum
1460 2170 1620 2208 suum
1654 2156 1805 2210 Guil-

188 2234 421 2289 lermum
481 2234 644 2307 (655).
698 2237 1053 2300 Trenchevel,
1108 2248 1318 2310 patrem
1374 2244 1594 2318 Hogerii
1634 2247 1804 2303 Male-

188 2326 454 2393 branche,
487 2327 543 2381 in
574 2329 809 2399 quadam
858 2331 1093 2390 ecclesia
1122 2351 1247 2391 cum
1300 2336 1416 2394 ﬁlio
1480 2356 1582 2396 suo
1636 2359 1803 2413 parvo

188 2418 484 2474 crudeliter
549 2419 889 2476 occiderant.
961 2424 1071 2479 Rex
1168 2427 1433 2484 Henricus
1495 2430 1625 2487 fecit
1691 2433 1805 2489 Mo-

190 2509 416 2565 lendina
457 2519 512 2565 et
563 2511 883 2582 piscatorias
933 2514 1242 2589 Andegavis
1289 2519 1344 2573 in
1410 2519 1638 2579 ﬂumine
1688 2525 1805 2581 Me-

189 2602 373 2658 duane
430 2602 558 2659 Cum
615 2601 954 2661 Guillermus
1004 2609 1174 2663 Goeth
1225 2610 1458 2669 obiisset
1504 2613 1562 2669 in
1603 2614 1803 2674 itinere

186 2695 509 2760 Jerusalem,
537 2704 592 2751 et
643 2712 829 2752 comes
873 2697 1222 2755 Theobaldus
1266 2704 1434 2760 vellet
1484 2706 1688 2764 habere
1746 2711 1802 2765 in

187 2801 350 2838 manu
372 2800 468 2839 sua
491 2785 726 2839 Montem
776 2786 1079 2842 Mirabilem
1110 2797 1164 2843 et
1193 2790 1327 2844 alias
1359 2790 1665 2861 ﬁrmitates,
1695 2814 1803 2868 que

191 2875 711 2946 iuerantGuillermi
759 2877 955 2945 Goeth,
1007 2879 1077 2934 de
1126 2881 1329 2952 quibus
1360 2885 1580 2940 saisitus
1636 2887 1800 2959 (656),

1912 2065 2145 2121 Hilarius
2193 2064 2573 2134 Cicestrensis,
2627 2074 2682 2122 et
2710 2067 2956 2142 Nigellus
2984 2068 3256 2124 Heliensis
3278 2072 3526 2142 episcopi

1904 2156 2242 2214 dormierant
2304 2159 2357 2212 in
2389 2158 2643 2224 Domino,
2687 2165 2743 2213 et
2798 2158 2978 2213 adhuc
3034 2159 3295 2213 cathedra
3334 2175 3524 2215 eorum

1905 2248 2191 2303 vacabant.
2258 2247 2633 2304 luterfuerunt
2689 2262 2822 2303 vero
2862 2248 2930 2303 de
2956 2248 3290 2304 Normannia
3330 2250 3524 2305 Henri-

1905 2355 2002 2395 cus
2022 2340 2339 2408 Bajocensis
2390 2348 2446 2394 et
2475 2340 2769 2413 Frogerius
2814 2339 3094 2411 Sagiensis
3125 2341 3395 2412 episcopi,
3428 2342 3522 2413 qui

1906 2444 2029 2484 cum
2048 2444 2114 2484 eo
2139 2437 2404 2484 venerant
2448 2429 2508 2483 in
2566 2428 2838 2503 Angliam.
2901 2429 3129 2493 Quidam
3179 2430 3406 2486 moleste
3438 2430 3523 2486 fe-

1904 2528 2053 2587 runt,
2094 2521 2243 2592 quod
2285 2504 2737 2591 archiepiscopus
2772 2520 3132 2576 Eboracensis
3179 2522 3399 2576 unxerit
3465 2522 3523 2577 in

1904 2629 2091 2685 regem
2147 2612 2440 2667 Henricum
2489 2612 2768 2680 juniorem
2876 2612 2985 2667 Sed
3043 2613 3318 2678 noverint,
3374 2613 3523 2685 quod

1904 2705 2116 2777 primus
2146 2705 2508 2771 Guillermus,
2554 2706 2649 2777 qui
2693 2705 2941 2778 Angliam
2985 2705 3151 2759 armis
3181 2705 3423 2781 subegit,
3454 2705 3523 2761 ab

1904 2795 2171 2849 Alveredo
2215 2793 2636 2867 religiosissimo
2691 2793 2809 2848 viro
2862 2793 3193 2848 Eboracensi
3247 2792 3525 2864 archiepi-

1905 2901 2073 2956 sc0p0
2110 2885 2372 2940 inunctus
2424 2895 2478 2940 et
2526 2895 2774 2940 sacratus
2830 2891 2934 2948 est,
3003 2884 3385 2940 Cantuariensi
3424 2900 3521 2939 ar-

192 2972 305 3020 erat
339 2965 579 3019 Hervens
611 2964 679 3019 de
709 2966 858 3030 lven,
912 2967 1007 3039 qui
1038 2968 1278 3026 habebat
1317 2972 1375 3029 in
1401 2974 1663 3048 conjugio
1691 2978 1805 3046 pri-
1842 3038 1878 3048 Α
1904 2975 2262 3048 chiepiscOpo
2302 2977 2445 3031 intra
2494 2976 2729 3031 insulam
2790 2976 3068 3030 Britannic
3107 2982 3386 3043 manente,
3415 2975 3523 3031 Sti-

193 3065 521 3130 mogemtam
573 3056 740 3112 ﬁliam
781 3038 1065 3114 Guillermi
1126 3059 1322 3124 Goeth,
1383 3038 1659 3120 natam—ex
1691 3038 1800 3122 una
1832 3038 2084 3144 Cgando
2123 3038 2551 3142 scilicetapapa
2570 3070 3063 3127 excommunicato.

192 3168 431 3208 sororum
518 3152 734 3207 comitis
817 3152 1118 3210 Theobaldi
1188 3173 1203 3223 ;
1269 3155 1465 3213 videns
1516 3158 1799 3227 predictus

194 3245 451 3311 Herveus,
482 3260 539 3298 se
572 3259 681 3299 non
714 3260 873 3314 posse
913 3245 1170 3301 resistere
1229 3247 1415 3302 comiti
1455 3246 1792 3303 Theobaldo.

185 3358 308 3397 cum
339 3358 429 3395 rex
457 3341 621 3395 etiam
651 3340 978 3395 Francorum
1044 3341 1329 3413 adjuvaret
1359 3349 1541 3412 partes
1578 3342 1797 3397 comitis

1970 3161 2260 3237 Margarita
2313 3160 2426 3215 filia
2465 3160 2610 3234 regis
2644 3160 2888 3222 Francie,
2922 3175 3057 3215 uxor
3092 3159 3309 3215 Henrici
3335 3159 3527 3227 junio-

1897 3249 1973 3303 ris
2014 3250 2183 3319 regis,
2219 3249 2275 3302 in
2308 3248 2558 3322 Angliam
2600 3248 2817 3303 transiit
2859 3265 2872 3301 :
2905 3263 3009 3303 nec
3046 3255 3180 3302 tunc
3219 3254 3399 3303 tamen
3422 3247 3529 3320 fuit

1897 3345 2174 3394 coronata.
2241 3339 2373 3409 quia
2423 3354 2517 3393 rex
2563 3338 2673 3407 jam
2740 3344 3036 3393 coronatus
3100 3343 3238 3404 erat,
3298 3347 3353 3393 et
3392 3338 3521 3408 epi-

186 3429 506 3496 Theobaldi,
530 3434 719 3499 utpote
744 3429 989 3484 sororius
1026 3430 1189 3498 ejus:
1231 3430 1377 3485 idem
1411 3431 1671 3499 Herveus,
1696 3432 1791 3486 in-
1894 3426 2048 3498 scopi
2082 3427 2474 3482 discesserant.
2527 3427 2811 3481 Joliannes
2850 3442 3036 3481 comes
3065 3426 3330 3481 Aucensis
3349 3424 3521 3481 mori-

186 3529 524 3578 tercurrente
549 3537 748 3594 magna
782 3520 1017 3592 pecunia
1066 3531 1120 3577 et
1152 3522 1484 3593 quibusdam
1526 3525 1803 3593 pactioni-

183 3614 305 3677 bus,
337 3611 559 3667 tradidit
590 3610 825 3665 Henrico
885 3611 1001 3686 regi
1035 3612 1334 3682 Anglorum
1365 3611 1600 3667 Montem
1633 3612 1800 3668 Mira-

189 3705 353 3758 bilem
387 3711 442 3758 et
461 3703 609 3757 aliud
625 3711 886 3765 castrum,
919 3704 1132 3759 scilicet
1162 3704 1422 3758 Sanctum
1452 3704 1722 3760 Anianum
1742 3706 1800 3761 in

194 3796 452 3851 Biturieo.
491 3795 644 3850 Unde
674 3794 952 3850 discordia
1008 3796 1378 3869 redintegrata
1431 3805 1512 3852 est
1541 3797 1686 3852 inter
1709 3813 1801 3853 re-

190 3903 308 3961 gem
330 3892 383 3941 et
405 3886 686 3942 comitem.

264 3976 419 4031 H70.
449 3977 760 4031 Fredericus
790 3976 876 4031 19'
906 3977 1208 4035 Ludovicus
1233 3976 1321 4033 33.
1352 3980 1615 4034 Henricus
1644 3979 1729 4034 16.

263 4064 339 4121 Ad
369 4068 548 4122 natale
595 4066 701 4122 fuit
758 4084 855 4123 rex
916 4068 1181 4123 Henricus
1228 4069 1284 4125 in
1327 4070 1628 4124 Brittannia
1657 4071 1802 4144 apud

193 4162 487 4216 Namnetes.
560 4160 834 4217 Robertus
904 4161 1365 4218 arcliidiachonus
1437 4162 1804 4219 Nannetensis

191 4269 460 4309 consensu
494 4253 644 4326 regis
705 4252 881 4308 factus
935 4260 1019 4311 est
1085 4253 1383 4329 episcOpus
1410 4254 1800 4320 Nannetensis,

195 4350 318 4413 post
350 4342 687 4396 Bernardum
718 4341 1050 4396 avunculum
1074 4357 1253 4397 suum.
1298 4343 1358 4400 In
1385 4344 1803 4418 quadragesima

192 4434 423 4489 excessit
452 4449 599 4488 mare
641 4433 848 4488 limites
895 4449 1044 4503 suos,
1079 4434 1228 4490 unde
1258 4450 1467 4490 messes
1492 4452 1599 4509 que
1628 4452 1800 4508 prope

192 4523 324 4578 illud
347 4524 615 4579 seminate
667 4531 846 4589 erant,
902 4524 958 4580 in
1005 4524 1191 4578 multis
1256 4525 1393 4580 locis
1444 4526 1729 4596 perierunt
1770 4543 1802 4581 a

192 4614 445 4670 ﬂuctibus
465 4615 704 4670 absorte.
731 4614 863 4669 Ossa
918 4613 1201 4685 cujusdam
1256 4615 1498 4690 gigantis
1524 4616 1581 4672 in
1610 4617 1803 4693 Anglia

192 4722 288 4777 per
321 4706 650 4761 alluvionem
693 4706 912 4762 detecta
966 4713 1116 4774 sunt,
1149 4706 1306 4775 cujus
1334 4708 1584 4778 corporis
1613 4708 1799 4783 longi-

1905 3522 1993 3570 tur
2016 3523 2071 3571 et
2094 3515 2361 3570 successit
2401 3516 2450 3569 ei
2499 3514 2642 3567 ﬁlius
2698 3514 2820 3585 ejus
2875 3513 3160 3569 Henricus.
3222 3528 3385 3585 quem
3419 3529 3521 3586 ge-

1903 3616 2098 3661 nuerat
2120 3622 2185 3661 ex
2218 3606 2329 3662 ﬁlia
2352 3605 2622 3661 Willermi
2647 3605 2716 3659 de
2743 3604 2997 3660 Albineio
3028 3606 3200 3673 (657),
3231 3620 3396 3676 quem
3422 3620 3520 3660 vo-

1902 3705 2028 3754 cant
2051 3698 2312 3753 comitem
2357 3698 2427 3752 de
2467 3698 2730 3752 Arundel.
2784 3696 2879 3751 Hic
2907 3696 3062 3751 duxit
3116 3696 3315 3750 Elizam
3374 3695 3520 3769 regi-

1905 3807 2053 3854 nam,
2089 3790 2336 3844 relictam
2368 3789 2585 3844 Henrici
2629 3788 2867 3843 senioris
2918 3788 3065 3863 regis
3104 3788 3422 3858 Anglorum,
3453 3803 3518 3842 ex

1905 3896 2013 3952 qua
2066 3879 2260 3953 genuit
2313 3879 2669 3934 Guillermum
2757 3877 3187 3950 primogenitum
3237 3892 3421 3943 suum,
3466 3882 3522 3931 et

1907 3969 2287 4036 Godefridum,
2321 3976 2376 4025 et
2413 3970 2567 4035 istam
2623 3966 2957 4023 comitissam
2997 3981 3225 4021 uxorem
3254 3964 3523 4021 Johannis

1906 4065 2194 4130 Aucensis,
2226 4066 2295 4120 de
2326 4080 2437 4140 quo
2454 4078 2638 4120 sermo
2664 4068 2765 4117 est.
2790 4062 2849 4115 ln
2869 4060 2960 4115 die
2984 4060 3355 4131 apostolorum
3377 4058 3521 4115 Petri

1907 4161 1961 4209 et
1989 4154 2142 4210 Pauli
2171 4162 2503 4209 terremotus
2558 4150 2843 4207 horribilis
2895 4149 3072 4204 factus
3115 4158 3196 4203 est
3251 4147 3306 4202 in
3333 4156 3519 4203 trans-

1907 4244 2134 4303 marinis
2156 4244 2425 4318 partibus,
2458 4258 2565 4316 quo
2613 4242 2821 4298 corruit
2851 4240 3047 4297 civitas
3097 4237 3351 4308 Tripolis,
3396 4253 3521 4308 pars

1828 4314 2174 4401 DDamasci,
2214 4314 2505 4391 Antiochie
2552 4335 2847 4410 plurimum
2923 4329 3157 4406 Agareni
3210 4329 3372 4383 etiam
3406 4343 3520 4384 non

1901 4427 2124 4483 fuerunt
2152 4434 2409 4501 expertes
2442 4426 2608 4502 hujus
2664 4421 3035 4478 tribulationis
3068 4438 3084 4486 ;
3114 4435 3236 4473 nam
3269 4418 3520 4489 llalapre,

1902 4539 2009 4597 que
2033 4528 2199 4595 caput
2259 4528 2345 4576 est
2399 4520 2552 4594 regni
2609 4516 2865 4580 Loradin,
2899 4521 2953 4570 et
2989 4513 3224 4585 quedam
3249 4512 3361 4567 alie
3382 4512 3522 4568 civi-

1902 4620 2043 4670 tates
2075 4614 2524 4677 Sarracenorum,
2587 4626 2698 4666 non
2740 4617 3033 4666 evaserunt
3087 4608 3228 4664 hanc
3287 4614 3516 4679 pestem.

1900 4706 2110 4761 Mortuo
2162 4704 2473 4758 Willermo-
2517 4703 2721 4757 comite
2775 4702 3094 4756 Hivernensi
3140 4701 3282 4757 ultra
3348 4714 3518 4766 mare,

193 4794 336 4858 tudo,
368 4802 427 4849 ut
466 4793 669 4862 ferunt,
698 4794 767 4851 30
789 4795 989 4866 pedum
1013 4803 1149 4850 erat.
1179 4797 1237 4849 ln
1270 4796 1462 4851 eadem
1489 4796 1798 4869 quadrage-
1898 4796 2146 4852 Natheus
2193 4793 2360 4849 frater
2401 4793 2640 4866 Philippi
2691 4792 2908 4849 comitis
2954 4792 3394 4860 Flandrensium,
3426 4806 3523 4848 co-

191 4886 322 4941 sima
371 4885 749 4942 transfretavit
792 4903 887 4942 rex
927 4886 1199 4942 Henricus
1248 4888 1305 4942 in
1371 4888 1647 4960 Angliam,
1680 4903 1793 4943 non
1897 4902 2015 4941 mes
2046 4886 2294 4952 Bolonie,
2344 4884 2499 4941 duxit
2525 4900 2751 4941 uxorem
2782 4884 2904 4956 ejus
2935 4884 3103 4955 (658),
3134 4898 3378 4940 sororem
3411 4880 3522 4937 sci-

1542 5014 1763 5073 VARUE
1826 5014 2197 5073 LECTIONES.

257 5121 324 5197 ξφ
392 5121 660 5197 Similiter
707 5153 772 5197 τ
828 5123 1032 5197 pertin,
1088 5124 1152 5177 in
1202 5137 1409 5197 rasura
1464 5125 1548 5179 ita
1611 5124 1898 5197 ampliavit
1977 5122 2377 5197 ltoéertusﬂh.
2440 5120 2669 5197 Desunt]:
2698 5120 2809 5197 8b.,
2857 5119 2950 5197 8h.
2979 5134 3125 5197 Δ(ξείνη
3169 5115 3523 5197 sequentibus

189 5192 330 5270 Obiit
354 5224 417 5270 _—
449 5193 684 5270 abbates
706 5194 775 5270 ᾖδε
792 5189 898 5270 {iis
919 5195 1173 5270 desinunt
1201 5194 1291 5270 _8a,
1331 5194 1445 5270 Sb.
1505 5200 1555 5270 et
1580 5189 1771 5270 manus
1816 5194 2291 5270 secundaht'nﬁd.
2335 5199 2383 5247 et
2417 5200 2607 5270 senatus
2630 5189 2937 5270 decurtatus
2964 5192 3138 5270 in_Se.
3166 5189 3258 5243 8h.
3290 5189 3522 5270 fortasse

187 5267 424 5319 etiamin
452 5264 521 5320 8c
569 5266 663 5392 8g.
705 5267 767 5320 In
795 5265 886 5319 8b.
921 5268 1166 5339 sequitur
1194 5266 1732 5336 brevislcontinuan'o
1760 5267 2011 5321 monachi
2056 5267 2136 5322 Va
2148 5267 2525 5321 Ilomontensz's.
2575 5264 2864 5321 Combusta
2894 5270 2978 5319 est
3016 5261 3402 5318 l'iscannensis
3427 5273 3522 5315 ec-

187 5335 351 5391 clesia
381 5337 446 5391 14
468 5336 581 5391 Kal.
649 5336 771 5392 ulii.
801 5337 834 5391 4
859 5336 1001 5392 teria
1024 5344 1150 5392 nost
1173 5343 1427 5392 octavam
1466 5343 1819 5392 pentecostes
1859 5338 2073 5392 addunt
2117 5336 2208 5390 8d.
2235 5336 2329 5391 8h.

185 5335 351 5391 clesia
381 5337 446 5391 14
468 5336 581 5391 Kal.

710 5336 771 5403 ii,
801 5337 834 5391 4
859 5336 1001 5392 teria
1022 5344 1150 5408 post
1173 5343 1427 5393 octavam
1466 5343 1819 5408 pentecostes
1859 5338 2073 5392 addunt
2117 5336 2208 5390 8d.
2235 5336 2329 5391 8h.

1753 5447 1962 5505 NOTAE.

256 5539 394 5613 (655)
427 5540 682 5613 βοτῆεζεε
715 5542 1098 5600 Raimundum.
1134 5543 1334 5609 BOUQ.

256 5610 396 5682 (655)
426 5610 736 5671 lnvestitus.

1980 5544 2122 5615 (657i
2159 5542 2474 5599 Helisende.
2504 5541 2697 5615 song.

1973 5612 2116 5687 (657)
2146 5614 2498 5674 Eleonoram.
2538 5612 2734 5678 BOUQ.
