3916 6064
107 211 227 267 513

115 315 133 362 ’~
171 359 178 363 ‘
269 347 628 390 ROMANOBUM.
779 345 1112 384 FRANCORUM.
1286 345 1598 386 ANGLORUM.

107 439 329 488 terram
359 444 536 487 suam.
572 425 693 480 Fuit
749 423 896 479 enim
947 424 1095 479 idem
1133 439 1322 503 comes
1370 425 1514 481 ﬁlius
1572 427 1745 481 Amati

107 521 370 586 comitis,
389 516 770 575 etditissimus
819 515 875 568 in
927 514 1282 586 possessione
1337 515 1555 570 urbium
1579 525 1748 571 etea-

106 615 450 679 stellorum;
475 625 582 666 nec
609 607 814 680 aliquis
851 616 1037 679 potest
1064 609 1216 665 adire
1249 609 1476 676 Italiam,
1511 608 1616 664 nisi
1649 625 1749 680 per

112 712 335 766 terram
369 702 564 775 ipsius.

135 835 146 840 -
194 796 514 853 Teobaldus
554 811 741 853 comes
799 794 1149 852 (Zarnotensis
1201 794 1386 865 plures
1423 793 1744 856 Judeorum,

117 887 222 958 qui
269 886 446 942 Blesis
494 885 836 952 habitabant,
885 885 998 961 igni
1031 883 1272 940 tradidit.
1307 883 1595 954 Siquidem
1625 899 1748 936 cum

117 975 398 1034 infantem
436 977 714 1048 quendam
747 978 802 1030 iu
860 975 1252 1046 solcmpnitate
1290 973 1532 1045 paschali
1573 972 1751 1028 cruci-

125 1063 391 1120 ﬁxissent
420 1067 488 1120 ad
549 1066 908 1136 opprobrium
959 1065 1408 1130 christianorum,
1475 1072 1666 1134 postea
1699 1062 1752 1116 in

118 1169 295 1210 sacco
325 1155 564 1225 positum
608 1155 664 1208 in
711 1154 936 1209 ﬂuvium
987 1154 1193 1228 Ligeris
1232 1153 1604 1224 projeceruut.
1637 1152 1753 1216 Quo

123 1245 384 1309 invento,
421 1260 520 1300 eos
550 1243 834 1300 convictos
860 1244 930 1298 de
968 1245 1202 1309 scelere,
1222 1251 1281 1297 ut
1302 1257 1470 1312 supra
1491 1241 1750 1308 diximus,

123 1334 248 1409 igni
283 1333 526 1399 tradidit,
573 1332 815 1404 exceptis
877 1331 1004 1395 illis,
1062 1331 1158 1402 qui
1200 1329 1366 1384 tidem
1399 1330 1749 1384 christianam

125 1431 482 1495 receperunt.
513 1424 626 1479 Hoc
650 1423 815 1479 etiam
849 1421 1100 1478 fecerunt
1119 1422 1194 1484 de
1248 1431 1439 1477 sancto
1469 1421 1752 1478 Willermo

127 1518 193 1572 in-
221 1519 419 1594 Anglia
477 1519 623 1590 apud
678 1519 872 1576 Norviz
925 1526 1176 1590 tempore
1219 1517 1485 1588 Stephani
1554 1517 1751 1592 regis;

128 1625 247 1680 quo
275 1611 496 1681 sepulto
536 1611 594 1664 in
643 1610 878 1666 ecclesia
925 1609 1250 1682 episcOpali,
1289 1609 1462 1663 multa
1491 1607 1756 1662 miracula

127 1697 278 1752 fiunt
301 1697 370 1752 ad
399 1699 758 1770 sepulchrum
817 1701 958 1769 ejus.
1010 1699 1274 1755 Similiter
1321 1699 1524 1754 factum
1574 1705 1657 1752 est
1687 1697 1756 1752 de

123 1790 243 1848 alio
275 1792 423 1862 apud
455 1791 906 1848 Glovescestriam
960 1797 1208 1862 tempore
1258 1791 1477 1847 Henrici
1524 1791 1755 1846 secundi

124 1880 300 1953 regis.
329 1881 437 1936 Sed
471 1890 528 1938 et
563 1881 621 1936 in
651 1881 902 1950 Francia,
957 1881 1180 1937 castello
1239 1880 1579 1960 qui.dicitur
1609 1881 1754 1938 Pons

127 1971 301 2041 lsare,
331 1972 401 2026 de
426 1979 616 2029 sancto
647 1973 882 2029 Ricardo
926 1973 1081 2044 impii
1112 1973 1273 2029 Judei
1305 1972 1561 2030 similiter
1599 1973 1752 2029 fece-

125 2071 307 2130 runt;
341 2065 436 2135 qui
494 2063 711 2120 delatus
770 2064 1030 2132 Parisios,
1083 2065 1140 2120 in
1190 2064 1426 2121 ecclesia
1471 2067 1741 2138 sepultus,

127 2153 321 2207 multis
359 2153 642 2209 miraculis
671 2155 978 2210 cboruscat.
1030 2155 1093 2210 Et
1145 2154 1487 2228 frequenter,
1516 2166 1577 2212 ut
1612 2158 1752 2213 dici-

132 2255 245 2313 tur,
277 2245 487 2301 faciunt
528 2247 632 2302 hoc
652 2247 708 2300 in
753 2255 1002 2319 tempore
1029 2248 1301 2318 paschali,
1327 2250 1373 2304 si
1403 2251 1754 2320 oportunita-

134 2343 249 2390 tem
267 2335 602 2393 invenerint.

209 2424 360 2479 Obiit
413 2424 746 2480 Guillermus
796 2425 1113 2482 Talavacius
1161 2441 1350 2482 comes
1415 2427 1651 2494 Pontivi,
1704 2438 1759 2486 et

135 2518 404 2572 successit
430 2517 482 2573 ei
519 2518 801 2573 Iohannes
853 2535 1024 2589 nepos
1051 2535 1186 2574 suus
1237 2519 1290 2573 in
1326 2521 1587 2576 comitatu
1619 2523 1760 2577 Pon-

136 2607 353 2675 tivi,ex
395 2607 644 2662 Guidoue
705 2608 1076 2682 primogenita
1121 2625 1242 2664 suo.
1305 2610 1366 2664 In
1416 2617 1561 2667 terra
1605 2627 1758 2680 vero,

137 2719 305 2774 quam
329 2703 554 2758 tenebat
579 2703 648 2758 de
677 2719 804 2778 rege
834 2703 1131 2778 Anglorum
1177 2705 1233 2759 in
1264 2705 1597 2762 Normannia
1623 2715 1677 2762 et
1702 2708 1758 2762 in

141 2792 469 2853 Cenomansi
503 2808 644 2865 pago
675 2794 941 2848 successit
996 2793 1046 2848 ei
1088 2793 1372 2848 Iohannes
1405 2811 1592 2850 comes
1618 2797 1760 2852 ﬁlius

138 2881 279 2949 ejus.
326 2881 429 2936 Iste
461 2881 616 2936 duxit
644 2880 812 2935 filiam
869 2881 1086 2936 comitis
1145 2882 1330 2950 Heliae,
1371 2882 1558 2939 fratris
1585 2885 1758 2940 comi—

145 2975 214 3028 tis
251 2972 498 3028 Gaufridi
549 2973 964 3048 Andegaveusis
994 2981 1049 3027 et
1081 2974 1240 3029 ducis
1292 2975 1752 3032 Normannorum.

151 3067 257 3123 Rex
291 3068 563 3123 Henricus
590 3069 776 3123 senior
825 3067 954 3122 fecit
1004 3067 1322 3144 investigari
1354 3087 1453 3140 per
1491 3071 1758 3127 Norman-

151 3161 293 3214 niam
349 3167 542 3223 terras,
592 3160 659 3213 de
707 3161 910 3232 quibus
967 3177 1058 3215 rex
1137 3161 1402 3216 Henricus
1451 3178 1585 3217 avus
1642 3163 1764 3231 ejus

151 3251 568 3308 fueratsaisitus
597 3253 686 3307 die
736 3269 844 3324 qua
896 3253 1052 3309 obiit.
1111 3253 1258 3308 Fecit
1313 3254 1476 3309 etiam
1535 3255 1762 3326 inquiri,

148 3361 282 3416 quas
305 3353 478 3400 terras
508 3352 564 3400 et
589 3361 725 3416 quas
747 3345 917 3401 silvas
971 3355 1026 3400 et
1056 3361 1166 3418 que
1220 3345 1326 3400 alia
1355 3345 1633 3402 dominica
1661 3347 1768 3400 ba-

105 3481 110 3484 .
150 3449 312 3490 rones
329 3439 383 3490 et
403 3433 497 3488 alii
534 3434 786 3488 homines
831 3440 1246 3504 occupaverant
1277 3442 1402 3506 post
1429 3443 1660 3488 mortem
1690 3452 1774 3489 re-

145 3526 229 3599 gis
263 3525 482 3581 Henrici
519 3525 620 3594 _avi
650 3526 735 3580 sui
775 3542 791 3588 ;
843 3526 1030 3581 ethoc
1087 3525 1254 3582 modo
1304 3525 1418 3580 fere
1475 3526 1777 3598 duplicavit

154 3614 405 3670 redditus
455 3614 692 3669 ducatus
741 3613 1099 3670 Normannie.
1157 3613 1253 3669 Ris
1305 3631 1403 3669 rex
1439 3614 1774 3670 Walensium

152 3702 471 3774 paciﬁcatus
517 3709 599 3759 est
647 3719 773 3759 cum
825 3720 956 3776 rege
1011 3705 1311 3775 Anglorum
1373 3704 1630 3760 Henrico.
1664 3705 1776 3759 Rex

153 3796 334 3852 Oenus
364 3797 695 3863 favunculus
742 3797 1184 3868 ejus’przeterito
1249 3813 1396 3853 anno
1437 3797 1675 3862 obierat,
1725 3805 1780 3854 et

155 3890 248 3947 filii
279 3892 404 3960 ejus
433 3891 550 3964 regi
617 3890 852 3946 Henrico
893 3891 1100 3946 subditi
1136 3898 1285 3946 sunt.
1329 3889 1616 3965 Margarita
1643 3905 1781 3946 uxor

155 3983 400 4053 junioris
429 3982 576 4058 regis
603 3982 822 4038 Henrici
868 3981 1238 4038 transfretavit
1283 3984 1336 4038 in
1365 3981 1774 4038 Normanniam.

234 4071 426 4126 Mense
451 4070 598 4126 Julio
627 4087 724 4126 rex
755 4071 1116 4147 congregavit
1180 4071 1420 4128 barones
1470 4087 1603 4127 suos
1631 4070 1776 4142 apud

163 4159 582 4234 Argentonium,
610 4169 664 4214 et
703 4175 826 4215 cum
867 4161 942 4215 ibi
996 4167 1316 4216 tractaretur
1340 4161 1409 4216 de
1442 4159 1780 4232 profectione

161 4269 260 4308 sua
291 4254 346 4307 in
375 4251 908 4324 Hiberniam,legati
969 4253 1184 4308 comitis
1237 4253 1458 4309 Ricardi
1513 4259 1783 4313 venerunt

163 4339 228 4394 ad
259 4356 411 4406 eum,
453 4339 702 4395 dicentes
753 4357 818 4395 ex
860 4349 1012 4412 parte
1067 4341 1305 4406 comitis,
1367 4343 1512 4413 quod
1543 4343 1784 4398 traderet

165 4428 218 4484 ei
241 4428 518 4483 civitatem
551 4427 838 4495 Duveline,
879 4437 936 4484 et
990 4428 1323 4496 Waterford,
1347 4437 1403 4484 et
1442 4430 1579 4486 alias
1610 4429 1785 4484 firmi-

165 4528 310 4574 tates
347 4535 495 4582 suas,
555 4535 690 4592 quas
750 4519 987 4575 habebat
1042 4537 1207 4576 causa
1274 4521 1462 4576 uxoris
1498 4538 1620 4587 sue,
1660 4537 1782 4594 qua:

167 4609 348 4666 fuerat
375 4609 486 4665 {ilia
505 4612 648 4684 regis
678 4612 1081 4679 Duvelinensis,
1133 4613 1228 4684 qui
1253 4613 1366 4681 jam
1409 4613 1640 4668 obierat.
1671 4614 1782 4668 Rex

169 4705 355 4778 itaque
382 4705 568 4762 audito
599 4707 705 4762 hoc
768 4707 996 4768 nuncio.
1053 4707 1336 4763 mandavit
1386 4708 1598 4774 comiti,
1637 4709 1786 4779 quod

989 203 1332 260 CHRONICA.
1377 235 1445 246 —
1482 199 1861 260 AUCTARIUM
1903 201 2186 259 ROBERTI
2227 204 2310 259 DE
2353 203 2588 262 MONTE.

1785 3023 1834 3091 C

3359 220 3460 282 514

1769 331 1819 400 Α
1848 327 1944 383 site
1973 327 2368 396 Wintonensis,
2429 332 2484 386 in
2536 335 2876 390 ornamentis
2905 337 3022 391 auri
3079 347 3134 392 et
3163 343 3376 414 argenti
3407 351 3463 398 et

1848 419 2146 475 sericarum
2177 421 2429 477 vestium.
2470 423 2702 479 Divicias
2750 425 2915 480 etiam
2964 443 3092 482 suas
3121 431 3372 486 ecclesiis
3405 444 3461 488 et

1850 509 2186 580 pauperibus
2217 511 2365 583 larga
2412 528 2578 568 manu
2623 513 2922 570 distribuit.
2979 517 3059 571 Ad
3104 528 3460 592 augmentum

1847 596 2108 653 virtutum
2139 601 2304 655 etiam
2330 618 2574 670 suarum,
2617 619 2715 674 per
2772 605 3170 676 aliquantulum
3201 613 3463 682 temporis

1849 697 1976 744 ante
2005 699 2238 748 mortem
2269 710 2423 750 suam
2457 695 2666 752 lumine
2686 698 2956 768 corporali
2989 701 3235 771 privatus
3263 703 3458 760 fuerat.

1851 779 2046 835 Mense
2073 783 2312 856 Augusto
2346 801 2437 840 rex
2505 787 2756 843 transivit
2785 789 2839 842 in
2887 791 3154 863 Angliam,
3185 801 3240 850 et
3269 813 3464 870 aggre-

1849 869 1990 944 gatis
2018 880 2123 925 tam
2171 873 2434 930 militibus
2479 893 2638 947 quam
2671 880 3002 950 sumptibus,
3037 899 3160 953 quae
3215 885 3281 938 ad
3316 869 3464 942 itan-

1853 967 1958 1012 tam
1985 960 2390 1030 expeditionem
2423 973 2579 1019 erant
2604 969 2913 1024 necessaria
2931 969 3119 1043 vigilia
3140 973 3284 1028 beati
3319 975 3462 1031 Luce

1856 1051 2194 1122 evangeliste
2228 1055 2475 1110 transivit
2528 1057 2583 1110 in
2628 1059 2941 1115 Hiberniam
2976 1064 3106 1132 (Oct.
3151 1065 3261 1136 17).
3293 1066 3460 1131 Quam

1856 1147 2038 1229 autem
2069 1159 2332 1216 prospere
2354 1147 2744 1218 transfretavit,
2769 1153 3059 1223 applicuit,
3093 1165 3347 1229 receptus
3369 1159 3461 1227 sit,

1855 1227 2048 1285 littera:
2075 1248 2212 1303 quas
2231 1234 2300 1288 ad
2347 1251 2530 1308 regem
2574 1238 2863 1296 Henricum
2899 1242 3072 1298 filium
3103 1227 3261 1302 suum
3295 1249 3462 1312 misit.

1852 1321 2120 1380 indicant.

1928 1414 2085 1470 1172.
2114 1418 2424 1476 Ρνειίθνίοω
2449 1423 2540 1478 21.
2570 1425 2869 1482 Ludovicus
3021 1430 3277 1488 Henricus
3307 1435 3392 1490 10.

1928 1505 2192 1564 Henricus
2221 1526 2314 1565 rex
2343 1512 2532 1584 junior
2574 1517 2643 1570 ad
2687 1517 2868 1572 natale
2929 1518 3031 1574 fuit
3078 1520 3143 1575 ad
3187 1523 3293 1578 Bur
3316 1525 3468 1594 juxta

1857 1599 2152 1672 Bajocum;
2186 1615 2247 1662 et
2294 1608 2424 1678 quia
2461 1615 2593 1664 tunc
2645 1611 2884 1682 primum
2926 1615 3148 1670 tenebat
3177 1617 3384 1672 curiam
3413 1619 3470 1673 in

1783 1665 1833 1732 Β
1853 1665 2169 1760 No'rmania',
2201 1665 2374 1749 voluit
2403 1702 2462 1750 ut
2513 1665 2805 1770 magnifice
2863 1699 3126 1758 festivitas
3156 1706 3467 1762 celebrare-

1856 1789 1966 1838 tur.
1991 1783 2916 1860 Interfueruntepiscolii,abbates,
2948 1795 3201 1860 comites,
3230 1796 3470 1854 barones

1853 1877 1908 1926 et
1938 1873 2108 1930 multa
2134 1877 2324 1932 multis
2373 1877 2608 1954 largitus
2637 1889 2738 1936 est.
2773 1884 2834 1938 Et
2863 1893 2922 1938 ut
2975 1895 3238 1958 appareat
3283 1891 3469 1946 multi-

1847 1965 1984 2033 tudo
2011 1981 2202 2022 eorum
2237 1969 2330 2040 qui
2389 1967 2806 2028 interfuerunt:
2862 1991 2986 2030 cum
3041 1978 3354 2037 Willermus
3399 1983 3470 2038 de

1849 2054 2047 2113 Sancto
2072 2057 2324 2115 Iohanne
2381 2061 2714 2120 Normannie
2754 2075 3092 2136 procurator,
3158 2079 3213 2127 et
3252 2072 3472 2130 Willer-

1853 2163 1975 2202 mus
1998 2147 2142 2204 filius
2163 2150 2424 2208 Hamonis
2453 2155 2791 2210 senescallus
2826 2158 3144 2226 Brittannis,
3178 2163 3274 2234 qui
3303 2181 3474 2221 vene—

1857 2245 1938 2292 rat
1963 2254 2088 2294 cum
2115 2240 2376 2297 Gaufrido
2423 2243 2560 2298 duce
2619 2245 2920 2302 Brittannie
2973 2248 3197 2305 domino
3249 2267 3349 2308 suo
3381 2255 3468 2322 ⁸⁸⁸,

1857 2331 2214 2387 comederent
2269 2333 2324 2388 in
2377 2335 2614 2406 quadam
2673 2350 2908 2404 camera,
2941 2340 3368 2411 prohibuerunt,
3403 2360 3472 2399 ne

1859 2421 1984 2492 quis
2014 2421 2172 2477 miles
2209 2423 2528 2480 comederet
2583 2427 2639 2480 in
2698 2428 2892 2484 eadem
2949 2445 3185 2497 camera,
3234 2433 3327 2504 qui
3361 2445 3471 2488 non

1861 2519 2148 2566 vocaretur
2177 2513 2493 2568 Willermus
2516 2531 2532 2581 ;
2557 2523 2610 2570 et
2630 2516 2824 2586 ejectis
2879 2519 3002 2574 aliis
3032 2521 3100 2576 de
3131 2538 3348 2578 camera
3375 2539 3472 2579 re-

1861 2607 2187 2656 manserunt
2211 2602 2314 2656 117
2346 2603 2570 2668 milites,
2612 2606 2706 2677 qui
2733 2622 2930 2662 omnes
2961 2611 3302 2667 vocabantur
3331 2613 3473 2667 Wil-

1862 2691 2042 2758 lermi,
2067 2695 2312 2765 exceptis
2349 2696 2603 2766 plurimis
2641 2699 2765 2754 aliis
2795 2701 3046 2768 ejusdem
3083 2703 3344 2768 nominis,
3378 2707 3472 2776 qui

1861 2787 2222 2841 comederunt
2253 2788 2308 2841 in
2339 2788 2464 2851 aula
2500 2805 2621 2844 cum
2680 2807 2810 2864 rege
2857 2794 2974 2848 666*.
3034 2794 3300 2850 Henricus
3363 2797 3474 2852 dux

1860 2874 2132 2930 Saxonum
2167 2885 2220 2931 et
2250 2879 2595 2950 Bajacorum,
2652 2899 2825 2957 gener
2855 2883 3070 2939 Henrici
3100 2887 3246 2958 regis
3275 2887 3478 2960 Anglo-

1859 2985 2002 3036 rum,
2036 2973 2276 3042 perrexit
2302 2974 2609 3031 Jerusalem
2641 2994 2762 3032 cum
2794 2994 2995 3051 magno
3035 2981 3296 3036 comitatu
3329 2981 3474 3035 mili-

1863 3066 1998 3125 tum,
2030 3070 2087 3116 et
2117 3079 2314 3137 magna
2344 3065 2816 3136 ibiincepisset,et
2844 3067 3086 3124 forsitam
3107 3070 3326 3142 incepta
3350 3089 3478 3142 per-

1864 3150 2107 3218 fecisset,
2142 3153 2246 3208 nisi
2276 3170 2368 3208 rex
2421 3162 2476 3209 et
2515 3157 2788 3226 templarii
2829 3159 3198 3214 obstitissent.
3235 3160 3480 3216 Thesau-

1867 3254 1958 3295 ros
1991 3251 2194 3308 tamen,
2223 3257 2366 3313 quos
2396 3259 2582 3298 secum
2615 3253 2946 3314 portaverat,
2973 3245 3124 3320 larga
3164 3263 3334 3303 manu
3363 3249 3478 3302 dis-

1871 3335 2063 3390 tribuit
2095 3335 2433 3406 pauperibus
2487 3344 2542 3392 et
2582 3337 2832 3393 ecclesiis
2879 3339 3078 3394 Sancte
3134 3339 3320 3394 Terre.
3356 3341 3484 3396 Post

1873 3429 2079 3500 pascha
2110 3445 2200 3482 rex
2231 3430 2482 3495 audiens,
2505 3430 2645 3486 duos
2666 3431 2896 3503 legatos,
2931 3431 3210 3486 Albertum
3240 3431 3486 3488 et'I‘hco-

1877 3515 2089 3581 diuum,
2122 3532 2186 3569 ex
2223 3524 2378 3586 parte
2408 3517 2578 3572 donni
2611 3534 2752 3590 pape
2776 3520 3066 3574 Alexandri
3096 3519 3163 3573 ad
3198 3535 3257 3574 se
3291 3519 3486 3576 missos

1877 3625 1978 3682 pro
2008 3625 2171 3665 causa
2199 3610 2289 3680 pie
2321 3611 2587 3666 memorie
2641 3611 2848 3668 Thome
2906 3612 3185 3684 quondam
3245 3611 3483 3668 Cantua-

1879 3699 2076 3754 riensis
2095 3698 2517 3770 archiepiscOpi,
2568 3715 2691 3754 cum
2719 3707 2864 3756 esset
2913 3701 2969 3756 in
3023 3701 3287 3757 Hibernia
3315 3703 3468 3758 citis-

1879 3791 2016 3846 sime
2055 3789 2204 3844 venit
2230 3790 2300 3845 de
2340 3790 2602 3846 Hibernia
2657 3791 2713 3846 in
2757 3792 3028 3868 Angliam,
3079 3794 3149 3850 de
3181 3795 3374 3870 Anglia
3431 3795 3489 3849 in
3549 3851 3555 3859 ,

1880 3879 2406 3946 Normanniam';et
2469 3881 2753 3952 promissis
2805 3883 2872 3937 ad
2926 3898 3023 3938 eos
3079 3885 3498 3940 honorabilibus

1881 3973 2153 4044 personis,
2221 3973 2436 4028 locutus
2492 3981 2576 4028 est
2632 3991 2755 4030 cum
2809 3978 2910 4044 eis,
2962 3976 3142 4048 primo
3191 3978 3498 4051 Savigneii,

1879 4071 2074 4136 postea
2111 4064 2386 4131 Abrincis,
2420 4066 2592 4122 tercio
2633 4065 2860 4135 Cadoni,
2892 4069 2983 4124 ubi
3025 4084 3188 4124 causa
3223 4069 3316 4124 illa
3346 4069 3503 4126 ﬁnita

1881 4164 1986 4221 est,
2011 4155 2152 4212 sicut
2179 4156 2374 4212 litterae
2397 4199 2410 4226 ,
2443 4159 2698 4230 publicae,
2731 4167 3020 4226 testantur,
3043 4178 3167 4234 quae
3197 4161 3324 4217 inde
3350 4161 3504 4219 factae

1881 4253 2028 4314 sunt,
2059 4253 2114 4302 et
2143 4264 2175 4302 a
2221 4249 2411 4304 multis
2459 4251 2713 4322 personis
2778 4267 2899 4322 quae
2941 4251 3072 4308 illuc
3101 4263 3501 4320 convenerant,

1885 4339 2196 4394 retinentur
2257 4340 2426 4412 (665).
2484 4343 2594 4398 Rex
2643 4343 2909 4398 Henricus
2973 4343 3186 4399 locutus
3237 4350 3323 4398 est
3379 4360 3504 4398 cum

1886 4447 2016 4504 rege
2050 4431 2402 4500 Francorum,
2435 4441 2490 4488 et
2517 4435 2666 4488 misit
2695 4451 2856 4488 suum
2904 4450 3090 4507 regem
3116 4433 3398 4503 juniorem
3453 4435 3507 4490 in

1887 4525 2154 4598 Angliam,
2185 4535 2244 4582 ut
2285 4527 2571 4602 Margarita
2606 4527 2719 4581 filia
2773 4528 2920 4598 regis
2960 4527 3186 4583 Francie
3217 4543 3354 4584 uxor
3387 4530 3511 4601 ejus

1885 4624 2302 4672 consecraretur
2350 4619 2408 4673 in
2467 4619 2732 4693 reginam.
2827 4619 2974 4674 Hanc
3049 4619 3387 4676 inunxerunt
3442 4637 3506 4678 ex

1889 4709 2122 4764 consilio
2151 4709 2295 4784 regis
2334 4711 2558 4766 Francie
2608 4711 2882 4767 Rotrodus
2919 4713 3382 4787 archiepiscopus
3400 4715 3512 4772 Ριοο

171 4791 430 4848 redderet
455 4793 506 4848 ei
536 4801 738 4850 terram
769 4811 922 4851 suam
983 4797 1040 4850 in
1092 4796 1288 4872 Anglia
1317 4805 1372 4854 et
1431 4797 1486 4852 in
1516 4799 1788 4853 Norman-
1889 4797 2266 4870 thomagensis
2323 4807 2377 4852 et
2431 4797 2656 4874 Egidius
2712 4800 3010 4873 episcOpus
3049 4803 3427 4875 Ebroicensis,
3459 4813 3516 4863 et

173 4881 286 4948 nia,
319 4888 374 4936 et
397 4881 612 4952 planam
640 4891 836 4939 terram
887 4885 942 4939 in
979 4885 1264 4952 Hibernia,
1306 4902 1471 4958 quam
1499 4893 1791 4958 acceperat
1891 4892 2295 4941 coronaverunt
2321 4902 2505 4962 regem
2563 4895 2617 4942 et
2681 4905 2904 4945 uxorem
2947 4893 3090 4960 ejus.
3137 4893 3290 4950 Circa
3316 4894 3515 4952 festum

172 4990 295 5029 cum
322 4990 496 5030 uxore
524 4992 623 5030 sua
654 4993 669 5042 ;
697 4983 751 5032 et
801 4978 1078 5033 concessit
1133 4978 1206 5044 ei,
1241 4985 1299 5034 ut
1357 4987 1503 5034 esset
1530 4986 1804 5035 comesta—
1905 4977 2077 5032 sancti
2108 4976 2390 5032 Michaelis
2420 4981 2774 5056 congregavit
2813 4998 2904 5038 rex
2936 4985 3232 5057 episcopos
3251 4986 3520 5042 Norman-

171 5065 288 5118 buli
318 5064 404 5120 vel
463 5067 812 5122 senescallus
867 5067 1044 5124 tocius
1101 5068 1400 5124 Hiberniae.
1459 5068 1805 5125 Venerabilis
1906 5067 1998 5122 nie
2036 5075 2092 5122 et
2122 5069 2425 5134 Britannic,
2455 5079 2510 5126 et
2542 5071 2692 5128 venit
2737 5074 2876 5146 'ipse
2932 5082 2987 5131 et
3031 5076 3197 5150 legati
3246 5076 3518 5146 Abrincis,

173 5152 442 5208 Henricus
480 5155 778 5226 episcopus
840 5156 1244 5213 Wintoniensis
1289 5164 1347 5213 et
1375 5157 1548 5214 abbas
1581 5158 1802 5213 Glasto-
1907 5158 2186 5214 tractaturi
2221 5159 2289 5216 de
2317 5162 2725 5219 ecclesiasticis
2758 5166 3006 5239 negociis
3037 5185 3054 5232 ;
3087 5167 3185 5222 sed
3215 5166 3520 5224 obsistente

172 5242 365 5298 nensis
390 5243 635 5300 decessit
673 5245 727 5300 in
759 5245 892 5303 fata.
923 5247 1033 5303 Iste
1063 5249 1235 5304 multa
1275 5249 1420 5304 bona
1464 5247 1595 5305 fecit
1624 5249 1806 5304 ecele-
1906 5249 2052 5322 regis
2073 5248 2388 5306 inﬁrmitate
2428 5267 2621 5323 parum
2662 5254 3036 5325 profecerunt.
3071 5255 3241 5326 Cujus
3271 5269 3523 5314 conven-

1525 5343 1758 5400 VARUE
1789 5345 2172 5404 LECTIONES.

243 5432 314 5467 ⁸⁸⁸
343 5436 448 5489 tres
485 5447 632 5490 uoce:
653 5439 776 5505 post
806 5435 944 5493 hunc
963 5453 1148 5495 erasa.
1181 5439 1249 5474 ⁸⁸⁷
1280 5440 1366 5496 hic
1385 5455 1578 5496 manus
1613 5443 1882 5499 mutatur.

241 5612 390 5682 (665)
424 5611 654 5670 Exhibet
674 5629 768 5670 eas
791 5615 995 5688 Boucq.
1034 5617 1177 5684 XIII,
1215 5616 1336 5674 135.
1738 5548 1949 5606 ΜΠΛὶ
