3916 6064
370 204 477 260 515

519 343 868 386 ROMANORlTM.
1020 337 1355 378 FRANCORUM.
1527 335 1842 374 ANGLORUM.

375 430 463 475 tus
493 433 656 473 causa
685 419 955 470 venerunt
985 429 1158 484 usque
1187 412 1257 465 ad
1306 411 1543 464 Montem
1575 410 1644 462 ad
1668 424 1768 462 nos
1802 409 1985 462 hono-

376 512 578 568 rabiles
607 526 842 582 persone
866 509 1034 563 multo.
1067 508 1210 561 inter
1259 521 1396 576 quas
1448 504 1670 558 fuerunt
1694 502 1993 574 religiosis-

374 602 497 656 simi
529 600 653 666 viri,
679 599 936 653 dominus
967 597 1279 666 Stephanus
1321 592 1701 648 Cluniacensis
1731 601 1784 646 et
1811 590 1994 645 domi-

375 709 479 748 nus
509 691 836 747 Benedictus
865 690 1118 744 Clusinus
1150 686 1412 740 abbates:
1447 694 1501 740 et
1532 693 1724 738 mutua
1754 682 1870 736 vice
1903 696 1992 736 so-

372 783 628 838 cietatem
658 798 812 835 suam
847 779 1002 833 nobis
1033 788 1086 832 et
1137 777 1245 831 sibi
1290 783 1531 831 nostram
1585 772 1987 844 impendimus,

377 874 520 932 sicut
548 873 724 926 littere
753 885 964 924 eorum.
991 885 1112 939 quae
1143 883 1174 921 a
1195 867 1356 921 nobis
1388 864 1684 926 habentur,
1717 869 1770 915 et
1793 869 1992 915 nostra}

381 979 504 1037 qua:
531 962 598 1015 ab
629 960 762 1031 ipsis
788 965 1076 1028 asportata:
1106 963 1255 1021 sunt,
1279 953 1656 1009 testificantur.
1697 950 1806 1004 Hoc
1828 949 1992 1037 etiam

380 1036 586 1108 fecerat
624 1049 787 1104 nobis
818 1048 921 1118 piae
950 1045 1230 1100 memoriae
1259 1043 1576 1096 Willermus
1604 1036 1996 1093 Vizeliacensis

382 1145 554 1199 abbas
585 1143 638 1197 in
670 1140 910 1212 capitulo
957 1135 1366 1199 Vezeliacensi;
1418 1142 1473 1188 et
1527 1149 1648 1187 cum
1691 1131 1778 1185 his
1815 1130 1993 1185 tribus

381 1237 654 1302 ecclesiis,
686 1236 899 1291 scilicet
930 1231 1292 1293 Cluniacensi,
1324 1228 1594 1294 Clusensi,
1616 1225 1994 1293 Vizeliacensi,

381 1331 649 1386 habemus
668 1327 962 1400 specialem
1019 1324 1362 1388 societatem,
1391 1329 1444 1375 et
1492 1320 1718 1374 multum
1752 1317 1913 1373 nobis
1943 1325 1998 1371 et

382 1419 490 1473 illis
518 1418 848 1489 placentem.
893 1414 1043 1468 Circa
1074 1413 1272 1466 festum
1293 1411 1465 1464 sancti
1497 1409 1711 1463 Martini
1735 1408 1885 1461 venit
1905 1407 1994 1476 ju-

385 1511 509 1566 nior
529 1525 623 1564 rex
661 1524 786 1562 cum
833 1521 1004 1560 uxore
1044 1520 1142 1559 sua
1192 1504 1260 1558 de
1306 1502 1518 1576 Anglia,
1561 1508 1614 1555 et
1666 1500 1834 1556 locuti
1867 1507 1996 1553 sunt

388 1619 513 1658 cum
549 1617 675 1675 rege
708 1601 1059 1664 Francorum,
1121 1597 1236 1668 ipse
1289 1597 1435 1667 apud
1485 1596 1691 1662 (iisorz,
1725 1595 1843 1664 ipsa
1874 1607 2002 1648 vero

389 1691 536 1762 apud
577 1690 798 1744 Calvum
831 1689 1066 1744 Montem
1105 1705 1118 1753 ;
1149 1703 1290 1759 quos
1349 1703 1443 1740 rex
1471 1686 1737 1740 letissime
1768 1683 2008 1754 suscepit

389 1785 532 1838 sicut
564 1781 711 1836 ﬁlios
750 1797 902 1835 suos.

465 1871 622 1925 1173.
648 1871 964 1925 Ρνείίινίουε
989 1867 1081 1922 2:2.
1111 1868 1412 1922 Ludovicus
1440 1867 1509 1921 36
1549 1868 1816 1921 Henricus
1854 1863 1936 1920 19.

465 1965 576 2018 Rex
641 1962 904 2016 Henricus
950 1976 1072 2015 cum
1114 1959 1305 2033 regina
1348 1959 1570 2014 Alienor
1621 1957 1734 2033 egit
1774 1956 2011 2012 natalem

396 2059 613 2115 Domini
667 2058 811 2128 apud
866 2055 1101 2110 Chinum
1166 2054 1443 2129 regaliter.
1501 2053 1696 2107 Junior
1735 2067 1865 2106 vero
1923 2066 2016 2103 rex

395 2167 518 2206 cum
573 2165 744 2204 uxore
804 2165 903 2202 sua
991 2147 1274 2221 Margarita
1343 2145 1578 2200 eandem
1662 2142 2018 2198 festivitatem

395 2239 541 2310 apud
568 2239 772 2293 Bonam
817 2236 1007 2290 Villam
1065 2236 1366 2290 celebravit
1448 2235 1652 2288 Exinde
1684 2239 1909 2287 secutus
1942 2247 2026 2299 est

394 2336 604 2398 patrem
637 2343 796 2380 suum
833 2325 888 2378 in
920 2324 1377 2398 Andegavensem
1414 2340 1636 2397 pagum,
1679 2326 2018 2376 moraturum

394 2419 452 2472 in
493 2419 602 2472 illis
633 2417 884 2487 partibus
913 2432 1089 2486 usque
1120 2417 1187 2470 ad
1224 2414 1664 2486 purificationem
1715 2413 1878 2467 beate
1910 2410 2022 2465 Ma-

396 2508 498 2573 rie,
533 2507 755 2577 quando
794 2521 888 2558 rex
915 2504 1155 2558 debebat
1217 2504 1366 2575 loqui
1396 2520 1517 2558 cum
1549 2520 1677 2576 rege
1722 2501 2020 2576 Arragonie

397 2602 595 2649 etcum
622 2593 822 2648 comite
855 2593 924 2646 de
975 2593 1262 2646 Morienna
1293 2601 1347 2646 et
1401 2609 1524 2646 cum
1569 2591 1769 2646 comite
1802 2591 1870 2645 de
1893 2591 2028 2642 San-

400 2694 488 2742 cto
522 2685 736 2756 Egidio,
770 2699 868 2754 pro
902 2700 1066 2737 causa
1101 2684 1311 2738 Tolosae
1340 2684 1430 2747 3‘”,
1493 2683 1821 2736 Cuillermus
1851 2679 2026 2733 abbas

403 2777 773 2848 Radingeusts
826 2776 996 2829 factus
1029 2785 1112 2830 est
1141 2775 1596 2845 archiepiscopus
1641 2775 2018 2846 Burdegaren-

401 2866 499 2922 sis.
535 2865 727 2920 Comes
759 2865 824 2918 de
854 2864 1053 2918 Sancto
1101 2863 1292 2936 Egidio
1335 2865 1480 2932 (($66)
1529 2861 1849 2933 paciﬁcatur
1890 2877 2014 2915 cum

404 2970 534 3029 rege
568 2954 756 3026 Auglie
802 2953 870 3007 de
902 2952 1118 3018 Tolosa,
1179 2951 1324 3006 facto
1385 2953 1488 3006 sibi
1553 2951 1810 3024 humagio
1841 2959 1895 3005 et
1925 2949 2016 3004 Bi-

404 3047 702 3104 cardofilio
758 3063 856 3102 suo
912 3047 1038 3100 duci
1097 3047 1512 3117 Aquitanorum.
1564 3046 1821 3100 Promisit
1873 3045 1922 3098 ei
1956 3059 2015 3098 se

405 3141 656 3195 daturum
707 3154 881 3210 equos
930 3139 1114 3214 magni
1171 3139 1363 3209 precii,
1398 3137 1696 3209 quotannis
1748 3138 1817 3190 40
1845 3154 1859 3202 ;
1890 3147 1944 3190 et
1971 3136 2015 3190 si

406 3243 632 3284 necesse
661 3227 913 3281 habuerit
989 3227 1236 3281 inveniet
1288 3227 1337 3281 ei
1390 3242 1726 3298 unoquoque
1767 3241 1913 3280 anno
1949 3225 2017 3279 ad

406 3320 690 3375 servitium
713 3335 870 3374 suum
906 3336 1006 3390 per
1034 3319 1102 3376 40
1129 3320 1249 3374 dies
1283 3319 1377 3375 10)
1419 3320 1644 3373 milites.
1679 3320 1740 3372 In
1780 3318 2020 3389 quadra-

407 3409 640 3485 gesima,
673 3408 800 3480 quia
833 3425 925 3463 rex
958 3408 1224 3463 Henricus
1279 3409 1468 3463 senior
1498 3415 1800 3462 removerat
1831 3424 1860 3460 a
1881 3423 2022 3462 con-

407 3501 529 3556 silio
557 3509 611 3555 et
638 3500 901 3555 famulatu
936 3499 1035 3553 filii
1080 3500 1163 3554 sui
1205 3500 1479 3555 Asculfum
1512 3500 1582 3554 de
1637 3501 1836 3554 Sancto
1867 3499 2027 3570 Hyla-

410 3593 490 3649 rio
523 3599 577 3648 et
603 3593 741 3646 alios
775 3592 1277 3664 equitesjuniores,
1324 3592 1447 3647 ideo
1473 3593 1563 3646 ille
1604 3592 1772 3647 iratus
1800 3591 2026 3646 recessit

410 3697 629 3760 apatre,
659 3688 890 3742 etvenit
945 3689 1470 3760 Argenthomagum.
1523 3695 1576 3742 et
1623 3686 1852 3742 recessit
1895 3685 2022 3740 inde

411 3784 598 3844 noctu,
644 3793 879 3846 pergens
909 3776 976 3828 ad
1021 3792 1207 3848 regem
1267 3776 1618 3840 Francorum,
1646 3774 2024 3829 nescientibus

414 3867 683 3923 ministris
710 3868 846 3932 suis,
875 3882 1016 3936 quos
1052 3873 1204 3936 pater
1234 3883 1364 3922 suos
1417 3867 1640 3921 servitio
1669 3882 1770 3922 suo
1796 3867 2026 3937 deputa-

415 3964 586 4016 verat.
629 3957 799 4021 Quem
825 3963 1048 4011 secutus
1080 3965 1165 4012 est
1223 3973 1408 4013 comes
1442 3959 1712 4014 Robertus
1771 3958 2027 4024 Bellenti,

417 4052 741 4123 relinquens
790 4051 1011 4106 castella
1061 4067 1160 4105 sua
1208 4052 1330 4106 sine
1379 4051 1701 4108 custodibus
1733 4069 1880 4124 ;que
1935 4068 2034 4107 rex

420 4142 685 4198 Henricus
737 4143 1042 4214 occupavit.
1084 4143 1278 4199 Comes
1335 4144 1498 4199 etiam
1552 4144 1757 4200 Cestrie
1808 4145 1959 4218 llugo
2007 4161 2037 4200 a

423 4233 624 4288 Sancto
641 4232 845 4287 Jacobo
873 4231 1186 4288 Galliciensi
1216 4233 1456 4299 rediens,
1502 4242 1724 4288 secutus
1767 4239 1984 4288 esteum
2021 4251 2034 4299 ;

1594 187 1936 244 srcsssnn
1976 161 2491 239 GEMBLACENSIS.

2015 323 2062 388 Α
2093 308 2687 382 elegeruntRogerium
2733 307 2987 362 abbatem
3044 307 3203 362 Becci
3233 308 3302 362 ad
3334 307 3763 378 archiepisco-

3623 180 3762 233 516

2093 406 2280 469 patum
2313 396 2777 452 Cantuariensem.
2826 397 2920 451 Ille
2950 412 3078 477 vero
3111 397 3448 466 pretendens
3480 396 3766 450 inﬁrmi-

2092 498 2256 545 tatem
2325 505 2503 554 suam,
2547 488 2724 543 noluit
2787 488 3150 559 adquiescere
3210 488 3469 542 electioni
3500 503 3760 542 eorum.

2093 581 2193 646 Qui
2227 581 2356 634 inde
2397 581 2698 635 redeuntes
2723 580 2778 634 in
2839 580 3112 650 Angliam,
3145 580 3462 634 convocatis
3487 580 3714 650 episco
3735 607 3757 616 ο

2093 672 2180 742 pis
2207 671 2406 725 etaliis
2436 669 2708 742 religiosis
2769 669 3046 740 personis,
3107 669 3395 743 elegerunt
3425 670 3480 723 in
3535 668 3764 724 archi-

2094 766 2418 836 episcOpum
2461 765 2757 818 Ricardum
2789 764 3024 834 priorem
3052 766 3119 818 de
3148 764 3348 819 Duvira
3378 764 3756 819 monachum

2093 874 2276 913 suum.
2348 857 2619 912 Ricardus
2669 857 2836 910 etiam
2903 856 3328 912 archidiaconus
3385 856 3764 912 Pictavensis

2094 950 2301 1004 electus
2333 956 2416 1002 est
2447 949 2512 1002 ad
2561 949 2942 1018 episcopatum
2987 948 3427 1003 Wintoniensem
3463 965 3477 1013 ;
3508 947 3764 1002 Gaufri—

2094 1044 2196 1098 dus
2245 1042 2391 1097 filius
2448 1041 2595 1117 regis
2660 1042 2878 1096 Henrici
2943 1043 3227 1109 naturalis,
3294 1042 3762 1096 archidiaconus

2095 1133 2477 1200 Lincoliensis,
2539 1133 2604 1186 ad
2637 1134 3043 1188 Lincoliensem
3073 1151 3087 1197 ;
3112 1133 3410 1188 Gaufridus
3443 1133 3610 1187 Ridel
3648 1149 3757 1186 ar-

2093 1225 2458 1280 chidiaconus
2518 1225 2926 1280 Cantuariensis
2987 1225 3055 1280 ad
3112 1225 3759 1293 Eliensem’,Robertus

2095 1312 2271 1367 Foliot
2317 1314 2742 1368 archidiaconus
2801 1314 3168 1369 Lincoliensis
3224 1315 3291 1368 ad
3365 1313 3760 1368 Hereforden-

2093 1408 2211 1462 sem
2249 1426 2262 1472 ;
2299 1408 2606 1480 Ragnerius
2646 1409 2713 1444 ⁸⁸⁸
2760 1408 3106 1462 Lumbardus
3167 1408 3597 1463 archidiaconus
3636 1408 3760 1461 Sa-

2097 1500 2459 1566 lesberiensis
2506 1499 2571 1552 ad
2608 1499 2895 1554 Batensem
2933 1516 2946 1552 :
3001 1499 3326 1554 Goscelinus
3366 1498 3619 1554 decanus
3655 1496 3760 1550 Ci-

2103 1591 2331 1646 strensis
2363 1592 2430 1645 ad
2490 1590 2937 1645 Ciscestrensem.
2997 1591 3182 1645 Posita
3237 1597 3421 1645 autem
3475 1590 3591 1657 die,
3627 1604 3757 1660 qua

2107 1690 2526 1736 consecraretur
2582 1680 2792 1735 electus
2853 1680 3260 1734 Cantuariensis
3300 1687 3353 1733 et
3383 1686 3761 1734 consecraret

2112 1791 2255 1847 eque
2302 1775 2438 1830 alios
2465 1775 2695 1838 electos,
2731 1775 2786 1828 in
2832 1774 3079 1847 generali
3123 1781 3396 1830 conventu
3438 1775 3760 1845 episcopo-

2114 1881 2234 1918 rum
2268 1871 2321 1919 et
2343 1864 2575 1918 aliorum
2607 1863 2700 1934 qui
2747 1870 3141 1930 convenerant,
3186 1863 3337 1933 prior
3376 1863 3762 1917 Cantuarien-

2115 1960 2192 2014 sis
2220 1959 2449 2030 protulit
2473 1959 2681 2014 litteras
2726 1959 2938 2013 llenrici
2972 1959 3119 2032 regis
3158 1959 3414 2028 junioris,
3448 1959 3501 2012 in
3529 1958 3760 2029 quibus

2120 2049 2339 2103 dicebat
2369 2064 2466 2104 eos
2492 2064 2603 2103 non
2636 2064 2759 2102 esse
2812 2048 3112 2102 sacrandos
3142 2065 3155 2112 ;
3181 2047 3298 2102 etsi
3332 2047 3455 2118 quis
3481 2047 3760 2116 impone-

2121 2145 2204 2191 ret
2229 2137 2310 2190 eis
2339 2153 2554 2199 manus,
2607 2135 2877 2190 invitabat
2916 2152 3040 2190 eum
3068 2135 3136 2190 ad
3182 2136 3517 2190 audientiam
3547 2135 3756 2188 domui

2126 2244 2286 2298 pape.
2323 2228 2383 2281 Et
2415 2228 2486 2281 ita
2515 2227 2720 2281 infecto
2779 2226 3012 2301 negocio
3052 2235 3403 2281 recesserunt
3442 2226 3757 2297 unusquis~

2126 2332 2234 2386 que
2263 2315 2331 2369 ad
2364 2316 2604 2386 propria.
2628 2315 2782 2370 Prior
2828 2315 3227 2369 Wintoniensis
3255 2315 3430 2370 factus
3460 2323 3542 2368 est
3566 2315 3756 2368 abbas

2124 2406 2400 2460 Glastonie
2415 2444 2427 2456 .

2201 2496 2326 2550 Post
2365 2497 2563 2567 pascha
2620 2495 2932 2550 Bernardus
2983 2496 3051 2550 de
3111 2495 3344 2549 Feritate
3401 2494 3563 2550 vertit
3591 2511 3656 2549 se
3691 2504 3755 2549 et

2131 2582 2414 2638 castellum
2469 2600 2626 2636 suum
2669 2583 2782 2658 regi
2821 2583 3047 2654 juniori.
3084 2583 3348 2638 Similiter
3404 2583 3759 2636 Galerandus

2133 2679 2201 2731 de
2243 2678 2418 2734 lbera.
2446 2679 2768 2732 Goscelinus
2822 2678 3120 2748 Crispinus,
3168 2678 3496 2732 Gillebertus
3545 2678 3614 2731 de
3645 2678 3758 2731 Te-

2121 2771 2367 2841 gulariis,
2405 2771 2670 2825 Bobertus
2701 2771 2771 2825 de
2815 2770 3149 2836 Monteforti,
3198 2770 3460 2825 Radulfus
3487 2771 3555 2824 de
3588 2770 3753 2836 Faie,

2120 2863 2412 2917 Gaut'ridus
2439 2863 2505 2916 de
2553 2863 2847 2928 Lizenone,
2900 2863 3050 2935 Hugo
3101 2863 3169 2916 de
3218 2863 3416 2917 Sancta
3477 2863 3666 2917 Maura
3692 2871 3757 2917 et

2069 3007 2091 3027 η
2119 2955 2289 3025 ipsius
2329 2953 2496 3021 filius,
2544 2963 2597 3009 et
2625 2954 2939 3009 Willermus
2989 2955 3324 3009 eamerarius
3351 2956 3418 3010 de
3459 2956 3752 3010 Tanchar-

2116 3043 2244 3097 villa
2282 3041 2512 3097 veniens
2557 3043 2624 3096 de
2668 3044 2878 3116 Anglia.
2913 3043 3202 3114 Philippus
3228 3060 3414 3098 comes
3436 3044 3758 3099 Flandren-

2117 3137 2194 3191 sis
2233 3137 2380 3206 cepit
2409 3133 2644 3191 c'astrum
2677 3138 2746 3191 de
2793 3138 3084 3192 Aubimare
3139 3138 3308 3209 (667),
3342 3146 3398 3192 et
3430 3138 3484 3191 in
3546 3138 3755 3192 eodem

2119 3231 2374 3284 comitem
2440 3230 2780 3284 Willermum
2850 3229 3135 3285 dominum
3193 3230 3367 3300 ipsius
3435 3229 3618 3294 castri,
3694 3239 3757 3286 et

2119 3320 2376 3374 comitem
2397 3320 2676 3374 Simonem
2719 3321 2884 3390 (668).
2924 3320 3058 3374 Inde
3103 3335 3291 3374 comes
3321 3319 3583 3374 Aucensis
3603 3317 3758 3373 Hen-

2129 3416 2274 3470 ricus
2295 3416 2544 3471 subdidit
2597 3433 2658 3471 se
2705 3422 2758 3470 et
2785 3417 3012 3472 castella
3043 3433 3140 3471 sua
3170 3417 3282 3490 regi
3321 3417 3528 3485 juniori
3558 3423 3610 3470 et
3652 3433 3756 3472 co-
3815 3484 3826 3489 _

2127 3505 2244 3559 miti
2278 3505 2618 3560 Flandrensi.
2667 3505 2794 3559 Post
2842 3505 3040 3559 festum
3111 3505 3282 3560 sancti
3339 3505 3608 3560 Johannis
3654 3521 3751 3560 rex

2126 3596 2456 3651 Francorum
2511 3596 2843 3656 Ludovicus,
2904 3598 3231 3652 coadunatis
3284 3598 3585 3652 baronibus
3633 3599 3752 3653 suis

2125 3707 2190 3746 ex
2218 3692 2367 3746 omni
2410 3707 2578 3766 regno
2603 3708 2726 3757 suo,
2759 3692 2980 3747 obsedit
3025 3703 3264 3747 castrum
3314 3692 3608 3748 Vernolum
3634 3692 3753 3747 fere

2126 3799 2225 3852 per
2259 3799 2429 3837 unum
2477 3799 2746 3838 mensem.
2791 3785 2848 3837 In
2911 3799 3018 3854 quo
3045 3785 3311 3850 exercitu,
3357 3784 3639 3838 utdictum
3669 3794 3754 3838 est

2127 3891 2158 3929 a
2183 3875 2488 3942 nonnullis,
2521 3875 2747 3931 fuerunt
2785 3883 2994 3946 septem
3036 3877 3184 3930 milia
3225 3876 3484 3942 militum,
3514 3883 3743 3947 excepta

2132 3964 2342 4035 reliqua
2414 3964 2788 4020 multitudine.
2869 3965 3079 4028 Quibus
3154 3966 3472 4020 restiterunt
3521 3965 3758 4020 viriliter

2137 4053 2289 4128 Hugo
2322 4053 2392 4108 de
2424 4054 2544 4108 Laci
2577 4063 2632 4108 et
2675 4054 2822 4123 Hugo
2876 4055 2943 4108 de
2995 4054 3140 4108 Bello
3190 4054 3390 4124 Campo
3444 4054 3754 4109 constabuli

2139 4142 2313 4213 ipsius
2331 4143 2492 4197 castri
2525 4152 2578 4197 et
2602 4144 2804 4198 milites
2858 4143 2939 4198 eis
2983 4143 3187 4198 subditi
3213 4160 3334 4198 cum
3361 4143 3749 4218 burgensibus.

2138 4230 2334 4286 Junior
2361 4247 2456 4286 rex
2478 4231 2742 4286 Henricus
2769 4241 2821 4287 et
2860 4232 3146 4302 Philippus
3176 4248 3363 4286 comes
3408 4233 3754 4288 Flandrensis

421 4328 477 4378 et
515 4321 828 4376 Willermus
871 4321 1047 4376 Patrio
1104 4321 1311 4388 senior,
1358 4327 1412 4376 et
1446 4298 1566 4376 tres
1632 4321 1729 4376 filii
1787 4323 1926 4390 ejus,
1985 4298 2114 4376 etD
2143 4331 2197 4377 et
2232 4323 2480 4378 Matheus
2530 4324 2694 4378 frater
2749 4324 2866 4395 ejus
2907 4298 3093 4378 comes
3145 4324 3370 4379 Bolonie
3418 4325 3750 4379 obsederunt

421 4413 577 4469 multi
607 4413 698 4468 alii
726 4413 956 4468 minoris
998 4415 1239 4470 nominis
1275 4432 1288 4478 ;
1345 4429 1574 4486 quorum
1611 4415 1864 4470 omnium
1932 4414 2036 4469 do-

423 4519 542 4559 mos
561 4502 879 4578 etvirgulta
924 4511 978 4558 ct
1029 4504 1194 4558 silvas
1245 4519 1335 4557 rex
1389 4503 1602 4558 evertit.
1657 4503 1920 4557 Similiter
1946 4518 2035 4557 re-

422 4594 552 4668 gina
581 4594 801 4650 Alienor
824 4603 878 4649 et
930 4593 1030 4647 filii
1062 4593 1168 4661 sui,
1217 4593 1480 4648 Ricardus
1531 4608 1717 4648 comes
1747 4593 2036 4648 Pictaven-

423 4684 499 4738 sis
562 4693 616 4738 et
677 4684 971 4740 Gaufridus
1035 4700 1220 4740 comes
1288 4684 1592 4752 Britannic,
1649 4684 1870 4738 alienati
1911 4689 2036 4738 sunt

425 4774 494 4828 ab
525 4790 611 4830 eo.

497 4865 653 4920 Feria
681 4866 714 4919 4
743 4873 867 4921 ante
898 4881 1090 4920 cenam
1123 4865 1339 4922 Domini
1375 4866 1524 4936 prior
1555 4866 1963 4922 Cantuariensis
1981 4874 2036 4922 et

424 4953 532 5010 alie
560 4970 795 5026 persoue
851 4955 1079 5010 honeste
1126 4963 1396 5011 venerunt
1435 4957 1502 5010 ad
1551 4956 1804 5010 Sanctam
1836 4957 2036 5011 Barba-

426 5045 616 5102 ramin
646 5047 967 5118 episcopatu
1012 5047 1358 5114 Luxoviensi,
1410 5048 1479 5102 ad
1525 5064 1708 5123 regem
1745 5049 2034 5104 Henricum

425 5146 481 5192 et
507 5138 576 5193 ad
606 5137 820 5210 legatos
855 5139 1130 5194 Romanos
1155 5138 1434 5194 Albertum
1483 5148 1538 5194 et
1573 5140 1915 5196 Theodinum
1941 5159 1954 5206 ;
1984 5151 2039 5197 et

2139 4426 2339 4465 novum
2373 4420 2632 4476 castrum,
2698 4412 2844 4482 quod
2902 4413 3100 4466 dicitur
3129 4413 3438 4484 Dringcurt,
3488 4429 3609 4467 cum
3642 4430 3753 4468 ma-

2137 4523 2246 4578 gno
2277 4507 2542 4562 exercitu.
2597 4507 2688 4561 Cui
2735 4515 2912 4562 castro
2961 4516 3216 4577 preerant
3255 4509 3410 4563 Doun
3468 4508 3752 4563 Bardulfus

2138 4607 2192 4654 et
2219 4598 2454 4654 Thomas
2483 4600 2604 4667 ejus
2647 4599 2832 4655 frater.
2887 4600 2986 4665 Qui
3037 4617 3158 4655 cum
3218 4601 3509 4665 vidissent,
3553 4617 3609 4656 se
3641 4616 3750 4656 non

2138 4711 2301 4765 posse
2329 4695 2584 4750 resistere
2628 4695 2837 4751 crebris
2885 4696 3185 4752 assultibus
3220 4713 3410 4752 eorum
3463 4703 3518 4751 et
3565 4694 3751 4752 suffos-

2136 4782 2278 4838 sioni
2323 4799 2627 4849 murorum,
2678 4785 2919 4855 acceptis
2981 4784 3218 4840 induciis
3274 4792 3628 4856 perrexerunt
3683 4786 3752 4840 ad

2137 4887 2319 4943 regem
2355 4872 2548 4942 Anglic
2599 4873 2886 4927 dominum
2930 4889 3112 4937 suum,
3147 4873 3476 4928 nunciantes
3506 4873 3580 4939 ei,
3603 4874 3748 4944 quod

2139 4975 2248 5013 non
2295 4967 2550 5030 poterant
2598 4961 2855 5016 resistere
2884 4961 3097 5016 viribus
3157 4963 3524 5018 inimicorum.
3579 4963 3750 5027 Quare

2137 5052 2410 5107 concessit
2467 5053 2550 5107 eis
2613 5069 2728 5120 rex,
2788 5061 2846 5109 ut
2929 5064 3166 5110 castrum
3223 5056 3522 5110 redderent
3569 5056 3753 5112 comiti

2140 5143 2483 5212 Flandrensi,
2547 5144 2799 5200 Matheus
2851 5161 3039 5201 comes
3100 5147 3354 5216 Bolonie,
3408 5145 3578 5202 frater
3625 5146 3755 5201 Phi-

1775 5269 1993 5324 VARUE
2029 5270 2410 5326 LECTIONES.

498 5365 565 5401 ⁸⁸⁷
589 5365 788 5420 desinit
815 5365 925 5421 lucc
950 5381 1144 5421 manus
1179 5367 1355 5434 ;redz't
1371 5383 1491 5436 qum
1516 5384 1630 5424 eam
1642 5369 1901 5439 procedit.
1928 5371 1994 5403 ⁵⁸⁸
2025 5370 2157 5445 Bag.
2179 5371 2296 5426 cod.

1986 5469 2197 5526 NOTAE.

505 5560 645 5634 (666(
670 5563 1030 5622 Raimundus.
1067 5564 1257 5631 BOUQ.

1547 5565 1690 5636 (667)
1717 5569 2026 5626 Albemarle
2053 5568 2250 5634 BOUQ.

2675 5572 2824 5643 (668)
2855 5572 3264 5630 Ebroicensem.
3303 5572 3476 5637 BOUQ
