3916 6064
216 190 327 248 517

369 326 727 370 ROMANORUI.
876 324 1200 366 FRANCORUI
1211 351 1222 363 .
1373 323 1685 364 ANGDORUM:

218 401 362 477 lippi
394 401 616 458 comitis
649 399 1020 466 Flandrensis,
1053 416 1118 454 ex
1161 398 1390 454 vulnere
1430 398 1579 470 quod
1627 396 1843 468 accepit

220 497 282 551 in
337 494 631 551 obsidione
663 491 826 548 castri
886 491 1180 566 Dringourt
1227 498 1475 546 mortuus
1530 498 1630 546 est.
1690 488 1844 544 Unde

217 600 412 641 comes
443 582 798 638 Flandrensis
841 580 1008 635 frater
1033 581 1155 649 ejus
1195 579 1410 648 dolens,
1449 579 1686 635 accinxit
1731 579 1842 633 mi-

218 676 475 733 litaribus
501 675 670 729 armis
729 673 948 728 Petrum
1007 671 1229 727 fratrem
1271 688 1456 737 suum,
1493 671 1586 744 qui
1641 673 1850 726 electus

221 772 344 820 erat
397 765 467 818 ad
524 762 904 833 episcopatum
944 760 1419 814 Kamaracensem.
1478 760 1510 814 3
1571 759 1699 814 ldus
1747 760 1850 813 Au-

221 856 372 931 gusti
416 855 498 910 vir
553 853 1006 928 religiosissimus
1055 835 1276 907 donnus
1319 852 1632 922 Stephanus
1678 850 1849 906 abbas

227 947 610 1004 Cluniacensis
707 945 850 1000 viam
947 945 1208 1000 universe
1291 944 1470 999 carnis
1563 943 1847 1018 ingressus

225 1044 313 1092 est
342 1036 524 1108 (669);
583 1041 639 1089 et
705 1033 976 1088 successit
1002 1032 1052 1087 ei
1093 1033 1356 1088 ltadulfus
1395 1032 1544 1104 prior
1593 1032 1661 1087 de
1693 1031 1845 1086 Cari-

227 1132 342 1180 tate
401 1124 570 1196 (670),
629 1122 998 1178 consobrinus
1047 1121 1266 1178 comitis
1327 1121 1649 1176 Theobaldi.
1704 1119 1848 1176 Obiit

229 1217 395 1272 etiam
426 1215 699 1290 Rogerius
727 1230 915 1270 comes
941 1210 1008 1268 de
1059 1213 1238 1280 Clara;
1270 1213 1358 1268 cui
1387 1213 1651 1268 successit
1680 1213 1846 1268 Gille-

229 1307 423 1364 bertus
458 1308 608 1362 ﬁlius
636 1306 777 1376 ejus,
815 1305 911 1378 qui
941 1305 1096 1361 duxit
1128 1305 1295 1360 ﬁliam
1337 1305 1618 1361 Guillermi
1663 1305 1732 1341 ⁸⁵9
1761 1318 1850 1360 co.

229 1400 384 1456 mitis
412 1398 763 1455 Gloecestrie.

305 1493 422 1548 Rex
487 1488 778 1555 Henricus,
835 1497 1114 1546 contracto
1168 1505 1370 1564 magno
1436 1488 1679 1544 exercitu
1737 1498 1848 1543 tam

1077 181 1424 240 GHRONICA.
1466 209 1532 222 —-
1570 176 1954 238 AUCTARIUM
1994 175 2277 235 ROBERTI
2315 175 2400 232 DE
2440 175 2681 234 MONTE.

3450 183 3558 240 518

1865 312 1916 379 Α
1945 303 2154 370 Quibus
2173 303 2534 358 obviaverunt
2547 319 2732 359 comes
2745 305 2975 373 Cestrie,
3006 306 3270 362 Radulfus
3282 309 3351 364 de
3367 309 3560 385 Fulge-

1945 397 2060 463 riis,
2094 395 2381 451 Hasculfus
2409 396 2478 450 de
2526 395 2723 452 Sancto
2781 397 3019 469 Hylario,
3076 400 3393 456 Willermus
3448 402 3557 458 Pa-

1943 488 2069 554 tric,
2104 495 2160 543 et
2205 487 2444 542 universi
2489 487 2693 542 milites
2721 489 2790 543 de
2829 497 2974 545 terra
3023 489 3236 546 Badulfi
3265 493 3334 547 de
3367 493 3564 566 Fulge-

1948 577 2064 644 riis,
2120 593 2245 632 cum
2289 593 2486 650 magna
2524 577 2883 633 multitudine
2946 580 3213 651 peditum.
3257 581 3354 647 Qui
3401 584 3561 654 quasi

1951 669 2007 723 in
2048 676 2329 724 momento
2353 668 2610 740 dispersi,
2642 669 2845 724 milites
2871 687 2930 725 se
2954 671 3082 746 fuge
3115 673 3480 740 tradiderunt,
3509 680 3564 730 et

1950 761 2106 816 multi
2143 762 2212 816 de
2243 761 2408 832 plebe
2439 763 2606 817 occisi
2639 771 2784 818 sunt.
2842 763 3036 820 Comes
3081 781 3210 822 vero
3256 765 3483 836 Cestrie,
3511 775 3564 823 et

1949 852 2214 912 Radulfus
2266 853 2335 908 de
2366 853 2658 928 Fulgeriis,
2691 862 2746 908 et
2801 855 2870 910 60
2909 855 3110 912 milites
3141 874 3264 912 cum
3293 859 3395 920 eis.
3435 876 3562 914 cum

1949 962 2058 1002 non
2103 954 2329 1018 possent
2361 947 2626 1022 effugere,
2671 948 2800 1019 quia
2832 949 3042 1004 inimici
3063 967 3254 1006 eorum
3281 951 3569 1009 obstruxe-

1946 1046 2070 1094 rant
2095 1039 2234 1092 viam
2269 1038 2540 1113 fugiendi,
2587 1039 2928 1097 incluserunt
2956 1058 3014 1098 se
3057 1043 3114 1097 in
3143 1044 3301 1110 turri,
3336 1052 3568 1116 excepto

1949 1132 2202 1188 Hasculfo
2234 1132 2304 1187 de
2353 1132 2550 1188 Sancto
2584 1133 2800 1204 llylario
2853 1143 2908 1190 et
2956 1137 3240 1194 Willermo
3310 1138 3485 1194 Patric
3515 1145 3571 1194 et

1948 1219 2282 1291 quibusdam
2339 1221 2486 1306 aliis,
2519 1223 2613 1294 qui
2666 1225 2809 1295 capti
2861 1227 3011 1281 ducti
3041 1235 3168 1283 sunt
3219 1229 3286 1283 ad
3340 1229 3568 1286 Pontem

1950 1312 2196 1368 Ursonis.
2232 1313 2419 1384 Itaque
2451 1314 2676 1369 obsessa
2707 1324 2788 1370 est
2818 1317 2978 1372 turris
3009 1319 3125 1373 Doli
3169 1336 3199 1374 a
3260 1320 3568 1378 Brebenzo-

1950 1401 2115 1461 nibus
2153 1409 2207 1458 et
2243 1403 2513 1458 militibus
2546 1405 2689 1475 regis
2723 1412 2778 1460 et
2810 1407 2972 1476 plebe
3020 1408 3431 1466 Abrincantina.
3464 1411 3569 1467 Co-

1951 1511 2069 1549 mes
2094 1510 2226 1550 vero
2269 1495 2416 1550 Eudo
2443 1512 2566 1550 cum
2590 1497 2832 1552 venisset
2861 1499 2932 1554 de
2965 1499 3217 1568 Francia,
3251 1501 3428 1558 noluit
3460 1519 3574 1560 mo-

231 1585 484 1659 equitum
537 1600 700 1656 quam
760 1582 1032 1654 peditum,
1083 1583 1236 1638 venit
1285 1582 1588 1649 Britolium,
1657 1583 1850 1637 volens
1879 1611 1928 1679 B
1953 1584 2058 1638 rari
2087 1600 2210 1640 cum
2244 1584 2476 1641 Radulfo
2509 1587 2575 1641 de
2607 1586 2904 1658 Fulgeriis,
2938 1589 3033 1643 sed
3067 1589 3203 1644 abiit
3232 1589 3288 1644 in
3329 1591 3576 1659 Porroet,

233 1678 561 1736 hominibus
592 1677 708 1732 suis
763 1677 816 1731 in
848 1675 1112 1741 _Vernolio
1141 1694 1172 1732 a
1203 1693 1332 1750 rege
1365 1676 1692 1733 Francorum
1746 1676 1848 1730 Lu-

236 1769 438 1826 dovico
466 1766 714 1823 obsessis
744 1764 886 1820 ferre
913 1765 1201 1821 auxilium.
1236 1765 1390 1830 Quod
1413 1782 1534 1821 cum
1568 1781 1659 1820 rex
1688 1765 1855 1819 Fran-

234 1874 427 1915 corum
459 1857 721 1926 audisset,
761 1873 894 1912 usus
923 1856 1157 1913 consilio
1220 1857 1578 1929 sapientium,
1609 1873 1640 1911 a
1679 1865 1856 1912 castro

234 1953 492 2016 recessit,
551 1950 745 2007 relicta
793 1950 960 2006 multa
1014 1958 1170 2022 parte
1228 1951 1751 2022 impedimentorum
1805 1958 1861 2006 et

234 2041 578 2098 victualium.
639 2041 750 2097 Rex
814 2040 1098 2108 Henricus,
1188 2041 1503 2096 convocatis
1559 2039 1864 2096 baronibus

241 2117 542 2194 Britannic,
575 2133 761 2208 exegit
791 2132 858 2186 ab
907 2132 988 2187 eis
1019 2141 1423 2187 sacramentum
1473 2148 1571 2186 sue
1627 2130 1864 2186 fidelita-

241 2222 333 2279 tis.
368 2223 521 2288 Quod
543 2239 670 2279 cum
716 2220 808 2276 alii
841 2228 1124 2292 utcunque
1180 2221 1560 2287 observarent,
1595 2219 1863 2275 Radulfus

1955 1679 2010 1728 et
2041 1671 2278 1728 firmavit
2309 1674 2595 1729 castellum
2631 1674 2930 1742 Goscelini,
2989 1685 3046 1733 et
3096 1679 3248 1749 cepit
3293 1680 3576 1735 castellum

1957 1765 2227 1820 Ploasmel
2291 1764 2346 1820 in
2389 1769 2644 1838 sequenti
2675 1784 2844 1839 opere
2891 1778 3074 1842 potest
3110 1772 3286 1828 videri
3315 1775 3581 1844 probitas,

1962 1851 2234 1908 industria
2283 1861 2337 1909 et
2375 1855 2595 1928 agilitas
2628 1857 2775 1931 regis
2827 1859 3021 1933 Anglie
3069 1861 3309 1916 Henrici.
3364 1862 3585 1918 Audivit

1965 1945 2218 2000 nuntium
2249 1946 2316 2000 de
2361 1947 2687 2003 obsessione
2733 1951 2900 2004 turris
2951 1951 3094 2016 Doli,
3129 1969 3252 2008 cum
3301 1961 3447 2010 esset
3477 1954 3583 2010 Ro-

1965 2032 2232 2108 thomagi,
2267 2041 2430 2089 nocte
2459 2036 2795 2106 precedente
2819 2038 2964 2092 diem
2985 2039 3261 2096 Mercurii.
3297 2044 3423 2114 Ipso
3454 2058 3584 2098 vero

1966 2120 2055 2176 die
2096 2121 2367 2189 Mercurii,
2403 2139 2524 2178 cum
2553 2123 2666 2193 jam
2701 2125 2792 2180 lux
2832 2135 2999 2195 esset,
3050 2130 3278 2185 recessit
3315 2147 3346 2185 a
3376 2131 3586 2186 Bothe-

1967 2226 2149 2284 mago,
2181 2217 2234 2266 et
2264 2212 2416 2267 venit
2447 2213 2638 2268 Dolum
2666 2216 2923 2286 sequenti
2955 2216 3045 2272 die
3075 2217 3221 2272 circa
3249 2219 3498 2287 terciam,
3530 2226 3587 2274 et

238 2318 309 2373 de
343 2317 610 2392 Fulgeriis
639 2317 783 2386 (671)
836 2314 1136 2370 inﬁdeliter
1175 2331 1365 2388 agens,
1399 2322 1628 2370 vocatus
1669 2331 1701 2369 a
1729 2330 1859 2388 rege

1966 2299 2184 2354 obsedit
2213 2301 2426 2355 turrim.
2484 2301 2702 2357 Etcum
2767 2313 3115 2374 preparasset
3177 2306 3464 2362 machinas
3513 2307 3584 2362 ad

241 2389 468 2483 parere—
497 2409 710 2475 noluit;
761 2407 857 2463 sed
929 2407 1212 2462 castellum
1255 2407 1322 2461 de
1377 2406 1662 2482 Fulgeriis,
1711 2406 1860 2478 quod
1965 2396 2168 2442 ίυῐτθῐη
2204 2389 3290 2486 cflpiendam’_i"°'_“5i3ibiPl‘OViflen_le§
3322 2395 3588 2486 "addidi?-

240 2478 359 2572 ipse
397 2515 491 2554 rex
530 2497 687 2569 prius
727 2497 1116 2560 destruxerat;
1158 2495 1307 2566 cepit
1333 2478 1678 2550 reedilicare.
1706 2495 1860 2559 Quod
1962 2484 2090 2572 Γξλιιι
2121 2478 2312 2572 ιυῖτίῖη
2349 2484 2404 2532 εί
2427 2478 2585 2572 se‘ad
2606 2479 2961 2572 _V°1“"la'-em
2993 2481 3156 2555 regis.
3194 2482 3326 2538 Inde
3362 2498 3455 2538 rex
3487 2483 3590 2538 πηί-

240 2567 477 2648 audiens
517 2567 802 2647 [lasculfus
833 2587 900 2642 de
931 2588 1127 2643 Sancto
1174 2587 1386 2658 Hylario
1447 2597 1502 2642 et
1553 2587 1869 2642 Willermus
1969 2567 2292 2644 siteosdcm
2351 2585 2450 2639 per
2481 2568 2764 2624 ﬁrmitates
2802 2587 2954 2638 suas.
3011 2580 3072 2627 ut
3111 2571 3184 2626 ibi
3237 2573 3590 2630 custodiren-

242 2683 426 2740 Patric
471 2689 527 2738 et
577 2689 686 2737 tres
727 2679 823 2735 filii
853 2679 959 2747 sui,
1015 2679 1106 2734 leti
1146 2678 1326 2736 effecti
1391 2697 1490 2752 per
1542 2679 1870 2734 diverticula

1971 2663 2076 2712 tur.
2113 2659 2389 2723 Quosdam
2421 2675 2572 2725 vero,
2604 2662 2848 2733 acceptis
2878 2662 3187 2728 obsidibus,
3240 2680 3428 2720 secum
3461 2664 3592 2720 reti-

242 2779 516 2827 venerunt
559 2771 627 2826 ad
663 2787 808 2825 eum.
843 2770 1040 2825 Comes
1071 2769 1236 2824 etiam
1275 2751 1483 2824 Cestrie
1511 2767 1657 2842 (672)
1688 2777 1742 2823 et
1771 2783 1869 2824 co-

1972 2751 2089 2806 nuit
2121 2751 2224 2806 sub
2257 2751 2434 2807 libera
2471 2753 2744 2809 custodia.

249 2880 373 2920 mes
433 2863 584 2918 Eudo
616 2862 756 2932 (673)
789 2861 963 2916 secuti
999 2870 1126 2915 sunt
1178 2876 1295 2916 eos.
1356 2860 1484 2915 Cum
1543 2876 1633 2917 rex
1667 2861 1872 2932 Anglo-
2045 2845 2240 2901 Comes
2271 2846 2545 2902 Robertus
2568 2847 2638 2902 de
2670 2847 2980 2904 Leccestria
3003 2850 3193 2905 volens
3226 2848 3448 2906 turbare
3493 2867 3590 2906 re-

247 2968 370 3008 rum
399 2950 666 3006 Henricus
716 2949 958 3004 misisset
989 2947 1376 3004 Brebenzones
1428 2964 1556 3004 suos
1605 2949 1673 3003 ad
1705 2949 1873 3004 deva-
1899 2965 1948 3036 ρ
1973 2955 2156 3036 ξηυῐη-
2191 2937 2408 3013 Anglic,
2457 2937 2576 3008 ipse
2614 2948 2668 2994 θῑ
2697 2955 2834 2996 υκοτ
2881 2941 3000 3010 eius
3034 2949 3089 2997 ει
3147 2941 3298 3018 Hugo
3333 2943 3404 2998 de
3443 2943 3594 3000 Νονο

249 3043 505 3098 standam
534 3050 736 3097 terram
771 3041 984 3096 Radulfi
1016 3041 1084 3096 de
1115 3040 1410 3112 Fulgeriis,
1445 3049 1500 3096 et
1528 3042 1633 3098 hoc
1668 3059 1734 3097 ex
1765 3058 1879 3097 ma-

251 3148 364 3208 gna
407 3139 558 3202 parte
589 3130 865 3196 fecissent,
899 3146 1094 3202 magna
1143 3146 1270 3202 pars
1299 3145 1514 3195 eorum,
1544 3131 1640 3202 qui
1665 3133 1878 3186 victua-

251 3224 331 3280 lia
359 3224 428 3279 ad
461 3223 763 3280 exercitum
797 3222 1142 3288 deferebant,
1176 3240 1301 3279 cum
1333 3239 1444 3279 non
1476 3223 1880 3293 haberentjdu-

253 3329 376 3370 cem
410 3328 590 3384 neque
637 3318 1027 3384 protectorem,
1079 3313 1260 3368 occisa
1308 3323 1392 3370 est
1441 3313 1586 3368 inter
1618 3313 1877 3370 Sanctum

261 3404 532 3460 Iacobum
588 3410 642 3458 et
660 3403 973 3477 Fulgerium
1003 3419 1034 3458 a
1065 3403 1332 3460 militibus
1373 3403 1587 3460 Radulfi
1640 3405 1710 3460 de
1743 3404 1874 3460 Ful-

257 3495 450 3571 geriis.
484 3495 750 3551 Radulfus
792 3494 862 3549 de
895 3495 1158 3570 Fulgeriis
1187 3505 1424 3551 castrum
1477 3495 1650 3551 sancti
1687 3496 1874 3551 Jacobi

261 3587 490 3644 tradidit
541 3587 831 3654 incendio;
881 3587 1138 3644 similiter
1181 3595 1418 3644 castrum
1471 3587 1649 3644 Tilioli
1709 3589 1851 3656 (674)

263 3680 377 3734 Rex
409 3678 672 3734 Henricus
709 3678 944 3734 latenter
979 3679 1211 3736 veniens
1240 3678 1576 3751 Fulgerium,
1610 3688 1670 3734 ut
1709 3679 1883 3734 inter-

267 3767 485 3838 ciperet
515 3766 838 3832 Radulfum,
879 3766 1069 3824 audito
1109 3766 1232 3838 ejus
1277 3766 1514 3822 adventu
1570 3765 1696 3838 fuge
1723 3767 1884 3838 petiit

263 3858 590 3915 remedium.
640 3858 869 3913 Predam
900 3864 1083 3913 tamen
1116 3865 1344 3926 tantam,
1393 3868 1652 3930 quantam
1679 3858 1881 3932 aliquis

263 3949 323 4004 in
357 3954 544 4003 nostro
583 3947 672 4002 vix
729 3947 960 4012 viderat,
1001 3946 1148 4021 regis
1179 3947 1435 4003 homines
1479 3954 1764 4019 ceperunt.
1797 3947 1884 4002 Si-

267 4036 492 4109 quidem
527 4035 793 4091 Badulfus
833 4037 903 4092 de
960 4036 1228 4111 Fulgeriis
1277 4045 1604 4109 preceperat
1643 4036 1887 4094 homini-

269 4127 379 4183 bus
407 4127 477 4182 de
507 4127 656 4182 omni
691 4136 833 4182 terra
887 4143 1008 4194 sua,
1057 4126 1206 4198 quod
1247 4143 1421 4200 equos
1449 4136 1505 4184 et
1542 4136 1788 4184 armenta
1831 4134 1890 4182 et

272 4219 516 4290 pecudes
554 4225 609 4274 et
657 4234 878 4274 omnem
910 4217 1277 4273 substantiam
1307 4233 1462 4274 suam
1511 4219 1781 4274 ducerent
1833 4219 1888 4273 in

1983 3029 2218 3086 Castello
2277 3030 2646 3087 consobrinus
2684 3031 2840 3101 ejus,
2904 3049 3025 3088 cum
3085 3035 3272 3090 multis
3327 3035 3597 3092 militibus

1980 3122 2350 3178 transtretavit
2409 3123 2463 3176 in
2519 3123 2788 3199 Angliam.
2848 3125 2956 3180 Sed
2999 3125 3336 3198 interceptus
3373 3127 3495 3198 ipse
3543 3136 3598 3184 et

1980 3229 2116 3269 uxor
2145 3215 2266 3284 ejus
2295 3223 2350 3268 et
2404 3214 2558 3289 Hugo
2590 3216 2660 3270 de
2699 3215 2848 3272 Novo
2905 3215 3160 3285 Castello,
3193 3219 3339 3290 capti
3393 3227 3522 3275 sunt
3567 3236 3600 3275 a

1981 3307 2240 3364 ﬁdelibus
2283 3308 2429 3380 regis
2465 3309 2620 3378 juxta
2649 3310 2907 3364 Sanctum
2941 3311 3311 3378 Edmundum,
3338 3323 3392 3368 et
3417 3320 3600 3370 custo-

1980 3400 2070 3455 die
2099 3399 2314 3466 traditi;
2339 3395 2352 3408 ⁸
2376 3406 2430 3454 et
2462 3401 2616 3455 multi
2665 3401 3082 3458 Flandrensium
3126 3403 3200 3457 ibi
3253 3403 3422 3459 occisi
3450 3413 3598 3468 sunt,

1978 3501 2034 3544 et
2072 3489 2228 3544 multi
2263 3488 2358 3543 alii
2392 3490 2543 3560 rapti
2575 3497 2630 3544 et
2659 3491 2859 3557 occisi;
2910 3501 2965 3546 et
3003 3491 3231 3547 forsitan
3291 3491 3420 3550 ideo
3477 3495 3606 3566 quia

1982 3583 2227 3654 rapinam
2263 3591 2628 3638 exercuerant
2675 3583 2732 3638 in
2782 3591 2928 3639 terra
2977 3585 3153 3641 sancti
3197 3586 3466 3642 Edmundi
3518 3605 3608 3646 re-

1981 3675 2066 3748 gis
2083 3682 2138 3729 et
2167 3674 2439 3745 martyris,
2475 3674 2625 3746 quod
2657 3689 2769 3729 non
2799 3675 2955 3729 licuit
2983 3674 3149 3731 alicui
3200 3675 3448 3748 impune.
3498 3679 3609 3735 Ra-

1983 3767 2170 3822 dulfus
2206 3767 2276 3821 de
2309 3767 2580 3840 Fulgeriis
2608 3767 2762 3823 dedit
2791 3768 3016 3824 obsides
3044 3769 3161 3843 regi
3194 3770 3388 3843 Anglic
3415 3788 3515 3844 pro
3546 3789 3608 3829 se

1981 3858 2126 3914 ﬁlios
2151 3873 2304 3925 suos,
2338 3858 2566 3914 lvellum
2597 3865 2653 3914 et
2683 3859 3048 3926 Willermum,
3089 3862 3211 3932 Ipse
3244 3879 3377 3920 vero
3427 3865 3614 3922 nulla-

1984 3958 2146 4006 tenus
2174 3949 2474 4022 adquievit,
2510 3957 2569 4006 ut
2615 3965 2673 4005 se
2711 3957 2969 4022 potestati
3015 3968 3161 4026 regis
3211 3954 3478 4024 traderet,
3512 3957 3612 4013 sed

1986 4041 2250 4118 fugiendo
2282 4058 2382 4114 per
2412 4059 2639 4098 nemora
2665 4043 2962 4100 delitescit.
3007 4043 3303 4101 Gaufridus
3323 4047 3394 4104 de
3437 4050 3614 4106 Poen-

1989 4129 2087 4196 tio,
2116 4137 2172 4185 et
2207 4130 2392 4186 Bonus
2433 4129 2608 4185 abbas
2640 4130 2709 4186 de
2743 4131 2977 4204 Rugeio,
3030 4138 3086 4186 et
3123 4131 3216 4186 alii
3249 4134 3611 4193 exhereditati

1991 4215 2060 4272 de
2092 4217 2267 4273 Media
2297 4225 2351 4273 et
2377 4218 2446 4274 de
2496 4219 2876 4294 Andegavensi
2932 4235 3096 4294 pago,
3140 4227 3195 4276 et
3249 4222 3515 4281 Radultus
3543 4227 3615 4282 de

267 4327 426 4367 suam
477 4310 766 4375 forestam;
828 4309 927 4365 sed
974 4317 1271 4382 antequam
1327 4310 1595 4366 intrarent
1646 4310 1890 4366 nemoris
1911 4319 1966 4388 D
1993 4305 2124 4360 Haia
2163 4305 2492 4374 Normanus,
2518 4306 2588 4361 de
2619 4306 2945 4362 nemoribus
2968 4306 3231 4362 infestant
3268 4316 3465 4365 terram
3517 4329 3610 4369 re-

269 4399 522 4467 latibula,
555 4399 624 4454 ab
656 4397 896 4454 inimicis
944 4398 1250 4468 intercepta
1287 4405 1435 4462 sunt,
1481 4404 1536 4454 et
1561 4399 1748 4454 omnia
1791 4415 1891 4454 sua
1999 4395 2106 4470 gis,
2147 4404 2402 4452 carentes
2456 4395 2862 4451 munitionibus
2908 4395 3281 4451 castellorum.
3322 4398 3607 4470 Siquidem

273 4491 598 4548 amiserunt.
655 4490 922 4546 Radulfus
953 4489 1024 4545 de
1066 4488 1359 4562 Fulgeriis,
1419 4491 1668 4546 delinitis
1717 4501 1899 4547 custo’

2000 4483 2385 4540 Brebenzones
2450 4484 2598 4557 regis
2661 4484 3046 4538 destruxerant
3121 4491 3360 4540 castrum
3437 4487 3602 4554 Quir-

277 4578 440 4633 dibus
477 4579 668 4650 precio
706 4587 762 4634 et
793 4577 1077 4650 precibus,
1133 4578 1228 4650 qui
1283 4578 1562 4635 custodire
1614 4578 1896 4635 debebant
1995 4593 2059 4632 ce
2115 4575 2280 4648 (675),
2331 4577 2472 4632 sicut
2527 4583 2654 4632 ante
2712 4573 3206 4646 pessumdederant
3264 4577 3599 4654 Fulgerium,

279 4677 513 4725 castrum
542 4671 613 4726 de
642 4668 916 4726 Cumbure
943 4677 1000 4724 et
1036 4668 1311 4724 civitatem
1345 4669 1635 4725 Dolensem
1671 4670 1737 4725 ad
1753 4685 1893 4740 Opus

280 4761 428 4834 regis
456 4761 673 4836 Anglic,
721 4761 869 4833 cepit
922 4761 1044 4816 illas
1081 4760 1440 4816 munitiones.
1475 4761 1629 4825 Quod
1674 4777 1765 4816 rex
1801 4777 1895 4815 au-

279 4853 462 4920 diens,
488 4852 638 4908 misit
681 4853 1067 4911 Brebenzones
1097 4867 1228 4908 suos
1259 4858 1314 4908 et
1339 4852 1605 4925 quosdam
1645 4852 1715 4908 de
1754 4852 1896 4908 mili-

275 4941 428 5026 tibus
456 4941 573 4996 suis
600 4942 670 4996 ad
708 4956 900 4998 eorum
928 4940 1216 5006 auxilium,
1259 4941 1306 4996 si
1341 4956 1572 4998 necesse
1600 4940 1890 4997 haberent

1993 4671 2048 4722 et
2102 4671 2314 4720 ceteras
2363 4664 2702 4720 munitiones
2753 4661 2988 4718 Radulfi.
3057 4663 3330 4722 Robertus
3385 4669 3456 4726 de
3512 4671 3602 4728 Vi-

1992 4761 2131 4817 treio
2155 4757 2311 4823 obiit,
2354 4768 2409 4816 et
2436 4759 2703 4816 successit
2727 4758 2778 4814 ei
2808 4757 2955 4814 ﬁlius
2982 4775 3116 4816 suus
3146 4762 3411 4833 Andreas,
3443 4774 3606 4824 natus

1994 4867 2059 4906 ex
2105 4865 2296 4905 sorore
2342 4850 2592 4906 Bollandi
2631 4849 2700 4906 de
2747 4849 2964 4907 Dinam.
3017 4851 3166 4908 ldem
3209 4871 3339 4912 vero
3381 4857 3608 4914 Bollan-

1995 4941 2119 5008 dus,
2151 4941 2283 5012 quia
2311 4940 2533 4998 carebat
2579 4941 2688 4998 alio
2739 4941 2942 4997 herede
2970 4941 3100 5000 fecit
3137 4944 3398 5003 heredem
3436 4948 3604 5004 alium

1623 5043 1842 5102 VABM‘J
1896 5044 2270 5102 LECTIONES.

1836 5186 2046 5244 NOTIE.

352 5113 422 5149 ⁸⁸⁸
447 5113 508 5169 G.
543 5114 699 5172 habet
736 5115 797 5173 E.
827 5112 1138 5172 Willelmus
1166 5114 1202 5171 8
1235 5132 1249 5148 ·

355 5287 499 5358 (669)
531 5286 677 5370 _Cnm
729 5293 922 5373 nostro
977 5289 1106 5373 facit
1149 5289 1472 5373 Chronzhi
1499 5289 1761 5373 Stephani
1821 5291 1908 5346 Ni-

281 5360 755 5488 ἷιῗιξὲιθὲῗὲεῗιὲῗέῗι
762 5360 1002 5488 ἓὲἱίῗῗῗ
1043 5360 1910 5504 ﬁtﬁt?EZZa‘l‘i‘étﬂp’L‘ﬁi‘;

279 5501 617 5558 abdicasset.

352 5573 504 5647 (670)
533 5573 606 5630 La
643 5571 1214 5644 Charite-sur-Loire,
1246 5573 1303 5630 d.
1335 5572 1638 5632 Autissiod.

2090 5292 2230 5368 (δῖε)
2263 5293 2556 5368 conseras;

2109 5363 2235 5438 ψ)
2268 5363 2442 5438 μυεῷ.
2472 5363 2680 5438 aeuo.

2111 5381 2235 5438 0‘12)
2271 5381 2442 5489 uugp.
2491 5381 2680 5430 nuuu.

2111 5435 2242 5506 673)
2265 5437 2338 5489 De
2409 5436 2623 5492 orhoét.
2658 5436 2718 5490 Β.

2101 5507 2246 5576 rem
2273 5506 2428 5576 Tilly.
2457 5507 2517 5561 Β.

2086 5576 2232 5649 (675)
2258 5577 2330 5633 La
2359 5576 2630 5636 Guerche.
2665 5576 2726 5633 Β.
