3916 6064
339 225 446 279 519
1605 220 1948 278 SlGEBERTl
1988 221 2479 278 GEMBLACENSIS
3559 226 3689 284 5‘20

497 361 844 404 nonanona-1.
994 358 1340 400 rnancoauu.
1484 360 1791 401 anenonuu.
1971 346 2196 420 Aquiis
2249 354 2308 401 et
2335 346 2498 402 donis
2545 360 2645 402 eos
2694 345 2800 401 sibi
2845 346 3143 403 familiares
3185 346 3412 416 fecerat,
3446 348 3550 405 hoc
3577 366 3692 407 co-

342 444 598 509 nepotem
630 449 788 488 suum
824 432 1053 488 Alanum
1107 433 1178 487 de
1208 432 1359 488 omni
1398 438 1542 488 terra
1589 449 1708 499 sua,
1739 434 1794 489 in
1821 450 1950 505 pre-
2048 442 2205 514 gnito
2238 455 2339 511 per
2368 456 2486 507 eos,
2516 442 2742 496 castella
2770 458 2869 497 sua
2894 458 3002 514 que
3033 451 3189 497 erant
3216 442 3271 496 in
3303 441 3510 499 ﬁnibus
3536 444 3694 501 Nor-

342 529 518 586 sentia
546 526 709 601 regis.

410 620 566 677 H74.
606 616 920 673 Frederz'cus
949 619 1038 672 23.
1092 616 1388 673 Ludovicus
1416 617 1504 672 37.
1564 618 1827 673 Henricus
1853 618 1943 673 20.

406 712 520 767 Rex
559 709 823 767 Henricus
876 710 992 786 egit
1057 710 1240 766 natale
1278 709 1498 766 Domini
1546 709 1602 763 in
1658 709 1947 777 Bajocensi

338 822 482 882 pago
527 807 676 878 apud
722 807 947 861 Burum.
999 806 1328 861 Guillermus
1371 804 1665 876 episcOpus
1718 805 1788 859 de
1830 805 1945 859 Tri-

334 898 427 970 gel
467 896 615 965 (676)
662 896 1041 950 humane'vitc
1064 895 1227 950 ﬁnem
1262 896 1406 957 fecit,
1433 897 1518 949 cui
1559 896 1825 949 successit
1858 898 1947 951 lvo

336 986 503 1055 Brito,
534 984 980 1055 archipresbyter
1001 985 1358 1038 Turonensis.
1396 985 1595 1040 lnloco
1625 986 1789 1039 etiam
1824 985 1948 1039 Hai-

334 1076 517 1133 monis
546 1074 796 1147 episc0pi
828 1075 1129 1129 Leonensis
1157 1074 1365 1129 electus
1391 1083 1473 1130 est
1502 1076 1725 1146 quidam
1757 1076 1943 1129 archi-

336 1169 605 1224 diaconus
620 1166 867 1235 ejusdem
897 1165 1150 1230 ecclesie,
1185 1180 1295 1219 non
1322 1165 1612 1231 canonice,
1644 1165 1739 1219 sed
1774 1165 1947 1220 simo-

335 1261 520 1325 niace;
550 1265 605 1314 et
643 1273 766 1313 cum
801 1255 1030 1311 haberet
1059 1255 1289 1329 gratiam
1337 1262 1443 1309 tam
1476 1255 1618 1313 .cleri
1651 1271 1813 1326 quam
1853 1270 1947 1325 po-

335 1350 474 1422 puli,
531 1364 644 1405 non
665 1346 995 1418 'promeruit
1041 1344 1539 1411 consecrationem,
1602 1343 1943 1415 impediente

330 1452 507 1502 morte
535 1443 675 1500 Jocii
708 1440 1111 1511 archiepiscOpi
1140 1440 1515 1506 Turonensis;
1557 1440 1614 1493 in
1644 1439 1802 1509 cujus
1823 1438 1944 1494 loco

332 1538 625 1612 elegerunt
652 1534 1003 1588 Turonenses
1040 1531 1223 1586 clerici
1257 1532 1529 1586 decanum
1553 1531 1725 1601 ipsius
1763 1529 1946 1584 eccle-

331 1631 415 1686 sic
447 1626 915 1691 Bartholomeum,
941 1626 1203 1696 juvenem
1224 1633 1506 1680 strenuum
1535 1634 1589 1680 et
1613 1622 1818 1700 genere
1841 1639 1942 1679 no-

333 1723 524 1778 bilem.
565 1718 895 1773 Guillermus
933 1716 1111 1772 Patric
1134 1717 1324 1786 junior
1353 1718 1583 1772 moritur
1613 1715 1870 1773 Parisius.
1892 1720 1947 1768 et

331 1813 663 1869 Guillermus
713 1808 888 1863 Patric
919 1816 1074 1878 pater
1130 1808 1271 1877 ejus,
1311 1810 1398 1863 cui
1430 1808 1698 1863 successit
1754 1807 1945 1881 Inger-

329 1917 540 1958 rannus
582 1898 760 1954 Patrio
791 1896 940 1952 ﬁlius
983 1896 1124 1964 ejus,
1153 1897 1247 1967 qui
1278 1896 1431 1951 duxit
1487 1894 1653 1951 ﬁliam
1690 1893 1943 1950 Richardi

328 1994 428 2049 ﬁlii
458 1991 674 2048 comitis
754 1989 898 2044 Obiit
927 1988 1098 2043 abbas
1148 1988 1329 2043 Sancti
1371 1988 1630 2045 Florentii
1671 1988 1842 2059 (677),
1883 1995 1939 2042 et

326 2084 591 2141 successit
620 2082 671 2137 ei
726 2078 989 2135 Radulfus
1034 2079 1380 2134 Normannus
1409 2079 1495 2131 ⁶⁷⁰.
1541 2078 1809 2133 Similiter
1850 2094 1939 2132 sa-

326 2176 533 2233 tisfecit
559 2176 668 2229 vite
698 2175 936 2227 humane
978 2172 1220 2227 Nutritus
1251 2171 1522 2238 reclusus,
1557 2172 1642 2225 vir
1673 2172 1940 2226 honestus

327 2272 384 2323 et
421 2281 619 2340 magne
658 2261 963 2335 religionis,
1004 2260 1071 2314 ad
1113 2260 1269 2329 cujus
1297 2261 1590 2326 tumulum,
1626 2267 1685 2315 ut
1714 2261 1939 2332 quidam

326 2356 540 2421 dicunt,
580 2352 674 2425 qui
706 2359 791 2406 est
834 2350 987 2420 juxta
1018 2348 1309 2403 ecclesiam
1340 2357 1529 2404 sancte
1569 2350 1733 2404 Marie
1764 2352 1940 2406 Arde-

323 2444 608 2509 vonensis,
647 2443 790 2496 Deus
828 2437 1211 2511 magniﬁcatur
1256 2437 1308 2491 in
1365 2439 1651 2495 curatione
1691 2439 1935 2499 inﬁrmo-

323 2552 464 2591 rum.
509 2534 652 2589 Obiit
691 2532 857 2587 etiam
888 2545 1033 2585 anno
1055 2531 1345 2600 superiore
1374 2530 1540 2586 Hamo
1558 2532 1627 2586 de
1650 2532 1936 2605 Laudccop

323 2625 629 2682 monachus
684 2622 1046 2686 Saviniensis,
1104 2622 1475 2693 qui-prepter
1504 2624 1827 2698 religionem
1882 2633 1937 2681 et

320 2716 469 2773 bona
507 2730 675 2787 opera
706 2713 762 2767 in
792 2728 1065 2784 pauperes
1096 2729 1254 2767 carus
1287 2721 1404 2768 erat
1462 2715 1572 2769 Deo
1613 2723 1666 2769 et
1704 2716 1937 2771 homini-

314 2796 445 2865 bus.
474 2806 931 2878 ArchicpiscOpus
958 2805 1269 2859 Tarentasie
1293 2806 1461 2878 (678),
1485 2806 1577 2878 qui
1609 2806 1784 2862 fuerat
1815 2824 1936 2864 mo-

323 2901 534 2956 nachus
564 2899 633 2953 de
671 2898 866 2953 ordine
898 2896 1268 2962 Cisterciensi,
1310 2914 1411 2968 per
1441 2914 1605 2969 quem
1638 2899 1693 2952 in
1736 2900 1935 2954 nostris

321 2990 664 3061 temporibus
691 2990 744 3042 in
776 2988 1115 3043 exhibitione
1140 2988 1531 3043 miraculorum
1576 2991 1724 3044 Deus
1755 2989 1932 3045 bene-

321 3082 543 3148 dicitur,
576 3097 697 3135 cum
731 3080 933 3134 abbate
989 3079 1337 3135 Cisterciensi
1383 3082 1691 3137 Alexandro
1732 3083 1936 3136 missus

323 3191 349 3229 a
376 3174 562 3228 donno
595 3187 734 3243 papa
763 3170 917 3225 venit
947 3172 1013 3225 ad
1044 3188 1226 3246 regem
1260 3173 1610 3239 Francorum,
1638 3190 1733 3244 pro
1765 3175 1937 3230 refor-

321 3261 523 3317 manda
556 3276 689 3332 pace
732 3260 875 3313 inter
903 3275 1085 3332 regem
1119 3261 1311 3334 Anglie
1344 3261 1632 3316 Henricum
1664 3268 1717 3316 et
1760 3261 1933 3318 ﬁlium

322 3351 444 3419 ejus
474 3366 657 3422 regem
686 3347 996 3419 juniorem;
1056 3349 1152 3403 sed
1184 3349 1618 3419 impedientibus
1647 3350 1934 3406 hominum

316 3441 579 3513 peccatis,
620 3455 811 3511 parum
876 3437 1127 3509 profecit.
1193 3437 1344 3492 Circa
1403 3439 1605 3510 pascha
1672 3439 1938 3495 Ricardus

317 3532 525 3588 electus
546 3529 973 3596 (lantuariensis,
1007 3528 1100 3600 qui
1132 3543 1278 3584 anno
1307 3528 1582 3599 superiori
1615 3538 1931 3600 perrexerat

316 3622 568 3692 Romam,
611 3639 642 3677 a
681 3637 823 3694 papa
875 3621 1183 3676 Alexandro
1237 3631 1483 3675 sacratus
1524 3628 1606 3676 est
1657 3622 1926 3696 Anagnie.

316 3716 649 3790 Raginerum
681 3715 746 3750 ⁶⁷¹
780 3714 1014 3769 electum
1060 3713 1374 3778 Batensem,
1416 3713 1626 3768 socium
1660 3713 1803 3782 ejus,
1838 3729 1929 3767 sa-

315 3808 489 3863 cravit
512 3805 959 3876 archiepiscopus
986 3804 1322 3859 Tarentasie.
1352 3803 1467 3859 Due
1488 3804 1681 3876 regine
1710 3805 1929 3859 ducun-

317 3905 408 3954 tur
436 3898 492 3951 in
533 3897 781 3970 Angliam

388 3988 540 4043 Circa
587 3987 733 4042 idem
785 3992 1004 4056 tempus
1065 3985 1372 4042 Ludovicus
1444 4001 1538 4040 rex
1596 3987 1927 4043 Francorum

317 4082 675 4156 congregavit
703 4080 944 4136 Parisius
982 4096 1176 4136 omnes
1220 4081 1457 4135 barones
1504 4081 1660 4157 regni
1695 4083 1802 4150 sui,
1832 4087 1927 4156 qui

317 4179 367 4233 ei
397 4177 684 4249 parebant,
717 4185 772 4232 et
812 4192 932 4231 cum
966 4176 1049 4231 eis
1080 4174 1272 4230 habuit
1327 4184 1601 4232 secretum
1638 4177 1927 4234 ministerii

317 4267 424 4322 sui.
483 4266 811 4322 Juraverunt
860 4281 990 4340 ergo
1053 4279 1239 4320 comes
1297 4263 1668 4333 Flandrensis,
1741 4283 1928 4323 comes

2047 535 2270 590 mannie
2292 535 2443 604 juxta
2473 536 2782 605 Franciam,
2814 538 3003 605 armis,
3046 537 3316 593 militibus
3363 550 3419 595 et
3458 540 3691 596 victua-

2050 627 2195 682 libus
2244 628 2499 683 munivit.
2552 628 2806 684 Removit
2865 629 3032 684 etiam
3089 630 3356 702 quosdam
3410 633 3687 688 custodes

2049 717 2421 784 castellorum,
2456 735 2525 774 ne
2556 720 2798 791 aliquam
2855 719 2960 774 sibi
2995 719 3246 776 fraudem
3292 721 3537 779 facerent
3569 740 3687 794 per

2048 808 2420 877 receptionem
2462 808 2811 865 inimicorum
2844 825 3068 865 suorum
3099 816 3154 865 et
3181 810 3401 884 longam
3435 828 3677 868 moram.

2052 895 2183 949 [nde
2215 894 2434 950 locutus
2466 911 2588 950 cum
2637 896 2939 951 barouibus
2967 898 3325 968 Normaunie,
3356 916 3453 956 eos
3476 902 3681 957 admo-

2049 994 2191 1060 nuit,
2229 994 2564 1062 obsecravit,
2596 1004 2657 1051 ut
2685 996 2920 1052 viriliter
2950 1007 3198 1072 agerent,
3237 1008 3292 1055 et
3320 1016 3681 1057 rememora-
3772 1020 3779 1023 ’

2047 1092 2256 1152 rentur,
2294 1086 2441 1157 quod
2483 1095 2746 1156 parentes
2799 1103 2989 1143 eorum
3047 1090 3329 1146 multoties
3367 1092 3605 1148 Francos
3643 1109 3681 1147 a

2047 1175 2250 1232 ﬁnibus
2302 1177 2418 1232 suis
2467 1179 2700 1249 turpiter
2738 1179 3139 1236 eliminassent.
3197 1183 3333 1237 Inde
3364 1185 3677 1255 assumptis

2047 1273 2257 1342 paucis,
2290 1273 2458 1328 immo
2497 1272 2613 1328 fere
2651 1275 2819 1329 nullis
2848 1275 2917 1330 de
2961 1277 3262 1332 baronibus
3305 1278 3676 1347 Normannie,

2046 1381 2168 1421 cum
2220 1366 2675 1423 Brebenzonibus
2705 1369 2820 1423 suis
2875 1369 3131 1425 transivit
3159 1371 3214 1425 in
3246 1371 3517 1444 Angliam.
3554 1372 3677 1438 Qua

2046 1463 2226 1512 autem
2258 1458 2568 1514 humilitate
2609 1460 2922 1531 sepulcrum
2965 1460 3109 1516 beati
3159 1463 3414 1535 martyris
3457 1463 3677 1519 Thome

2045 1544 2368 1613 visitaverit,
2401 1547 2702 1602 notandum
2742 1556 2826 1602 est
2884 1548 2946 1602 Ut
2975 1558 3157 1604 autem
3198 1550 3337 1605 vidit
3364 1550 3669 1606 ecclesiam

2045 1633 2514 1703 Cantuariensem,
2573 1636 2839 1693 desiliens
2891 1654 3057 1710 equo,
3118 1639 3175 1693 in
3227 1647 3382 1696 veste
3410 1641 3570 1697 lanea
3613 1649 3680 1697 et

2046 1727 2212 1782 nudis
2250 1728 2487 1799 pedibus
2517 1729 2691 1800 pedes
2719 1746 2895 1802 usque
2922 1731 2990 1786 ad
3024 1731 3171 1787 illam
3206 1748 3306 1804 per
3334 1733 3568 1805 paludes
3612 1742 3678 1791 et

2045 1825 2206 1871 acuta
2240 1833 2368 1872 saxa
2398 1833 2521 1872 cum
2563 1834 2779 1874 summa
2806 1820 3101 1876 devotione
3134 1822 3392 1893 perrexit.
3426 1824 3485 1877 In
3535 1838 3677 1879 ora-

2044 1905 2197 1961 tione
2247 1905 2315 1960 ad
2365 1905 2682 1976 sepulcrum
2721 1908 2948 1982 gloriosi
3002 1909 3260 1981 martyris
3309 1910 3364 1965 in
3424 1910 3675 1967 lacrimis

2037 2000 2146 2049 tam
2179 1994 2412 2051 devotus
2429 1995 2629 2063 extitit,
2660 2004 2721 2051 ut
2748 1996 3002 2052 videntes
3027 1998 3094 2052 ad
3128 1998 3382 2054 lacrimas
3414 2008 3669 2075 cogeret.

2040 2083 2194 2137 Feria
2223 2090 2374 2139 sexta
2420 2084 2551 2140 illuc
2579 2092 2827 2150 venerat,
2882 2093 2937 2140 et
2967 2086 3268 2158 inpransus
3325 2094 3443 2143 tota
3499 2096 3670 2144 nocte

2040 2174 2117 2228 ibi
2141 2174 2405 2247 vigilavit.
2436 2175 2594 2230 Mane
2634 2183 2818 2231 autem
2859 2176 3023 2244 facto,
3054 2179 3110 2233 in
3143 2179 3441 2249 capitulum
3469 2194 3673 2235 mona-

2040 2264 2266 2318 chorum
2289 2280 2549 2339 pergens,
2579 2265 2769 2321 subdit
2809 2283 2870 2322 se
2908 2267 3235 2325 verberibus
3273 2286 3490 2337 eorum,
3533 2270 3673 2325 imi-

2039 2363 2182 2411 tatus
2204 2356 2650 2427 Redemptorem,
2698 2358 2794 2430 qui
2841 2358 3062 2415 dorsum
3091 2376 3249 2415 suum
3282 2361 3434 2416 dedit
3459 2362 3527 2417 ad
3559 2362 3665 2417 ﬂa-

2038 2446 2201 2516 gella.
2227 2447 2335 2501 Sed
2367 2447 2458 2502 ille
2486 2447 2617 2503 fecit
2644 2455 2871 2520 propter
2896 2459 3121 2522 peccata
3150 2458 3359 2520 nostra,
3393 2453 3494 2509 iste
3520 2469 3660 2525 pro-
3754 2472 3757 2473 ν

2038 2550 2162 2611 pter
2190 2542 2432 2613 propria.
2468 2543 2669 2598 Eadem
2701 2552 2882 2600 autem
2915 2544 3026 2611 die,
3062 2562 3170 2617 qua
3195 2547 3422 2603 recessit
3460 2563 3492 2602 a
3524 2565 3668 2603 san-

2037 2641 2125 2687 cto
2182 2633 2326 2702 loco,
2375 2644 2567 2705 captus
2616 2644 2699 2691 est
2744 2636 3077 2692 Guillermus
3132 2655 3225 2693 rex
3269 2640 3453 2695 Scotle
3503 2642 3659 2712 apud

2037 2725 2243 2781 Anvich
2301 2743 2330 2781 a
2368 2722 2669 2782 baronibus
2716 2727 3185 2793 Eboracensibus;
3240 2730 3333 2802 qui
3390 2747 3482 2787 rex
3542 2740 3663 2789 tota

2037 2819 2209 2869 estate
2237 2831 2359 2870 cum
2404 2815 2639 2890 Rogerio
2671 2815 2740 2870 de
2770 2816 3014 2871 Monbrai
3056 2824 3113 2872 et
3140 2818 3261 2873 aliis
3289 2820 3659 2892 complicibus

2036 2902 2151 2956 suis
2177 2911 2481 2958 vastaverat
2522 2903 3000 2974 septemtrionales
3032 2914 3219 2975 partes
3267 2907 3481 2978 Anglic,
3523 2924 3656 2978 per-

2036 2990 2316 3063 tingentes
2343 2991 2411 3045 ad
2439 2991 2699 3047 Scotiam.
2743 2993 2940 3056 Quarta
2987 2992 3121 3048 feria
3151 2994 3405 3065 sequenti
3444 2996 3659 3052 audivit

2037 3094 2128 3134 rex
2159 3080 2411 3134 nuntium
2470 3080 2605 3135 tanti
2637 3080 2842 3153 gaudii.
2876 3081 2988 3137 Rex
3025 3080 3291 3136 Henricus
3319 3081 3659 3136 exhilaratus

2037 3179 2187 3228 tanto
2216 3172 2429 3229 nuntio.
2462 3170 2601 3227 facta
2623 3188 2758 3242 pace
2789 3189 2908 3227 cum
2941 3173 3141 3228 comite
3171 3173 3399 3247 llugone
3427 3174 3655 3248 Bigoth,

2037 3274 2092 3320 et
2122 3265 2316 3337 positis
2336 3266 2392 3319 in
2418 3264 2576 3319 ﬁrma
2604 3265 2851 3320 custodia
2884 3265 3181 3322 Guillermo
3213 3282 3344 3341 rege
3374 3265 3555 3322 Scotie
3596 3275 3653 3321 et

2038 3355 2264 3428 Regorio
2333 3353 2535 3410 comite
2599 3353 2930 3420 Leecestrie,
3000 3371 3123 3409 cum
3172 3355 3470 3411 comitibus
3534 3356 3657 3411 suis

2037 3445 2404 3501 transfretavit
2433 3445 2489 3498 in
2524 3445 2939 3512 Normanniam,
2973 3445 3295 3517 relinquens
3320 3447 3570 3520 Angliam
3594 3448 3655 3502 in

2031 3556 2189 3610 pace,
2222 3554 2385 3610 quam
2427 3537 2540 3592 fere
2595 3537 2865 3607 perditam
2906 3536 2962 3591 in
3004 3537 3228 3611 triginta
3258 3538 3459 3593 diebus
3489 3556 3655 3596 recu-
3752 3535 3763 3541 ’

2031 3640 2335 3704 peraverat.
2366 3630 2608 3686 Veniens
2638 3629 2824 3701 itaque
2863 3630 3288 3705 Rothomagum,
3320 3631 3472 3687 misit
3502 3649 3649 3688 mar-

2029 3728 2212 3784 chisos
2251 3742 2381 3783 suos
2407 3725 2695 3780 Walenses
2732 3731 2883 3779 trans
2920 3724 3252 3796 Sequanam,
3300 3733 3360 3781 ut
3390 3725 3648 3784 vietualia

2029 3831 2138 3887 que
2166 3815 2464 3871 veniebant
2504 3814 2574 3868 ad
2613 3813 2914 3868 exercitum
2960 3812 3317 3881 Francorum,
3367 3816 3422 3870 in
3454 3831 3649 3873 nemo-

2029 3906 2185 3961 ribus
2213 3904 2535 3974 diriperent.
2571 3902 2761 3958 Franci
2790 3901 2957 3977 igitur
2976 3917 3041 3957 ex
3072 3919 3182 3958 una
3208 3910 3363 3975 parte
3385 3905 3648 3961 timentes

2030 4013 2241 4071 regem,
2273 4011 2340 4051 ex
2368 3994 2470 4050 alia
2524 3993 2813 4050 Walenses
2874 3993 2944 4049 de
2985 4010 3123 4065 pace
3170 3994 3408 4051 locuturi
3442 3996 3509 4050 ad
3559 4012 3649 4053 re-

2028 4104 2153 4162 gem
2185 4084 2542 4141 conveniunt.
2585 4082 2742 4139 Unde
2772 4098 2868 4137 rex
2892 4082 3226 4139 exhilaratus
3253 4085 3547 4141 terminum
3578 4086 3648 4143 de

2028 4190 2162 4250 pace
2218 4173 2363 4228 inter
2416 4187 2514 4228 eos
2562 4171 2914 4228 reformanda
2952 4172 3141 4243 posuit
3196 4173 3264 4227 ad
3304 4174 3645 4230 nativitatem

2027 4271 2216 4321 sancte
2245 4263 2409 4318 Marie
2456 4261 2611 4332 apud
2641 4261 2850 4317 Gisorz.
2908 4261 3025 4326 Quo
3052 4264 3289 4319 termino
3334 4265 3544 4336 elapso,
3577 4282 3647 4321 ex

314 4362 685 4423 Theobaldus.
744 4377 929 4417 comes
981 4361 1049 4416 de
1101 4360 1443 4416 Claromonte
1502 4367 1555 4415 et
1614 4363 1769 4417 multi
1809 4364 1924 4431 alii,
1945 4384 2006 4454 D
2031 4369 2265 4430 utraque
2305 4362 2457 4428 parte
2488 4360 2900 4422 convenerunt;
2937 4355 3034 4411 sed
3068 4356 3235 4412 nichil
3269 4356 3647 4428 profecerunt,

313 4453 461 4524 quod
510 4451 929 4507 transfretarent
970 4467 1093 4507 cum
1142 4449 1366 4519 juniore
1405 4466 1535 4523 rege
1584 4451 1638 4505 in
1680 4452 1945 4533 Angliam!

313 4542 457 4598 circa
488 4542 685 4597 festum
717 4541 891 4596 sancti
930 4540 1219 4605 Johannis,
1243 4548 1298 4595 et
1337 4555 1437 4611 pro
1472 4555 1631 4610 posse
1663 4557 1763 4598 suo
1790 4542 1925 4597 sub-

304 4634 566 4707 jugarent
591 4634 642 4688 ei
673 4634 820 4689 idem
855 4649 1105 4703 regnum.
1136 4632 1389 4687 Aliivero
1417 4632 1508 4704 qui
1544 4634 1923 4698 remanebant.

303 4725 630 4792 juraverunt
656 4725 803 4795 quod
835 4740 958 4779 cum
985 4724 1225 4779 exercitu
1251 4740 1349 4795 per
1373 4724 1763 4782 Normanniam
1799 4741 1923 4795 per-

310 4820 530 4887 gerent,
559 4821 613 4869 et
644 4829 986 4886 quacumque
1025 4815 1248 4871 castella
1278 4822 1523 4886 possent,
1557 4824 1837 4887 caperent,
1872 4824 1926 4871 et

307 4904 541 4975 patriam
574 4910 871 4970 vastarent,
916 4911 1009 4959 aut
1063 4905 1255 4959 urbem
1312 4905 1709 4980 Rothomagum
1766 4904 1920 4960 obsi-

305 5000 473 5057 dione
509 5001 818 5076 cingerent.
854 5001 1007 5065 Quod
1038 5008 1092 5056 et
1119 5000 1384 5064 fecerunt,
1410 5018 1600 5072 parum
1632 5000 1922 5072 proﬁcien-

306 5099 411 5147 tes.
437 5090 550 5146 Rex
581 5097 760 5147 autem
792 5090 1056 5146 Henricus
1086 5090 1294 5155 senior,
1335 5091 1429 5162 qui
1479 5092 1683 5148 multos
1734 5093 1803 5147 de
1831 5093 1920 5147 ba-

303 5179 536 5236 ronibus
570 5180 796 5237 Francie
826 5180 1083 5236 oberatos
1112 5179 1353 5235 habebat
1406 5187 1460 5236 et
1489 5180 1703 5253 magnis
1752 5180 1915 5236 obse-

2031 4456 2138 4510 nisi
2169 4452 2317 4526 quod
2349 4452 2517 4506 alium
2561 4452 2855 4507 terminum
2895 4451 3040 4507 circa
3079 4451 3275 4507 festum
3327 4453 3502 4508 sancti
3546 4452 3649 4507 Mi-

2029 4546 2237 4604 chaelis
2284 4550 2586 4615 posuerunt
2642 4543 2786 4599 inter
2842 4545 3124 4599 Turonum
3193 4549 3248 4599 et
3304 4543 3642 4610 Ambasjum.

2029 4639 2143 4704 Quo
2172 4638 2316 4705 loco,
2366 4638 2477 4693 Deo
2507 4636 2748 4703 favente,
2802 4652 2906 4707 pax
2946 4636 3219 4707 provenit,
3251 4642 3305 4691 et
3354 4635 3454 4690 ﬁlii
3497 4636 3644 4712 regis

2025 4736 2136 4782 tres
2166 4743 2228 4781 se
2258 4725 2397 4798 patri
2421 4740 2522 4780 suo
2550 4724 2831 4780 humiliter
2853 4724 3242 4789 subdiderunt,
3270 4730 3325 4780 et
3354 4740 3450 4779 rex
3476 4724 3644 4778 Fran-

2025 4832 2212 4872 corum
2249 4823 2304 4870 et
2334 4830 2520 4870 comes
2560 4813 2912 4869 Flandrensis
2956 4812 3247 4868 ﬁrmitates
3295 4828 3435 4884 quas
3477 4828 3642 4882 cepe-

2024 4916 2144 4962 rant
2191 4908 2244 4961 in
2305 4906 2658 4973 Normannia,
2702 4905 2817 4979 regi
2850 4904 3043 4978 Anglic
3105 4903 3483 4959 reddiderunt.
3530 4903 3640 4976 Ego

2020 5012 2153 5052 vero
2186 5011 2379 5067 pacem
2409 4995 2567 5050 istam
2608 4995 2825 5050 ascribo
2860 4993 3091 5050 Domine
3119 5002 3307 5048 nostre
3327 4993 3457 5048 Jesu
3485 4991 3643 5047 Chri-

2020 5088 2088 5144 sti
2120 5084 2400 5161 genitrici,
2433 5083 2561 5156 quia
2594 5084 2648 5138 in
2680 5083 2870 5151 vigilia
2900 5082 3295 5154 assumptionis
3344 5081 3467 5153 ejus
3504 5080 3635 5135 uni-

2019 5192 2209 5234 versus
2238 5173 2511 5231 exercitus
2551 5171 2621 5227 ab
2648 5171 2946 5229 obsidione
2979 5171 3221 5239 recessit,
3253 5176 3309 5226 et
3334 5170 3484 5228 cives
3530 5168 3636 5226 Ro-

1647 5299 1869 5355 VARUE
1907 5296 2283 5355 LECTIONES.

373 5396 443 5433 57°
473 5398 636 5454 Guill.
671 5398 851 5454 Patric
881 5428 947 5437 —
975 5396 1322 5454 Normannus
1352 5401 1411 5453 in
1438 5415 1642 5455 rasura
1670 5416 1836 5456 manu
1860 5401 2062 5455 eadem.

2161 5395 2225 5431 ⁶⁷¹
2262 5396 2395 5468 Rag.
2430 5394 2583 5449 habet
2613 5393 2669 5447 E.

1862 5498 2068 5554 ΝΟΤᾹΞ.

373 5590 516 5663 (676)
554 5595 838 5669 Tréguier.
864 5594 1056 5659 BOUQ.

1599 5598 1743 5667 (677)
1775 5596 2208 5654 Salmuriensis..

2605 5590 2751 5660 (678)
2784 5590 2978 5645 Petrus
3007 5587 3200 5653 BOUQ.
