3916 6064
142 211 250 265 521
292 266 297 267 ,

317 350 672 399 KOMANOBUM.
820 350 1161 391 FRANCORUM.
1312 353 1619 393 ANGLOHUM.

148 426 550 499 thomagenses
574 427 743 481 letum
784 425 929 480 diem
963 436 1199 499 egerunt
1228 426 1283 480 in
1315 428 1551 483 ecclesia
1588 426 1778 498 ipsius,

146 513 626 585 sicutdebehant,
666 514 735 569 ab
764 513 1054 569 obsidione
1086 514 1324 571 liberati.

225 606 357 663 Post
415 606 619 663 festum
650 606 826 662 sancti
874 606 1143 662 Johannis
1180 607 1412 672 moritur
1439 608 1779 662 Ammaricus

150 718 251 756 rex
310 700 812 768 Jerosolimitanus,
886 710 940 756 et
1000 702 1264 757 successit
1324 701 1374 757 ei
1433 701 1780 757 Baldewinus

150 801 392 864 quartus
418 792 564 849 filius
590 794 730 863 ejus.
766 792 912 848 Obiit
941 793 1103 847 etiam
1138 793 1370 848 Loradiu
1407 809 1499 848 rex
1540 793 1777 864 Alaprie,

153 893 214 938 et
239 885 508 939 successit
538 885 587 939 ei
620 884 769 940 filius
799 892 962 940 natus
1008 900 1073 939 ex
1103 899 1289 939 sorore
1330 885 1550 940 comitis
1595 885 1775 939 Sancti

153 971 362 1047 Egidii,
393 987 557 1042 quam
599 979 888 1042 acceperat
918 972 1187 1042 captivam
1229 972 1281 1025 in
1329 973 1523 1027 itinere
1552 972 1771 1027 Jeroso-

155 1064 430 1120 limitano.
490 1064 614 1134 Ipsa
664 1079 796 1119 vero
850 1072 906 1119 et
963 1062 1130 1131 filius,
1187 1065 1485 1135 assumptis
1536 1064 1775 1118 induciis

155 1172 336 1228 usque
384 1156 452 1211 ad
519 1166 733 1227 septem
783 1173 982 1223 annos,
1031 1157 1403 1227 promiserunt
1438 1174 1497 1211 se
1547 1157 1771 1211 daturos

157 1251 453 1321 plurimam
494 1267 761 1306 summam
793 1252 910 1307 auri
954 1253 1068 1322 regi
1098 1251 1573 1307 Jerosolimitano.
1608 1251 1764 1304 Sara-

150 1348 348 1413 guutat
392 1357 568 1412 nepos
626 1342 800 1411 ipsius
869 1341 1099 1397 Loradm
1165 1342 1369 1397 occidit
1421 1341 1766 1396 Amulauium

154 1434 500 1506 Babylonia,
553 1442 608 1489 et
661 1434 840 1490 factus
906 1441 990 1491 est
1044 1435 1305 1506 princeps
1358 1434 1655 1506 Babylonia
1719 1442 1773 1489 et

149 1526 500 1583 Alexandria.
546 1528 761 1583 Mortuo
811 1528 1060 1600 Drogone
1119 1527 1317 1582 abbate
1358 1526 1557 1580 Sancte
1596 1525 1773 1579 Trini—

1035 208 1377 264 CIIRONICA.
1421 240 1488 249 —
1529 209 1903 264 AUCTARIUM
1947 208 2227 264 llOllEltTl
2274 212 2353 265 DE
2396 213 2634 271 MONTE.

3389 223 3495 277 522

1805 341 1855 407 Α
1879 345 2089 393 carent.
2128 339 2380 411 Episc0pi
2415 357 2542 396 vero
2575 348 2628 395 et
2666 342 2897 397 abbates
2923 344 3237 419 homagium
3269 363 3375 404 non
3417 351 3497 405 fe-

1883 440 2114 495 cerunt;
2147 433 2242 485 sed
2283 441 2628 488 sacramento
2681 451 2738 489 se
2776 438 3241 508 constrinxerunt,
3301 457 3359 496 se
3392 445 3496 500 hoc
3563 450 3571 454 ’

1883 525 2270 581 observaturos
2295 569 2308 591 ,
2334 536 2387 583 et
2419 530 2566 599 quod
2600 529 2778 586 forent
2805 531 3016 588 subditi
3041 534 3272 591 ecclesia
3297 537 3497 594 Ebora-
3571 554 3576 558 ‘

1866 614 2030 707 ’ccnsi
2065 621 2118 668 et
2148 616 2587 688 archiepiscopo,
2629 626 2683 673 ct
2723 619 2815 675 illo
2848 618 2988 675 irent
3020 637 3184 678 causa
3214 627 3491 695 sacrandi,

1881 706 2149 776 quociens
2188 723 2413 762 necesse
2481 716 2646 764 esset.
2724 711 2954 782 insuper
2999 730 3092 769 rex
3157 715 3493 774 Guillermus

1882 793 2107 849 tradidit
2140 795 2475 851 munitiones
2499 814 2648 864 suas,
2694 799 2906 854 scilicet
2939 801 3265 858 Rocheburc
3295 813 3351 861 et
3383 807 3489 862 Ca—

1879 887 2048 935 strum
2084 883 2388 939 Puellarum
2410 896 2463 939 et
2498 887 2719 941 tertium
2753 888 2841 953 ⁸⁷³,
2869 889 2984 962 regi
3018 891 3236 964 Anglia,
3265 895 3358 965 qui
3393 911 3490 965 po-

1875 975 1983 1028 suit
2022 975 2076 1027 in
2109 976 2189 1030 eis
2219 977 2478 1032 custodes
2507 994 2669 1045 suos;
2715 982 2913 1051 quibus
2947 983 3109 1037 etiam
3167 1002 3256 1039 rex
3308 988 3490 1041 Scotic

1878 1062 2121 1118 inveniet
2154 1066 2485 1121 necessaria.
2523 1068 2771 1123 Preterea
2796 1086 2887 1123 rex
2918 1072 3108 1145 Anglic
3139 1074 3291 1128 dabit
3317 1077 3492 1131 hono-
3566 1098 3569 1103 ·

1876 1171 1980 1215 res,
2028 1156 2399 1226 episcOpatus,
2428 1158 2696 1226 abbatias,
2747 1170 2801 1215 et
2830 1163 2967 1217 alios
3003 1164 3241 1221 honores
3273 1168 3327 1222 in
3358 1169 3486 1225 Sco—

1871 1247 1966 1313 tia,
2012 1248 2098 1302 vel
2158 1257 2215 1302 ut
2273 1250 2453 1303 minus
2496 1252 2696 1317 dicam,
2746 1255 2976 1310 consilio
3017 1258 3139 1324 ejus
3185 1259 3487 1315 dabuntur.

1874 1338 2028 1393 Prior
2053 1338 2457 1395 Cantuariensis
2503 1342 2677 1397 factus
2706 1355 2787 1398 est
2817 1345 2989 1400 abbas
3035 1348 3105 1403 de
3148 1350 3331 1417 Bello;
3386 1353 3488 1408 Pe-

1874 1437 1987 1486 trus
2016 1431 2167 1501 prior
2197 1431 2395 1487 Montis
2422 1435 2596 1499 Acuti,
2639 1436 2831 1506 llydze;
2879 1433 3035 1506 'prior
3073 1439 3483 1510 Bermendasie,

1873 1522 2265 1591 Abbendonie;
2319 1525 2470 1594 prior
2511 1525 2810 1591 Wintonie,
2869 1527 3365 1588 Westmonasterii.
3413 1536 3487 1589 De

150 1618 300 1683 tatis.
335 1619 605 1675 successit
654 1620 705 1674 ei
751 1619 1085 1674 Guillermus
1131 1619 1198 1674 de
1232 1618 1534 1689 Espervila,
1587 1633 1773 1672 mona-
1806 1610 2202 1722 quibusdam
2239 1613 2608 1667 minutaribus
2637 1614 2934 1669 abbatibus
2977 1623 3237 1673 tacemus.
3277 1620 3483 1679 Johan—

185 1711 198 1722 .
347 1711 378 1722 η
489 1711 499 1721 .
626 1711 638 1721 .
785 1711 798 1722 .
871 1706 905 1722 ι,
1181 1710 1223 1722 ..
1296 1715 1306 1722 .
1479 1709 1511 1722 ..
1664 1709 1700 1722 τι
1877 1717 1971 1722 _-_
2010 1702 2365 1722 n______r_,-_1-,
2446 1704 2459 1722 ι
2543 1721 2549 1722 ,
2704 1706 2731 1722 η
2778 1707 2788 1722 ι
2860 1706 2872 1722 ι
2964 1708 2973 1719 .
3088 1710 3097 1721 .
3208 1711 3219 1722 .
3298 1719 3305 1722 _
3473 1720 3479 1722 Α

149 1711 290 1775 chus
346 1711 523 1772 Becci.
559 1711 709 1781 prior
766 1711 836 1765 de
870 1706 1116 1766 Evermo.
1179 1710 1388 1766 Mortuo
1442 1709 1606 1764 etiam
1664 1709 1771 1764 llo-

152 1804 310 1858 berto
353 1801 556 1858 abbate
586 1801 968 1867 tlormeliensi,
1011 1802 1276 1857 successit
1322 1801 1370 1855 ei
1417 1800 1774 1855 llardewinus

151 1892 458 1947 monachus
484 1890 663 1957 Becci,
692 1890 842 1960 prior
871 1891 1045 1945 sancti
1087 1889 1436 1945 Tbeodemiri
1469 1890 1557 1944 δῖ’.

224 1983 388 2037 H75.
430 1982 741 2037 Frederieus
770 1981 859 2036 24.
911 1983 1216 2037 Ludovicus
1246 1982 1334 2039 38.
1391 1983 1649 2036 Henricus
1679 1982 1768 2034 21.

224 2071 336 2125 Rex
371 2071 640 2126 Henricus
663 2071 776 2145 egit
804 2071 983 2126 natale
1026 2070 1241 2126 Domini
1274 2070 1419 2141 apud
1464 2070 1764 2143 Argantho-

148 2176 394 2231 magum.
429 2158 751 2214 Fredericus
799 2158 1098 2231 imperator
1154 2159 1601 2222 Alamannorum,
1644 2172 1764 2210 cum

151 2267 317 2307 uxore
350 2259 406 2307 et
434 2252 625 2307 liberis
654 2259 708 2308 ct
739 2268 860 2310 cum
895 2253 1133 2308 maximo
1167 2252 1407 2306 exercitu
1439 2250 1669 2306 veniens
1711 2250 1766 2302 in

149 2338 358 2394 Italiam
415 2338 606 2409 (679),
696 2339 915 2394 obsedit
994 2338 1371 2393 Alexandriam
1439 2354 1615 2408 usque
1696 2338 1762 2391 ad

150 2430 352 2499 pascha
410 2428 578 2499 (680),
634 2429 801 2483 nichil
860 2427 1177 2499 proficiens,
1232 2427 1330 2482 sed
1381 2427 1551 2482 multa
1592 2426 1761 2481 detri-

150 2524 332 2572 menta
388 2517 693 2582 sustinens,
752 2517 1023 2571 Guarinus
1091 2518 1160 2570 de
1217 2503 1559 2579 Gelardunj
1594 2514 1765 2568 abbas

163 2609 620 2675 Pontiniaccnsis,
650 2609 823 2664 factus
860 2617 941 2663 est
978 2608 1427 2678 archiepisc0pus
1459 2606 1766 2661 Bituricen-

157 2698 257 2764 sis;
284 2699 428 2753 sicut
458 2697 653 2765 abbas,
693 2698 786 2769 qui
828 2698 971 2751 idem
1018 2697 1410 2752 monasterium
1452 2702 1579 2750 ante
1619 2696 1769 2748 illum

148 2796 360 2844 rexerat
411 2789 580 2858 (68l),
618 2788 789 2844 factus
835 2788 1011 2843 fuerat
1041 2787 1495 2859 archiepisc0pus
1550 2787 1770 2859 Lugdu-

152 2878 356 2932 nensis.
404 2878 557 2931 Circa
587 2878 787 2946 pascha
833 2877 1021 2948 junior
1046 2893 1133 2929 rex
1177 2875 1499 2946 pacificatus
1531 2883 1615 2929 est
1644 2889 1767 2928 cum

1877 1717 1974 1755 nes
2008 1702 2397 1770 Oxenefordie,
2428 1704 2673 1760 decanus
2703 1706 3151 1777 Salesberieusis,
3173 1711 3379 1766 electus
3404 1720 3487 1769 est

1874 1793 1942 1847 ad
1973 1794 2347 1865 episcopatum
2382 1795 2807 1850 Norwiccnsem.
2836 1797 2980 1853 Obiit
3019 1799 3352 1871 [taginaldus
3390 1820 3485 1859 co-

1878 1898 1992 1936 mes
2023 1883 2319 1951 Cornubic,
2352 1883 2553 1952 prioris
2584 1884 2801 1939 Henrici
2834 1887 2978 1959 regis
3019 1886 3165 1943 ﬁlius
3194 1892 3482 1962 naturalis,

1874 1983 1928 2029 et
1956 1974 2204 2045 sepultus
2234 1981 2317 2029 est
2358 1974 2645 2049 Radingie.
2691 1974 3012 2033 Comitatum
3064 1982 3479 2039 Cornubeusem

1869 2074 1921 2121 et
1953 2073 2119 2121 totam
2156 2072 2375 2133 terram,
2401 2083 2563 2137 quam
2599 2067 2839 2123 habebat
2863 2078 2975 2143 tam
3003 2072 3059 2124 in
3088 2074 3278 2147 Anglia
3317 2093 3480 2146 quam

1871 2160 1924 2211 in
1952 2158 2285 2212 Normannia
2308 2164 2363 2212 et
2404 2158 2458 2212 in
2487 2158 2677 2223 Walis,
2711 2159 2936 2216 retinuit
2964 2177 3058 2215 rex
3094 2163 3148 2217 in
3172 2181 3337 2219 manu
3361 2183 3476 2228 sua.

1869 2246 1935 2299 ad
1962 2260 2102 2316 Opus
2150 2246 2418 2300 Johannis
2470 2244 2565 2300 ﬁlii
2614 2246 2698 2301 sui
2733 2247 2994 2315 junioris,
3047 2260 3278 2322 excepta
3317 2270 3480 2323 parva

1868 2336 2138 2406 portione,
2181 2352 2345 2406 quam
2404 2336 2557 2390 dedit
2597 2336 2812 2392 filiabus
2855 2338 3032 2409 ipsius
3074 2342 3309 2396 comitis.
3370 2344 3478 2399 lto-

1866 2426 2055 2480 bertus
2098 2426 2268 2480 abbas
2320 2426 2540 2492 Montis,
2582 2429 2821 2498 scriptor
2887 2431 3081 2486 horum
3142 2441 3474 2503 temporum,

1868 2531 2105 2588 pergens
2134 2515 2187 2567 in
2234 2514 2481 2587 Angliam
2515 2517 2815 2587 promeruit
2846 2533 2878 2571 a
2907 2518 3095 2574 donno
3124 2536 3252 2593 rege
3276 2531 3475 2577 cautam

1874 2612 1925 2658 et
1955 2605 2192 2677 sigillum
2229 2604 2471 2658 omnium
2523 2604 2947 2660 elemosinarum
2980 2608 3231 2663 ecclesize
3260 2610 3477 2678 Montis,

1873 2714 1980 2767 que
2013 2698 2138 2750 date
2164 2696 2377 2749 fuerant
2410 2696 2652 2766 predicte
2684 2698 2916 2753 ecclesia
2947 2715 3120 2769 usque
3151 2701 3218 2754 ad
3252 2718 3483 2772 presens

1875 2795 2090 2858 tempus
2129 2794 2181 2839 et
2221 2787 2501 2841 dabuntur
2532 2788 2583 2841 in
2620 2787 2860 2842 futurum
2889 2790 2975 2844 δη.
3012 2791 3316 2847 Richardus
3336 2794 3481 2850 filius

1874 2874 2095 2930 comitis
2149 2874 2449 2928 Glocestrie
2507 2875 2663 2941 obiit,
2697 2884 2752 2930 ct
2790 2879 3055 2932 successit
3102 2880 3152 2933 ei
3198 2880 3482 2953 Philippus

151 2978 305 3039 patre
334 2984 459 3036 suo,
499 2975 727 3040 accepto
767 2969 834 3023 ab
904 2984 970 3024 eo
1011 2975 1070 3022 et
1111 2967 1367 3021 fratribus
1426 2968 1542 3021 suis
1589 2982 1770 3020 sacra-
1798 3026 1839 3043 η
1875 2967 2018 3020 lilius
2050 2967 2188 3035 ejus,
2224 2973 2384 3020 natus
2414 2983 2477 3019 ex
2511 2983 2701 3022 sorore
2732 2968 2951 3023 Roberti
2997 2970 3066 3025 de
3096 2970 3280 3027 Monte
3313 2973 3477 3030 Forti.

147 3066 359 3127 mento,
382 3060 529 3132 quod
562 3059 755 3115 voluit.
780 3060 915 3113 lnde
941 3076 1033 3113 rex
1068 3059 1213 3113 misit
1248 3059 1444 3113 ducem
1470 3056 1760 3113 Ricardum
1794 3028 1842 3090 (λ
1869 3060 2013 3114 Obiit
2039 3061 2204 3115 etiam
2235 3059 2519 3124 Henricus,
2551 3060 2718 3115 frater
2762 3061 3018 3118 Lodovici
3071 3065 3224 3137 regis
3247 3065 3483 3122 Franco-

147 3150 321 3204 tilium
363 3166 524 3204 suum
580 3150 633 3203 in
678 3149 1063 3220 Aquitaniam;
1113 3156 1169 3204 et
1217 3148 1535 3203 Gaufridum
1586 3148 1760 3202 filium

147 3255 309 3294 suum
351 3239 610 3295 comitem
656 3238 937 3292 Britannia
979 3238 1033 3291 in
1078 3237 1433 3304 Britanniam,
1477 3237 1763 3311 assignans

150 3328 201 3381 ei
237 3326 567 3383 Rollandum
601 3326 671 3380 de
718 3326 929 3393 Dinam,
974 3333 1033 3381 ut
1062 3333 1205 3381 esset
1242 3332 1563 3395 procurator
1620 3335 1763 3380 terra

145 3434 265 3472 suc.
293 3417 620 3473 Fredericus
646 3417 946 3487 imperator
980 3417 1407 3471 Alamannorum
1441 3415 1663 3469 recessit
1693 3416 1761 3469 ab

147 3511 499 3579 Alexandria,
561 3519 617 3567 et
648 3518 934 3567 tractatum
991 3511 1093 3566 fuit
1132 3512 1199 3565 de
1251 3510 1597 3565 reformanda
1631 3525 1762 3579 pace

148 3602 295 3655 inter
334 3600 597 3655 domnum
628 3615 823 3670 papam
851 3606 905 3653 et
936 3600 1146 3670 ipsum;
1194 3600 1288 3653 sed
1320 3599 1617 3669 imperator
1666 3614 1761 3653 no-

145 3689 249 3743 luit
280 3688 637 3759 adquiescere
682 3690 801 3759 paci
828 3694 1007 3743 stante
1039 3676 1579 3758 Alexandriafquam
1622 3687 1761 3741 Lon-

144 3776 376 3849 gobardi
412 3778 709 3832 noluerunt
755 3777 1098 3842 subvertere,
1125 3782 1179 3829 et
1214 3775 1286 3829 ita
1328 3791 1425 3845 pax
1482 3774 1760 3827 remansit.

148 3867 273 3937 Ipse
313 3882 443 3923 vero
472 3867 653 3920 adhuc
690 3874 957 3942 moratur,
983 3865 1173 3934 Papia,
1234 3880 1343 3920 non
1385 3865 1574 3918 valens
1630 3880 1761 3933 ιη’οη

145 3959 349 4013 cedere
376 3972 479 4013 nec
499 3957 715 4012 reverti.
752 3955 1051 4011 Gaufridus
1080 3955 1188 4009 dux
1232 3956 1514 4009 llritannie
1568 3970 1630 4008 ea
1660 3971 1766 4036 que

151 4062 346 4103 comes
374 4046 528 4101 Eudo
552 4045 790 4101 habebat
821 4046 888 4100 de
920 4044 1166 4100 dominio
1192 4059 1315 4109 suo,
1348 4044 1558 4099 scilicet
1591 4043 1767 4097 Vene-

154 4146 293 4205 tum,
346 4137 636 4207 Ploasmel,
675 4137 856 4203 Aurai,
901 4137 1250 4190 medietatem
1281 4136 1577 4199 (Iornuhie,
1613 4151 1769 4190 revo-

151 4230 298 4285 cavit
347 4230 402 4283 in
452 4230 727 4285 dicionem
754 4244 928 4283 suam.
973 4228 1099 4282 Post
1130 4228 1330 4298 pascha
1378 4244 1468 4280 rex
1514 4227 1774 4281 lleuricus

152 4329 209 4376 et
245 4321 396 4375 filius
425 4337 558 4376 suus
614 4337 703 4374 rex
729 4320 936 4390 junior,
997 4319 1364 4375 trausfretavit
1400 4321 1452 4373 in
1498 4319 1765 4391 Angliam.

152 4413 293 4477 Quia
323 4428 450 4468 vero
479 4412 667 4469 clerici
697 4420 751 4468 et
798 4412 943 4477 laici,
977 4412 1220 4467 barones
1260 4416 1313 4465 et
1361 4411 1583 4480 milites,
1610 4427 1773 4480 cape-

157 4511 281 4559 rant
312 4505 381 4559 de
410 4505 590 4560 cervis
622 4504 739 4559 suis
778 4504 898 4559 sinc
931 4503 1104 4574 ipsius
1135 4503 1376 4570 licentia,
1408 4502 1653 4557 emunxit
1684 4518 1779 4557 eos

161 4598 338 4652 multo
367 4604 596 4668 argento
650 4596 759 4652 Rex
786 4595 968 4652 Scotic
1008 4595 1328 4666 pacificatus
1368 4602 1453 4650 est
1500 4611 1621 4648 cum
1653 4609 1778 4666 rege

161 4685 357 4758 Anglic
390 4685 492 4741 hoc
540 4684 723 4741 modo.
756 4684 907 4741 Fecit
934 4684 983 4738 ei
1046 4683 1359 4757 homagium
1394 4689 1449 4737 et
1497 4682 1775 4755 ligantiam

163 4775 231 4828 de
260 4774 412 4828 omni
446 4780 586 4829 terra
613 4789 730 4838 sua,
764 4782 824 4828 ut
851 4773 1072 4844 prOprio
1104 4771 1364 4835 domino;
1399 4778 1453 4825 et
1485 4770 1777 4834 concessit,

165 4873 220 4919 ut
260 4881 457 4921 omnes
486 4866 731 4936 episcOpi
767 4872 906 4919 terra
938 4864 1104 4932 illius,
1142 4864 1236 4935 qui
1263 4871 1391 4917 sunt
1425 4878 1653 4917 numero
1685 4864 1781 4916 de-

161 4970 306 5021 cem,
338 4966 389 5008 et
424 4955 653 5009 abbates
694 4962 746 5008 et
773 4954 1004 5009 comites
1032 4961 1084 5007 et
1121 4954 1355 5007 barones
1382 4954 1485 5007 hoc
1526 4952 1668 5007 idem
1708 4951 1784 5005 fa-

1866 3168 2005 3220 rum,
2037 3152 2489 3222 archiepiscolius
2523 3152 2831 3208 Bernensis.
2868 3154 3132 3211 Similiter
3160 3172 3347 3214 comes
3379 3158 3477 3212 Ni-

1864 3240 2151 3295 vernensis
2184 3240 2349 3308 (682).
2387 3240 2447 3293 Et
2469 3241 2615 3310 quod
2645 3241 2943 3297 dolendum
2965 3251 3070 3311 est,
3103 3252 3158 3300 et
3190 3248 3478 3302 tacendum

1866 3329 1970 3383 nisi
2021 3330 2091 3385 ob
2134 3328 2454 3383 memoriam
2482 3329 2616 3398 justi
2660 3330 2783 3396 viri,
2836 3332 3008 3387 abbas
3064 3333 3483 3391 Clarevallensis

1865 3418 2123 3471 (iirardus
2157 3434 2185 3471 a
2231 3418 2468 3487 quodam
2505 3418 2993 3487 pseudomonacho
3035 3422 3284 3488 ejusdem
3328 3424 3480 3478 ordi-

1866 3510 1950 3562 nis
1984 3516 2143 3562 nocte
2187 3508 2363 3560 cultro
2402 3514 2481 3561 ter
2519 3508 2817 3577 appetitus,
2880 3510 3118 3564 letaliter
3162 3514 3484 3571 vulneratus

1866 3608 1966 3655 est.
2000 3599 2100 3653 Per
2135 3600 2372 3654 triduum
2422 3606 2601 3653 tamen
2632 3601 2775 3670 quod
2811 3602 3136 3671 supervixit,
3170 3607 3480 3662 confessio-

1868 3706 2014 3752 nem,
2075 3688 2444 3758 penitenciam
2497 3696 2551 3743 et
2592 3696 2932 3742 sacramenta
2996 3692 3245 3761 corporis
3287 3694 3481 3750 Christi

1866 3777 2144 3847 suscipere
2181 3777 2480 3847 promeruit
2529 3778 2617 3831 ⁸⁵⁷⁵.
2677 3777 2979 3831 Richardus
3030 3782 3483 3856 archiepisc0pus

1869 3869 2280 3922 tlantttariensis
2331 3870 2686 3942 congregavit
2756 3886 3014 3943 magnum
3073 3875 3371 3930 concilium
3430 3878 3485 3931 in

1871 3958 2082 4029 Anglia,
2125 3957 2342 4011 civitate
2378 3958 2748 4012 Lundonensi.
2795 3960 2852 4013 Et
2909 3962 3088 4017 adhuc
3130 3971 3289 4019 vetus
3351 3983 3489 4037 que-

1873 4049 1981 4103 rela
2015 4050 2083 4101 de
2127 4049 2357 4118 primatu
2394 4050 2669 4103 Britannic
2707 4051 2847 4105 inter
2876 4052 3052 4123 ipsum
3089 4064 3143 4108 et
3193 4056 3485 4131 llogerium

1874 4138 2348 4208 archiepiscolium
2387 4139 2784 4194 Eboracensem
2834 4151 3168 4210 perseverat.
3224 4145 3492 4200 Similiter

1877 4228 2287 4283 Bartltolomcus
2331 4228 2786 4298 ascbiepiscolms
2825 4229 3166 4286 Turonensis
3193 4236 3486 4289 concilium

1881 4319 2067 4372 habuit
2095 4336 2216 4372 cum
2245 4320 2521 4390 episcopis
2563 4320 2865 4373 Brittannie
2892 4320 3151 4376 Redonis.
3203 4325 3352 4398 llugo
3379 4327 3485 4379 Pe-

1882 4410 1947 4464 tri
2008 4410 2202 4464 Leonis
2258 4411 2469 4481 legatus
2509 4411 2657 4463 sedis
2706 4411 2967 4473 Romane,
3022 4413 3213 4465 transit
3269 4416 3323 4466 in
3383 4418 3492 4468 An-

1880 4501 2044 4573 gliam
2078 4501 2164 4555 67'".

1955 4592 2111 4645 11⁵76.
2400 4590 2489 4643 9.33.
2780 4587 2867 4641 39.
3159 4592 3246 4647 ‘2‘2.

1954 4678 2049 4733 Nix
2081 4687 2135 4733 ct
2164 4680 2289 4753 gelu
2325 4680 2664 4732 duraverunt
2695 4694 2724 4729 a
2757 4676 3036 4733 nativitate
3066 4680 3276 4737 Doniini
3318 4701 3491 4759 usque

1883 4772 1949 4826 ad
1990 4771 2424 4842 purificationem
2467 4768 2628 4823 beate
2661 4767 2845 4822 Mario.
2896 4769 3041 4827 Obiit
3082 4773 3369 4832 Hicherius
3425 4779 3493 4833 de

1885 4863 2097 4933 Aquila,
2139 4871 2191 4915 et
2238 4860 2507 4916 successit
2539 4860 2588 4913 ei
2629 4859 2915 4915 lticherius
2973 4862 3117 4919 filius
3147 4866 3285 4933 ejus.
3347 4870 3494 4924 Obiit

1888 4951 2187 5005 ltichardus
2219 4966 2405 5003 comes
2436 4949 2502 5001 de
2533 4949 2803 5021 Streguel,
2866 4947 3011 5003 filius
3056 4954 3272 5008 comitis
3305 4956 3455 5009 Gisle
3476 4986 3493 4998 .

1527 5053 1743 5107 VAllle.
1766 5052 2141 5107 LICCTIONES.

241 5156 313 5190 ⁸⁷⁸
338 5159 764 5227 snperscriptum
791 5157 860 5210 ab
885 5157 1067 5210 eadem
1095 5171 1257 5211 manu
1273 5154 1389 5226 τςνρι
1425 5154 1671 5227 llimerii.
1704 5156 1810 5208 Hoc
1842 5154 1994 5227 habet
2020 5153 2111 5227 8h.

169 5229 337 5281 bendo
366 5223 685 5282 relictum-in
718 5228 771 5281 Ε.
808 5228 1111 5298 puellarum
1147 5228 1180 5280 i.
1217 5223 1650 5291 Edcinesbuach,
1685 5233 1737 5279 et
1778 5224 2005 5298 tereinin
2042 5226 2053 5277 i
2115 5223 2356 5298 llerewic
2382 5225 2471 5298 7b.

616 5299 682 5331 δη
714 5315 903 5354 manus
932 5300 1146 5353 habitus
1174 5302 1429 5354 mutatur,
1463 5312 1563 5348 non
1595 5299 1841 5364 So‘I'iptOI'.

170 5314 364 5353 manus
404 5302 547 5370 ipsa,

2188 5152 2257 5186 ⁶Ἳ³
2282 5157 2398 5221 post
2430 5152 2567 5206 hanc
2596 5168 2769 5207 vocem
2800 5157 3036 5223 spatium
3067 5159 3272 5210 nomini
3298 5160 3501 5213 inscri-

2550 5223 2617 5257 5“
2645 5225 2862 5279 habitus
2891 5231 3168 5292 mutatur;
3199 5244 3290 5281 nec
3320 5233 3501 5284 tanien

1926 5296 1993 5328 δῖσ
2018 5300 2139 5365 post
2182 5296 2287 5348 ’th
2320 5296 2532 5347 hrtlu'ms
2573 5311 2765 5349 manus
2799 5300 3057 5351 mutatur.

1734 5396 1769 5447 Ν
1780 5395 1939 5447 ΟΤΛί.

246 5498 393 5557 (679)
429 5497 543 5552 Oct.
584 5499 736 5552 1174.

245 5569 392 5637 (680)
427 5568 560 5622 inde
591 5586 621 5622 a
661 5567 715 5622 d.
748 5570 818 5623 29
844 5569 958 5623 Oct.
994 5571 1151 5624 1174.

547 5695 843 5755 PATROL.
902 5693 1097 5755 CLX.

1955 5495 2098 5557 (68“
2140 5495 2496 5568 Guichardus.
2536 5497 2721 5559 ROUQ.
2759 5497 2831 5549 cf.
2866 5510 3030 5568 supra
3059 5499 3297 5554 a.1165.

1960 5568 2101 5636 (682;
2136 5567 2330 5621 Guido.
2370 5568 2553 5631 noui).

3084 5698 3157 5759 17
