3916 6064
342 216 447 272 523

483 361 846 406 ROIANORUI.
999 361 1339 401 FRANCORUM.
1499 364 1804 403 ANGLOBUM.

348 437 511 504 berti,
541 436 869 505 relinquens
895 434 1177 505 parvulum
1211 434 1379 489 ﬁlium
1412 452 1476 489 ex
1522 435 1631 490 lilia
1661 438 1806 507 regis
1833 437 1946 489 Du-

342 524 541 580 veline.
580 523 682 576 iste
705 521 1003 593 adquisivit
1033 523 1295 593 quasdam
1327 523 1573 577 civitates
1595 524 1646 577 in
1671 525 1948 590 Hibernia,

348 611 561 668 scilicet
590 612 910 666 Duvelinam
942 618 997 666 et
1023 611 1342 666 Watrefelth
1376 618 1428 666 et
1456 612 1609 677 alias,
1643 629 1777 684 quas
1805 613 1950 667 Hen-

348 704 497 759 ricus
527 718 620 759 rex
659 704 979 778 Anglorum,
1020 720 1142 759 cum
1184 704 1239 758 in
1278 705 1511 758 eandem
1564 706 1794 759 insulam
1831 722 1952 775 per-

338 803 515 873 geret,
542 798 834 869 accepitin
858 815 1023 853 manu
1051 814 1167 853 sua.
1196 798 1562 853 Hibernenses
1581 800 1955 869 promiserunt

344 889 463 964 regi
506 890 738 945 Henrico
791 889 1057 945 tributum
1089 890 1157 945 de
1197 890 1346 944 omni
1404 890 1602 957 insula,
1649 889 1861 943 scilicet
1884 889 1952 943 de

349 993 686 1049 unaquaque
720 977 885 1033 domo
918 978 1126 1033 corium
1147 978 1302 1033 bovis
1327 978 1413 1032 vel
1433 978 1723 1033 duodecim
1756 994 1955 1051 argen-

342 1077 484 1126 teos.
507 1071 567 1124 In
579 1069 765 1144 vigilia
779 1070 978 1140 pascbe
1000 1070 1143 1125 circa
1155 1071 1440 1125 meridiem
1474 1070 1647 1123 tactus
1663 1077 1743 1123 est
1760 1080 1954 1124 ventus

344 1162 665 1228 vehemens,
685 1162 960 1234 dissipans
992 1163 1186 1219 domos
1216 1172 1269 1218 et
1289 1164 1455 1217 silvas
1484 1164 1772 1218 eradicans
1794 1164 1878 1219 ⁵⁷⁷.

415 1252 577 1307 1177.
617 1252 928 1308 Fredericus
958 1252 1048 1308 26.
1096 1254 1403 1307 Ludovicus
1431 1254 1517 1309 40.
1564 1255 1823 1307 Henricus
1862 1252 1948 1306 23.

414 1344 476 1399 In
522 1343 832 1414 septimana
886 1351 1241 1415 pentecostes
1292 1344 1659 1418 Longobardi,
1717 1343 1957 1398 maxime

346 1436 808 1511 Mediolanenses,
830 1435 1842 1491 debellaveruntexercitumFrederici
1863 1435 1959 1489 im-

344 1529 621 1601 peratoris
659 1528 1110 1591 Alamannorum,
1140 1526 1236 1597 qui
1275 1533 1407 1581 tunc
1432 1527 1746 1581 morabatur
1775 1526 1829 1579 in
1857 1526 1959 1579 Pa-

346 1617 526 1689 piensi
540 1617 700 1672 urbe.
721 1618 983 1687 lpsevero
1000 1616 1086 1672 vix
1107 1614 1375 1688 fugiendo
1391 1615 1581 1671 evasit.
1601 1615 1953 1682 Guillermus,

1548 215 1888 271 SlGEBERTl
1939 213 2448 270 GEMBLACENSIS.

1974 352 2025 418 Α
2054 346 2239 401 tissam
2290 362 2411 401 cum
2472 344 2665 400 eodem
2730 342 2992 399 comitatu
3044 342 3186 412 (687)
3227 343 3442 414 accepit
3478 358 3684 398 comes

3558 214 3679 268 524

2053 440 2343 508 Robertus,
2399 438 2545 493 ﬁlius
2599 438 2815 493 comitis
2873 436 3125 503 Roberti,
3175 435 3355 490 fratris
3409 437 3682 493 Ludovici

2052 531 2198 600 regis
2232 530 2556 583 Francorum
2583 545 2597 592 ;
2634 534 2691 580 et
2718 527 2791 579 ita
2819 525 2957 579 facta
2985 533 3069 579 est
3100 524 3483 598 quadrigama.
3526 524 3682 579 Obiit

2053 616 2385 671 venerabilis
2416 616 2498 671 vir
2537 615 2811 669 Robertus
2854 612 3025 667 abbas
3076 612 3298 681 Majoris
3327 612 3677 678 Monasterii,

2054 715 2109 762 et
2138 708 2403 762 successit
2441 706 2489 760 ei
2524 707 2738 773 Petrus,
2785 704 3091 760 monachus
3120 705 3368 775 ejusdem
3403 705 3532 760 loci.
3567 706 3681 759 De-

2054 802 2232 871 posito
2256 802 2401 869 (688)
2435 800 2667 855 Badulfo
2696 799 2897 854 abbate
2928 799 3296 864 Cluniacensi,
3328 799 3678 855 consobrino

2056 896 2269 950 comitis
2297 895 2599 962 Thebaudi,
2629 895 2915 949 Gauterius
2951 894 3101 965 prior
3138 893 3321 949 Sancti
3354 894 3564 949 Martini
3596 894 3680 948 de

2058 986 2270 1057 Campis
2308 986 2576 1041 successit
2614 986 2687 1052 ei,
2723 992 2778 1041 et
2829 986 2919 1040 ille
2962 986 3204 1040 exabbas
3245 985 3423 1040 factus
3453 994 3536 1040 est
3563 986 3678 1041 ite-

2056 1098 2171 1135 rum
2208 1081 2358 1151 prior
2398 1080 2667 1135 Caritatis.
2709 1079 2883 1135 Cessit
2923 1080 3087 1135 etiam
3136 1080 3193 1134 in
3243 1079 3356 1135 fata
3395 1080 3680 1136 Robertus

2057 1176 2124 1230 de
2159 1176 2440 1247 Blangeio,
2470 1175 2557 1230 vir
2606 1176 2869 1230 honestus
2897 1181 2953 1229 et
2998 1175 3309 1249 religiosus,
3363 1176 3680 1231 monachus

2058 1267 2214 1321 Becci
2248 1277 2301 1321 et
2333 1268 2501 1322 abbas
2534 1266 2716 1321 Sancti
2772 1266 2993 1320 Ebrulti.
3040 1264 3451 1321 'Nichilominus
3499 1266 3675 1322 etiam

2058 1354 2323 1409 satisfecit
2352 1355 2592 1410 humane
2622 1354 2734 1408 vite
2753 1354 3015 1408 Osbertus
3042 1352 3214 1408 abbas
3246 1353 3387 1419 Lire,
3420 1353 3506 1409 cui
3537 1370 3679 1409 suc-

2059 1450 2224 1505 cessit
2269 1448 2436 1504 frater
2483 1449 2604 1518 ejus
2660 1448 2950 1503 Gauterius
2992 1447 3211 1519 junior;
3266 1448 3407 1503 sicut
3450 1455 3505 1502 et
3551 1449 3680 1519 ipse

2059 1549 2399 1597 successerat
2442 1540 2647 1596 seniori
2688 1540 2838 1595 fratri
2865 1554 2965 1595 suo
2996 1539 3325 1607 Guillermo;
3381 1540 3529 1612 quod
3580 1540 3679 1596 vix

2056 1641 2150 1689 aut
2187 1650 2469 1705 nunquam
2511 1633 2783 1699 invenies,
2826 1639 2885 1688 ut
2922 1639 3036 1688 tres
3064 1632 3261 1688 fratres
3299 1633 3405 1687 sibi
3436 1632 3679 1689 invicem

345 1712 514 1768 frater
537 1712 753 1767 comitis
790 1710 1051 1765 Thebaldi
1093 1710 1492 1781 archiepiscOpi
1522 1710 1863 1765 Senonensis
1900 1715 1955 1764 et
1979 1721 2030 1789 Β
2054 1724 2351 1779 succedam
2379 1724 2435 1777 in
2466 1723 2740 1797 regimine
2779 1722 3012 1790 alicujus
3041 1722 3297 1778 ροοιρείθ,
3327 1721 3473 1777 Obiit
3514 1722 3679 1796 nugo

347 1800 644 1872 episcOpus
668 1798 1035 1860 Carnotcnsis,
1071 1799 1362 1855 translatus
1392 1808 1474 1853 est
1512 1799 1579 1853 ad
1626 1800 1952 1853 Remensem

2065 1811 2211 1886 Bigot
2251 1828 2458 1879 comes,
2492 1818 2547 1867 et
2594 1811 2860 1867 successit
2918 1810 2969 1866 ei
2999 1810 3271 1885 Rogerius
3326 1810 3472 1866 ﬁlius
3524 1813 3678 1882 ejus.

345 1892 917 1963 archiepiscopatum;
951 1897 1005 1946 et
1029 1891 1293 1946 successit
1313 1892 1362 1945 ei
1392 1890 1614 1945 Senone
1639 1890 1953 1961 propositus

2065 1901 2324 1976 Regerius
2378 1901 2448 1955 de
2504 1899 2705 1971 Cripta,
2772 1900 3075 1955 monachus
3135 1899 3333 1954 Sancte
3391 1899 3681 1955 Trinitatis

347 1979 814 2037 Autisiodorensis
836 1987 889 2033 et
910 1979 1359 2049 archiepiscopus
1386 1978 1744 2045 Senonensis,
1778 1978 1953 2032 Guido

346 2070 593 2127 nomine.
638 2069 698 2122 In
740 2067 1058 2130 Carnotensi
1092 2068 1226 2122 urbe
1265 2068 1545 2123 Johannes
1574 2067 1951 2122 Salesberien-

347 2162 448 2231 sis,
470 2162 554 2218 vir
581 2162 848 2217 honestus
877 2166 931 2214 et
977 2160 1220 2231 sapiens,
1265 2159 1358 2231 qui
1403 2161 1552 2231 prius
1590 2159 1768 2215 fuerat
1796 2160 1958 2215 cleri-

347 2269 446 2309 cus
471 2252 736 2309 Thebaldi
769 2251 1175 2306 Cantuaricnsis
1212 2251 1641 2321 archiepiscopi,
1683 2258 1738 2306 et
1770 2258 1960 2323 postea

347 2345 523 2402 sancti
554 2345 761 2400 Thome
803 2343 1077 2414 martyris,
1129 2342 1464 2398 successoris
1495 2342 1741 2413 ejusdem
1772 2344 1957 2399 Theo-

348 2440 521 2497 baldi.
553 2440 764 2496 Mortuo
797 2440 1060 2510 episc0po
1108 2437 1428 2493 Belvacensi
1486 2438 1653 2508 (683),
1695 2439 1961 2493 successit

351 2531 403 2589 ei
462 2530 772 2600 Philippus,
829 2528 976 2583 ﬁlius
1031 2529 1250 2583 comitis
1302 2528 1543 2594 Boberti,
1578 2528 1758 2583 fratris
1816 2529 1962 2602 regis

351 2622 706 2677 Francorum.
759 2621 1091 2676 Guillermus
1119 2637 1211 2676 rex
1243 2621 1449 2687 Sicilie,
1490 2621 1721 2676 ducatus
1747 2622 1960 2692 Apulie,

350 2714 698 2787 principatus
728 2713 935 2784 Capue,
962 2729 1060 2784 per
1085 2713 1441 2769 honorabiles
1488 2714 1697 2783 legatos
1726 2715 1965 2785 requisi-

352 2804 429 2860 vit
466 2803 773 2859 Johannam
805 2800 968 2856 ﬁliam
998 2801 1214 2856 Henrici
1246 2802 1391 2876 regis
1418 2802 1713 2876 Anglorum
1747 2802 1801 2856 in
1828 2818 1962 2858 uxo-

350 2911 486 2965 rem,
511 2903 567 2951 et
592 2894 825 2967 accepit.
860 2894 1005 2949 Obiit
1044 2893 1313 2967 BOgerius
1366 2893 1535 2948 abbas
1565 2894 1961 2949 Gemmeticen-

2056 1993 2489 2061 Cantuariensis,
2538 1993 2712 2048 factus
2762 1998 2845 2047 est
2889 1992 3066 2046 abbas
3119 1992 3303 2047 Sancti
3354 1992 3674 2062 Augustini,

2060 2084 2239 2151 ejecto
2264 2082 2643 2137 Clarenbaudo
2676 2083 2852 2137 electo
2893 2082 3042 2137 illius
3070 2081 3410 2149 monasterii,
3442 2082 3535 2154 qui
3568 2098 3670 2138 no-

2061 2174 2160 2227 luit
2206 2173 2455 2243 accipere
2511 2170 2960 2227 benedictionem
3018 2187 3050 2225 a
3095 2172 3293 2227 Sancto
3341 2172 3568 2239 Thoma,
3618 2180 3683 2229 et

2060 2267 2187 2322 ideo
2215 2266 2470 2337 elongata
2500 2272 2582 2321 est
2611 2264 2680 2320 ab
2707 2281 2792 2321 eo.
2825 2265 3023 2329 Quinta
3045 2264 3184 2321 feria
3205 2265 3259 2319 in
3290 2281 3427 2321 cena
3456 2266 3682 2322 Domini

2061 2354 2277 2411 occisus
2326 2361 2409 2409 est
2456 2354 2689 2409 Sanctus
2733 2352 3063 2408 Guillermus
3112 2370 3143 2408 a
3190 2353 3382 2409 Judeis
3411 2355 3681 2423 Parisius,

2062 2445 2158 2516 qui
2183 2444 2513 2500 concremati
2543 2450 2674 2497 sunt
2712 2443 2859 2516 igne.
2893 2443 3226 2499 Benedictus
3258 2444 3409 2515 prior
3448 2445 3686 2500 Cantua-

2063 2536 2262 2590 riensis
2292 2534 2466 2589 factus
2498 2540 2581 2587 est
2629 2532 2803 2587 abbas
2850 2532 2920 2587 de
2968 2533 3123 2588 Bure.
3168 2532 3228 2587 ln
3282 2540 3456 2589 estate
3483 2541 3539 2588 et
3581 2549 3686 2589 au-

2064 2631 2293 2693 tumpno
2345 2622 2443 2676 fuit
2478 2621 2716 2676 maxima
2753 2620 2991 2689 siccitas,
3036 2622 3184 2677 unde
3224 2628 3278 2677 et
3321 2623 3464 2678 satio
3505 2629 3683 2691 terre,

2064 2711 2261 2765 messis
2300 2719 2354 2765 et
2382 2710 2566 2764 fenum
2599 2726 2662 2765 ex
2692 2709 2887 2778 majori
2922 2715 3077 2780 parte
3109 2710 3291 2781 periit,
3326 2719 3381 2765 et
3418 2710 3681 2767 collectio

2064 2799 2325 2853 messium
2353 2808 2407 2853 et
2431 2798 2819 2853 vindimiarum
2861 2799 3023 2853 solito
3053 2798 3225 2853 cicius
3263 2798 3466 2853 evenit.
3492 2798 3527 2854 9
3569 2799 3684 2853 Ka-

2061 2888 2253 2943 lendas
2331 2886 2556 2960 Augusti
2649 2887 2962 2942 concordati
3055 2896 3186 2942 sunt
3251 2888 3471 2942 donnus
3535 2904 3687 2959 papa

352 2986 449 3049 sis,
504 2988 811 3041 monachus
857 2985 1031 3039 Becci.
1075 2984 1219 3039 Obiit
1253 2984 1416 3038 etiam
1477 2984 1741 3038 Hadulqu
1794 2986 1966 3040 abbas
1991 3015 2039 3084 Ο
2065 2976 2371 3084 Alexan‘gel‘
2417 2984 2473 3074 0.!
2502 2975 2827 3084 Fredericus
2866 2975 3169 3084 imperatpr
3199 2976 3477 3075 Bouianus
3505 2976 3562 3075 in
3593 2976 3687 3075 ei-

350 3080 764 3145 Salmuriensis,
797 3079 884 3134 cui
933 3078 1197 3133 successit
1238 3077 1517 3132 Manerius
1547 3078 1774 3132 sacrista
1805 3078 1960 3147 ejus-

2065 3065 2230 3121 vitate
2256 3063 2509 3132 Venetie,
2551 3064 2607 3117 in
2666 3063 2831 3119 domo
2868 3064 3176 3134 patriarcha
3212 3064 3390 3135 ipsius
3419 3064 3684 3120 civitatis.

350 3169 477 3224 dem
510 3169 635 3224 loci.
680 3168 827 3223 Obiit
854 3168 1019 3223 etiam
1067 3167 1398 3221 Guillermus
1422 3168 1490 3221 de
1516 3168 1760 3235 Curceio,
1795 3168 1965 3222 relin-

351 3276 531 3332 quens
569 3260 853 3330 parvulum
907 3257 1080 3314 ﬁlium
1130 3276 1194 3313 ex
1226 3258 1339 3312 ﬁlia
1388 3257 1624 3313 Bicherii
1656 3259 1724 3312 de
1750 3258 1960 3330 Aquila.

354 3349 530 3407 Cessit
574 3344 739 3405 etiam
797 3350 852 3404 in
884 3349 991 3405 fata
1030 3349 1347 3404 Willermus
1376 3350 1444 3403 de
1476 3348 1748 3416 Albineio,
1801 3366 1968 3420 quem

353 3439 628 3496 vocabant
663 3438 916 3493 comitem
942 3438 1299 3504 d‘Araundel,
1324 3438 1645 3509 relinquens
1666 3437 1809 3493 ﬁlios
1847 3455 1977 3510 qua-

356 3539 505 3598 tuor,
538 3528 753 3584 scilicet
775 3527 1129 3582 Guillermum
1152 3527 1497 3582 deIAlbineio
1524 3526 1972 3601 primogenitum,

359 3622 561 3677 etalios
574 3627 683 3675 tres
694 3626 852 3675 natos
874 3636 936 3674 ex
968 3620 1138 3674 }Eliza
1161 3619 1372 3693 regina,
1392 3634 1561 3674 uxore
1580 3619 1739 3691 primi
1758 3619 1973 3675 Henrici

355 3710 502 3787 regis
519 3710 840 3785 Anglorum.
862 3709 959 3772 Qui
979 3709 1312 3763 Guillermus
1335 3708 1491 3762 duxit
1521 3708 1767 3763 relictam
1796 3709 1971 3780 Roge-

356 3799 652 3855 riicomitis
666 3798 735 3852 de
751 3796 927 3864 Clara,
951 3794 1117 3851 ﬁliam
1132 3796 1323 3851 Jacobi
1338 3796 1408 3850 de
1424 3797 1621 3851 Sancto
1635 3796 1837 3851 Hilario
1850 3813 1971 3851 cum

357 3893 509 3950 omni
536 3899 699 3956 terra,
732 3907 896 3961 quam
932 3890 1073 3943 idem
1104 3890 1343 3945 Jacobus
1373 3889 1643 3944 habuerat
1674 3890 1728 3944 in
1760 3890 1971 3963 Anglia.

432 3982 720 4053 Philippus
750 3997 935 4037 comes
995 3981 1343 4035 Flandrensis
1381 3987 1607 4052 accepta
1645 3996 1807 4036 cruce
1865 3982 1973 4037 Do-

354 4070 493 4127 mini
525 4087 649 4126 cum
672 4086 872 4145 magna
897 4085 1064 4125 manu
1105 4068 1337 4123 militum
1372 4070 1613 4141 perrexit
1642 4069 1967 4126 Jerusalem.

359 4157 650 4215 Hasculfus
678 4157 748 4213 de
778 4157 978 4213 Sancto
1027 4156 1227 4211 Hilario
1257 4158 1495 4227 perrexit
1533 4158 1862 4224 Jerusalem,
1916 4166 1972 4212 et

353 4267 592 4326 peregre
621 4257 872 4306 mortuus
911 4255 1011 4304 est.
1050 4249 1243 4304 Petrus
1281 4249 1447 4304 frater
1477 4248 1719 4321 Philippi
1754 4248 1970 4304 comitis

352 4342 791 4406 Flandrensium,
837 4349 1064 4413 accepta
1103 4341 1385 4397 comitissa
1424 4342 1755 4397 Nivernensi
1798 4340 1968 4413 (684),

351 4448 463 4505 que
510 4431 690 4488 fuerat
726 4446 865 4488 uxor
894 4430 1103 4487 domini
1143 4430 1560 4485 lssolduncnsis
1597 4429 1760 4486 castri
1805 4430 1972 4498 )685),

352 4535 607 4584 mortuus
656 4534 740 4582 est
775 4526 937 4598 (686).
986 4531 1041 4581 et
1078 4525 1206 4580 ideo
1252 4524 1500 4586 forsitan.
1545 4525 1676 4597 quia
1715 4523 1973 4579 miliciam

355 4615 726 4688 spiritualem,
758 4614 815 4669 id
836 4621 922 4670 est
947 4614 1291 4681 clericatum,
1320 4613 1622 4680 dimiserat,
1654 4620 1847 4683 utpote
1879 4612 1975 4682 qui

357 4703 536 4761 fuerat
555 4706 765 4760 electus
792 4706 860 4760 ad
878 4705 1257 4776 episcopatum
1286 4704 1760 4770 Cameracensem,
1783 4703 1975 4758 relicta

355 4792 629 4865 spirituali
687 4792 894 4849 milicia
936 4794 1098 4848 miles
1123 4793 1295 4848 seculi
1339 4792 1517 4848 factus
1545 4792 1741 4847 fuerat.
1776 4792 1870 4847 Hic
1909 4807 1975 4847 ex

356 4884 554 4941 eadem
592 4884 871 4943 comitissa
918 4885 1112 4959 genuit
1137 4900 1305 4941 unam
1342 4883 1538 4940 ﬁliam.
1595 4883 1765 4948 Quam
1798 4882 1975 4940 comi-

1996 4386 2052 4454 D

2065 3156 2251 3211 Mense
2284 3157 2524 3230 Augusto
2580 3156 2845 3211 Henricus
2888 3172 2983 3210 rex
3033 3156 3327 3231 Anglorum
3381 3157 3568 3213 senior
3627 3167 3691 3213 et

2070 3248 2374 3303 Gaufredus
2404 3249 2512 3303 dux
2540 3249 2947 3315 Britannorum,
2980 3247 3127 3304 ﬁlius
3159 3250 3299 3320 ejus,
3334 3266 3457 3305 cum
3499 3250 3686 3304 maxi-

2069 3356 2161 3395 mo
2192 3348 2455 3410 apparatu
2494 3340 2987 3395 transfretaverunt
3019 3341 3073 3394 in
3106 3341 3518 3407 Normanniam,
3552 3341 3691 3413 qui-

2076 3429 2181 3484 bus
2201 3428 2773 3499 ohviaveruntjunior
2798 3448 2892 3485 rex
2919 3431 3185 3487 Henricus
3208 3439 3261 3487 et
3288 3432 3551 3488 Ricardus
3576 3433 3691 3488 dux

2075 3520 2495 3591 Aquitanorum,
2520 3520 2666 3575 ﬁlius
2686 3522 2825 3589 ejus,
2857 3538 2981 3577 cum
3009 3523 3194 3577 multis
3216 3523 3537 3591 baronibus,
3559 3539 3690 3579 cum

2075 3612 2277 3686 gaudio
2294 3628 2494 3684 magno
2516 3620 2571 3667 et
2589 3613 2800 3667 honore
2818 3613 2927 3667 Rex
2951 3614 3218 3670 Henricus
3244 3615 3543 3686 assumptis
3561 3615 3697 3671 ﬁltis

2075 3707 2191 3761 suis
2240 3707 2472 3763 Henrico
2506 3707 2728 3776 juniore
2769 3714 2825 3763 et
2874 3708 3145 3765 Richardo
3203 3710 3346 3766 duce
3374 3710 3690 3783 Aquitano-

2077 3815 2214 3866 rum,
2272 3808 2328 3854 et
2378 3801 2727 3876 congregatis
2777 3802 3079 3857 baronibus
3127 3803 3241 3857 suis
3289 3802 3438 3875 apud
3478 3804 3693 3858 Vadum

2075 3890 2249 3944 sancti
2289 3890 2542 3965 Remigii,
2584 3908 2706 3947 cum
2732 3908 2860 3967 rege
2892 3893 3225 3949 Francorum
3253 3892 3482 3966 loqutus
3510 3901 3593 3949 est
3624 3910 3696 3950 ea

2077 3997 2185 4052 que
2215 3982 2283 4036 ad
2314 3999 2502 4053 pacem
2534 3991 2681 4050 sunt,
2715 3991 2769 4039 et
2800 3985 2869 4039 de
2894 3986 3246 4057 susceptione
3278 3988 3458 4042 crucis
3483 3988 3552 4042 ad
3572 4002 3700 4042 ser-

2074 4070 2277 4126 vicium
2309 4071 2426 4126 Dei.
2464 4072 2595 4127 Inde
2626 4072 2847 4128 donnus
2880 4089 2971 4128 rex
3002 4074 3154 4129 misit
3193 4073 3364 4129 ﬁlium
3409 4091 3566 4129 suum
3593 4090 3699 4132 co-

2070 4161 2260 4216 mitem
2317 4162 2597 4218 Britannie
2632 4180 2756 4218 cum
2814 4164 3017 4219 ceteris
3064 4164 3381 4220 Britonibus
3421 4165 3487 4220 ad
3517 4181 3699 4236 expu-

2071 4249 2345 4323 gnandam
2375 4250 2692 4321 superbiam
2722 4252 3043 4308 Guihomari
3073 4254 3143 4308 de
3173 4253 3368 4309 Leons.
3399 4254 3695 4311 Mauricius

2072 4337 2367 4408 episcopus
2387 4338 2719 4415 Parisiensis
2736 4340 2848 4408 jam
2871 4340 2966 4395 diu
2985 4346 3067 4395 est
3096 4342 3249 4412 quod
3271 4341 3500 4397 multum
3534 4340 3697 4396 labo-

2077 4435 2159 4480 rat
2189 4434 2244 4481 et
2282 4426 2498 4497 proﬁcit
2546 4427 2601 4481 in
2638 4426 2993 4485 ediﬁcatione
3033 4428 3286 4485 ecclesiae
3321 4430 3583 4502 predictae
3609 4429 3697 4486 ci-

2077 4517 2281 4586 vitatis,
2310 4518 2468 4587 cujus
2500 4529 2664 4589 caput
2680 4520 2792 4589 jam
2826 4520 3133 4591 perfectum
3168 4529 3273 4589 est,
3304 4531 3534 4594 excepto
3571 4538 3699 4578 ma-

2071 4606 2180 4676 jori
2209 4607 2458 4663 tectorio.
2493 4608 2646 4672 Quod
2694 4624 2832 4679 Opus
2879 4610 2923 4664 si
2974 4609 3279 4680 perfectum
3332 4611 3515 4678 fuerit,
3581 4626 3699 4667 non

2077 4698 2184 4753 erit
2224 4714 2364 4769 opus
2392 4698 2527 4753 citra
2557 4708 2796 4769 montes,
2829 4700 2916 4755 cui
2940 4710 3068 4772 apte
3109 4702 3309 4758 debeat
3363 4702 3698 4774 comparari.

2077 4790 2285 4846 Mortuo
2342 4790 2674 4847 Waleranno
2732 4790 2849 4847 ﬁlio
2897 4793 3183 4850 Guillermi
3233 4795 3467 4867 Lupelli,
3527 4795 3703 4851 turris

2077 4882 2240 4937 lbreii
2268 4883 2422 4938 venit
2451 4882 2508 4937 in
2544 4899 2765 4939 manum
2809 4884 3002 4941 domui
3052 4886 3221 4959 regis,
3270 4903 3434 4961 quam
3464 4887 3699 4944 multum

1714 4992 1937 5049 VARI/El
1968 4990 2348 5048 LECTIONES.

428 5066 499 5105 ⁸⁷⁷
527 5066 617 5124 hic
640 5066 841 5123 desinit
870 5067 1152 5138 quaternio
1176 5068 1228 5121 et
1251 5079 1466 5122 manus.

1920 5165 2130 5224 ΝΟΤΑΞ.

422 5270 572 5345 (683)
611 5264 1144 5336 Bartholomzeo,qui
1172 5263 1416 5322 obiitva
1439 5264 1553 5322 Kal.
1589 5263 1719 5321 Jun.
1751 5264 1910 5322 1175.

353 5342 572 5495 Μῗέἓλ)
584 5409 862 5495 Mathilde,
880 5407 1535 5495 ﬁlja'Raimundicom‘iti‘s
1549 5407 1898 5495 Burgundiie,

354 5478 914 5565 primonuptaOdoni
934 5481 983 5565 ll
994 5478 1393 5565 lssoldunensi,
1419 5478 1623 5536 deinde
1652 5478 1888 5536 Guidoni

358 5551 548 5610 comiti
577 5551 923 5609 Nivernensi.
951 5551 1141 5617 BOUQ.

432 5623 577 5696 (685)
602 5622 894 5690 lssoudun,
926 5620 984 5677 in
1014 5621 1204 5692 Berry.

2094 5265 2240 5347 (686)
2292 5266 2352 5323 Α.
2412 5266 2572 5335 1176,
2616 5266 2923 5325 secundum
2990 5268 3205 5327 Contin.
3266 5269 3457 5344 Sigeb.
3517 5274 3700 5347 Aqui-

2010 5336 2176 5393 cinct.

2083 5408 2231 5480 (687)
2298 5409 2550 5476 Falsum;
2610 5411 2927 5468 comitatum
2993 5411 3323 5468 hereditavit
3367 5413 3521 5471 ﬁlius
3582 5414 3700 5473 Ma-

2000 5478 2189 5534 thildis
2215 5478 2381 5548 atque
2411 5481 2680 5539 Guidonis
2710 5482 3051 5538 Guillelmus.
3086 5482 3283 5548 BOUQ.

2090 5551 2231 5618 (688)
2274 5551 2377 5607 Alii
2425 5568 2550 5608 cum
2598 5554 2714 5623 jam
2766 5570 2817 5609 a.
2879 5554 3039 5623 1176,
3089 5564 3287 5627 sponte
3328 5558 3689 5617 renuntiasse

2022 5620 2241 5678 dicunt.
