3916 6064
205 198 318 256 525

359 345 716 387 BOIANORUH.
867 343 1208 397 FRANCORUI,
1385 344 1670 384 ANGLORUH

209 419 510 492 cupierat;
544 435 716 492 quam
769 433 871 472 nec
926 423 1084 488 pater
1122 418 1263 488 ejus,
1319 433 1422 472 nec
1475 433 1610 472 avus
1644 419 1846 472 habue-

210 518 364 567 runt.

289 601 402 655 Rex
452 597 724 654 Henricus
767 595 1011 669 perrexit
1054 595 1109 650 in
1167 595 1563 652 Bituricensem
1620 613 1844 670 pagum,

211 695 271 744 et
297 687 514 760 accepit
543 687 600 742 in
659 703 826 741 manu
867 701 964 740 sua
1008 692 1247 740 castrum
1294 684 1509 740 Radulli
1555 687 1624 741 de
1667 688 1836 756 Dolis,

213 781 349 852 quia
373 785 489 835 erat
529 779 597 834 de
640 777 809 833 feudo
858 777 1000 844 ejus,
1053 783 1107 830 et
1154 775 1322 830 filiam
1382 778 1597 833 unicam
1629 779 1840 834 domini

215 871 476 942 ejusdem
500 870 686 937 castri,
718 877 974 926 cumtota
1000 867 1306 923 hereditate
1330 869 1522 939 ipsius.
1557 887 1720 941 quam
1754 870 1839 926 di-

211 967 352 1016 cunt
379 959 604 1032 quidam
639 965 850 1013 tantum
877 957 1080 1012 valere.
1113 964 1375 1030 quantum
1409 958 1554 1013 valet
1591 960 1840 1015 redditus

212 1051 402 1121 totius.
433 1050 792 1106 Normannie.
836 1049 1207 1104 Isoldunense
1227 1049 1392 1104 etiam
1433 1057 1670 1106 castrum
1721 1067 1844 1107 cum

213 1139 478 1196 omnibus
507 1138 858 1210 pertinentiis
883 1137 1020 1204 suis,
1045 1137 1174 1208 quia
1187 1136 1301 1193 Odo
1320 1137 1578 1193 dominus
1597 1139 1844 1208 ejusdem

1067 192 1413 248 CHRONICA.
1453 222 1523 234 —
1561 186 1939 248 AUCTARIUM
1981 187 2262 246 ROBBRTI
2311 190 2390 246 DE
2429 190 2674 248 MONTE.

3449 201 3557 263 526

1859 323 2069 397 Aquia
2100 339 2286 378 comes
2331 324 2684 381 Flandrensis
2745 326 2977 383 duxerat
3015 327 3128 385 fere
3183 345 3379 388 omnes
3407 335 3556 390 chri-

1947 411 2156 467 stianos
2185 413 2464 468 militesad
2481 413 2868 470 obsiodionem
2893 417 3120 474 Harenc.
3138 418 3245 474 Sed
3268 426 3450 477 tamen
3465 439 3560 480 rex

1947 502 2246 558 Jerusalem
2279 513 2335 558 et
2365 505 2678 574 patriarcha
2709 512 2763 561 et
2791 507 2883 560 alii
2913 507 3157 582 religiosi
3187 511 3312 578 viri,
3343 513 3558 571 haben-

1949 607 2030 652 tes
2055 615 2260 669 paucos
2293 599 2497 654 milites
2525 608 2580 655 et
2606 601 2936 670 servientes,
2962 622 3062 676 per
3083 606 3338 664 virtutem
3369 618 3558 668 sancte

1945 687 2126 741 crucis
2158 687 2408 743 vicerunt
2448 689 2913 746 innumerabilem
2973 697 3271 752 exercitum
3315 716 3560 774 pagano-

1941 793 2058 831 rum
2085 796 2102 844 ;
2135 778 2291 846 cujus
2320 778 2498 834 crucis
2523 779 2811 852 laugitudo
2837 798 2870 836 a
2898 792 3039 838 terra
3065 801 3243 856 usque
3275 788 3339 841 ad
3373 789 3553 845 celum

1941 869 2169 941 paganis
2196 871 2471 940 apparuit,
2501 870 2644 928 sicut
2673 873 2780 945 ipsi
2811 874 3086 932 dixerunt.
3117 878 3174 932 ln
3201 879 3301 935 hac
3329 881 3557 938 victoria

1943 961 2226 1016 christiani
2245 978 2376 1017 auro
2405 973 2462 1018 et
2489 971 2740 1040 argento,
2773 967 2932 1039 equis
2962 975 3017 1024 et
3046 971 3214 1026 armis
3233 979 3286 1028 et
3313 973 3558 1031 victuali-

1945 1051 2050 1107 bus
2069 1052 2386 1123 locupletati
2415 1062 2563 1112 sunt.

2021 1141 2155 1220 1178
2199 1143 2510 1200 [πνείων-ἕσας
2557 1145 2644 1200 27.
2678 1145 2983 1204 Ludovicus
3020 1149 3110 1204 41.
3153 1151 3424 1210 Henricus
3461 1155 3559 1214 25.

214 1228 382 1286 castri
407 1243 586 1300 nuper
606 1227 920 1282 decesserat
966 1233 1022 1282 et
1073 1225 1354 1296 parvulum
1387 1225 1563 1281 ﬁlium
1603 1227 1846 1299 relique-
1963 1259 1976 1268 -
2017 1229 2128 1285 Rex
2171 1230 2438 1286 Henricus
2463 1233 2651 1288 senior
2715 1235 2892 1291 tenuit
2920 1237 3128 1293 curiam
3169 1257 3322 1297 suam
3354 1245 3424 1298 ad
3455 1261 3558 1301 na-

215 1327 322 1388 rat,
345 1327 400 1376 et
417 1322 484 1375 ad
518 1319 836 1376 comitatum
895 1317 1346 1393 Andegavensem
1379 1317 1718 1389 pertinebat,
1746 1319 1845 1373 ba-
1945 1316 2052 1372 tale
2089 1319 2398 1394 Andegavis
2431 1337 2445 1387 ;
2477 1326 2531 1374 et
2583 1321 2658 1376 ibi
2691 1337 2815 1400 cum
2857 1323 2952 1381 illo
2984 1325 3206 1384 fuerunt
3253 1331 3438 1400 iunior
3461 1350 3555 1390 rex

215 1431 406 1480 renes,
442 1415 536 1488 qui
565 1413 702 1470 illud
757 1413 1165 1478 custodiebant,
1211 1413 1534 1468 obtulerunt
1585 1413 1636 1468 ei
1663 1414 1845 1486 :quod
1950 1407 2214 1464 Henricus
2235 1419 2288 1466 et
2323 1411 2626 1467 Richardus
2678 1397 2786 1469 dux
2813 1415 3104 1488 Aquitania
3157 1427 3211 1476 et
3253 1397 3556 1482 Caufredus

217 1503 400 1560 noluit
455 1503 726 1574 recipere,
750 1501 880 1574 quia
933 1516 1044 1558 non
1073 1501 1318 1558 habebat
1362 1502 1646 1571 heredem,
1677 1519 1842 1575 quem
1945 1497 2054 1554 dux
2093 1498 2398 1566 Britannic,
2439 1500 2539 1557 ﬁlii
2592 1503 2735 1572 ejus,
2759 1513 2814 1560 et
2845 1504 2933 1560 vix
2965 1505 3022 1561 in
3046 1507 3231 1582 aliqua
3261 1510 3555 1571 festivitate

212 1595 327 1652 dux
349 1595 686 1670 Burgundie,
715 1593 846 1666 quia
875 1601 1144 1670 cognatus
1169 1593 1292 1663 ejus
1323 1600 1462 1661 erat,
1491 1593 1677 1650 furtim
1710 1595 1840 1650 abs-
1867 1657 1914 1674 ῃ
1945 1597 2024 1646 tot
2063 1591 2265 1646 milites
2285 1608 2470 1649 secum
2529 1593 2745 1662 habuit,
2793 1595 2899 1653 nisi
2927 1597 2985 1653 in
3031 1602 3389 1658 coronatione
3429 1621 3554 1674 sua,

217 1657 741 1742 tulerat.'Castrum
803 1657 978 1740 etiani
1045 1684 1476 1740 munitissimum
1522 1691 1578 1740 et
1626 1691 1741 1742 arte
1787 1695 1842 1743 et
1867 1657 2056 1737 Bsive
2083 1682 2138 1737 in
2177 1683 2536 1739 coronatione
2564 1683 2660 1739 lilii
2685 1685 2768 1740 sui
2793 1687 2938 1762 regis
2960 1689 3220 1760 junioris.
3253 1692 3401 1749 Obiit
3431 1657 3554 1751 Ste:

213 1784 412 1831 natura
439 1775 760 1841 Turonium,
793 1775 1104 1830 vicecomes
1155 1773 1404 1842 ejusdem
1437 1774 1603 1828 castri
1648 1774 1838 1829 reddi-
1941 1773 2156 1844 phanus
2182 1774 2266 1830 vir
2288 1775 2554 1831 honestus
2593 1786 2648 1832 et
2693 1777 2990 1848 litteratus,
3049 1783 3346 1856 episcopus
3373 1787 3557 1844 Redo-

213 1863 388 1920 ditei.
417 1863 606 1920 Totam
652 1863 818 1920 etiam
859 1872 1060 1918 terram
1117 1861 1336 1918 comitis
1382 1861 1451 1917 dc
1507 1862 1722 1918 Marcha
1744 1877 1838 1918 rex
1940 1860 2150 1915 nensis.
2176 1861 2310 1918 Huic
2339 1863 2540 1918 accidit
2571 1864 2807 1936 quedam
2869 1867 3008 1926 visio
3062 1871 3356 1944 mirabilis,
3387 1892 3554 1948 quam

216 1956 490 2012 Henricus
515 1956 550 2011 6
599 1955 828 2011 milibus
866 1955 1066 2011 marcis
1120 1953 1507 2029 argentiemit,
1539 1954 1834 2020 valentem,

211 2053 274 2102 ut
303 2045 451 2100 idem
479 2061 572 2100 rex
596 2044 754 2112 dixit,
776 2043 848 2100 20
895 2042 1050 2100 milia
1093 2059 1306 2099 marcas
1341 2043 1575 2118 argenti.
1611 2041 1840 2114 Episco-

208 2153 316 2209 pus
349 2136 759 2193 Lemoviccnsis
809 2136 980 2208 (689),
1032 2135 1126 2208 qui
1175 2141 1292 2191 erat
1341 2150 1530 2191 comes
1585 2135 1834 2204 ejusdem

203 2228 468 2297 civitatis,
494 2243 618 2283 cum
669 2243 768 2298 per
815 2227 1148 2283 decennium
1203 2225 1430 2282 vixisset
1474 2225 1529 2280 in
1573 2225 1826 2290 cecitate,

206 2322 461 2372 mortuus
489 2327 593 2374 est.
618 2317 864 2374 Castrum
897 2318 1064 2374 etiam
1113 2318 1266 2386 juxta
1297 2319 1602 2389 predictam
1634 2317 1830 2373 civita-

205 2417 320 2464 tem
342 2407 532 2474 situm,
593 2409 650 2463 in
700 2425 811 2480 quo
872 2409 1172 2481 requiescit
1211 2417 1438 2464 sanctus
1485 2407 1746 2462 Martialis
1769 2409 1822 2463 in

201 2497 541 2552 monasterio
571 2512 693 2564 suo,
723 2497 1027 2552 Richardus
1057 2498 1164 2552 dux
1186 2497 1584 2568 Aquitanorum
1601 2496 1825 2552 abstulit

200 2588 516 2645 vicecomiti
545 2590 792 2662 ejusdem
817 2590 978 2646 castri
1016 2591 1192 2662 (690);
1223 2597 1277 2645 et
1307 2589 1523 2654 merito,
1557 2588 1686 2660 quia
1723 2589 1824 2643 ad—

194 2681 882 2754 juvabatpartescomitis
940 2683 1439 2754 Engolismensinm
1502 2682 1667 2752 (601),
1727 2680 1820 2752 qui

197 2769 504 2825 infestabat
543 2770 720 2841 ipsum
753 2771 972 2827 ducem.
1031 2770 1176 2826 Obiit
1201 2771 1461 2826 Ruaudus
1500 2769 1823 2824 Venctensis

196 2863 520 2936 episcOpus,
562 2865 646 2920 vir
701 2865 1018 2939 religiosus,
1072 2866 1378 2921 monachus
1429 2863 1802 2920 Cistertiensis

191 2955 564 3010 Guihomarus
624 2955 695 3012 de
755 2957 923 3012 Leion
972 2956 1124 3012 venit
1179 2957 1248 3012 ad
1309 2958 1576 3013 domuum
1613 2971 1824 3027 regem,

1939 1949 2058 2022 ipse
2097 1953 2394 2026 episcopus
2444 1955 2664 2012 cuidam
2729 1960 3000 2017 monacho
3055 1963 3308 2022 familiari
3365 1977 3554 2026 nostro

1937 2051 2066 2098 ante
2087 2053 2318 2100 mortem
2350 2063 2505 2102 suam
2538 2049 2926 2107 manifestavit.
2955 2053 3198 2119 Quedam
3245 2058 3392 2115 enim
3425 2077 3554 2133 per-

1937 2151 2072 2192 sona
2098 2136 2150 2191 ei
2195 2153 2490 2210 apparens,
2524 2139 2632 2196 levi
2663 2140 2828 2197 sibilo
2887 2143 2986 2199 hos
3039 2161 3230 2202 versus
3281 2149 3332 2205 ei
3363 2150 3501 2206 dixit
3533 2170 3548 2208 :

1936 2226 2128 2281 Desine
2161 2228 2344 2282 ludere
2369 2231 2576 2294 temere,
2627 2232 2794 2284 nitere
2820 2245 3038 2300 surgere
3057 2237 3385 2308 prapcrejde
3415 2238 3548 2308 pul-

1927 2333 2050 2372 uere
2101 2318 2222 2390 lpse
2262 2319 2409 2374 enim
2440 2320 2612 2374 multa
2639 2320 2852 2378 rilmico
2902 2324 3148 2380 carmine
3199 2333 3254 2381 et
3280 2329 3532 2400 prosajo-

1927 2412 2107 2466 cunde
2135 2413 2270 2467 etad
2305 2413 2527 2484 plausus
2557 2415 2843 2471 hominum
2897 2419 3196 2489 scripserat
3265 2428 3366 2487 ;ct
3420 2422 3551 2492 quia

1925 2503 2216 2559 miser-ator
2268 2504 2554 2560 hominum
2601 2522 2725 2561 cum
2795 2505 2852 2562 in
2908 2509 3160 2580 proximo
3213 2512 3540 2568 moriturum

1923 2590 2152 2658 sciebat,
2186 2593 2400 2648 monuit
2427 2609 2552 2648 eum
2586 2601 2700 2648 uta
2733 2595 2938 2651 talibus
2967 2597 3270 2654 abstineret
3291 2606 3346 2654 et
3386 2601 3552 2672 peni-

1923 2685 2146 2738 tentiam
2187 2697 2397 2758 ageret.
2449 2687 2680 2758 Scripsit
2732 2689 2895 2744 etiam
2927 2690 3094 2744 vitam
3125 2691 3301 2746 sancti
3328 2691 3548 2749 Firmati

1923 2775 2194 2848 episcOpi,
2227 2785 2282 2832 et
2321 2779 2484 2834 vitam
2515 2780 2690 2834 sancti
2708 2780 2898 2836 Vitalis
2933 2781 3093 2852 primi
3127 2780 3345 2838 abbatis
3374 2783 3540 2838 Savi-

1925 2863 2072 2937 gneii
2127 2865 2356 2934 Scripsit
2387 2865 2552 2921 etiam
2605 2868 2768 2924 michi
2807 2869 3211 2942 quinquaginta
3250 2885 3445 2926 versus
3470 2871 3541 2928 de

1927 2959 2234 3020 senectute,
2267 2953 2320 3008 in
2353 2971 2585 3026 quorum
2645 2955 2841 3012 ultimo
2877 2957 3250 3028 predictorum
3281 2975 3539 3015 versuum

192 3046 525 3117 prominens
553 3063 614 3102 se
656 3046 726 3103 de
753 3047 907 3104 omni
948 3055 1092 3104 terra
1141 3065 1241 3104 sua
1272 3048 1453 3105 facere
1483 3049 1818 3104 voluntatem
1853 3026 1901 3093 C
1923 3041 2402 3096 unamclausulam
2426 3045 2632 3114 posuit.
2653 3043 2748 3099 Cui
2775 3045 2941 3100 etiam
2957 3054 3130 3102 mater
3161 3047 3542 3104 misericordie

189 3140 334 3208 ejus.
401 3141 681 3213 larnagem
734 3141 804 3198 de
856 3142 1005 3197 Roca
1059 3141 1304 3198 reddidit
1371 3143 1514 3198 idem
1579 3148 1816 3198 castrum

191 3228 402 3285 domno
433 3231 547 3302 regi
574 3239 628 3286 et
658 3231 846 3286 comiti
882 3230 1140 3286 Gaufride
1173 3231 1285 3287 lilio
1343 3232 1482 3300 ejus.
1519 3231 1672 3286 Sicut
1703 3230 1822 3285 fue-

195 3323 282 3373 rat
308 3317 364 3372 in
389 3327 564 3373 estate
596 3319 833 3374 maxima
853 3319 1095 3385 siccitas,
1121 3320 1193 3374 ita
1224 3319 1327 3374 fuit
1366 3319 1548 3374 hieme
1581 3319 1821 3374 maxima

194 3409 492 3466 inundatio
539 3427 827 3481 aquarum.
905 3411 1014 3466 Hoc
1071 3427 1216 3466 anno
1269 3411 1417 3467 circa
1472 3410 1821 3466 festivitatem

195 3501 374 3556 sancti
397 3499 668 3556 Johannis
694 3502 848 3556 multi
893 3502 1184 3557 summersi
1219 3511 1350 3556 sunt
1391 3502 1445 3555 in
1480 3501 1823 3556 ﬂuminibus.

204 3590 266 3644 In
299 3589 436 3644 mari
491 3589 655 3644 etiam
715 3590 884 3644 multe
925 3605 1094 3644 naves
1134 3589 1436 3660 perierunt,
1493 3589 1636 3642 inter
1692 3605 1829 3660 quas

205 3697 344 3744 una,
393 3695 502 3752 que
545 3680 797 3751 portabat
837 3681 1158 3736 Gaufridum
1213 3679 1554 3752 propositum
1618 3680 1686 3735 de
1718 3681 1826 3736 Be-

209 3771 382 3838 verie,
408 3778 663 3842 nepotem
712 3771 932 3845 Rogerii
975 3771 1377 3843 archiepiscOpi
1449 3770 1830 3838 Eboracensis,

211 3861 606 3918 cancellarium
649 3861 792 3933 regis
813 3859 1074 3929 junioris,
1107 3869 1160 3916 et
1191 3861 1330 3916 alios
1363 3861 1567 3917 multos
1596 3859 1830 3927 nobiles,

208 3955 360 4028 apud
391 3954 646 4010 Sanctum
699 3955 1004 4012 Valericum
1035 3956 1218 4027 periit.
1261 3957 1556 4012 Perierunt
1579 3965 1834 4027 prclerea

212 4062 386 4103 naves
414 4047 604 4112 multe,
656 4061 764 4118 que
804 4044 1108 4101 aﬁ'erebant
1173 4046 1360 4102 vinum
1399 4047 1469 4101 dc
1525 4046 1834 4102 Pictavensi

213 4145 457 4212 pago,ut
478 4137 703 4209 quidam
731 4137 940 4205 dicunt,
962 4137 1076 4193 fere
1103 4137 1330 4212 triginta
1369 4139 1451 4194 vel
1485 4154 1552 4194 eo
1575 4139 1830 4210 amplius.

215 4232 278 4288 ln
304 4229 594 4285 festivitate
624 4229 800 4284 sancti
858 4229 1073 4284 Martini
1115 4231 1368 4285 canonici
1430 4231 1694 4286 Dolenses
1722 4231 1838 4284 ele-

214 4330 416 4395 gerunt
481 4321 538 4376 in
603 4319 1078 4392 archiepismpum
1162 4320 1487 4376 Rollandum
1566 4321 1834 4377 decanum

1923 3129 2177 3200 apparuit
2216 3129 2272 3184 in
2305 3129 2458 3186 obitu
2481 3147 2602 3199 suo,
2639 3133 2726 3187 cui
2757 3134 2954 3190 devote
3008 3151 3232 3208 semper
3255 3137 3542 3194 servierat.

1925 3221 2070 3276 Obiit
2099 3223 2405 3279 Gaufredus
2435 3225 2734 3297 episcopus
2763 3227 3192 3302 Andegavensis.
3242 3231 3302 3284 In
3360 3230 3546 3286 media

1925 3313 2370 3389 quadragesima,
2400 3317 2452 3368 4.
2488 3316 2604 3370 Kal.
2669 3318 2891 3389 Aprilis,
2923 3319 3175 3375 dedicata
3203 3322 3544 3378 cstccclesia

1930 3406 2083 3460 Becci
2152 3422 2182 3460 a
2239 3407 2482 3462 Rotrodo
2539 3409 2957 3480 archiepiscopo
3008 3411 3438 3484 Rothomagensi
3492 3423 3548 3469 et

1931 3493 2160 3548 Henrico
2193 3494 2478 3564 Bajocensi
2511 3495 2860 3551 ctRichardo
2914 3497 3238 3553 Abrinccnsi
3268 3507 3324 3554 et
3354 3501 3548 3573 Egidio

1932 3588 2248 3643 Ebroicensi
2288 3589 2581 3660 episcopis.
2630 3590 2763 3645 Huic
2803 3591 3137 3648 dedicationi
3181 3594 3550 3650 interfuerunt

1933 3693 2090 3751 reges
2117 3677 2434 3749 Anglorum,
2471 3685 2626 3749 pater
2683 3687 2738 3734 et
2769 3679 2934 3746 ﬁlius,
2965 3687 3020 3736 et
3057 3681 3337 3738 Jobanues
3366 3682 3550 3740 minor

1935 3763 2080 3820 filius
2107 3765 2270 3838 regis.
2298 3765 2456 3820 Dedit
2475 3771 2657 3821 autem
2693 3783 2783 3822 rex
2809 3769 2998 3825 senior
3021 3769 3077 3824 in
3093 3770 3278 3826 dotem
3309 3771 3548 3828 ecclesie

1938 3853 2039 3910 100
2054 3853 2221 3908 libras
2247 3854 2673 3930 Andegavenses
2686 3859 2992 3923 annuatim,
3012 3859 3069 3914 in
3083 3861 3422 3916 molendinis
3435 3860 3551 3917 suis

1936 3940 2005 3996 de
2044 3941 2269 3998 Roobec
2299 3943 2467 4016 (692),
2513 3945 2780 4001 Robertus
2795 3947 2862 4001 de
2901 3948 3196 4021 Argentiis,
3229 3948 3551 4006 cellerarius

1937 4033 2412 4104 Gemmeticeusis,
2461 4036 2635 4092 factus
2663 4045 2748 4093 est
2785 4039 2958 4094 abbas
2999 4041 3248 4110 ejusdem
3278 4041 3549 4098 ecclesiae.

1937 4121 2208 4178 Galterius
2237 4124 2660 4181 subcellerarius
2707 4127 2894 4182 Sancti
2920 4128 3359 4205 Wandregisilii,
3380 4131 3555 4186 factus

1937 4220 2020 4268 est
2043 4211 2214 4267 abbas
2243 4213 2492 4281 ejusdem
2547 4215 2894 4270 monasterii.
2941 4216 3204 4273 Radulfus
3233 4219 3327 4288 ide
3356 4219 3555 4276 Sancta

1939 4305 2202 4362 Columba
2231 4307 2404 4362 factus
2442 4315 2524 4363 est
2553 4308 2722 4363 abbas
2775 4310 2958 4365 Sancti
2991 4311 3216 4379 Ebrulfi,
3249 4314 3556 4368 monachus

213 4415 630 4481 Abl-incensam,
681 4415 856 4471 virum
912 4415 1228 4488 religiosum
1271 4425 1326 4472 οι
1367 4417 1662 4472 litteratum
1691 4435 1704 4477 ε
1748 4415 1834 4471 cui
1859 4403 1916 4472 ι)
1941 4399 2190 4466 ejusdem
2225 4398 2350 4454 loci.
2387 4399 2533 4454 Obiit
2559 4400 2834 4456 Jordanus
2859 4401 3090 4468 Tessun,
3123 4411 3178 4457 et
3207 4403 3475 4458 successit
3501 4403 3553 4458 ei

214 4503 474 4560 electioni
507 4502 879 4559 interfuerunt
911 4501 1178 4560 Henricus
1201 4505 1582 4573 Bajocensiset
1616 4507 1842 4562 Richar-

215 4597 324 4652 dus
363 4594 716 4650 Abrincensis
801 4595 1074 4667 episcOpi,
1122 4601 1178 4650 et
1229 4597 1500 4652 Robertus
1547 4597 1721 4653 abbas
1772 4598 1840 4653 de

217 4685 427 4752 Monte,
451 4683 676 4740 etmulti
701 4683 801 4740 viri
836 4683 1126 4760 relligiosi.
1158 4685 1216 4738 ln
1242 4691 1401 4740 nocte
1433 4685 1841 4741 sauctiAndree

219 4776 495 4832 factusest
516 4782 713 4830 ventus
743 4775 1080 4842 vehemens;
1115 4783 1170 4830 et
1219 4775 1277 4829 iu
1311 4775 1430 4846 ipsa
1461 4775 1758 4832 festivitate
1788 4781 1843 4831 et

219 4869 280 4925 in
305 4866 549 4940 prodicta
581 4865 766 4940 vigilia
811 4866 1068 4938 apparuit
1106 4867 1197 4922 lux
1249 4867 1484 4922 maxima
1531 4883 1711 4934 mane,
1733 4883 1837 4922 ve-

221 4955 389 5012 niens
413 4955 482 5010 ab
511 4955 725 5010 oriente
755 4969 934 5024 usque
962 4954 1018 5009 in
1066 4954 1416 5010 occidentem
1441 4973 1456 5021 ;
1477 4971 1586 5026 qua
1617 4954 1707 5010 die
1740 4971 1842 5026 pu-

221 5056 534 5128 gnaverunt
582 5047 874 5104 Christiani
908 5063 1032 5103 cum
1081 5047 1315 5120 paganis
1381 5047 1528 5118 apud
1581 5047 1841 5102 Sanctum

225 5141 523 5217 Georgium
557 5139 894 5215 dcnﬁamula.
959 5138 1188 5194 Putabat
1231 5139 1382 5194 enim
1440 5138 1714 5202 Saaladin,
1749 5138 1843 5210 qui

228 5233 708 5288 duxeratuxorem
741 5228 982 5284 Noradin
1006 5227 1118 5298 jam
1181 5226 1450 5294 defuncti,
1482 5227 1630 5299 quod
1657 5235 1847 5298 posset

229 5335 430 5394 capere
465 5319 659 5374 urbem
696 5316 998 5372 Jerusalem
1054 5315 1441 5372 defensoribus
1483 5314 1800 5370 destitutam
1831 5333 1845 5369 :

1942 4493 2209 4548 Radulfus
2257 4493 2404 4548 filius
2464 4493 2605 4564 ejus,
2662 4495 2758 4565 qui
2824 4495 2955 4550 fecit
3002 4495 3308 4551 hominium
3366 4496 3555 4554 abbati

1941 4584 2138 4640 Montis
2167 4583 2313 4656 apud
2346 4585 2584 4640 Montem
2618 4585 2687 4639 de
2715 4584 2936 4639 castello
2957 4584 3026 4640 de
3058 4585 3242 4640 Rocha
3275 4592 3330 4641 et
3356 4585 3425 4642 de
3452 4587 3555 4643 Co-

1942 4675 2153 4731 lumba.
2210 4677 2540 4732 Guillermus
2590 4693 2683 4732 rex
2757 4676 2944 4732 Sicilie
2989 4677 3118 4734 fecit
3170 4687 3372 4736 cartam
3433 4680 3554 4738 fieri

1941 4769 2191 4825 Johanne
2219 4768 2406 4843 regine
2431 4783 2528 4822 sue
2582 4766 2762 4834 uxori,
2804 4767 2875 4822 de
2921 4768 3174 4826 dotalitio
3216 4788 3316 4828 suo
3351 4791 3366 4840 ;
3398 4773 3556 4843 cujus

1944 4863 2153 4929 partem
2187 4856 2276 4910 hic
2303 4855 2588 4925 posuimus
2637 4873 2651 4910 :
2709 4855 3031 4913 Guillermus
3091 4859 3284 4916 divina
3336 4863 3556 4930 favente

1942 4951 2220 5005 clementia
2270 4965 2368 5002 rea:
2414 4948 2616 5013 Sicilie,
2665 4949 2895 5006 ducatus
2946 4953 3160 5022 Apulis,
3207 4955 3558 5024 principatus

1948 5044 2141 5111 Capue,
2171 5056 2273 5111 per
2300 5041 2395 5095 hoc
2441 5033 2664 5111 presens
2685 5043 2950 5112 scriptum
2975 5043 3170 5099 damus
3199 5050 3246 5100 et
3276 5047 3334 5098 in
3360 5044 3562 5098 dotali-

1944 5133 2078 5185 tium
2144 5129 2478 5184 concedimus
2517 5129 2762 5186 Iohanne
2816 5132 3100 5188 karissime
3149 5135 3312 5187 umori
3359 5136 3560 5198 nostra,

1947 5225 2167 5280 Henrici
2225 5225 2504 5292 magniﬁci
2561 5227 2699 5292 regis
2745 5226 3047 5294 Anglorum
3094 5227 3221 5296 filie,
3288 5223 3561 5280 civitatem

1953 5315 2148 5370 Montis
2177 5317 2350 5370 sancti
2373 5299 2594 5386 Angela“,
2623 5318 2890 5372 ciuitatem
2936 5318 3170 5388 Siponti,
3203 5320 3250 5371 et
3293 5319 3562 5371 civitatem

1769 5441 1998 5499 ΝΟΤᾹΞι.

307 5519 456 5590 (689)
487 5515 977 5590 GeraldusiBOUQ.

309 5589 447 5660 {690;
475 5589 743 5644 Ademaro
763 5589 959 5654 nouo,

1962 5503 1978 5515 '
2029 5513 2176 5584 (691)
2199 5511 2471 5584 Guillelmi
2493 5512 2687 5578 aeuo.

2034 5583 2180 5653 (692)
2215 5583 2487 5640 Fluviolus
2521 5584 2870 5659 Rothomagi.
