3916 6064
288 286 398 339 529

422 426 773 465 ROMANORUM.
940 430 1264 467 FRANCUHUM
1444 432 1748 470 ANGIDHUM.

278 511 546 565 foramina
575 508 796 569 camini,
833 514 885 559 et
914 507 1113 560 cecidit
1150 524 1317 578 super
1351 518 1549 564 tectum
1584 512 1810 573 camini,
1844 520 1896 565 et

276 602 383 656 hoc
404 616 531 654 casu
571 606 679 653 tota
708 597 926 651 abbatia
966 598 1250 652 combusta
1281 607 1381 653 est.

354 691 483 743 Cum
518 705 608 742 rex
644 688 974 753 Francorum
1010 687 1177 741 vellet
1228 704 1494 743 coronare
1535 690 1702 745 tilium
1737 709 1891 745 suum

279 778 617 848 Philippum,
660 776 843 847 posuit
882 776 1061 830 locum
1090 776 1292 839 liemis,
1325 780 1616 833 terminum
1653 798 1894 851 assump-

278 867 527 938 ptionem
560 867 718 921 beate
750 865 945 930 Mario;
979 874 1033 919 et
1063 867 1414 939 Cong-egatis
1443 886 1550 938 que
1583 869 1646 922 ad
1686 876 1892 924 tz’mtum

282 956 561 1030 negotium
602 956 915 1010 necessaria
954 963 1131 1022 erant,
1174 968 1226 1010 et
1278 962 1592 1013 convocatis
1638 961 1896 1015 omnilms

282 1050 590 1105 haronibus
626 1049 791 1103 totius
822 1048 976 1121 regni
1011 1049 1234 1103 Francie
1255 1059 1309 1103 ut
1335 1051 1398 1104 ad
1440 1053 1675 1106 eundem
1716 1053 1892 1107 locum

282 1140 666 1204 convenirent,
692 1138 913 1207 juvenis
964 1140 1379 1193 cororonandus
1412 1142 1590 1195 obiter
1633 1160 1753 1195 cum
1784 1143 1897 1195 suis

280 1231 556 1285 similibus
588 1231 644 1284 in
676 1232 864 1285 silvam
895 1239 1147 1285 venatum
1177 1232 1416 1295 divertit,
1452 1243 1505 1287 et
1535 1234 1749 1288 amissis
1776 1253 1892 1288 om-

284 1323 449 1378 nibus
478 1323 664 1388 sociis,
695 1340 792 1393 per
824 1339 984 1376 unam
1020 1332 1236 1377 noctem
1272 1324 1325 1377 in
1365 1326 1498 1380 silva
1534 1327 1898 1396 vagabundus

282 1413 606 1485 permansit.
656 1414 894 1467 Tandem
938 1413 1162 1468 invento
1221 1415 1459 1483 quodam
1504 1415 1746 1483 homine,
1804 1418 1893 1488 qui

279 1506 347 1559 ad
379 1522 520 1576 opus
548 1504 822 1559 fabrorum
872 1504 1145 1559 carbones
1201 1506 1447 1574 parabat,
1506 1524 1603 1576 per
1655 1525 1777 1561 eum
1827 1511 1895 1562 ad

280 1596 466 1650 socios
493 1611 625 1649 suos
658 1595 914 1649 reductus
945 1603 1045 1649 est.
1084 1595 1152 1648 Ex
1186 1595 1482 1649 solitudine
1509 1604 1688 1650 tamen
1715 1605 1767 1651 et
1800 1615 1893 1667 pa-

1164 284 1508 339 CllllONltlA.
1551 319 1618 325 —
1660 288 2034 342 AL'CTARIL'M
2083 288 2361 342 llOBEli'l‘l
2398 288 2476 339 Dii
2521 287 2756 339 MONTE.

3515 286 3621 338 530

1924 424 1969 488 Α
2000 419 2164 484 libra,
2196 419 2410 487 eclipsis
2443 418 2593 478 solis,
2627 432 2733 485 qua
2776 420 2939 467 totum
2991 429 3178 480 auras
3211 415 3325 481 rjas
3377 416 3623 468 obscura-

2000 512 2167 575 bitar,
2214 517 2260 563 et
2304 512 2636 579 oppositione
2672 508 3004 577 preeeilente,
3058 508 3187 560 [una
3227 512 3337 559 tota
3381 509 3623 575 patietur

1996 604 2271 671 eclipsim;
2313 608 2360 656 et
2401 605 2501 655 erit
2528 600 2747 668 eclipsis
2778 600 2905 653 solis
2936 601 3082 661 ig/nri
3109 600 3319 664 coloris,
3357 604 3402 651 et
3437 600 3619 665 defor—

1995 694 2115 755 mis,
2150 693 2425 745 oste/alens
2460 690 2729 758 majorum
2777 689 2969 740 bellum
3014 688 3261 752 futuram
3309 704 3426 742 cum
3477 688 3615 756 cffa—

1997 785 2144 837 sione
2167 785 2477 850 sanguinis,
2520 797 2685 850 prOpe
2712 783 2951 848 ﬂuentia,
2986 781 3039 831 in
3079 784 3222 832 terra
3266 782 3507 844 orientis,
3542 782 3617 831 si-

1996 877 2197 928 militer
2235 880 2279 927 et
2320 876 2608 929 occidentis
2668 876 2814 926 Tunc
2860 872 3016 925 cadet
3048 872 3292 925 dubietas
3333 874 3473 926 inter
3511 871 3611 925 Ju-

1997 968 2119 1021 iieos
2147 973 2190 1019 et
2222 968 2564 1032 Sarracenos,
2609 967 2770 1019 donec
2803 966 3179 1033 derelinquant
3206 966 3419 1033 peni/us
3450 980 3609 1032 syna-

1997 1078 2159 1129 gogas
2197 1066 2243 1114 et
2286 1060 2703 1114 manumnzcrias
2744 1075 2909 1117 suas;
2945 1064 2993 1111 et
3045 1074 3222 1111 eorum
3264 1064 3403 1112 sena
3447 1059 3607 1129 jussu

2002 1156 2093 1208 Dei
2122 1154 2585 1215 adnichilabitar;
2642 1152 2781 1205 unde
2818 1152 2963 1204 vobis
3016 1154 3197 1204 notam
3242 1154 3333 1215 sit,
3395 1155 3449 1203 ut
3490 1168 3608 1205 cum

1998 1245 2240 1312 eclipsim
2292 1243 2561 1303 videritis,
2623 1259 2657 1294 (ι
2710 1247 2853 1295 terra
2912 1244 3115 1295 enotatis
3198 1258 3314 1294 eam
3370 1242 3608 1296 omnibus

1997 1336 2213 1388 vestris.
2250 1333 2336 1386 679.

2072 1426 2228 1479 H80.
2270 1426 2585 1479 Fredericus
2625 1425 2695 1476 20
2765 1425 3059 1477 Ludovicus
3099 1425 3177 1478 £3.
3232 1427 3492 1479 Ilein'icas
3516 1426 3605 1480 27.

2074 1514 2249 1584 [1179.
2287 1513 2445 1566 Mart.
2475 1512 2549 1581 5.]
2588 1512 2655 1565 Ue
2684 1514 2907 1565 concilio
2938 1513 3081 1580 quod
3112 1514 3425 1566 Menander
3463 1530 3611 1582 papa

1999 1609 2185 1660 tertius
2224 1608 2393 1659 tenuit
2451 1607 2615 1657 (inme.
2654 1604 2963 1656 Alexander
2991 1620 3130 1673 papa
3179 1604 3247 1658 lll
3285 1605 3459 1659 tenuit
3514 1624 3610 1679 ge—

279 1705 412 1743 vore
446 1694 646 1741 tamtam
680 1684 1051 1741 infirmitatem
1114 1687 1364 1753 incurrit,
1425 1688 1571 1758 quod
1612 1690 1895 1745 coronatio
1925 1715 1971 1780 Β
1999 1695 2182 1748 nerale
2215 1693 2508 1747 concilium
2543 1692 2710 1745 Itome
2753 1691 2935 1744 media
2967 1690 3411 1763 quadragesima.
3449 1693 3613 1759 Cujus

279 1780 401 1846 ejus
429 1786 558 1833 tunc
590 1777 875 1834 remansit.
908 1779 1064 1832 Pater
1094 1787 1273 1833 autem
1325 1779 1446 1845 ejus
1489 1779 1678 1847 iratus,
1707 1790 1759 1835 et
1800 1800 1894 1852 pro

280 1886 342 1923 se
372 1877 427 1922 et
460 1884 557 1938 pro
589 1867 701 1921 tilio
735 1876 1041 1940 rogaturus.
1067 1870 1133 1922 ad
1161 1869 1477 1923 memoriam
1520 1870 1661 1923 beati
1690 1871 1894 1926 'l‘home

280 1960 335 2013 in
371 1959 617 2030 Angliam
658 1960 917 2029 perrexit,
949 1960 1035 2014 cui
1070 1961 1294 2013 multam
1348 1961 1743 2016 humanitatem
1799 1981 1890 2016 ex-

284 2052 490 2118 hibuit,
524 2067 646 2106 cum
692 2051 743 2105 in
787 2051 977 2105 Galliis
1010 2051 1270 2106 exularet.
1323 2053 1471 2107 Dedit
1507 2062 1687 2108 autem
1750 2055 1891 2109 idem

284 2161 399 2208 rex,
433 2144 503 2198 ob
535 2158 776 2198 amorem
824 2150 878 2197 et
932 2144 1196 2199 honerem
1249 2145 1340 2197 Dei
1381 2154 1435 2199 et
1480 2145 1623 2199 beati
1669 2146 1891 2210 'l‘home,

281 2238 575 2291 monachis
613 2237 666 2290 in
703 2237 1074 2291 Cantuariensi
1129 2237 1366 2291 ecclesia
1412 2238 1620 2310 jugiter
1678 2240 1784 2295 Deo
1815 2242 1895 2295 l'a-

286 2329 624 2384 mulantibus
658 2336 878 2383 centum
902 2329 1117 2383 modios
1146 2329 1279 2393 vini,
1319 2329 1553 2403 singulis
1574 2333 1733 2385 annis
1764 2350 1891 2403 pre-

286 2423 412 2479 l'atis
442 2422 728 2476 monachis
761 2420 1138 2491 accipiendos.
1172 2422 1286 2486 Quo
1318 2429 1499 2476 autem
1531 2424 1762 2489 honore,
1787 2441 1895 2495 quo

286 2513 516 2588 gaudio,
569 2520 624 2567 et
662 2528 823 2583 quam
858 2511 1152 2581 multiplici
1193 2513 1462 2566 donorum
1498 2513 1747 2584 largitate
1802 2532 1895 2569 rex

284 2604 555 2660 Henricus
585 2621 709 2659 eum
742 2604 1069 2674 susceperit,
1100 2620 1208 2659 non
1242 2613 1324 2658 est
1364 2611 1603 2659 nostrum
1650 2606 1892 2661 edicere.

285 2697 503 2752 Manuel
564 2697 858 2766 imperator
912 2697 1546 2767 ConstantinOpolitanus
1599 2699 1897 2754 vindicavit

282 2803 344 2840 se
376 2787 479 2841 hoc
509 2802 654 2839 anno
681 2785 748 2837 de
787 2784 1066 2840 Solimano
1100 2785 1291 2851 lconii,
1324 2786 1417 2856 qui
1447 2802 1593 2841 anno
1624 2789 1895 2857 superiori

286 2880 439 2933 illum
475 2878 755 2949 fugaverat
807 2885 861 2932 et
901 2878 1101 2933 multos
1128 2879 1197 2933 de
1229 2878 1495 2933 militibus
1531 2881 1645 2934 suis
1676 2891 1898 2952 ceperat

288 2972 520 3041 insuper
548 2977 600 3024 et
634 2986 852 3024 crucem
885 2968 1215 3023 dominicam
1251 2969 1300 3022 ei
1334 2969 1651 3025 abstulerat.
1684 2972 1894 3027 Manuel

285 3060 436 3115 enim
472 3060 772 3131 imperator
794 3059 1003 3133 fugavit
1030 3076 1177 3124 eum,
1209 3069 1264 3112 et
1306 3060 1505 3115 multos
1537 3063 1603 3115 de
1630 3062 1897 3117 militibus
1924 3094 1972 3152 (υ

288 3157 412 3223 ejus
434 3155 600 3225 cepit,
660 3161 714 3208 et
755 3155 872 3225 ipse
899 3154 1213 3209 Solimanus
1254 3154 1442 3207 urbem
1481 3156 1649 3211 leonii
1674 3175 1895 3213 vacuam

290 3244 535 3315 reliquit.

362 3334 648 3387 Sententia
678 3333 961 3403 cujusdam
1018 3334 1280 3405 astrologi
1343 3335 1411 3388 de
1467 3336 1641 3409 plagis
1677 3337 1898 3391 tuturis:

296 3426 380 3480 Ab
418 3440 561 3478 (iuno
608 3426 851 3494 presenti
902 3427 1292 3480 incarnationis
1342 3426 1548 3480 (lumini
1586 3430 1755 3479 nostri
1783 3430 1906 3480 .lcsu

293 3516 498 3571 Christi
543 3515 683 3570 1179
711 3518 771 3569 in
796 3520 995 3584 septem
1041 3518 1221 3581 (mnis,
1261 3533 1433 3570 mense
1482 3518 1799 3585 Septembri,
1838 3519 1905 3571 12

293 3608 606 3674 indictione,
657 3609 764 3662 sole
803 3610 1063 3662 cmistentc
1109 3611 1168 3664 in
1207 3610 1368 3674 litn'a,
1401 3612 1523 3673 erit,
1570 3609 1615 3661 si
1648 3612 1904 3664 Dominus

294 3697 541 3760 volitent,
586 3696 890 3765 conjunctio
935 3699 1180 3751 omnium
1224 3700 1569 3767 planetarum
1609 3700 1665 3751 in
1691 3699 1831 3751 libra
1858 3704 1905 3752 et

292 3787 471 3841 cauata
507 3790 822 3857 scorpionis.
856 3789 938 3841 lbi
976 3797 1021 3840 et
1073 3790 1419 3843 admirabilis
1450 3807 1627 3843 rerum
1672 3792 1900 3844 mutabi-

291 3883 429 3935 lium
455 3883 776 3936 mutationis
816 3883 1219 3951 signiﬁcantia:
1267 3888 1553 3953 sequentur
1590 3887 1731 3939 mn‘m
1771 3890 1907 3938 terre

290 3978 464 4030 motus
500 3976 793 4039 mirabilis,
830 3979 879 4029 et
912 3976 1257 4031 destria’ntar
1295 3978 1407 4031 loca
1436 3982 1687 4032 consueta
1716 3980 1905 4046 perdi-

292 4067 451 4134 tioni,
496 4081 592 4134 per
644 4066 937 4119 Saturnum
971 4070 1019 4119 et
1061 4067 1289 4119 Martem
1319 4070 1591 4119 manmtes
1645 4069 1906 4134 insignis

293 4161 436 4213 ueris
460 4177 474 4223 ;
522 4164 570 4213 et
598 4162 701 4213 erit
726 4161 1030 4214 mortalitas
1058 4164 1107 4213 et
1134 4161 1441 4227 inﬁrmitas.
1473 4161 1715 4215 Ostendit
1748 4166 1910 4217 etiam

294 4250 479 4303 eadem
508 4250 809 4318 eonjunctio
837 4255 1048 4305 ventum
1074 4251 1319 4304 validum
1339 4251 1706 4316 ilenigrantcm
1737 4270 1909 4308 acrem

294 4343 343 4389 et
382 4338 665 4397 obscurum
700 4340 1025 4397 reddentem.
1084 4344 1130 4392 et
1170 4342 1381 4393 venenis
1418 4342 1711 4406 infectum;
1759 4346 1804 4394 et
1850 4345 1907 4396 in

1998 1788 2237 1849 decreta,
2283 1804 2390 1857 que
2422 1788 2490 1840 ab
2525 1804 2591 1841 eo
2624 1793 2678 1840 et
2714 1787 2782 1839 ab
2825 1784 2949 1838 aliis
2980 1785 3330 1855 coepise0pis
3383 1786 3502 1854 ejus
3536 1787 3609 1840 ibi

1998 1877 2291 1933 constituta
2324 1884 2473 1943 sunt,
2507 1878 2649 1947 apud
2695 1894 2794 1931 nos
2830 1875 3126 1929 habentur.
3160 1876 3372 1930 .‘llanuel
3434 1878 3609 1946 impe-

2000 1978 2142 2026 rator
2173 1969 2812 2039 Constantiquolitanus
2842 1967 2995 2022 dedit
3038 1968 3293 2022 ltainerio
3327 1968 3438 2021 lilio
3476 1969 3609 2022 Wil—

1998 2062 2151 2116 lermi
2187 2061 2450 2131 principis
2482 2060 2676 2112 Montis
2728 2059 2925 2111 Ferrati
2963 2058 3127 2111 tiliam
3186 2074 3364 2119 suam,
3428 2067 3604 2110 natam

1998 2171 2060 2207 ex
2105 2154 2285 2222 priore
2318 2169 2482 2206 uxore
2514 2168 2633 2204 sua.
2669 2155 2781 2212 Que
2812 2167 2934 2203 cum
2969 2149 3199 2212 diceret,
3232 2165 3289 2202 se
3326 2165 3606 2219 nunquam

1998 2242 2160 2296 alicui
2200 2248 2514 2309 nupturam,
2548 2239 2649 2292 nisi
2685 2245 2829 2292 esset
2861 2254 2947 2290 rex
2977 2256 2987 2289 :
3049 2238 3346 2305 imperator
3393 2238 3606 2291 exhila-

2000 2340 2166 2392 ratus,
2212 2330 2339 2383 fecit
2370 2348 2427 2383 se
2463 2329 2711 2383 eormiari
2747 2334 2798 2380 et
2828 2342 3069 2380 uxorenr
3086 2343 3235 2378 suam
3270 2332 3322 2378 et
3364 2326 3605 2379 Alcxium

2001 2422 2167 2475 lilium
2212 2436 2369 2472 suum
2406 2418 2681 2486 juniorem
2728 2417 3113 2485 impemtorem
3147 2431 3266 2467 eum
3308 2430 3476 2469 uxore
3510 2432 3606 2467 sua

2000 2510 2110 2565 ﬁlia
2144 2509 2287 2581 regis
2331 2508 2676 2560 Francorum.
2723 2504 2989 2557 Similiter
3023 2503 3149 2556 fecit
3196 2503 3447 2557 coronari
3484 2503 3610 2556 itai-

1999 2600 2211 2654 ncrium
2264 2594 2434 2650 lilium
2494 2593 2756 2647 marchisi
2797 2591 2999 2646 Montis
3050 2591 3249 2644 Ferrati
3320 2607 3443 2643 cum
3502 2590 3611 2643 lilia

1997 2706 2116 2752 sua,
2151 2704 2312 2758 quam
2344 2685 2390 2737 ei
2426 2684 2760 2749 dederat;et
2795 2680 2946 2734 dedit
2979 2680 3026 2732 ei
3058 2681 3322 2733 honorem
3350 2679 3614 2733 'l‘hesolo—

2000 2783 2331 2845 nicensium,
2362 2779 2455 2851 qui
2497 2787 2579 2832 est.
2618 2778 2849 2831 maxima
2893 2783 3132 2845 potestas
3167 2774 3319 2845 regni
3361 2773 3444 2826 sui
3492 2782 3614 2843 post

2000 2876 2270 2932 civitatem
2303 2870 2981 2941 ConstantinOpolitanam.
3047 2866 3244 2937 {ll79.]
3309 2866 3613 2930 Conradus,

1999 2973 2165 3026 frater
2189 2968 2433 3037 ejusdem
2486 2965 2745 3031 llainerii,
2797 2963 2945 3034 cepit
2986 2972 3049 3018 et.
3080 2961 3437 3015 incarceravit
3471 2960 3615 3014 Chri—

2000 3065 2237 3119 stianum
2293 3059 2769 3129 archiepisCOpum
2811 3056 3245 3128 Maguntiensem
3298 3062 3351 3107 et
3390 3053 3615 3108 cancel-

2006 3160 2196 3214 lariam
2230 3155 2578 3227 imperatoris
2629 3154 3071 3207 Alcmannorum.
3128 3151 3237 3204 Rex
3282 3148 3515 3214 Marroc,
3560 3149 3613 3202 in

2004 3253 2160 3321 cujus
2193 3255 2461 3321 potestate
2493 3252 2576 3300 est
2620 3252 2732 3299 tota
2766 3242 2977 3307 Alirica,
3020 3248 3074 3295 et
3105 3241 3269 3296 etiam
3308 3240 3615 3306 Sarraceni,

2005 3342 2096 3413 qui
2130 3349 2257 3395 sunt
2289 3339 2340 3391 in
2367 3335 2643 3405 Hispania,
2690 3328 2939 3387 mittebat
2977 3330 3143 3383 tiliam
3177 3346 3354 3392 suam,
3384 3335 3441 3381 ut
3494 3328 3616 3398 qui-

2007 3434 2128 3485 dam
2192 3447 2280 3483 rex
2325 3431 2745 3480 Sarracenorum
2790 3422 3019 3474 duceret
3070 3434 3189 3473 eam
3258 3418 3312 3469 in
3368 3433 3615 3473 uxorem.

2006 3529 2179 3591 Quam
2220 3523 2392 3577 stolas
2423 3529 2475 3575 et
2503 3519 2655 3590 galce
2690 3516 2836 3589 regis
2857 3514 3045 3568 Sicilie
3080 3513 3411 3567 invenerunt
3438 3519 3491 3566 et
3526 3512 3618 3565 ad-

2008 3618 2281 3671 duxerunt
2309 3612 2374 3665 ad
2413 3610 2692 3663 dominum
2737 3622 2930 3668 suum;
2963 3603 3109 3657 unde
3142 3620 3235 3655 rex
3274 3604 3416 3656 lctus
3456 3603 3614 3671 paci-

2008 3704 2201 3758 ﬁeatus
2221 3709 2299 3755 est
2323 3717 2443 3754 cum
2470 3704 2633 3768 patre.
2654 3695 2796 3762 ejus,
2828 3694 2919 3747 illa
2943 3692 3189 3754 reddita;
3226 3699 3280 3745 et
3327 3698 3479 3761 pater
3499 3691 3618 3759 ejus

2008 3792 2247 3849 reddidit
2276 3790 2388 3862 regi
2421 3786 2606 3841 Sieilie
2645 3786 2784 3839 duas
2814 3784 3082 3849 civitates,
3124 3782 3338 3836 scilicet
3368 3780 3615 3834 Ali'rieam

2008 3897 2061 3944 et
2107 3887 2375 3951 Sibiliam,
2410 3899 2572 3955 quam
2620 3879 2902 3934 Sarraceni
2953 3878 3296 3932 abstulerant
3337 3876 3617 3931 Willermo

2011 3978 2123 4051 regi
2155 3975 2361 4040 Sicilie,
2387 3971 2527 4043 patri
2559 3970 2714 4024 istius
2746 3968 2911 4042 regis.
2941 3967 3141 4038 [ll'ltL]
3170 3967 3277 4021 Rex
3294 3966 3621 4033 Jerusalem,

2011 4066 2269 4137 princeps
2308 4068 2527 4115 sanctus
2583 4066 2637 4112 et
2693 4060 2982 4112 honestus.
3035 4073 3064 4109 a
3126 4057 3235 4110 Deo
3291 4055 3620 4129 llagcllatus,

2011 4154 2139 4225 quia
2166 4150 2408 4225 ﬂagellat
2438 4149 2578 4202 lleus
2610 4163 2830 4200 ouuiem
2866 4144 3036 4199 lilium
3072 4162 3234 4216 quem
3282 4144 3499 4215 recipit,
3532 4144 3623 4197 ad-

2006 4247 2159 4314 jutus
2205 4262 2234 4298 a
2291 4241 2689 4297 ehristianitale
2751 4240 3138 4307 transmarina,
3194 4240 3323 4293 fecit
3385 4246 3621 4293 castrum

2013 4334 2440 4389 munitissimum
2483 4338 2537 4385 et
2567 4337 2681 4384 arte
2714 4337 2768 4384 et
2802 4337 2992 4382 natura
3033 4346 3200 4398 super
3249 4329 3470 4382 ﬂuvium
3501 4328 3620 4381 Jor-

294 4432 447 4483 vento
485 4444 590 4483 v0.1:
629 4431 888 4484 terribilis
917 4432 1189 4497 multetur,
1223 4436 1269 4485 at
1301 4433 1519 4485 terrebit
1550 4434 1713 4487 corda
1741 4436 1908 4488 liomi-
1940 4462 1986 4525 1)
2009 4431 2228 4493 danem,
2262 4428 2409 4498 quod
2435 4432 2657 4481 vocatur
2692 4425 2894 4478 \"adum
2927 4423 3118 4485 Jacob,
3155 4422 3245 4475 ubi
3280 4423 3514 4475 luctatus
3537 4431 3622 4476 est

296 4535 449 4581 nmn,
495 4523 541 4573 et
582 4537 616 4572 (ι
646 4523 951 4584 renonibus
989 4524 1228 4575 arenosis
1285 4524 1590 4577 sabulonem
1645 4528 1904 4595 (recipiet;

296 4611 514 4665 harenis
546 4614 791 4666 civitates
822 4615 1107 4681 prore-imas
1154 4616 1211 4666 in
1240 4616 1478 4681 planicie
1521 4621 1803 4684 eoopm'iet,
1862 4623 1910 4671 et

293 4702 470 4769 primo
524 4701 767 4755 civitates
804 4703 1110 4763 orientales,
1168 4705 1383 4767 Ml't‘tllﬂ,
1446 4706 1643 4757 Balelas
1709 4712 1755 4759 rt
1814 4709 1911 4759 Ba-

298 4792 577 4857 biloniam,
609 4796 656 4845 et
676 4808 852 4846 omnes
874 4790 1117 4846 civitates
1140 4796 1418 4860 proximas
1437 4795 1713 4849 han-noxis
1744 4798 1871 4849 locis
1895 4814 1907 4859 ;

297 4881 449 4934 nulla.
479 4882 693 4950 quidem
732 4882 916 4937 evadet
946 4898 1048 4952 quc
1085 4884 1298 4936 harenis
1346 4888 1395 4937 et
1449 4891 1593 4939 terra
1626 4903 1734 4941 non
1788 4904 1909 4955 ope-

297 4975 497 5028 riatur.
530 4977 700 5042 Signa
729 4980 911 5029 autem
940 4974 1103 5043 hujus
1133 4978 1213 5028 rei
1236 4983 1361 5032 sunt
1392 4979 1480 5032 hcc
1535 4983 1581 5032 et
1611 4980 1908 5047 precedent.

296 5068 420 5120 Erit
460 5068 514 5120 in
539 5066 717 5120 eodem
745 5083 887 5120 mmo
915 5071 1206 5136 antequam
1239 5071 1453 5138 planele
1497 5074 1818 5125 conveniant
1859 5089 1912 5125 in

2007 4520 2175 4575 Jacoh
2201 4537 2323 4573 cum
2347 4518 2573 4590 angelo;
2594 4516 2894 4585 jucundum
2920 4513 3214 4566 amt-nitate
3247 4528 3530 4565 nemorum
3565 4523 3620 4567 et

2012 4622 2289 4683 pratorum
2313 4619 2366 4665 et
2389 4610 2620 4680 piscium
2652 4616 2704 4660 et
2730 4605 3197 4668 molemlinormn,
3221 4613 3277 4659 et
3309 4604 3615 4674 proximum

2013 4704 2329 4757 civitatibus
2377 4700 2591 4754 llelinas
2632 4708 2684 4753 et
2726 4699 2937 4751 llamas.
2978 4698 3035 4750 Et
3066 4698 3194 4768 quia
3233 4696 3496 4771 Agarcnis
3524 4715 3623 4768 per

2016 4801 2118 4854 hoc
2147 4799 2343 4852 vadum
2388 4795 2648 4849 transitus
2693 4799 2773 4847 est
2806 4793 2856 4845 in
2893 4798 3036 4846 terra
3068 4792 3521 4858 christianorum,
3557 4794 3623 4847 il-

2014 4890 2105 4943 lud
2133 4904 2295 4958 quam
2330 4888 2563 4957 plurimo
2594 4885 2722 4939 odio
2766 4884 2988 4939 habent.
3025 4885 3171 4938 Obiit
3212 4884 3478 4958 Rogerius
3510 4884 3627 4937 Wi-

2013 4972 2865 5051 gornensisepiseopusTuronis
2897 4972 3058 5039 (ΟΞΠ),
3094 4973 3175 5025 vir
3195 4989 3399 5042 genere
3432 4982 3485 5025 et
3511 4989 3629 5026 mo-

2018 5070 2165 5124 ribus
2188 5070 2476 5133 honestus;
2510 5066 2784 5137 siquidem
2814 5074 2969 5138 pater
2999 5066 3120 5135 ejus
3153 5066 3422 5121 ltohcrtus
3444 5078 3631 5118 comes

1656 5218 1873 5272 VAlll/E
1902 5216 2274 5272 LECTIONES.

371 5349 440 5382 θη
470 5349 664 5403 abhinc
695 5350 912 5404 habitas
950 5366 1141 5403 manus
1169 5350 1453 5418 paululum
1477 5355 1687 5405 tantum
1716 5357 1978 5411 mutatur,
2024 5368 2128 5404 non,
2158 5364 2344 5403 manus
2379 5349 2512 5416 ipsa.
2555 5348 2611 5400 lu
2647 5364 2776 5403 voce
2816 5368 2833 5396 ιι
2863 5344 3068 5400 exeatis
3095 5361 3216 5397 cum
3256 5366 3275 5384 ιι

298 5420 353 5475 in
400 5420 508 5475 line
539 5419 677 5486 folii,
701 5421 1067 5492 sequentibus
1096 5421 1338 5476 omissis.

3314 5338 3513 5393 desinit
3540 5339 3627 5393 Eii.

1862 5532 1897 5584 Ν
1907 5531 2066 5585 ΟΤέΕ.

370 5657 519 5727 (ὸ97)
556 5657 612 5713 Α.
653 5659 803 5713 1179.
844 5657 1147 5714 secundum
1191 5658 1548 5714 Benedictum
1584 5658 2103 5731 l’etrolmrgensem.
