3916 6064
249 245 364 304 533

395 389 758 433 ROMANORUI.
905 388 1231 430 PRANCORUI
1243 417 1254 430 .
1400 390 1712 432 ANGLORUI.

247 466 437 540 [1180]
473 464 780 520 Ludovicus
809 479 902 520 rex
967 465 1192 521 Francie
1246 482 1370 522 cum
1422 469 1864 545 incidissetgra-

245 559 538 616 vissimum
567 556 958 632 egritudinem,
1019 557 1308 630 Philippus
1340 560 1530 628 junior
1594 579 1688 618 rex
1719 564 1866 620 filius

246 652 394 721 ejus,
416 649 606 707 nescio
635 664 747 720 quo
776 648 1009 705 consilio
1035 649 1253 718 ductus,
1271 663 1617 710 sacramento
1637 670 1698 710 se
1723 655 1863 712 obli-

244 739 418 812 gavit,
445 737 596 810 quod
635 737 866 793 duceret
902 737 1026 794 loco
1070 743 1125 794 et
1187 745 1438 812 tempore
1493 739 1660 797 filiam
1715 743 1862 814 (705)

248 827 506 883 Balduini
533 827 754 884 comitis
781 827 1188 885 Henacensium
1223 831 1279 886 in
1310 845 1562 900 uxorem,
1589 843 1770 891 natam
1797 853 1864 892 ex

250 933 446 974 sorore
495 917 716 974 comitis
765 919 1208 987 Flandrensium;
1240 928 1295 976 et
1335 921 1452 992 ipse
1494 938 1683 980 comes
1730 941 1862 980 con-

250 1006 416 1062 cessit
453 1007 528 1076 ei,
558 1006 708 1079 quod
739 1014 863 1078 post
889 1014 1120 1064 mortem
1161 1024 1317 1064 suam
1344 1010 1575 1066 haberet
1614 1013 1668 1067 in
1703 1012 1864 1068 here-

252 1095 478 1150 ditatem
500 1095 821 1151 comitatum
847 1095 1266 1166 Flandrensem,
1309 1099 1560 1171 quamvis
1587 1101 1731 1156 idem
1771 1118 1867 1158 co-

249 1200 371 1242 mes
401 1185 631 1241 haberet
659 1186 932 1243 masculos
979 1188 1216 1245 heredes
1275 1189 1345 1246 de
1402 1191 1651 1262 predicta
1678 1209 1865 1252 sorore

248 1275 538 1334 comitissa
566 1276 894 1333 Henacensi.
926 1278 991 1334 Et
1015 1279 1123 1336 hoc
1152 1279 1284 1338 fecit
1311 1282 1459 1338 idem
1481 1298 1574 1338 rex
1603 1283 1725 1340 sine
1739 1301 1868 1341 con-

245 1365 374 1422 silio
414 1366 607 1442 regine
653 1367 845 1424 matris
894 1384 994 1424 sue
1050 1372 1106 1424 et
1153 1371 1549 1428 avunculorum
1616 1389 1863 1441 suorum,

243 1460 520 1518 Willermi
577 1461 866 1516 Remensis
904 1461 1332 1536 archiepiscOpi,
1396 1465 1616 1523 Henrici
1659 1468 1876 1524 comitis

244 1550 556 1617 Trecensis,
585 1549 852 1607 Teobaldi
903 1551 1256 1607 Larnotensis
1329 1553 1597 1626 Stephani
1639 1555 1875 1612 Sancer—

249 1639 476 1708 rieusis,
499 1648 555 1696 et
607 1640 842 1696 aliorum
895 1640 1198 1697 amicorum
1249 1657 1498 1699 suorum.
1557 1644 1714 1700 Unde
1788 1645 1872 1703 illi

247 1731 512 1814 commoti
541 1730 915 1804 requisierunt
938 1733 1198 1788 auxilium
1233 1734 1449 1790 Henrici
1485 1736 1630 1810 regis
1659 1737 1864 1811 Anglo-
1905 1699 1955 1768 Β

1119 244 1468 302 CHRONICA.
1512 277 1582 287 —
1619 246 2003 304 AUCTARIUM
2048 246 2331 304 ROBERTI
2372 247 2454 302 DE
2491 247 2736 304 MONTE.

1881 376 2362 450 Asolimitanum,
2396 377 2442 432 si
2499 377 2718 444 vixerit,
2757 377 2937 450 [1180,
2986 379 3115 452 Sep.
3176 379 3263 454 18]
3315 380 3464 439 Obiit
3487 382 3596 440 Lu-

3485 253 3593 310 331

1965 471 2223 526 dovicus.
2253 487 2351 527 rex
2408 471 2764 539 Francorum,
2819 471 2906 527 vir
2959 472 3257 547 religiosus
3303 479 3358 530 et
3395 475 3597 532 timens

1967 558 2156 626 Deum,
2223 565 2278 614 et
2335 559 2588 629 sepultus
2672 565 2758 614 est
2821 557 2876 615 in
2958 561 3198 632 quodam
3254 564 3592 620 monasterio

1966 649 2343 706 Cisterciensis
2391 650 2602 706 ordinis
2657 651 2828 722 (707),
2914 651 3063 724 quod
3117 652 3237 724 ipse
3298 652 3594 712 ediﬁcave-

1965 745 2065 794 rat.
2097 737 2194 793 Cui
2225 738 2493 794 successit
2547 737 2698 794 filius
2764 739 2885 808 ejus
2939 738 3227 811 Philippus
3301 741 3443 798 sicut
3476 729 3614 812 jam.

1965 841 2132 896 supra
2157 825 2414 880 diximus.
2471 825 2781 882 Gaufredus
2831 825 2978 882 filius
3045 828 3311 884 naturalis
3363 829 3584 887 Henrici

1965 917 2112 990 regis
2173 917 2468 991 Anglorum
2519 917 2776 984 senioris,
2847 917 3038 974 relicta
3087 919 3323 974 ecclesia
3388 920 3585 978 Linco-

1965 1003 2154 1070 liensi,
2181 1005 2249 1058 ad
2276 1021 2439 1076 quam
2471 1005 2682 1061 electus
2734 1005 2933 1074 fuerat,
2987 1005 3164 1063 factus
3201 1015 3285 1064 est
3311 1009 3588 1066 cancella-

1967 1098 2080 1153 rius
2107 1097 2254 1173 regis
2279 1099 2449 1169 patris
2465 1101 2574 1154 sui.
2619 1099 2793 1172 [1180]
2865 1099 3012 1156 Obiit
3036 1099 3255 1158 Manuel
3286 1103 3588 1174 imperator

1968 1188 2632 1262 Constantinopolitanus,
2678 1200 2735 1247 et
2789 1192 3056 1248 successit
3092 1192 3144 1248 ei
3191 1193 3410 1250 Alexius
3437 1193 3589 1251 ﬁlius

1967 1284 2112 1355 ejus,
2146 1291 2310 1340 natus
2331 1301 2398 1340 ex
2437 1299 2630 1341 sorore
2648 1285 2942 1342 Raimundi
2969 1287 3238 1357 principis
3276 1287 3587 1344 Antiochie.

1967 1371 2068 1429 Hic
2093 1372 2251 1428 duxit
2280 1373 2450 1428 ﬁliam
2491 1373 2751 1428 Ludovici
2801 1374 2948 1448 regis
2993 1375 3346 1432 Francorum.
3377 1375 3593 1432 Mansa-

1975 1483 2100 1522 muz
2129 1483 2224 1523 rex
2252 1467 2708 1536 Malsamitorum,
2757 1467 3018 1548 qui'fere
3062 1469 3379 1526 dominatur
3425 1470 3594 1527 totius

1977 1561 2192 1628 Aﬂrice,
2254 1560 2576 1618 reediﬂcare
2657 1562 2808 1633 cepit
2874 1561 3224 1638 Cartaginem
3284 1565 3592 1637 antiquam,

1973 1653 2196 1723 adjutus
2217 1653 2287 1708 ab
2328 1653 2588 1709 omnibus
2652 1653 2938 1727 Agarenis,
2967 1654 3058 1726 qui
3091 1661 3292 1710 terram
3315 1655 3466 1710 illam
3495 1655 3592 1712 in-

1975 1747 2181 1804 colunt.
2212 1747 2355 1804 Obiit
2397 1749 2708 1804 Solirnanus
2769 1747 2962 1815 Iconii,
3021 1749 3116 1822 qui
3173 1749 3409 1806 multum
3453 1749 3596 1806 chri-

247 1837 370 1877 mm
395 1819 653 1885 senioris:
681 1827 872 1877 contra
893 1830 1158 1894 ηθΡοίθπι
1183 1838 1344 1878 suum
1363 1823 1640 1893 iuniorem
1673 1842 1862 1898 regem
1957 1836 2166 1892 stianos
2202 1836 2468 1910 diligebat
2495 1843 2550 1892 et
2575 1837 2749 1892 multa
2797 1836 2946 1892 bona
2999 1819 3082 1893 eis
3111 1835 3352 1895 faciebat
3380 1845 3437 1894 et
3463 1855 3594 1896 suc—

247 1917 584 1972 Francorum
612 1915 952 1988 Philippum.
1013 1916 1318 1972 Balduinus
1345 1917 1520 1973 abbas
1549 1918 1862 1990 Fordensis,

249 2007 628 2066 Cisterciensis
684 2009 898 2066 ordinis
935 2010 1264 2078 monachus,
1327 2027 1527 2086 magne
1557 2011 1865 2088 relligionis

246 2108 304 2157 et
328 2101 640 2157 litterature
667 2100 856 2170 homo,
879 2101 1091 2158 electus
1142 2110 1229 2158 est
1265 2103 1333 2158 ad
1365 2103 1744 2176 episc0patum
1775 2105 1865 2161 Vi-

241 2189 618 2264 geruiensem.
650 2188 794 2245 Obiit
843 2191 1114 2247 Robertus
1169 2191 1341 2247 abbas
1389 2192 1685 2249 Glastonie.
1719 2193 1864 2249 Obiit

246 2280 415 2335 etiam
439 2279 720 2335 Johannes
750 2279 1047 2351 episcopus
1097 2279 1470 2348 Cicestrensis,
1528 2281 1617 2336 cui
1645 2298 1866 2338 succes-

245 2367 319 2424 sit
345 2367 592 2424 Sefridus
629 2369 970 2426 canonichus
987 2369 1238 2439 ejusdem
1269 2371 1524 2428 ecclesie.

318 2459 455 2514 Ante
494 2459 698 2530 pascha
746 2457 1112 2516 transfretavit
1167 2475 1260 2516 rex
1303 2460 1568 2516 Henricus
1587 2461 1776 2518 senior
1804 2463 1865 2518 in

247 2549 662 2618 l‘ormanniam,
703 2557 759 2604 et
812 2549 991 2605 tenuit
1033 2549 1242 2605 curiam
1281 2565 1434 2604 suam
1485 2549 1542 2606 in
1572 2549 1864 2607 festivitate

247 2639 452 2710 pasche
506 2636 890 2695 Cenomannis.
939 2638 1109 2704 .Obiit
1163 2638 1480 2695 Willermus
1531 2639 1704 2696 abbas
1761 2640 1863 2696 Ca-

245 2730 380 2786 dum
421 2729 568 2802 (706)
599 2747 616 2797 ;
657 2738 713 2786 et
748 2730 1015 2786 successit
1069 2731 1123 2786 ei
1160 2731 1352 2786 Petrus
1386 2731 1637 2800 sacrista,
1669 2748 1865 2788 mona-

247 2823 387 2880 chus
415 2823 664 2892 ejusdem
690 2822 816 2879 loci.
855 2822 1054 2894 [1180.]
1091 2825 1150 2878 ln
1181 2823 1273 2880 die
1303 2823 1648 2880 ascensionis
1678 2825 1861 2881 domi-

247 2915 373 2970 nice
405 2914 690 2986 Philippus
731 2914 922 2984 junior
973 2931 1067 2971 rex
1106 2915 1438 2972 Francorum
1497 2915 1628 2972 fecit
1651 2931 1856 2972 conse-

247 3006 388 3062 crari
418 3006 473 3061 in
500 3006 744 3080 reginam
812 3022 1038 3063 uxorem
1090 3023 1264 3075 suam,
1307 3015 1363 3062 et
1447 3007 1694 3064 coronati
1732 3013 1861 3062 sunt

255 3103 374 3174 ipse
396 3109 453 3157 et
480 3102 600 3174 ipsa
627 3101 698 3156 ab
729 3103 1150 3174 archiepiscopo
1209 3103 1538 3170 Senoncnsi,
1570 3102 1718 3158 unde
1748 3119 1868 3158 ma-

246 3192 336 3268 gis
361 3193 531 3248 iratus
559 3199 643 3248 est
667 3192 1117 3264 archiepiscopus
1163 3192 1472 3259 Remensis,
1495 3193 1591 3264 qui
1644 3207 1872 3248 corona-

249 3284 330 3340 vit
358 3300 485 3340 eum
512 3283 570 3340 in
591 3299 796 3358 regem.
859 3283 1003 3340 Obiit
1032 3283 1304 3340 Guarinus
1330 3284 1398 3338 de
1425 3283 1653 3339 Girardo
1685 3285 1869 3339 archi-

255 3377 558 3448 episcopus
588 3376 968 3442 Bituricensis,
1001 3377 1096 3449 qui
1135 3377 1290 3448 prius
1319 3376 1495 3432 fuerat
1521 3377 1696 3432 abbas
1727 3377 1871 3432 Pon-

252 3467 594 3522 tiniacensis.
627 3465 805 3540 [1181]
857 3465 1002 3521 Obiit
1025 3465 1306 3522 Johannes
1335 3465 1632 3537 episcopus
1665 3465 1869 3521 Carno-

253 3558 450 3626 tensis,
501 3557 594 3630 qui
648 3558 954 3629 ,descripsit
1042 3558 1360 3630 passionem
1459 3557 1610 3613 beati
1665 3558 1870 3614 Thome

254 3645 1078 3718 Cantuariensisarchiepiscopi
1105 3653 1158 3702 et
1188 3646 1440 3717 martyris
1473 3663 1487 3710 ;
1517 3644 1695 3701 fuerat
1715 3646 1864 3701 enim

252 3760 380 3800 cum
406 3759 472 3799 eo
501 3748 856 3800 conversatus
894 3742 951 3796 in
1009 3741 1173 3798 exilio
1217 3741 1304 3796 σεο.
1364 3739 1674 3796 Teobaldus
1714 3741 1866 3811 prior

253 3833 508 3904 Crispeii,
565 3832 868 3889 monachus
929 3831 1326 3898 Cluniacensis,
1391 3829 1658 3885 successit
1713 3829 1866 3884 Guil-

253 3927 431 3984 lermo
456 3925 638 3981 abbati
670 3923 1038 3980 Cluniacensi.
1073 3923 1219 3984 Obiit
1259 3923 1630 3998 [ngerrannus
1659 3921 1726 3977 de
1759 3921 1867 3976 Du-

256 4024 392 4081 met,
433 4014 578 4070 ﬁlius
616 4013 870 4070 Richardi
915 4013 984 4068 de
1017 4013 1213 4069 Humet
1247 4030 1262 4079 ;
1295 4011 1385 4068 cui
1429 4013 1698 4067 successit
1721 4010 1869 4068 ﬁlius

259 4109 386 4180 ejus
415 4107 736 4172 Richardus,
795 4112 958 4162 natus
987 4121 1052 4161 ex
1109 4103 1223 4161 ﬁlia
1260 4104 1546 4160 Guillermi
1587 4103 1657 4160 de
1689 4104 1876 4159 Simil-

262 4205 375 4260 leio
404 4204 492 4258 εει.
535 4203 677 4259 Obiit
703 4203 788 4258 vir
817 4202 1168 4278 plangendus
1190 4202 1508 4258 carissimus
1540 4217 1697 4258 meus
1729 4201 1874 4256 Gau-

258 4292 451 4349 fredus
497 4291 568 4347 de
617 4291 799 4346 Monte
846 4290 988 4346 Forti
1038 4290 1095 4344 in
1151 4290 1451 4357 Britannia,
1501 4289 1590 4344 cui
1657 4304 1873 4344 succes-

259 4383 332 4439 sit
360 4381 506 4438 filius
579 4381 719 4450 ejus,
775 4386 935 4436 natus
979 4396 1048 4436 ex
1098 4379 1212 4436 ﬁlia
1268 4378 1537 4436 Rualendi
1601 4379 1670 4434 de
1724 4377 1868 4432 Saie.

264 4474 380 4529 Rex
439 4471 920 4528 Jerosolimitanus
1007 4471 1306 4526 Balduinus
1398 4469 1553 4524 dedit
1627 4484 1874 4524 sororem

261 4586 419 4626 suam
439 4570 655 4626 cuidam
687 4569 898 4640 optimo
947 4567 1131 4632 militi,
1189 4567 1338 4622 fratri
1372 4567 1629 4622 Gaufredi
1677 4567 1746 4622 de
1787 4565 1878 4620 Li-

260 4677 484 4716 zenum.
511 4675 676 4732 quam
703 4659 856 4730 prius
889 4657 1158 4714 habuerat
1206 4657 1522 4712 Willermus
1559 4656 1706 4711 filius
1729 4671 1876 4710 mar—

263 4749 406 4805 chisi
433 4749 504 4803 de
541 4747 722 4804 Monte
745 4748 968 4803 Ferrato
998 4765 1013 4816 ;
1045 4763 1110 4802 ex
1151 4763 1258 4819 qua
1287 4747 1535 4817 suscepit
1562 4743 1756 4812 ﬁlium,
1781 4744 1876 4816 qui

263 4847 512 4896 servatur
541 4846 595 4896 et
616 4841 856 4896 nutritur
883 4840 952 4895 ad
1005 4838 1426 4912 suscipiendum
1457 4853 1691 4912 regnum
1719 4836 1878 4892 Jero-

1905 4336 1957 4404 Ι)

1959 1924 2127 1981 cessit
2156 1924 2208 1979 ei
2238 1923 2405 1980 frater
2435 1924 2556 1993 ejus
2579 1925 2674 1980 ⁸³³.

2031 2016 2107 2068 De
2135 2012 2374 2075 muliere,
2409 2027 2511 2082 que
2539 2013 2685 2079 feria
2747 2015 2946 2082 quarta
3001 2015 3236 2068 moritur
3277 2017 3329 2068 et
3361 2015 3591 2072 sabbato

1961 2109 2210 2176 resurgit.
2254 2107 2376 2161 Erat
2415 2106 2638 2178 quidam
2657 2105 2914 2177 predives
2945 2107 3239 2180 burgensis
3265 2107 3324 2162 in
3348 2107 3470 2164 loco
3489 2109 3586 2182 qui

1964 2195 2166 2251 dicitur
2203 2195 2349 2251 Roca
2371 2194 2642 2250 Amatoris
2685 2193 2853 2266 (708).
2885 2195 2925 2247 A
2952 2211 3062 2266 quo
3117 2196 3376 2251 monachi
3407 2199 3589 2254 eccle-

1964 2285 2046 2340 sie
2094 2290 2282 2340 sancte
2312 2283 2476 2338 Marie
2517 2293 2571 2339 et
2615 2283 2796 2338 Sancti
2829 2283 3098 2337 Amatoris
3129 2291 3322 2340 mutuo
3352 2301 3588 2357 accepe-

1967 2383 2089 2432 rant
2117 2376 2432 2447 pecuniam,
2465 2375 2748 2430 tradentes
2787 2373 2866 2428 illi
2899 2374 2954 2428 in
2994 2374 3115 2428 loco
3147 2374 3393 2449 pignoris
3421 2377 3589 2432 corti-

1965 2479 2066 2518 nas
2106 2463 2279 2534 ipsius
2307 2462 2560 2518 ecclesie.
2583 2461 2908 2517 lmminente
2923 2470 3106 2516 autem
3136 2461 3278 2538 festo
3294 2463 3586 2537 genitricis

1964 2555 2062 2610 Dei
2091 2553 2391 2626 etvirginis
2429 2554 2616 2639 lilarie,
2677 2563 3008 2628 rogaverunt
3059 2553 3290 2624 predicti
3327 2555 3586 2610 monachi

1966 2640 2318 2725 bu'rgensem,
2354 2657 2412 2704 ut
2445 2665 2582 2720 quas
2640 2656 2774 2720 aput
2823 2665 2885 2703 se
2942 2648 3179 2704 habebat
3225 2649 3485 2717 cortinas,
3517 2650 3587 2705 ad

1965 2745 2340 2800 adornandam
2381 2743 2699 2808 ecclesiam,
2728 2750 2881 2798 tante
2912 2742 3340 2813 sollempnitatis
3366 2743 3585 2814 expleto

1965 2835 2209 2906 tripudio
2242 2834 2290 2889 ei
2327 2833 2713 2896 restituendas.
2729 2833 3192 2888 accommodaret.
3217 2833 3312 2888 llle
3341 2847 3470 2889 vero
3485 2849 3588 2889 au-

1965 2943 2077 2982 rem
2098 2927 2282 2982 cordis
2333 2926 2544 2980 habens
2595 2925 2926 2991 obturatum,
2969 2925 3120 2980 nulla
3157 2924 3384 2996 quidem
3417 2941 3584 2996 prece

1965 3014 2136 3070 flexus
2165 3023 2248 3070 est
2280 3032 2294 3079 ;
2327 3015 2424 3068 sed
2481 3029 2805 3085 responsum
2855 3013 2937 3069 eis
2983 3029 3106 3070 cum
3165 3020 3382 3070 tumore
3414 3014 3588 3070 animi

1969 3107 2142 3174 dedit,
2173 3107 2366 3161 dicens
2395 3106 2544 3177 quod
2601 3111 2790 3160 essent
2836 3105 3046 3160 cortine
3081 3105 3175 3160 ille
3205 3104 3352 3160 circa
3383 3105 3586 3162 lectum

1970 3198 2224 3272 conjugis
2253 3213 2374 3263 sue,
2419 3213 2527 3268 que
2581 3212 2760 3268 nuper
2788 3196 2840 3250 ei
2878 3212 3112 3267 puerum
3146 3204 3454 3268 pepererat.
3487 3212 3592 3252 nec

1971 3285 2320 3358 aliquatenus
2377 3283 2509 3338 inde
2557 3291 2783 3354 possent
2838 3283 3105 3340 amoveri.
3158 3283 3298 3348 Quid
3353 3284 3525 3341 multa
3559 3283 3588 3338 7

1970 3380 2206 3436 Transiit
2257 3379 2428 3434 festus
2467 3378 2608 3442 dies,
2640 3385 2695 3432 et
2756 3377 2990 3432 ecclesia
3046 3375 3259 3446 profata
3324 3382 3578 3430 ornatum

1971 3487 2130 3526 suum
2195 3469 2500 3524 festivalem
2550 3483 2663 3523 non
2721 3467 2932 3522 habuit.
2969 3465 3234 3538 Sequenti
3265 3480 3398 3522 vero
3427 3474 3591 3522 nocte

1971 3559 2130 3614 beata
2160 3557 2324 3611 Marie
2351 3561 2525 3609 mater
2563 3554 2780 3609 Domini
2815 3554 2986 3610 nostri
3017 3553 3272 3622 apparuit
3326 3551 3384 3606 in
3440 3567 3590 3608 som-

1965 3647 2091 3720 pnis
2117 3645 2269 3701 uxori
2293 3643 2520 3716 predicti
2567 3642 2884 3714 burgensis,
2950 3647 3006 3696 et
3043 3641 3181 3695 dixit
3211 3639 3262 3695 ei
3294 3658 3308 3694 :
3339 3642 3436 3696 Vir
3463 3645 3590 3698 tuus

1963 3736 2171 3805 grande
2213 3737 2490 3806 peccatum
2543 3735 2825 3800 commisit,
2893 3747 2986 3787 nec
3031 3731 3231 3802 poterit
3285 3731 3585 3800 impietatis

1965 3843 2208 3882 excessus
2237 3827 2538 3896 deretinqui
2589 3813 2910 3894 impunitus.
2973 3825 3160 3879 Tercia
3205 3824 3346 3877 enim
3383 3822 3471 3876 die
3499 3823 3591 3876 in-

1965 3921 2094 3987 fans
2125 3923 2246 3974 tuus
2300 3920 2553 3988 spiritum
2617 3916 2883 3982 exalabit,
2925 3917 2975 3968 et
3028 3915 3118 3968 uir
3169 3917 3294 3967 tuus
3351 3911 3594 3968 debitum

1966 4015 2135 4066 morti
2159 4013 2363 4067 solvens
2383 4012 2443 4064 in
2464 4009 2552 4064 die
2600 4013 2789 4064 octava
2825 4007 3056 4062 mutabit
3086 4005 3225 4060 hanc
3251 4005 3593 4075 temporalem

1973 4109 2286 4176 felicitatem
2307 4106 2592 4176 suppliciis
2623 4105 2818 4159 eternis
2843 4121 2860 4169 ;
2884 4106 2946 4158 tu
2957 4105 3140 4157 autem
3149 4099 3596 4170 proﬁciscerisad

1975 4197 2251 4252 eecIesiam
2279 4210 2450 4248 meam
2478 4209 2579 4263 que
2603 4196 2681 4247 est
2709 4193 2772 4245 in
2797 4193 3024 4246 Betieem
3113 4194 3164 4244 et
3192 4189 3487 4258 conspectis
3515 4188 3596 4242 ibi

1977 4291 2150 4344 tribus
2175 4289 2454 4353 sepulcris,
2496 4301 2722 4356 quorum
2777 4285 2998 4354 quidem
3026 4283 3131 4336 duo
3159 4287 3399 4336 extrema
3421 4295 3596 4348 vacua

1975 4399 2082 4438 non
2109 4385 2256 4446 sunt,
2286 4381 2516 4436 medium
2569 4379 2674 4432 tibi
2709 4377 2868 4444 eliges
2895 4377 2954 4430 in
2983 4373 3348 4443 sepulchrum.
3367 4373 3594 4427 Interim

1976 4480 2124 4532 omni
2137 4480 2335 4547 quarta
2363 4476 2509 4542 feria
2536 4475 2682 4526 circa
2728 4471 2915 4524 horam
2968 4483 3169 4523 nonam
3209 4467 3418 4535 deﬁciet
3454 4467 3516 4520 in
3543 4469 3593 4520 te

1975 4569 2206 4637 spiritus
2234 4569 2377 4631 tuus,
2409 4568 2458 4618 et
2495 4562 2738 4616 deeurret
2763 4559 2833 4612 ab
2888 4573 2978 4612 ore
3003 4560 3090 4611 tuo
3117 4563 3163 4608 et
3199 4554 3430 4610 naribus
3458 4569 3589 4608 san-

1976 4657 2098 4723 guis
2128 4654 2350 4718 multus,
2379 4654 2428 4705 et
2451 4663 2618 4718 usque
2645 4647 2719 4702 ad
2745 4647 2930 4701 horam
2959 4659 3157 4700 nonam
3181 4642 3398 4698 sabbati
3419 4643 3594 4698 ueluti

1977 4749 2192 4801 mortua
2216 4741 2585 4814 per-manebis;
2649 4739 2871 4794 sabbato
2918 4739 3053 4794 hora
3079 4751 3226 4791 nona
3275 4735 3481 4805 spiritu
3507 4747 3593 4788 re.

1979 4837 2162 4891 deunte
2191 4836 2349 4890 duces
2385 4837 2642 4902 utrasque
2667 4844 2858 4886 manus
2919 4833 3047 4885 tuas
3072 4844 3172 4899 per
3197 4829 3395 4896 faciem
3419 4830 3594 4890 tuam,

1617 4935 1836 4991 VARIIE
1867 4933 2142 4989 LECTION
2149 4933 2244 4988 ES.

268 5035 673 5108 archiepiscopi
699 5037 790 5103 16,
813 5038 864 5093 3.
897 5037 1038 5094 Non.
1061 5036 1256 5102 Martii,
1280 5036 1558 5108 dedicata,
1581 5041 1664 5091 est
1719 5034 1953 5108 ecclesia
1999 5041 2186 5108 sancte
2246 5029 2412 5108 Ma_rie
2453 5028 2524 5082 de
2569 5028 2731 5108 \foto2
2763 5029 2868 5084 sita
2907 5027 2965 5082 in
2999 5024 3277 5108 territorig
3303 5023 3600 5108 Rothama-

269 5095 540 5182 gensi.'in
572 5095 788 5182 honore
805 5109 1061 5182 ejusdem
1103 5095 1495 5182 genitricisDei
1520 5107 1709 5182 Maria,
1739 5105 1978 5182 adonno
2021 5103 2255 5182 Henrico
2293 5098 2596 5182 _Bajocen.si
2643 5099 2934 5182 episcopo,
2982 5095 3602 5182 assistentibpsepisco-

271 5165 360 5250 Bis
386 5178 660 5250 Richardo
690 5165 1014 5235 Abriricensi
1052 5165 1404 5250 etvltainaldo
1452 5165 1827 5242 Bathoniensi,
1861 5182 2069 5230 astante
2109 5165 2484 5250 illust_ri__rege
2527 5165 3400 5250 Anglorumllenrico,piathildis
3423 5165 3600 5250 impef

278 5235 838 5325 iatricisfiliotanno
876 5251 1032 5325 regni
1064 5250 1149 5304 sui
1168 5249 1268 5325 :27.
1327 5250 1784 5325 °°°_atramentum
1816 5235 2080 5325 'mutatur
2120 5250 2192 5325 in_
2241 5245 2276 5299 Β
2319 5245 2394 5325 :3".
2418 5235 2501 5325 ‘iu
2546 5235 2748 5324 rasura
2781 5243 2874 5325 _°”
2924 5242 3224 5325 Ροεξμὶιῳο
3261 5236 3420 5325 9
3452 5235 3606 5325 φιίὲ

270 5337 462 5376 erasa.
489 5309 1144 5377 Obiit'llenricusgcomes
1167 5321 1476 5376 Trecensis.
1521 5328 1576 5375 et
1620 5319 1882 5374 successit
1931 5318 1982 5372 ei
2032 5317 2298 5372 llenricus
2320 5314 2652 5383 filius'ejus,
2705 5322 2866 5370 natus
2906 5329 2972 5368 ex
3023 5311 3136 5367 ﬁlia
3163 5309 3423 5366 Ludovici
3457 5309 3606 5382 regis

1841 5459 2049 5516 ΝΟΤᾸΕ.

271 5393 606 5448 Francorum
639 5393 798 5448 addit
820 5393 914 5447 7b.

346 5569 492 5638 (705)
522 5569 911 5626 Elisabetham.

350 5637 496 5711 (706)
527 5642 586 5694 A.
625 5641 764 5696 1179
795 5639 1104 5697 secundum
1167 5639 1465 5696 chronicon
1531 5638 1712 5693 Sancti
1764 5637 1882 5692 Stc-

275 5712 448 5784 phani
485 5711 860 5769 Cadomensis.

2064 5564 2208 5630 (707)
2244 5563 2459 5628 Barbel,
2493 5560 2559 5615 ad
2591 5558 2922 5631 Sequanam.

2067 5635 2209 5702 (708)
2240 5631 2677 5690 Rochamadour.
