3916 6064
270 258 379 313 537
1148 255 1493 309 CHRONICA.
1536 286 1603 295 —
1644 255 2019 310 AUCTARIUM
2066 256 2340 310 ROBERTI
2388 259 2465 311 DE
2510 260 2742 313 MONTE.
3494 264 3600 319 538

418 400 780 439 nonmonen.
947 398 1290 437 enascuann.
1442 400 1748 438 ANGLORIIM.
1920 385 1967 451 Α
2000 384 2210 452 peritus
2237 391 2342 438 tam
2386 386 2552 439 Grece
2594 404 2755 457 quam
2794 387 2975 441 Latine
3006 390 3340 459 eloquentie.
3397 390 3490 445 llic
3519 401 3601 446 at-

270 476 420 547 quod
442 481 586 529 esset
617 474 935 537 christiana,
968 482 1021 527 et
1054 474 1265 547 rogavit
1298 491 1445 539 eum,
1470 482 1529 529 ut
1555 477 1806 529 crederet
1839 476 1890 529 in
2000 474 2121 528 tulit
2150 476 2497 546 evangelium
2532 476 2703 530 sancti
2734 476 3000 531 Johannis
3028 478 3346 531 translatum
3378 479 3446 533 ab
3483 481 3603 550 ipso

273 568 568 632 Christum,
611 566 703 636 qui
743 573 826 621 est
868 567 1129 620 Dominus
1177 574 1230 620 et
1269 584 1357 620 rex
1399 568 1643 621 omnium
1678 567 1896 621 seculo-
1995 562 2063 615 dc
2112 564 2281 618 Greco
2343 563 2396 616 in
2458 564 2729 629 Latinum,
2789 566 2934 634 quod
2991 566 3273 619 Johanncs
3339 567 3603 624 (lrisosto-

274 674 418 723 rum,
464 665 519 710 ei,
557 653 705 726 quod
747 661 955 708 amaret
1008 654 1363 709 christianos.
1426 656 1575 718 Quod
1622 656 1735 725 ipse
1766 672 1893 725 spo-
1994 667 2117 705 mus
2166 651 2233 685 δθδ
2265 668 2521 707 sermone
2562 652 3235 722 omeliaco’exposuerat.
3297 654 3390 708 llic
3435 654 3599 710 etiam

277 745 472 816 pendit
537 762 595 799 se
639 744 941 807 facturum;
990 745 1086 797 sed
1121 744 1275 809 dixit,
1330 743 1480 814 quod
1535 760 1642 799 non
1671 744 1895 798 auderet
1997 742 2266 798 fatebatur
2320 761 2569 814 magnam
2607 753 2817 814 partem
2853 744 2972 796 lihri
3007 744 3282 801 Geneseos
3328 763 3356 799 a
3395 763 3453 800 se
3487 748 3598 816 jam

276 845 464 907 aperte
495 836 719 891 credere
752 836 805 889 in
836 836 1172 890 Salvatorem
1210 842 1436 906 pr0ptor
1463 852 1723 907 paganos.
1754 836 1895 889 Dixit
1995 835 2309 889 translatam
2371 836 2511 889 Dixit
2536 835 2722 902 etiam,
2752 836 2899 906 quod
2927 836 3211 890 Johannes
3242 838 3604 894 Crisoslomus

272 927 322 979 ei
357 931 529 979 mater
566 942 697 979 sua:
736 927 856 990 Fili,
893 942 1012 978 cum
1040 932 1252 978 mortua
1289 927 1467 990 fuero,
1517 926 1605 990 fde
1646 927 1773 978 m‘hi
1798 942 1895 978 e.c-
1996 933 2169 981 totum
2202 935 2358 983 vetus
2388 938 2441 981 et
2470 943 2668 981 novum
2707 935 3096 982 testamentum
3126 930 3295 984 Grece
3331 932 3600 1002 exposuit.

271 1019 465 1071 celsum
505 1017 842 1086 sepulturam
866 1020 915 1069 et
939 1017 1225 1085 pulchrum
1255 1019 1392 1069 sicut
1418 1017 1785 1085 piramiilem;
1842 1022 1889 1069 ct
1997 1016 2137 1086 Papa
2170 1018 2475 1072 Alexander
2518 1019 2760 1088 pref-atus
2799 1025 2907 1072 tres
2948 1018 3306 1083 scismaticos,
3360 1021 3451 1090 qui
3498 1021 3603 1075 sibi

267 1125 404 1177 pone
424 1124 586 1177 super
605 1123 720 1160 eunt
743 1110 952 1175 signum
966 1110 1138 1161 crimis
1161 1108 1364 1163 Christi
1416 1106 1511 1160 Cui
1547 1107 1636 1160 ille
1668 1108 1737 1161 dc
1770 1108 1889 1161 luce
1994 1104 2047 1156 in
2078 1105 2333 1158 scismatc
2362 1104 2595 1159 invicem
2622 1116 3022 1173 succi‘sserant,
3067 1109 3178 1162 fere
3212 1126 3309 1178 per
3335 1108 3405 1165 20
3432 1126 3606 1165 annos

268 1214 326 1250 se
361 1197 463 1250 hoc
498 1182 675 1250 facere
707 1212 813 1250 non
858 1212 1020 1265 posse
1066 1196 1365 1265 respondit.
1403 1198 1481 1249 Tu
1525 1199 1615 1262 [ας
1641 1236 1655 1258 ,
1712 1195 1890 1265 inquit
1992 1195 2271 1259 sustinuit,
2320 1195 2532 1249 scilicet
2571 1197 2945 1263 Octavianum,
2987 1200 3292 1255 tluidenem
3343 1209 3397 1254 et
3437 1200 3605 1255 Calix-

268 1296 441 1341 mater
470 1286 610 1354 ejus,
643 1286 708 1340 de
746 1291 913 1339 nocte.
941 1287 1092 1350 Quod
1119 1284 1387 1339 ctfactum
1418 1294 1518 1339 est.
1556 1288 1611 1339 lu
1645 1285 1885 1339 crastino
1994 1293 2126 1339 tum.
2167 1285 2277 1339 Illis
2305 1302 2433 1340 vero
2468 1286 2875 1352 deﬁcientibus,
2920 1289 2973 1342 in
3020 1307 3151 1360 pace
3179 1292 3411 1346 ecclesie
3440 1292 3600 1346 vitam

266 1392 390 1430 cum
427 1375 658 1449 Agarcni
706 1374 971 1428 vidissent
1001 1376 1216 1445 signum
1260 1374 1416 1439 illud,
1461 1374 1727 1446 indignati
1758 1380 1888 1427 sunt
1992 1373 2186 1429 ﬁnivit.
2243 1375 2334 1429 (lui
2390 1377 2661 1430 successit
2707 1377 3002 1430 llnbaudns
3045 1379 3345 1433 "ostiensis
3387 1381 3605 1451 episco-

267 1474 461 1521 contra
515 1467 841 1536 principem.
890 1472 949 1519 et
986 1467 1240 1520 volebant
1274 1483 1397 1518 enm
1431 1466 1706 1519 occidere.
1739 1465 1888 1518 Tunc
1990 1480 2112 1533 pus,
2140 1464 2321 1518 dictus
2355 1464 2568 1529 Lucius,
2617 1466 2779 1519 175W
2809 1466 3103 1536 episcopus
3145 1469 3435 1522 Romanus.
3487 1470 3600 1535 llic,

269 1554 497 1625 quidam
537 1571 602 1608 ex
629 1554 763 1624 ipsis
794 1555 1092 1607 sullevatus
1134 1570 1229 1623 per
1259 1554 1559 1619 machinas,
1588 1554 1889 1607 conabatur
1988 1551 2245 1607 videlicet
2275 1552 2573 1607 "ostiensis
2601 1553 2917 1625 episcOpns,
2951 1571 3013 1608 ex
3044 1554 3267 1625 antiqua
3307 1567 3605 1612 consuetu-

273 1646 561 1715 dcponere
589 1657 833 1709 crucem,
865 1645 959 1715 qui
981 1646 1258 1699 voluntate
1291 1646 1381 1699 Dei
1422 1645 1628 1699 corruit
1660 1652 1712 1699 et
1744 1661 1883 1698 mor-
1917 1698 1959 1726 η
1990 1644 2119 1698 dine
2166 1644 2383 1700 ordinat
2419 1655 2471 1701 et
2512 1655 2689 1700 sacrat
2736 1646 3053 1716 pontiﬁcem
3109 1649 3449 1713 Romanum;
3497 1665 3603 1720 que

264 1742 394 1789 tuus
427 1741 525 1787 est.
552 1734 816 1788 Similiter
845 1742 901 1787 et
938 1734 1078 1787 alius
1115 1732 1474 1803 interemptus
1502 1740 1583 1786 est
1607 1732 1712 1786 alia
1744 1733 1882 1787 vice.
1916 1730 1963 1764 “
1986 1734 2329 1789 consuetudo
2360 1734 2560 1789 exinde
2608 1734 2827 1799 accidit,
2871 1736 3015 1806 quod
3061 1736 3408 1806 martyrizato
3442 1737 3602 1792 beato

266 1821 457 1875 Tercia
498 1821 587 1875 die
620 1837 742 1875 cum
776 1822 1165 1876 convenissent
1213 1822 1385 1876 multa
1418 1823 1564 1877 milia
1599 1823 1882 1877 hominum
1986 1821 2132 1877 Sixto
2172 1832 2227 1876 et
2256 1835 2445 1878 saneto
2489 1824 2780 1879 Laurentio
2812 1824 2932 1893 ejus
2971 1823 3227 1882 diacono.
3270 1824 3463 1879 beatus
3502 1826 3602 1880 Ju-

266 1910 335 1963 ad
367 1910 761 1979 deponendum
786 1910 1063 1965 editicium
1097 1911 1253 1975 illud,
1286 1912 1427 1965 inter
1449 1930 1589 1982 quos
1608 1920 1884 1966 eratunns
1986 1908 2163 1962 stinns
2192 1910 2459 1978 presbiter
2485 1928 2606 1964 cum
2639 1913 2787 1967 clero
2824 1913 3064 1966 Rornano
3097 1912 3261 1986 elegit
3296 1912 3594 1968 Dionisium

262 2000 572 2071 promptior
592 2001 658 2053 ad
682 2001 1071 2070 deponendum
1112 2001 1884 2077 illud,veneruntfulguraet
1985 1999 2038 2051 in
2087 2000 2404 2069 pontiﬁcem
2456 2002 2778 2063 Romanum,
2821 2018 2984 2073 quem
3038 2004 3270 2057 sacravit
3329 2003 3595 2058 Maximus

258 2090 732 2157 choruscationes,
775 2095 829 2143 et
854 2090 946 2144 illo
966 2089 1218 2159 primitus
1250 2100 1555 2162 perempto,
1590 2093 1760 2146 multa
1780 2091 1877 2145 mi-
1983 2090 2287 2145 llostiensis
2316 2092 2630 2162 episcopus.
2669 2093 2739 2145 Ex
2798 2093 2899 2145 hac
2946 2092 3349 2147 consuetudine
3392 2094 3593 2148 exinde

261 2182 334 2236 lia
368 2181 651 2250 perierunt
681 2182 807 2252 igne
828 2181 1038 2236 divino.
1070 2184 1219 2238 Tunc
1247 2192 1500 2253 apparuit
1528 2184 1759 2253 angelus
1781 2184 1880 2237 llo-
1985 2181 2286 2236 llostiensis
2328 2184 2625 2254 episc0pus
2667 2184 2881 2239 ordinat
2938 2192 2995 2236 et
3051 2194 3228 2238 sacrat
3285 2185 3587 2242 Romanum

263 2269 424 2335 lltltli,
484 2278 540 2324 et
594 2269 955 2323 clarissimum
994 2270 1210 2341 signum
1255 2272 1432 2325 crucis
1482 2272 1663 2341 pOsnit
1715 2288 1881 2341 super
1983 2270 2324 2339 pontiﬁcem,
2354 2280 2409 2327 et
2439 2273 2603 2327 habet
2635 2272 2859 2342 pallium
2891 2270 3239 2327 solummodo
3277 2273 3343 2327 ad
3368 2291 3452 2341 ea,
3485 2293 3592 2347 que

266 2361 593 2430 piramidem
630 2361 800 2429 illam,
834 2377 898 2414 ex
939 2379 1046 2432 quo
1081 2362 1234 2415 multi
1270 2362 1698 2416 credideruntin
1730 2362 1880 2416 (lhri-
1983 2362 2263 2430 pertinent
2316 2364 2369 2417 in
2404 2364 2749 2419 ordinatione
2794 2370 2848 2416 et
2900 2363 3317 2419 consecratione
3364 2366 3589 2421 ltomani

267 2457 435 2513 stum,
477 2459 531 2503 et
579 2450 763 2504 adhuc.
816 2466 1034 2504 crucem
1099 2449 1244 2504 illam
1308 2458 1634 2505 venerantur
1685 2460 1737 2503 et
1782 2449 1878 2503 ad-
1982 2448 2278 2521 pontiﬁcis.
2313 2452 2591 2527 Eugenius
2623 2469 2762 2523 papa
2802 2452 3085 2522 conjunxit
3114 2452 3453 2525 episcopatui
3488 2455 3593 2510 llo-

265 2547 427 2594 urallt
457 2540 542 2592 5’“.
1979 2548 2175 2602 stiensi
2210 2545 2589 2611 Belitrensem,
2649 2552 2703 2600 et
2741 2546 2819 2599 sic
2851 2544 2981 2599 fecit
3019 2546 3088 2599 de
3148 2546 3365 2600 duobus
3394 2563 3584 2604 unum.

333 2630 587 2684 Arnulfus
630 2630 988 2685 Luxovieusis
1018 2630 1313 2701 episcopus
1343 2646 1463 2684 cum
1503 2648 1598 2700 per
1620 2631 1678 2683 10
1702 2646 1878 2684 annos
1979 2642 2245 2697 similiter
2289 2640 2419 2696 fecit
2457 2641 2525 2694 de
2568 2640 2891 2711 epiSCOpatu
2935 2640 3242 2706 Portuensi,
3284 2641 3372 2694 cui
3407 2642 3589 2711 junxit

257 2723 495 2776 eandem
541 2722 831 2776 ecclesiam
869 2722 1115 2787 rexisset,
1152 2731 1206 2775 et
1248 2722 1299 2775 in
1340 2721 1649 2777 ediﬁcando
1688 2724 1872 2776 eccie-
1978 2732 2358 2801 cpisc0patum
2390 2730 2587 2784 Sancte
2610 2727 3045 2793 Ruﬁne,faeiens
3064 2728 3133 2782 de
3155 2728 3376 2783 duobus
3400 2746 3588 2784 unum.

255 2811 394 2863 siam
428 2816 481 2863 ct
511 2810 912 2879 pulcherrimas
939 2811 1140 2865 domos
1181 2809 1504 2875 laborasset,
1540 2810 1880 2865 renunciavit
2054 2818 2252 2892 [1181.]
2287 2818 2430 2874 Obiit
2456 2817 2722 2889 Rogcrius
2748 2816 3042 2886 episcnpus
3092 2816 3455 2872 Eboracensis
3508 2818 3590 2873 vir

262 2897 636 2968 episcOpatui,
667 2907 720 2952 et
761 2898 1000 2967 perrexit
1036 2898 1294 2966 l’arisius,
1324 2913 1453 2953 suos
1481 2898 1599 2951 dies
1622 2898 1808 2952 dilnidi

2049 2918 2254 2966 teratns
2272 2918 2326 2966 et
2358 2910 2660 2964 industrius
2690 2908 2742 2963 in
2759 2910 3038 2980 augendas
3066 2909 3450 2979 possessiones
3481 2917 3590 2965 ter—

253 2998 411 3061 turus
439 2989 585 3060 apud
618 2990 873 3056 sanctum
911 2990 1178 3043 Victorem
1230 3006 1283 3043 in
1326 2990 1581 3043 domibus
1621 2990 1879 3061 pulcher-
1903 3038 1949 3069 ρ
1980 3016 2179 3065 ranas;
2215 2999 2503 3054 ecclesiam
2549 2996 2905 3068 principalem
2939 3006 2993 3051 et
3024 2997 3218 3052 domos
3247 2997 3593 3069 episcopales

258 3038 409 3061 me-
441 3038 585 3060 .-
618 3038 873 3056 -.-ηψπ
924 3038 1178 3043 .--ηψπ
1331 3038 1579 3043 --νη-η--
1621 3038 1838 3061 πων--.
1981 3038 2141 3054 mu...
2166 3041 2179 3065 ,
2215 3038 2503 3054 πωπω...
2549 3038 2905 3068 ,,.......,,...ν...
2940 3038 2993 3051 ν.
3025 3038 3218 3052 ..ν...υ.,
3248 3038 3593 3069 νι..υνν,.....,υ

258 3081 435 3147 rimis,
477 3098 613 3152 quas
641 3082 715 3136 ibi
746 3083 811 3135 ad
840 3098 980 3151 Opus
1007 3098 1163 3135 suum
1179 3089 1575 3136 construxerat.
1615 3082 1878 3137 Radultus
1902 3038 1951 3105 Ο
1982 3110 2088 3149 non
2124 3094 2299 3149 solum
2335 3093 2584 3157 Eboraci,
2616 3109 2801 3146 verum
2839 3092 2891 3145 in
2911 3092 3169 3147 omnibus
3196 3093 3454 3147 manpriis
3481 3092 3594 3147 suis

260 3173 333 3226 de
390 3174 727 3238 Venncvilla,
787 3173 1205 3227 archidiaconus
1256 3172 1729 3247 Rolhomagcnsis,
1784 3175 1876 3245 qui
1978 3199 2101 3235 cum
2128 3182 2434 3236 redditibus
2464 3182 2694 3235 multum
2728 3181 2875 3235 auxit
2906 3182 2972 3215 5"
3006 3197 3067 3235 ac
3098 3181 3472 3237 reediﬁcando
3494 3181 3591 3235 de-

255 3263 434 3318 t'uerat
463 3264 827 3318 cancellarius
878 3263 1045 3335 regis,
1095 3264 1304 3318 electus
1345 3271 1428 3318 est
1466 3264 1532 3317 ad
1567 3265 1874 3335 predictum
1977 3270 2207 3337 coravit,
2252 3271 2304 3323 in
2336 3277 2542 3325 tantum
2592 3276 2650 3324 ut
2687 3269 3196 3338 archiepiscopatus
3232 3268 3593 3324 Eboracensis

251 3351 635 3422 Pttiscopalum
667 3353 756 3406 ⁸⁸⁵.
1976 3361 2470 3433 archicpiscopatui
2495 3360 2871 3415 Cantuariensi
2906 3360 3017 3412 tere
3042 3367 3424 3431 coequaretur.
3454 3359 3592 3412 Mul-

334 3439 499 3506 (Αυθο
557 3439 666 3507 30·)
717 3442 869 3493 Almo
921 3438 1196 3509 superiori
1237 3439 1366 3493 “81
1399 3440 1538 3494 Obiit
1568 3440 1876 3494 Alexa'lde"
1976 3463 2058 3509 tas
2112 3453 2343 3508 divicias
2384 3459 2437 3505 et
2477 3466 2586 3505 non
2646 3451 2749 3504 sibi
2794 3448 3106 3520 profuturas
3163 3449 3404 3519 reliquit,
3442 3449 3591 3503 Obiit

252 3549 393 3603 papa
426 3533 640 3599 tertius,
674 3533 739 3587 ad
782 3534 937 3600 cujus
970 3534 1327 3588 litteraturam
1366 3537 1524 3603 pauci
1561 3534 1629 3588 de
1662 3535 1874 3604 :prede-
1975 3545 2260 3615 Philippus
2289 3543 2586 3613 episcopus
2608 3541 2967 3601 Redonensis,
3001 3558 3095 3611 qun
3128 3541 3227 3594 fuit
3253 3541 3464 3610 primus
3488 3540 3586 3594 ab-

259 3622 577 3677 cessoribus
610 3624 731 3692 ejus
761 3624 898 3677 infra
928 3632 1148 3678 centum
1188 3639 1365 3679 annos
1404 3625 1702 3699 attigerunt
1756 3625 1877 3679 Fuit
1977 3637 2073 3689 has
2100 3631 2473 3687 Claremontis.
2507 3631 2600 3683 llic
2623 3647 2720 3701 per
2749 3630 3137 3685 revelationem
3168 3637 3331 3700 caput
3358 3632 3591 3684 ecclesie

256 3715 406 3771 enim
440 3715 493 3768 in
521 3715 705 3770 divina
739 3716 937 3789 pagina
969 3724 1261 3787 preceptor
1291 3716 1579 3782 maximus,
1614 3724 1667 3771 et
1699 3717 1752 3771 in
1784 3717 1877 3771 de-
1979 3721 2292 3777 Bodonensi
2325 3720 2443 3774 solo
2483 3718 2680 3784 diruit,
2713 3727 2766 3774 et
2819 3719 2873 3773 in
2915 3735 2979 3772 ea
3038 3718 3352 3789 diruptione
3392 3718 3591 3773 multas

259 3806 427 3861 cretis
454 3806 838 3861 etcanonibus
863 3814 915 3861 et
947 3808 1001 3861 in
1030 3809 1291 3863 Romanis
1320 3809 1534 3881 legibus
1557 3810 1871 3879 prccipuus.
1978 3814 2244 3886 pecunias
2293 3812 2522 3877 invenit,
2556 3813 2625 3865 de
2667 3812 2864 3882 quibus
2888 3810 3036 3881 cepit
3069 3808 3389 3864 recdiﬁcare
3428 3816 3592 3880 caput

258 3901 391 3954 Nam
432 3902 631 3955 multas
652 3900 975 3971 questiones
1003 3901 1361 3956 difﬁcillimas
1388 3909 1442 3957 et
1469 3920 1664 3976 graves
1695 3903 1747 3956 in
1779 3904 1876 3957 de-
1979 3899 2187 3972 prefate
2216 3898 2682 3955 ecclesicmehori
2715 3906 2971 3954 scemate.
3007 3898 3152 3953 Obiit
3194 3898 3503 3953 llunfredus
3523 3899 3593 3953 de

263 3991 432 4047 cretis
469 4000 523 4047 et
552 3992 771 4065 legibus
797 3992 1127 4064 absolvitjet
1158 3995 1486 4048 enucleavit.
1530 3995 1685 4049 Dedit
1712 3996 1876 4051 etiam
1981 3993 2170 4048 ltohun
2207 3991 2520 4061 prepositus
2567 3991 2620 4044 in
2650 3992 2890 4046 exercitu
2922 4007 3044 4045 cum
3080 4007 3210 4065 rege
3243 3991 3477 4045 Henrico
3501 3990 3592 4058 ju-

262 4084 315 4137 ci
370 4083 511 4138 Deus
544 4084 683 4138 hanc
713 4084 968 4157 gratiam,
1010 4085 1154 4156 quod
1189 4101 1310 4139 cum
1352 4104 1383 4140 a
1411 4086 1574 4141 beato
1604 4086 1761 4142 Petro
1794 4104 1880 4141 us-
1981 4083 2170 4147 niore;
2218 4098 2382 4152 quem
2426 4081 2726 4136 exercitum
2761 4079 3007 4151 profatus
3064 4096 3153 4135 rex
3207 4079 3263 4133 in
3316 4080 3592 4135 Franciam

261 4191 372 4246 que
404 4176 469 4227 ad
523 4175 699 4245 ipsum
753 4174 957 4230 fuerint
986 4182 1206 4231 centum
1248 4178 1602 4250 septuaginta
1642 4184 1880 4248 quatuor
1981 4172 2229 4236 duxerat,
2267 4170 2649 4237 coadjuvando
2693 4176 2873 4239 partes
2905 4169 3143 4239 Philippi
3187 4170 3332 4241 regis
3372 4169 3594 4223 Francic

264 4263 557 4336 pontiﬁces
587 4265 837 4332 Romani,
872 4273 982 4320 tres
1015 4272 1220 4321 tantum
1258 4276 1640 4337 processerunt
1668 4285 1792 4323 cum
1823 4270 1875 4323 in
1979 4274 2171 4320 contra
2202 4265 2455 4319 comitem
2495 4264 2908 4318 Flandrensem.
2939 4262 3205 4317 Obierunt
3236 4264 3303 4296 ⁶³⁸
3333 4263 3596 4318 Henricus

265 4370 496 4409 numero
527 4370 821 4421 annorum,
856 4370 966 4425 quo
997 4355 1238 4409 Romane
1257 4357 1491 4410 ccclesie
1526 4357 1875 4427 profuerunt:
1900 4393 1955 4461 υ
1979 4360 2152 4415 abbas
2193 4360 2440 4423 Pratelli;
2475 4368 2529 4413 et
2554 4358 2885 4414 Gnillermus
2905 4357 3075 4411 abbas
3104 4358 3285 4411 Sancti
3317 4357 3594 4412 Michaelis

265 4445 461 4500 beatus
491 4447 683 4502 Petrus
722 4448 866 4502 sedit
918 4449 988 4500 25
1016 4448 1178 4501 annis
1223 4448 1488 4504 Silvester
1532 4451 1741 4521 primus
1782 4452 1872 4517 23,
1900 4445 1952 4461 υ
1976 4451 2257 4507 ulterioris
2288 4458 2499 4521 portus,
2532 4450 2786 4504 monachi
2831 4449 3008 4504 Becci.

262 4539 538 4594 Adrianus
584 4541 794 4611 primus
832 4541 1083 4605 totidem,
1134 4541 1255 4611 ipse
1303 4543 1612 4598 Alexander
1654 4544 1744 4620 22.
1784 4544 1877 4598 llic
2048 4544 2202 4596 Anno
2235 4539 2447 4596 Domini
2488 4540 2641 4605 tl8l,
2680 4540 2713 4593 3
2754 4538 2903 4603 ldus,
2935 4538 3067 4590 hora
3119 4552 3263 4590 nona
3304 4536 3414 4590 diei
3451 4538 3591 4592 ecli-

259 4630 424 4684 ctiam
460 4632 635 4685 tenuit
672 4632 966 4686 concilium
1007 4632 1238 4685 Turonis
1283 4649 1429 4688 anno
1469 4634 1746 4688 dominice
1792 4636 1875 4689 in-
1980 4629 2092 4701 psis
2121 4628 2275 4695 solis,
2308 4637 2362 4682 et
2388 4634 2503 4681 erat
2523 4643 2667 4696 pene
2701 4626 2868 4681 tercia
2900 4641 3024 4695 pars
3043 4625 3179 4679 solis
3204 4626 3593 4693 obscurata,et

259 4722 596 4777 carnationis
649 4724 784 4777 1163
817 4724 870 4777 in
903 4739 1013 4794 quo
1044 4723 1395 4777 Octavianum
1425 4740 1545 4777 cum
1587 4725 1805 4796 complii

2066 4716 2220 4770 initio
2248 4713 2471 4784 eclipsis
2487 4713 2552 4767 ad
2577 4712 2743 4767 ﬁnem
2765 4713 3002 4783 spatium
3030 4713 3195 4769 unius
3226 4713 3358 4768 bore
3381 4714 3593 4786 equalis

262 4815 368 4868 bus
393 4814 507 4868 suis
551 4815 1033 4870 anathematizavit
1063 4833 1075 4869 :
1117 4816 1201 4869 cui
1234 4815 1472 4871 concilio
1504 4832 1603 4870 nos
1632 4817 1877 4871 interfui-
1980 4803 2273 4877 ellriginla
2288 4811 2412 4858 οοίο
2437 4801 2796 4857 minutorum
2820 4802 3021 4857 Εοίίοπι
3044 4818 3190 4858 anno
3212 4802 3435 4873 celiPSiS
3462 4804 3593 4859 “me

262 4919 403 4956 mus.
443 4904 571 4959 Item
606 4904 756 4959 aliud
783 4904 1076 4959 concilium
1109 4903 1284 4958 tenuit
1313 4904 1483 4959 Rome
1513 4921 1662 4959 anno
1690 4906 1875 4960 incar-
1986 4897 2038 4951 ΙΙ
2078 4893 2348 4949 Kalendas
2367 4891 2632 4958 Januarii,
2654 4890 3021 4947 εοῖιίοοῑῖθτίει
3042 4892 3096 4960 3,
3123 4898 3281 4948 nocte
3302 4898 3590 4963 sequente.

261 4992 499 5048 nationis
530 4993 806 5049 dominice
848 4996 996 5049 1180.
1042 4994 1117 5047 Ad
1160 4994 1264 5049 hoc
1299 4995 1469 5050 multo
1499 5012 1807 5051 convenere

2048 5002 2115 5038 ira
2145 4982 2314 5038 tercia
2354 4980 2549 5045 noctis,
2593 4987 2648 5036 et
2706 4980 2869 5051 paulo
2903 4981 3087 5036 minus
3118 4998 3280 5053 quam
3323 4980 3594 5036 medietas

261 5089 373 5136 tam
423 5083 798 5138 ecclesiastice
857 5100 1020 5155 quam
1075 5082 1351 5137 secularcs
1406 5101 1672 5154 persone;
1734 5086 1876 5140 inter
1980 5079 2292 5141 obscurata,
2321 5074 2603 5129 etdnravit
2642 5073 2954 5128 obscuritas
2977 5073 3090 5128 fere
3122 5090 3218 5144 per
3240 5073 3378 5127 duas
3406 5072 3591 5138 horas,

260 5187 403 5242 quos
424 5173 574 5228 venit
596 5174 820 5244 quidam
844 5174 977 5229 civis
998 5174 1246 5241 Pisanus,
1273 5175 1496 5231 nomine
1531 5176 1870 5251 Burgundio,
1979 5174 2135 5228 Anno
2165 5168 2375 5226 Domini
2411 5170 2545 5223 1174
2576 5169 2717 5237 (714)
2749 5167 2833 5223 bis
2863 5168 2976 5223 visa
3007 5176 3090 5224 est
3106 5167 3331 5238 eclipSiS
3352 5166 3406 5219 ίιι
3440 5166 3591 5234 luna,

328 5343 397 5416 ﬁt"
428 5345 809 5399 Atramentum
838 5350 1001 5416 atque
1032 5348 1248 5403 habitus
1277 5362 1471 5400 manus
1501 5277 1874 5403 mutiiﬂi'lgtl

2182 5275 2235 5325 ὃ.

2044 5274 2336 5401 gygfunus
2364 5343 2478 5396 atia
2508 5342 2719 5416 incipit.
2803 5340 2969 5416 {331:1}!
3004 5340 3059 5403 Ε,
3146 5338 3212 5371 ⁸³³⁷
3244 5337 3355 5416 ἂξίῑ
3385 5338 3438 5391 E-
3523 5340 3590 5416 9⁸⁸

252 5413 395 5491 obiit
419 5417 597 5491 primo
616 5419 875 5491 scriptum
894 5410 1034 5491 {sed
1062 5420 1247 5491 eadem
1276 5432 1469 5491 manus
1506 5424 1693 5491 postea
1723 5423 1981 5484 correxit,
2012 5423 2061 5472 et
2088 5414 2569 5491 αίίςίἰιιιελυριορα-ο.
2712 5429 2761 5466 a.
2995 5427 3055 5491 _u.
3077 5426 3141 5491 _p.
3175 5425 3246 5491 ιη.
3283 5410 3483 5491 [Largum
3515 5413 3590 5465 lc-

254 5481 462 5551 gantur
489 5490 650 5541 etiam
679 5481 847 5542 i1i8d.
882 5490 972 5543 8h.
1008 5490 1149 5544 Obiit
1181 5488 1444 5544 Henricus
1474 5481 1645 5544 abbas
1688 5490 1927 5557 l’ratelli,
1960 5481 2262 5545 monachus
2304 5485 2460 5539 Becei
2482 5483 2571 5537 7a.
2603 5482 2697 5535 7b.
2740 5485 2837 5552 qui
2866 5483 2951 5535 hic
2971 5482 3260 5545 desinunt;
3294 5481 3373 5533 nil
3398 5481 3589 5550 deper-

251 5558 450 5610 (litum.

1812 5632 2023 5689 ΝΟΤᾹΞ.

328 5699 476 5765 (714)
509 5698 625 5755 Cor.
675 5701 808 5755 1176
842 5700 1032 5763 Βουρ.
