3916 6064
385 209 492 266 539

531 349 882 390 ROMANORUM.
1035 352 1377 394 FRANCORUM.
1526 353 1839 394 ANGLORUI.

388 426 564 498 primo
593 426 793 481 lctania
818 427 1048 498 majore,
1083 430 1217 485 hora
1250 430 1426 501 prima
1456 430 1653 497 noctis,
1702 436 1827 501 post
1854 430 2001 485 diem

389 517 570 587 ipsum
588 516 750 572 Marci
798 519 1158 592 evangeliste,
1199 520 1444 576 secundo
1461 521 1535 574 14
1558 520 1671 576 Kal.
1697 520 2004 576 Novenbris

390 615 548 663 nocte
580 618 873 680 sequente,
914 610 1028 666 fere
1079 611 1248 667 tcrcia
1281 612 1414 667 hora
1453 612 1649 668 noctis.
1684 612 1838 668 Anno
1896 613 2002 667 Do-

387 701 522 756 mini
552 703 692 757 1178
718 703 786 739 ⁶⁸⁹
816 704 1054 759 vidimus
1092 706 1324 777 eclipsin
1377 706 1446 741 ⁶⁹⁰
1498 706 1555 760 in
1592 706 1724 760 luna
1756 707 1789 761 3
1821 706 2001 761 Nonas

385 790 582 860 Martii,
632 803 792 849 nocte
823 802 1110 866 sequente,
1155 796 1287 851 hora
1345 797 1522 868 prima
1555 796 1757 852 noctis.
1793 796 1998 852 Eodem

386 896 532 937 anno
562 881 665 937 fuit
693 884 917 954 eclipsis
946 884 1000 938 in
1030 884 1180 953 luna,
1212 887 1246 939 4
1275 886 1391 941 Kal.
1424 885 1799 956 Septembris;
1826 893 1882 941 et
1911 902 2002 941 eo-

296 986 301 989 ·
388 969 512 1023 dem
552 986 698 1027 anno
729 980 784 1027 et
807 988 1005 1028 mense
1036 973 1091 1027 in
1125 976 1265 1039 sole,
1302 975 1429 1030 Idus
1460 975 1827 1045 Septembris,
1856 975 2002 1030 circa

392 1059 703 1128 meridiem,
726 1066 839 1116 toto
867 1061 982 1117 fere
1000 1063 1310 1118 obscurato.
1344 1064 1501 1119 Anno
1532 1064 1696 1118 etiam
1724 1066 1740 1117 t
1766 1065 1858 1118 T79
1889 1063 2003 1119 visa

391 1157 474 1204 est
506 1150 634 1207 luna
672 1153 1005 1224 eclipsimari
1052 1158 1120 1210 15
1152 1156 1422 1211 Kalendas
1463 1155 1825 1227 Septembris,
1880 1163 2004 1226 post

391 1248 635 1296 octavam
678 1244 866 1300 horam
906 1247 1085 1302 noctis
1133 1248 1431 1303 dominico.
1486 1249 1642 1303 Anno
1708 1247 1849 1304 1180
1903 1247 2005 1303 fuit

390 1334 611 1405 eclipsis
639 1336 693 1390 in
723 1339 837 1392 sole
864 1339 899 1393 5
927 1340 1039 1395 Kal.
1075 1341 1377 1408 Februarii,
1411 1340 1547 1396 feria
1572 1341 1759 1396 tercia.

466 1426 643 1497 [t18‘2]
683 1428 796 1481 Rex
827 1429 1090 1485 Henricus
1128 1431 1316 1485 senior
1353 1446 1543 1486 mense
1582 1431 1777 1487 Marcio
1828 1437 1999 1487 trans-

390 1514 607 1570 fretavit
646 1516 699 1570 in
733 1518 1117 1574 Normanniam
1149 1536 1277 1575 cum
1318 1537 1516 1595 magna
1553 1520 1671 1575 auri
1701 1528 1755 1576 et
1784 1527 1996 1594 argenti

393 1606 574 1675 c0pia,
604 1615 826 1677 paratus
856 1609 912 1663 in
944 1611 1278 1679 adjutorium
1310 1613 1457 1687 regis
1475 1611 1720 1679 Francie,
1757 1612 1825 1666 ad
1846 1628 1997 1667 com-

393 1666 705 1766 ponendam
734 1716 922 1769 pacem
965 1666 1109 1757 in'tcr
1139 1703 1315 1773 ipsum
1350 1666 1405 1758 οἵ
1432 1666 1994 1759 comitem’Flandrie.
2026 1666 2074 1732 Β

394 1782 537 1838 sicut
587 1793 643 1840 et
696 1785 826 1843 fecit
859 1788 1033 1860 [1182]
1092 1791 1240 1847 Obiit
1270 1792 1487 1847 Mabilia
1546 1792 1690 1864 (715)
1725 1792 2006 1849 comitissa

393 1871 745 1929 Flandrensis
782 1877 990 1949 absque
1023 1879 1213 1934 liberis
1265 1882 1350 1935 ‘9’.
1407 1881 1723 1937 Andronius
1780 1889 2006 1953 patruus

392 1960 741 2033 imperatoris
795 1965 1380 2040 Constantinopolitani
1440 1971 1632 2038 Alexii,
1688 1971 2006 2044 indignatus

392 2058 538 2128 quod
569 2057 684 2129 ipse
723 2060 968 2116 duxisset
994 2061 1161 2118 ﬁliam
1194 2065 1340 2138 regis
1380 2066 1710 2121 Francorum
1770 2065 1826 2119 in
1878 2079 2008 2122 uxo-

392 2164 527 2217 rem,
584 2158 639 2205 et
665 2153 867 2208 multos
923 2155 1235 2211 Latinorum
1297 2158 1365 2192 ⁶⁹²
1405 2174 1594 2213 secum
1638 2159 1867 2214 haberet
1898 2158 2005 2212 sibi

394 2238 711 2310 familiares,
763 2245 893 2316 quia
951 2247 1069 2324 ipse
1102 2256 1220 2303 erat
1281 2249 1505 2317 Grccus,
1546 2250 1766 2306 volebat
1791 2267 1887 2306 eos
1938 2254 2007 2308 ab

393 2328 625 2399 imperio
648 2331 768 2399 ejus
784 2335 1171 2391 exterminare.
1204 2336 1531 2393 Conducens
1561 2353 1692 2410 ergo
1713 2337 2004 2392 soldanum

396 2417 608 2474 Hiconii
660 2428 713 2475 et
752 2423 953 2478 multos
984 2424 1431 2493 Sarracenorum,
1487 2426 1866 2482 fraudulenter
1923 2428 2009 2482 in-

395 2508 666 2563 troierunt
696 2510 993 2581 civitatem,
1026 2522 1081 2569 et
1106 2516 1309 2571 multos
1337 2516 1556 2572 Latinos
1584 2516 1876 2582 interfecit,
1894 2527 1949 2573 et
1977 2534 2008 2571 a

399 2598 601 2655 Latinis
630 2602 783 2656 multi
817 2604 1104 2660 Sarraceni
1159 2606 1433 2663 interfecti
1472 2616 1618 2663 sunt.
1671 2609 1782 2665 Deo
1825 2619 2006 2663 tamen

397 2689 637 2757 volente,
672 2707 774 2761 pax
805 2691 949 2747 inter
970 2710 1067 2749 eos
1106 2694 1318 2751 ﬁrmata
1342 2704 1443 2752 est.
1487 2697 1768 2753 Iohannes
1793 2699 2010 2769 episco-

397 2800 502 2854 pus
540 2785 880 2841 Pictavensns
906 2789 974 2823 ⁵9³
995 2790 1077 2844 vir
1106 2807 1306 2867 magne
1339 2793 1635 2847 litterature
1664 2798 1718 2847 et
1743 2794 2011 2865 eloquen-

308 2918 319 2929 .
396 2877 492 2946 tie,
525 2879 733 2934 electus
756 2882 824 2934 ad
855 2882 1234 2955 episcopatum
1269 2886 1707 2952 Narbonensem,
1734 2904 1857 2941 cum
1891 2888 2002 2943 Ro-

398 2984 541 3023 mam
580 2972 907 3040 perrexisset
951 2976 1018 3010 ⁶⁹⁴
1071 2984 1295 3047 preptcr
1325 2978 1625 3048 predictam
1652 2978 1998 3035 benedictio-

398 3072 552 3112 nem:
591 3067 870 3117 annuente
920 3080 1063 3135 papa
1101 3066 1267 3122 Lucio
1315 3068 1498 3123 clerici
1547 3068 1724 3140 prime
1781 3069 2003 3144 Lugdu-

395 3145 585 3200 nensis
613 3148 901 3223 elegerunt
929 3168 1056 3207 eum
1083 3154 1138 3208 in
1170 3155 1648 3228 archiepiscopum
1674 3158 2003 3226 Lugdunen~

395 3250 533 3302 sum,
573 3252 683 3306 que
699 3239 863 3294 sedes
895 3240 1059 3297 habet
1087 3243 1379 3314 primatum
1408 3260 1574 3315 super
1595 3252 1705 3299 tres
1730 3245 2008 3317 archiepi-

397 3333 670 3396 scopatus.
705 3328 884 3385 Prima
914 3332 1059 3386 enim
1095 3333 1440 3389 Ludunensis
1492 3335 1662 3391 idest
1695 3337 2005 3401 Ludunum,

398 3420 482 3469 est
534 3432 700 3487 super
755 3419 1077 3488 Rodanum;
1119 3423 1361 3478 secunda
1426 3423 1775 3479 Ludunensis
1838 3441 2007 3496 super

398 3506 684 3576 Secanam,
744 3510 797 3565 id
846 3519 929 3568 est
987 3514 1390 3590 Rothomagus;
1434 3516 1594 3571 tertia
1657 3516 2006 3573 Ludunensis

398 3614 565 3670 super
594 3601 851 3674 Ligerim,
905 3605 959 3659 id
989 3613 1072 3662 est
1095 3608 1368 3671 Turonis;
1410 3615 1605 3680 quarta
1634 3609 2002 3676 Ludunensis,

397 3686 450 3741 id
483 3697 568 3743 est
597 3689 853 3759 Senonis,
885 3710 1057 3765 super
1085 3696 1361 3751 Icaunam.
1403 3697 1560 3767 [1182
1590 3697 1606 3767 ]
1638 3698 1696 3751 1n
1726 3697 1829 3752 hoc
1857 3713 2003 3752 anno

398 3780 583 3836 evenit
620 3780 706 3837 bis
757 3786 837 3838 vel
890 3794 974 3840 ter
1014 3797 1344 3843 terremotus
1382 3788 1526 3843 circa
1575 3788 1774 3843 festum
1828 3790 2002 3845 sancti

394 3866 693 3923 Michaelis.
727 3870 838 3926 Hoc
866 3872 1030 3927 etiam
1058 3890 1203 3930 anno
1233 3891 1432 3949 magna
1457 3876 1736 3931 discordia
1763 3876 1902 3933 facta
1922 3884 2006 3932 est

400 3960 541 4016 inter
579 3978 763 4035 regem
795 3972 851 4020 et
878 3964 1023 4021 filios
1052 3983 1205 4035 suos,
1250 3975 1473 4038 propter
1508 3969 1790 4024 castellum
1824 3971 2005 4026 Clare-

400 4051 574 4118 vallis,
607 4056 755 4126 quod
786 4063 905 4112 erat
942 4059 1011 4113 de
1052 4059 1217 4115 feudo
1242 4060 1655 4135 Andegavcnsi;
1687 4072 1740 4117 et
1778 4063 2006 4118 Richar-

400 4140 503 4196 dus
532 4157 719 4199 comes
766 4145 1100 4203 Pictavensis
1140 4148 1373 4204 latenter
1412 4148 1724 4205 ﬁrmaverat
1753 4151 1909 4218 illud,
1951 4159 2006 4207 ct

399 4232 577 4290 adhuc
615 4235 893 4293 discordia
940 4250 1254 4310 perseverat
1303 4241 1446 4296 inter
1490 4248 1697 4313 patrem
1744 4249 1798 4298 et
1840 4242 2003 4307 ﬁlios,

398 4335 622 4398 propter
648 4330 898 4385 eamdem
924 4347 1169 4387 causam.
1203 4332 1314 4387 Rex
1335 4333 1600 4389 Henricus
1628 4334 1817 4390 senior
1853 4334 2005 4391 misit

1611 213 1951 269 SIGEBEBTI
1994 211 2507 269 GEMBLACENSIS.

2029 342 2079 410 Α
2108 338 2394 394 mundum.
2430 339 2531 404 Qui
2561 354 2684 395 cum
2717 355 2747 394 a
2777 338 3108 411 baptismate
3143 347 3534 408 reverteretur,
3566 347 3756 412 pater

3626 215 3757 272 διο

2104 428 2385 483 investivit
2414 444 2542 483 eum
2570 428 2771 483 ducatu
2794 429 3010 500 Apulie,
3042 444 3142 501 per
3169 444 3396 485 aureum
3419 436 3747 500 sceptrum,

2105 516 2269 592 quod.
2308 517 2362 571 in
2404 533 2571 572 manu
2611 517 2839 591 gerebat
2893 518 2954 573 Et
2980 518 3109 590 quia
3139 518 3206 572 de
3258 516 3478 573 filiabus
3509 517 3748 572 domini

2102 608 2211 663 mei
2258 609 2404 684 regis
2442 608 2737 682 Anglorum
2775 609 2899 680 cepi
2931 609 3105 682 loqui,
3145 625 3256 665 non
3287 609 3469 665 debeo
3501 616 3745 681 preter-

2103 700 2320 755 mitterc
2352 718 2538 776 regem
2578 701 2646 756 de
2688 700 2944 769 Castello,
2986 717 3151 772 quem
3198 707 3398 756 vocant
3427 700 3744 757 Anforsum

2102 805 2328 860 parvum
2358 807 2567 863 regem,
2589 790 2721 862 quia
2754 790 2936 846 adhuc
2966 790 3185 846 Feirant
3211 797 3439 860 patruus
3487 790 3615 859 ejus
3645 790 3745 844 vi-

2100 880 2204 945 vit;
2230 881 2325 952 qui
2372 882 2418 935 si
2449 889 2776 944 moreretur.
2810 881 3075 937 Anforsus
3116 881 3399 953 predictus
3446 890 3598 937 esset
3631 898 3740 937 rex

2102 970 2481 1026 universarum
2526 972 2929 1043 Hispaniarum.
2984 972 3081 1027 Hic
3117 970 3382 1026 Anforsus
3422 971 3599 1043 gratia
3629 970 3738 1025 Dei

2103 1069 2159 1116 ct
2187 1063 2385 1117 virtute
2416 1079 2515 1117 sua
2545 1063 2701 1117 duxit
2738 1063 2807 1097 39‘
2838 1062 3179 1117 carissimam
3218 1061 3500 1117 dominam
3543 1076 3738 1116 meam

2104 1158 2162 1206 et
2189 1148 2412 1205 ﬁliolam
2445 1152 2502 1205 in
2532 1152 2863 1221 baptismate
2894 1152 2949 1206 in
2976 1168 3224 1220 uxorem,
3270 1153 3497 1206 Alienor
3549 1152 3735 1207 ﬁliam

2104 1243 2250 1317 regis
2279 1244 2773 1317 Anglorum,cujus
2791 1245 3023 1299 consillo
3056 1252 3111 1300 et
3136 1244 3341 1299 auxilio
3368 1244 3539 1300 multa
3571 1244 3739 1299 bona

2105 1330 2156 1384 ei
2203 1330 2543 1385 acciderunt.
2579 1331 2708 1385 Nam
2741 1330 2977 1402 primum
3017 1331 3212 1386 urbem
3272 1331 3517 1387 Conchas
3544 1333 3733 1403 cepit,

2097 1433 2416 1490 magnarum
2447 1426 2712 1474 terrarum
2744 1419 3064 1487 matricem;
3104 1426 3159 1475 et
3178 1426 3238 1475 ut
3267 1420 3491 1492 quidam
3523 1421 3736 1475 dicunt

2098 1506 2246 1578 cepit
2275 1505 2581 1562 Cordubam
2614 1524 2679 1562 ex
2713 1515 2866 1579 parte
2896 1515 2951 1563 ct
2982 1508 3236 1575 munivit,
3266 1515 3322 1563 et
3353 1508 3491 1564 duas
3519 1509 3735 1564 civita-

2099 1603 2182 1652 tes
2212 1598 2357 1671 regis
2386 1598 2543 1669 Lupi,
2577 1598 2878 1653 Valentiam
2909 1607 2964 1653 et
3021 1599 3251 1655 Muciam
3300 1600 3400 1666 59°;
3456 1606 3513 1654 et
3542 1600 3731 1676 multa

2100 1685 2205 1740 alia
2231 1686 2379 1742 bona
2408 1685 2556 1753 fecit,
2589 1702 2697 1758 quc
2724 1686 2793 1741 ad
2826 1687 3078 1742 notitiam
3111 1693 3354 1743 nostram
3384 1702 3495 1742 non
3530 1702 3739 1759 perve-

2101 1784 2319 1833 nerunt.
2351 1778 2541 1834 Tcrcia
2570 1793 2697 1834 vero
2750 1778 2985 1833 ﬁliarum
3025 1778 3192 1854 regis.
3228 1778 3284 1833 id
3328 1785 3412 1833 est
3465 1778 3729 1834 Matildis

2104 1870 2489 1943 primogenita,
2523 1870 2717 1941 nupxit
2747 1870 2981 1926 Henrico
3010 1871 3138 1926 duci
3163 1871 3439 1926 Saxonum
3471 1879 3528 1927 et
3553 1871 3732 1941 Bajo-

2105 1962 2308 2016 riarum
2365 1971 2420 2017 et
2467 1963 2767 2018 Sucvorum
2852 1962 2962 2018 Nec
3017 1968 3099 2017 est
3146 1962 3349 2035 aliquis
3401 1963 3591 2031 homo,
3625 1962 3731 2035 qui

2106 2059 2284 2108 tantas
2307 2053 2507 2109 habeat
2533 2054 2937 2124 possessiones,
2969 2053 3114 2108 sicut
3140 2054 3264 2121 iste,
3298 2053 3403 2109 nisi
3423 2053 3590 2109 fuerit
3608 2054 3728 2108 im-

2104 2150 2324 2212 perator
2348 2149 2441 2197 aut
2471 2159 2585 2197 rex.
2621 2143 2752 2198 Nam
2783 2143 2854 2198 40
2884 2143 3053 2197 urbes
3076 2143 3262 2209 habet,
3295 2150 3350 2198 et
3367 2143 3432 2198 67
3466 2141 3724 2210 castella,

2105 2235 2349 2305 exceptis
2378 2236 2633 2306 pluribus
2660 2235 2824 2291 villis.
2851 2235 2960 2289 Sed
2978 2242 3161 2290 tamen
3191 2251 3315 2290 cum
3351 2242 3499 2290 esset
3531 2234 3730 2305 proxi-

2107 2338 2229 2376 mus
2259 2338 2422 2378 carne
2454 2323 2733 2378 Frederici
2783 2324 3136 2394 imperatoris
3166 2324 3562 2387 Romanorum,
3596 2324 3740 2379 ortis

2108 2416 2253 2471 inter
2279 2430 2376 2470 eos
2406 2415 2737 2486 quibusdam
2779 2415 3154 2483 simulatibus,
3194 2415 3429 2470 consilio
3453 2415 3738 2487 archiepi-

2107 2520 2400 2576 scoporum
2429 2511 2483 2559 ct
2520 2506 2911 2576 episcoporum
2953 2505 3107 2577 regni
3137 2505 3483 2572 Alemannie,
3507 2505 3604 2577 qui
3637 2507 3741 2561 ha-

2108 2595 2245 2649 bent
2276 2594 2389 2649 fere
2417 2610 2614 2649 omnes
2645 2595 2896 2650 civitates
2923 2595 2977 2648 in
3004 2595 3213 2650 ditione
3240 2612 3357 2655 sua.
3393 2595 3543 2650 illius
3574 2597 3741 2670 regni

2110 2684 2411 2755 imperator
2433 2684 2843 2740 cxulavitcum:
2875 2700 3045 2756 quare
3080 2686 3232 2740 venit
3263 2686 3318 2740 in
3338 2686 3735 2741 Normanniam

2108 2778 2178 2833 ad
2221 2794 2409 2852 regem
2462 2779 2753 2834 Henricum
2813 2796 3067 2836 socerum
3114 2797 3270 2835 suum
3317 2796 3441 2835 cum
3474 2797 3648 2836 uxore
3677 2789 3742 2837 et

2107 2867 2318 2933 liberis,
2352 2874 2407 2922 et
2435 2884 2528 2923 rex
2566 2869 2832 2923 maximas
2863 2886 3137 2940 expensas
3168 2868 3296 2924 fecit
3332 2884 3431 2940 pro
3462 2885 3550 2936 eo,
3584 2871 3728 2926 cotio

2103 2959 2191 3014 die
2222 2958 2515 3015 scilicet50
2546 2959 2718 3015 libras
2756 2961 3257 3036 Andegavensium.
3289 2961 3393 3026 Qui
3422 2962 3531 3017 Deo
3554 2961 3722 3016 auxi-

2103 3052 2271 3106 liante
2291 3052 2471 3106 adhuc
2494 3060 2692 3108 terram
2715 3069 2868 3108 suam
2902 3069 3028 3109 recu
3040 3054 3253 3124 perabit
3274 3070 3373 3125 per
3394 3054 3725 3110 industriam

2108 3148 2163 3195 et
2192 3139 2568 3195 fortitudinem
2600 3147 2655 3195 et
2693 3141 2914 3196 divitias
2947 3141 3091 3214 regis
3123 3142 3338 3217 Anglic.

2110 3236 2247 3292 H82
2319 3236 2633 3290 Fredericus
2689 3234 2774 3291 30.
2855 3237 3143 3307 Philippus
3208 3239 3228 3291 1
3313 3238 3577 3293 Henricus
3631 3238 3727 3293 27.

2181 3330 2291 3383 Rex
2343 3329 2607 3383 Henricus
2653 3329 2831 3385 tenuit
2873 3331 3081 3385 curiam
3143 3347 3297 3384 suam
3347 3331 3493 3402 apud
3554 3331 3731 3388 (Iade-

2110 3434 2281 3483 mum,
2321 3424 2374 3472 et
2423 3416 2733 3488 prohibuit,
2796 3433 2865 3472 nc
2920 3417 3122 3489 aliquis
3184 3418 3455 3473 baronlm
3513 3425 3736 3476 teneret

2106 3511 2336 3578 curiam,
2358 3509 2456 3565 sed
2497 3510 2753 3565 venirent
2788 3511 2857 3564 ad
2885 3527 3059 3566 suam.
3093 3511 3373 3566 Predictus
3402 3511 3510 3565 dux
3555 3511 3730 3567 Saxo-

2105 3619 2236 3659 num
2269 3604 2361 3658 ille
2399 3603 2569 3669 venit,
2602 3610 2657 3657 ct
2697 3602 2773 3657 ibi
2812 3610 3192 3658 convenerunt
3224 3602 3376 3658 mille
3431 3604 3634 3659 milites
3668 3610 3727 3658 et

2105 3712 2171 3752 co
2200 3698 2458 3768 amplius.
2512 3697 2655 3751 Obiit
2682 3697 2965 3752 Johannes
3006 3696 3361 3752 (larnotensis
3406 3696 3726 3768 episcopus,

2105 3795 2160 3841 et
2187 3786 2451 3842 successit
2482 3786 2532 3840 ei
2574 3785 2788 3849 Petrus,
2821 3785 2915 3856 qui
2959 3784 3135 3840 fuerat
3173 3784 3347 3839 abbas
3385 3784 3571 3839 Sancti
3613 3785 3723 3840 Re-

2104 3878 2257 3951 migii
2291 3876 2599 3933 Remensis.
2647 3876 2791 3931 Obiit
2833 3875 3101 3931 Galterius
3140 3876 3441 3946 episcopus
3477 3874 3723 3931 Ront‘en-

2110 3964 2207 4031 sis,
2255 3964 2350 4035 qui
2395 3963 2497 4018 fuit
2549 3963 2715 4018 frater
2769 3963 3072 4019 Theobaldi
3130 3964 3530 4035 archiepiscOpi
3586 3964 3725 4019 Can-

2106 4052 2430 4118 tuariensis;
2486 4058 2540 4106 et
2594 4052 2858 4107 successit
2910 4052 2961 4106 ei
3017 4052 3357 4106 Valerannus
3407 4050 3725 4118 Bajocensis

2107 4143 2549 4198 archidiaconus.
2584 4141 2732 4196 Obiit
2771 4149 2927 4213 pater
2967 4151 3155 4197 noster
3186 4142 3495 4197 Richardus
3526 4141 3723 4197 Abrin-

2109 4238 2292 4293 censis
2342 4237 2658 4308 episcopus,
2712 4236 2797 4292 vir
2835 4252 3034 4309 magne
3076 4237 3355 4292 literature
3400 4246 3506 4291 tam
3561 4252 3718 4292 secu-

2109 4331 2238 4386 laris
2275 4346 2437 4402 quam
2466 4329 2675 4395 divine,
2702 4343 2916 4384 morum
2953 4329 3243 4384 honestate
3271 4328 3427 4402 virgo
3467 4328 3537 4383 ab
3565 4334 3722 4384 utero

396 4394 695 4471 exercitum
727 4418 783 4472 in
813 4419 1173 4488 Britanniam,
1196 4428 1251 4475 et
1282 4420 1622 4476 obsederunt
1662 4428 1865 4476 turrem
1898 4394 2082 4477 Re-D
2110 4394 2438 4477 laudandus.
2472 4420 2617 4476 Obiit
2656 4394 2817 4475 Fulco
2850 4420 3198 4495 Paganellus,
3253 4427 3310 4475 et
3349 4394 3621 4476 successit
3667 4420 3721 4476 ei

397 4506 721 4573 donensem,
758 4517 813 4566 et
839 4520 1124 4583 ceperunt,
1168 4520 1225 4567 ct
1270 4512 1614 4568 combustam
1645 4511 2006 4568 recdiﬁcave-

395 4606 522 4654 runt
547 4602 988 4660 ctmuniverunt.
1013 4604 1209 4660 Postea
1232 4620 1418 4660 comes
1444 4604 1722 4660 Britannic
1749 4622 2005 4679 magnam

398 4698 606 4759 partem
650 4692 823 4763 ipsius
850 4695 1086 4752 civitatis
1128 4705 1184 4753 et
1230 4696 1508 4752 abbatiam
1549 4697 1724 4752 sancti
1757 4698 2004 4770 Gregorii

395 4781 719 4850 combussit;
753 4792 808 4840 ct
847 4787 1108 4844 Becherel
1131 4797 1365 4845 castrum
1399 4788 1651 4845 Rollandi
1686 4790 1756 4844 de
1787 4791 2001 4845 Dinam.

394 4873 720 4931 Audivimus
756 4893 787 4931 a
816 4879 1165 4949 quibusdam.
1206 4881 1361 4953 quod
1402 4882 1654 4937 Johanna
1681 4898 1819 4937 uxor
1848 4882 2005 4937 Guil-

394 4961 551 5018 lermi
594 4965 740 5038 regis
768 4966 974 5035 Sicilie,
1003 4967 1115 5023 ﬁlia
1145 4970 1363 5026 Henrici
1392 4971 1538 5043 regis
1573 4970 1870 5045 Anglorum
1905 4986 2007 5042 pe-

394 5053 537 5124 perit
566 5053 801 5110 eiﬁlium
834 5055 1284 5131 primogenitum,
1313 5074 1477 5130 quem
1498 5067 1834 5116 vocaverunt
1865 5061 2007 5115 Boa-

2108 4513 2437 4569 Guillermus
2464 4511 2611 4567 ﬁlius
2649 4511 2788 4582 ejus.
2826 4510 2970 4567 Obiit
3021 4512 3331 4567 Richardus
3370 4511 3545 4566 abbas
3569 4510 3724 4566 Mon-

2106 4605 2359 4679 tisburgi,
2392 4610 2446 4659 et
2472 4604 2739 4659 successit
2767 4602 2817 4657 ei
2846 4602 3121 4658 Robertus
3149 4603 3299 4674 prior
3325 4610 3381 4657 et
3418 4601 3723 4658 monachus

2107 4696 2355 4765 ejusdem
2400 4693 2527 4751 loci.
2587 4693 2870 4749 Johannes
2926 4693 3199 4757 (.ommin,
3278 4692 3519 4748 clericus
3577 4692 3723 4767 regis

2105 4788 2426 4859 Anglorum,
2473 4785 2651 4841 factus
2698 4792 2781 4839 cst
2842 4784 3294 4856 archiepiscOpus
3356 4783 3616 4839 Duveline
3664 4783 3722 4837 in

2107 4880 2384 4936 Hibernia.
2434 4878 2581 4934 Obiit
2619 4877 2812 4933 Petrus
2851 4876 3206 4933 Carnotensis
3245 4877 3579 4948 episcOpus:
3620 4892 3720 4931 cu-

2099 4973 2191 5041 jus
2231 4973 2350 5027 loco
2378 4969 2587 5026 electus
2618 4975 2700 5024 est
2744 4968 3044 5024 Rainaldus
3074 4969 3143 5024 de
3188 4969 3403 5035 Mocon,
3438 4969 3723 5023 thesaura-

2105 5063 2220 5118 rius
2278 5061 2463 5116 Sancti
2529 5059 2742 5115 Martini
2807 5060 3144 5115 Turonensis
3177 5103 3192 5128 ,
3277 5074 3453 5130 nepos
3505 5056 3722 5114 comitis

690 5210 697 5213 ν
1735 5164 1968 5220 VARUE
1998 5165 2378 5222 LECTIONES.

466 5261 875 5338 “9_MCLX_Ylll.
921 5264 1079 5338 habet
1125 5264 1183 5338 Ε.
1238 5264 1330 5338 Α⁶⁰⁰
1368 5267 1448 5338 ita
1490 5266 1547 5320 E.
1638 5267 1702 5301 ⁶⁹¹
1735 5272 1979 5323 mutatur
2025 5284 2220 5323 manus
2280 5273 2331 5323 et
2382 5266 2793 5338 orthographia.
2867 5266 2935 5300 ⁶⁹²
2965 5267 3165 5321 desinit
3220 5264 3313 5321 8d.
3367 5265 3581 5321 ultimis
3634 5266 3721 5332 fo-

396 5333 485 5386 liis

524 5334 895 5410 deperditis.“
918 5334 987 5410 59:"
1016 5336 1213 5410 desinit
1230 5335 1303 5410 8°.
1372 5337 1440 5371 “9‘
1471 5341 1821 5407 quaternione
1844 5340 2115 5394 desinente
2144 5342 2203 5393 in
2233 5340 2292 5395 E.
2321 5334 2599 5410 sequentia
2631 5334 2884 5410 exaravit
2909 5338 3023 5391 alia
3044 5353 3232 5410 manus
3272 5340 3532 5391 continua
3560 5352 3723 5407 usque

395 5404 469 5457 ad
492 5405 650 5472 ﬁnem
678 5421 732 5459 a.
772 5405 920 5461 1183.
951 5407 1153 5461 Deinde
1172 5408 1361 5462 habitu
1375 5404 1661 5478 paululum
1687 5415 1892 5466 mutato
1920 5411 2107 5465 eadem
2126 5427 2350 5481 prorsus
2377 5404 2571 5466 manus
2595 5424 2761 5480 usque
2790 5408 2864 5462 ad
2891 5411 3045 5478 ﬁnem
3071 5409 3270 5463 codicis
3296 5409 3582 5478 pertingit.

1950 5538 2156 5593 NOTAE.

473 5600 622 5671 (715)
650 5604 942 5662 Elisabeth.
