3916 6064
216 297 322 352 541

370 435 724 477 ROMANORUM.
749 459 755 467 ς
874 436 1218 476 FRANCORUM.
1382 437 1692 478 ANGLORUM.

213 513 552 569 Theobaldi.
609 511 881 566 Galterius
919 513 989 566 de
1046 512 1378 568 Constantiis
1418 513 1592 570 factus
1621 513 1841 581 episco-

219 625 326 680 pus
361 607 722 666 Lieoniensis,
771 614 1017 661 sacratus
1072 606 1176 662 fuit
1211 624 1242 662 a
1283 607 1554 663 Richardo
1611 607 1840 662 Cantua-

219 697 390 753 riensi
416 697 830 767 archiepiscopo
883 696 1216 770 Andegavis,
1279 697 1334 751 in
1399 697 1613 768 capella
1669 696 1838 752 donni

222 804 376 862 regis
405 795 460 842 ct
499 787 554 840 in
575 787 855 857 prescntia
884 786 1017 857 ejus.

299 875 500 947 [1183.]
532 875 674 930 Obiit
735 875 1001 930 Henricus
1043 875 1264 942 tercius,
1311 874 1634 930 karissimus
1662 874 1842 930 domi-

219 983 330 1020 nus
397 974 609 1030 noster,
664 964 886 1032 juvenis
945 981 1060 1030 rex,
1121 963 1266 1018 ﬁlius
1331 965 1546 1020 llenrici
1613 964 1841 1020 secundi

219 1058 675 1114 excellentissimi
705 1063 759 1111 et
791 1057 1145 1113 illustrissimi
1178 1058 1322 1132 regis
1346 1059 1666 1132 Anglorum,
1695 1060 1841 1132 apud

220 1161 466 1204 caS'rum
500 1147 684 1202 Martel
713 1147 802 1214 ⁵⁵³⁵,
836 1147 869 1200 3
902 1147 1027 1202 ldus
1051 1147 1224 1212 Junii,
1275 1147 1331 1201 in
1373 1147 1664 1204 festivitate
1697 1149 1842 1204 heati

223 1243 472 1296 Barnabe
509 1241 764 1312 apostoli,
805 1239 889 1295 vir
941 1256 1040 1311 per
1093 1241 1279 1296 omnia
1334 1241 1702 1314 plangendus,
1735 1257 1846 1298 non

221 1335 402 1390 solum
431 1333 563 1404 quia
593 1339 710 1387 erat
741 1331 910 1386 filius
949 1332 1224 1388 karissimi
1256 1333 1466 1388 domini
1499 1333 1670 1388 nostri
1703 1335 1842 1389 llen-

224 1424 326 1480 rici
355 1423 809 1479 excellentissimi
850 1423 998 1497 regis
1031 1423 1327 1498 Anglorum
1369 1423 1625 1492 secundi,
1653 1441 1843 1480 verum

227 1517 395 1572 etiam
449 1515 579 1588 quia
633 1521 748 1570 erat
801 1516 1206 1586 pulcherrimus
1273 1513 1430 1578 facie,
1488 1516 1754 1571 honestus
1794 1516 1850 1572 in

227 1607 499 1674 moribus,
532 1605 761 1678 dapsilis
800 1607 854 1660 in
887 1607 1230 1672 muneribus,
1283 1622 1452 1677 super
1479 1622 1675 1662 omnes
1707 1624 1846 1679 quos

223 1699 282 1754 in
327 1705 512 1754 nostra
542 1704 688 1753 etate
711 1698 969 1766 vidimus,
991 1699 1084 1769 qui
1113 1705 1310 1753 terram
1339 1697 1584 1753 nomium
1617 1698 1847 1754 haberet

1083 294 1408 350 CHRONICA
1473 326 1536 334 —
1579 295 1957 350 AUCTARIUM
1998 291 2282 350 ROBEBTI
2324 292 2406 348 DE
2447 290 2686 347 MONTE.

1859 427 1911 494 Α
1939 427 2175 478 terature
2215 427 2272 476 et
2302 419 2630 484 honestatis,
2682 417 2892 472 electus
2931 421 3015 472 est
3070 415 3126 470 in
3173 412 3556 486 episcOpatum

3457 285 3560 342 542

1944 508 2304 574 Cestrensem,
2383 507 2477 580 qui
2546 506 2901 578 episcopatus
2966 503 3134 559 habet
3200 509 3312 557 tres
3350 501 3560 556 sedes:

1945 599 2310 665 Cestrensem,
2344 597 2777 663 Covcitrensem,
2825 594 3250 650 Licifellensem.
3301 593 3567 648 Henricus

1945 694 2110 749 frater
2138 694 2314 768 Egidii
2350 694 2418 748 de
2473 693 2747 758 Solereio,
2804 706 2980 762 nepos
3042 688 3258 744 abbatis
3287 686 3562 753 Fiscanni,

1943 786 2156 840 electus
2195 791 2278 839 est
2313 783 2380 838 ad
2409 782 2951 852 archiepisc0patum
3008 777 3428 832 Bituricensem.
3463 759 3604 831 Ite;

1946 893 2064 930 rum
2096 875 2406 930 Andronius
2441 873 2650 945 expulit
2703 881 2962 944 nepotem
3015 886 3174 924 suum
3216 867 3566 936 Alexiumju-

1945 983 2137 1029 venem
2172 967 2563 1037 imperatorem
2604 965 2673 1018 de
2688 963 2826 1018 urbe
2852 960 3484 1032 Constantinopolitana,
3511 965 3566 1015 et

1946 1067 2164 1128 captum
2187 1058 2406 1112 tandem
2431 1055 2695 1110 demersit
2755 1055 2810 1110 in
2845 1070 2997 1108 mare
3045 1053 3222 1124 ipsum
3255 1058 3310 1107 et
3337 1058 3564 1107 matrem

1947 1152 2002 1200 et
2027 1161 2270 1200 sororem
2293 1144 2656 1213 ejus.Quibus
2674 1144 2741 1197 de
2773 1143 2956 1198 medio
2983 1141 3276 1198 moriendo
3310 1139 3562 1202 sublatis,

1949 1235 2280 1300 Andronius,
2313 1236 2406 1306 qui
2435 1235 2706 1289 tirannice
2753 1235 3060 1306 arripuerat
3088 1233 3405 1304 imperium,
3438 1245 3568 1302 prc-

1946 1325 2090 1396 cepit
2121 1323 2488 1398 primogenito
2543 1322 2656 1377 filio
2716 1338 2816 1378 suo
2875 1321 3090 1376 Manuel
3173 1327 3232 1376 ut
3295 1319 3568 1386 acciperet

1947 1431 2172 1472 uxorem
2195 1415 2365 1470 Alexii
2388 1414 2736 1486 imperatoris
2765 1412 3032 1476 defuncti,
3073 1427 3316 1466 sororem
3364 1407 3564 1478 Philipi

1951 1507 2097 1580 regis
2120 1507 2477 1572 Francorum,
2511 1514 2566 1560 et
2599 1505 2824 1558 haberet
2871 1519 2994 1558 cum
3027 1517 3093 1556 eo
3119 1499 3439 1572 dignitatem
3468 1497 3567 1552 im-

1946 1596 2104 1667 perii.
2139 1595 2294 1660 Quod
2321 1610 2443 1649 cum
2471 1593 2554 1648 vir
2581 1594 2842 1646 honestus
2866 1597 3144 1651 renueret,
3171 1586 3403 1658 projecit
3434 1601 3560 1640 eum

1947 1684 2004 1738 in
2034 1683 2278 1748 vincula,
2309 1688 2362 1736 et
2407 1680 2620 1750 accepit
2670 1679 2839 1744 illam,
2873 1683 2926 1732 et
2971 1675 3241 1731 contraxit
3283 1674 3557 1728 incestum

330 1748 512 1754 .-
546 1748 684 1753 -----_
996 1748 1084 1769 γ,
1619 1748 1845 1754 πη---
2544 1748 2553 1750 ἡ

222 1787 580 1862 assignatam.
615 1786 866 1857 quamvis
905 1793 1064 1858 pater
1090 1785 1208 1856 ejus
1247 1785 1565 1857 quindecim
1587 1786 1741 1841 milia
1771 1787 1841 1841 li-
1868 1748 1919 1814 Β
1945 1777 2286 1852 conjugium,
2333 1775 2378 1830 si
2424 1774 2742 1848 conjugium
2792 1771 3101 1828 vocandum
3160 1777 3265 1835 est,
3335 1775 3390 1822 et
3439 1766 3568 1822 fecit
3661 1799 3672 1808 ι

215 1881 440 1934 brarum
471 1876 950 1950 Andegavcnsium
980 1883 1202 1933 monete
1229 1884 1282 1931 et
1309 1893 1375 1932 eo
1403 1877 1640 1947 amplius
1673 1887 1840 1950 quot-

217 1973 383 2027 annis
411 1972 583 2027 daret.
625 1970 730 2026 Sed
803 1971 908 2026 hoc
967 1985 1157 2040 parum
1215 1975 1332 2024 erat
1389 1969 1455 2024 ad
1506 1969 1836 2039 explendam

219 2060 570 2116 latitudinem
642 2059 824 2115 cordis
855 2059 995 2129 ejus.
1054 2059 1112 2112 In
1168 2056 1352 2113 ofﬁcio
1409 2059 1629 2113 militari
1662 2066 1846 2114 tantus

223 2157 364 2217 erat,
417 2157 475 2205 ut
505 2165 616 2206 non
656 2149 884 2204 haberet
938 2165 1150 2220 parem,
1197 2149 1294 2204 sed
1351 2149 1712 2221 principes-et
1751 2165 1846 2204 co-

226 2241 395 2298 mites
423 2251 478 2297 et
509 2241 674 2298 etiam
706 2257 864 2316 reges
904 2257 1028 2297 eum
1064 2242 1337 2298 timerent.
1370 2242 1610 2298 Veniens
1639 2233 1704 2298 ad
1747 2259 1840 2298 ex-

227 2343 427 2400 trema,
455 2335 582 2407 quia
611 2335 848 2390 consilio
880 2350 1166 2405 pravorum
1215 2333 1499 2389 hominum
1541 2352 1640 2406 per
1675 2353 1840 2408 guer-

231 2441 348 2480 ram
377 2423 491 2480 fere
513 2440 612 2494 per
631 2439 835 2478 annum
869 2425 1038 2478 Deum
1080 2430 1134 2478 et
1159 2431 1408 2480 sanctam
1450 2426 1740 2481 ecclesiam
1786 2433 1838 2482 et

223 2519 436 2588 patrem
467 2531 624 2570 suum
647 2513 969 2580 offenderat,
999 2516 1389 2585 pcenitenciam
1417 2517 1626 2588 recepit
1647 2534 1676 2571 a
1697 2532 1838 2588 quo-

223 2611 352 2666 dam
381 2607 726 2664 sanctissimo
757 2608 1020 2679 episcopo
1046 2613 1101 2662 et
1123 2608 1306 2662 multis
1331 2608 1546 2675 aliis,et
1573 2609 1710 2680 patri
1737 2624 1838 2664 suo

222 2700 281 2754 in
315 2697 594 2764 extremis,
609 2714 710 2768 per
733 2697 938 2752 litteras
971 2697 1504 2770 mandavit,utquod
1537 2697 1842 2754 offenderat

221 2789 278 2844 in
321 2789 490 2843 Deum
509 2795 561 2842 et
587 2793 828 2842 sanctam
863 2786 1176 2849 ecclesiam,
1216 2802 1396 2857 proeo
1427 2789 1767 2853 emendaret,
1787 2798 1842 2843 et

221 2877 414 2932 matris
441 2893 540 2932 sue
568 2876 758 2950 regine
773 2875 1071 2950 Anglorum
1089 2882 1144 2930 et
1165 2875 1352 2930 uxoris
1375 2892 1473 2932 sue
1501 2877 1706 2932 sororis
1719 2876 1842 2931 Plii-

221 2970 321 3042 lipi
341 2969 886 3044 regisFraneorumet
901 2967 1134 3022 militum
1157 2984 1381 3022 suorum
1411 2976 1466 3024 et
1485 2969 1839 3024 servientium

225 3059 602 3125 misereretur,
617 3056 1001 3129 quibusmulta
1035 3057 1378 3127 promiserat,
1403 3073 1508 3113 nec
1529 3059 1608 3113 eis
1635 3058 1843 3130 aliquid
1871 3087 1914 3130 ρ

224 3152 498 3220 proventu
538 3145 730 3201 mortis
767 3145 898 3199 dare
913 3151 1144 3215 poterat.
1180 3146 1530 3216 Disposuerat
1556 3154 1682 3201 ante
1697 3163 1845 3201 mor-

226 3248 343 3294 tem
373 3253 550 3303 suam,
573 3244 634 3292 ut
661 3251 863 3307 corpus
891 3236 1012 3306 ejus
1037 3239 1095 3290 in
1121 3237 1356 3292 ecclesia
1385 3238 1542 3292 beate
1563 3237 1728 3292 lllarie
1746 3237 1846 3293 Ro-

222 3325 606 3400 thomagensis
619 3325 792 3396 sepeli
803 3333 976 3390 retur,
989 3325 1084 3380 ubi
1093 3325 1280 3394 jaceat
1296 3326 1453 3396 primi
1465 3332 1846 3380 antecessores

220 3419 366 3487 ejus,
397 3417 451 3470 id
483 3423 564 3472 est
587 3415 742 3472 Rollo
775 3423 831 3472 et
867 3415 1188 3470 Willermus
1245 3415 1430 3491 Longa
1475 3416 1638 3486 Spata
1693 3415 1841 3470 filius

221 3507 366 3575 ejus,
395 3505 566 3560 duces
595 3503 1059 3572 Normannorum,
1112 3503 1443 3558 Guillermus
1471 3503 1633 3558 etiam
1653 3519 1839 3558 comes

223 3607 458 3670 patruus
488 3595 632 3664 ejus,
673 3594 757 3649 vir
782 3609 884 3665 per
930 3593 1120 3649 omnia
1177 3593 1543 3668 plangendus.
1575 3593 1684 3648 Sed
1713 3609 1836 3648 cum

227 3696 575 3751 deducerent
597 3692 762 3748 funus
785 3693 906 3762 ejus
935 3690 1244 3748 Richardus
1301 3689 1709 3746 Cantuariensis
1749 3706 1839 3744 ar-

230 3787 623 3857 chiepiscOpus
675 3791 731 3840 et
777 3785 948 3840 multe
999 3784 1107 3839 alie
1136 3782 1511 3838 ecclesiastico
1537 3797 1778 3854 persone
1798 3789 1852 3837 et

235 3881 396 3937 multi
443 3881 762 3936 consulares
817 3887 873 3936 et
937 3878 1386 3934 excellentissimi
1441 3876 1682 3932 nominis
1727 3875 1848 3934 viri.

235 3980 514 4026 venerunt
536 3969 969 4035 Cenomannum,
1001 3972 1082 4030 !et
1110 3969 1164 4022 in
1214 3967 1448 4023 ecclesia
1479 3967 1625 4022 beati
1653 3966 1854 4021 Juliani

237 4081 448 4136 corpus
493 4065 614 4128 ejus
642 4069 968 4134 posuerunt.
1031 4062 1091 4117 In
1141 4061 1382 4117 crastino
1415 4059 1858 4130 Cenomanenscs

239 4154 478 4210 maxime
507 4153 658 4208 cives
685 4152 1031 4224 sepelierunt
1062 4167 1188 4207 eum
1213 4151 1268 4206 in
1300 4149 1498 4206 eodem
1531 4148 1653 4204 loco
1667 4153 1856 4204 contra

237 4250 580 4306 voluntatem
602 4254 659 4304 et
677 4247 1106 4319 appellationem
1138 4261 1352 4313 eorum,
1388 4244 1482 4316 qui
1517 4242 1852 4315 corpusejus

235 4338 612 4394 deducebant.
641 4338 756 4404 Quo
786 4336 974 4391 audito
1032 4341 1186 4406 pater
1213 4333 1335 4402 ejus
1379 4333 1574 4397 iratus,
1605 4347 1716 4387 non
1760 4346 1854 4386 so-

1941 1870 2192 1926 coronari
2223 1884 2412 1923 secum
2444 1865 2793 1920 ﬁliumsuum
2810 1864 3079 1918 minorem
3113 1860 3563 1929 Calojohannem.

1941 1961 2070 2017 Cum
2129 1966 2308 2014 autem
2362 1957 2532 2012 Latini
2591 1955 2978 2011 occiderentur
3033 1969 3132 2023 per
3184 1951 3563 2006 crudelitatem

1945 2049 2104 2104 istius
2143 2045 2426 2112 Androuii,
2451 2044 2671 2117 quidam
2705 2041 3000 2098 cardinalis
3031 2041 3275 2094 Romane
3303 2026 3561 2102 ecclesie,

1944 2139 2224 2194 Iohannes
2255 2135 2500 2201 nomine,
2531 2148 2696 2206 quem
2728 2132 3006 2186 Romanus
3051 2125 3298 2198 pontifex
3331 2125 3556 2180 miserat

1943 2228 2472 2300 ConstantinOpolim
2495 2227 2560 2280 ad
2588 2225 2919 2296 peticionem
2947 2219 3162 2274 Manuel
3193 2215 3558 2287 imperatoris,

1944 2355 2001 2365 --
2033 2323 2125 2395 qui
2158 2328 2274 2377 erat
2303 2319 2384 2374 vir
2441 2318 2752 2390 religiosus,
2801 2321 2854 2368 et
2885 2312 3104 2368 volebat
3159 2324 3259 2380 per
3299 2306 3558 2378 predica-

1942 2416 2148 2471 tionem
2190 2413 2340 2468 illius
2394 2408 2689 2466 cardinalis
2747 2419 2999 2461 revocare
3027 2399 3318 2457 ecclesiam
3360 2398 3560 2452 Greco-

1940 2521 2058 2559 rum
2090 2503 2158 2558 ad
2187 2502 2434 2557 instituta
2487 2505 2542 2553 et
2591 2495 2991 2566 subjectionem
3034 2492 3277 2546 Romane
3317 2484 3553 2542 ecclesie

1941 2596 2132 2658 —,hic
2160 2595 2384 2667 inquam
2423 2591 2722 2657 Johannes,
2779 2603 2900 2643 cum
2942 2583 3115 2639 Latini
3148 2579 3558 2642 occiderentur,

1941 2693 2057 2741 erat
2099 2686 2154 2740 in
2185 2683 2426 2755 hospitio
2456 2697 2556 2736 suo
2587 2699 2600 2745 ;
2658 2685 3033 2747 venerantque
3064 2673 3132 2728 ad
3173 2688 3298 2727 eum
3331 2667 3555 2740 quidam

1943 2773 2184 2848 religiosi
2230 2759 3554 2836 viri,sua<lereei,utdiscederet,neoccideretur.

1943 2845 2098 2928 Quod
2127 2878 2252 2916 cum
2283 2857 2669 2924 audiret,dixit
2699 2873 2714 2922 ;
2749 2855 2910 2910 Absit
2938 2854 3032 2906 hoc
3074 2866 3140 2905 ne
3167 2851 3285 2919 ﬁat.
3323 2848 3434 2912 Ego
3465 2845 3558 2899 hic

1944 2960 2025 3011 sto
2041 2971 2139 3026 pro
2178 2955 2388 3008 unitate
2407 2951 2618 3006 ecclesie
2680 2952 2732 3003 et
2759 2949 3002 3016 precepto
3059 2942 3269 2996 domini
3295 2940 3401 2993 mei
3423 2937 3560 3026 Aie:

1944 3023 2152 3100 man/1n“
2175 3058 2317 3114 pape
2367 3042 2516 3096 Tunc
2573 3039 2845 3092 irruentes
2909 3034 2965 3088 in
3024 3047 3149 3086 eum
3184 3023 3564 3098 Greciperﬁdi

1947 3113 2267 3190 occiderunt
2287 3145 2438 3197 eum,
2469 3135 2524 3183 et
2555 3127 2786 3200 ligentes
2817 3138 3012 3177 canem
3045 3135 3166 3176 cum
3199 3132 3287 3183 eo,
3307 3116 3382 3170 ita
3411 3113 3560 3186 quod

1947 3225 2123 3281 cauda
2169 3223 2323 3278 canis
2353 3229 2498 3276 esset
2549 3219 2604 3274 in
2659 3233 2722 3273 os
2762 3217 2905 3285 ejus,
2950 3217 3229 3268 traxerunt
3269 3225 3367 3280 per
3415 3207 3568 3262 vicos

1947 3315 2204 3382 civitatis,
2227 3321 2282 3369 et
2315 3313 2456 3367 facta
2511 3311 2669 3366 fovea
2719 3308 2794 3362 ibi
2855 3305 3278 3361 combusserunt
3305 3315 3429 3354 eum
3465 3302 3568 3364 ;et

1948 3414 2142 3478 postea
2161 3405 2262 3460 viri
2299 3403 2540 3477 religiosi
2584 3403 2652 3456 de
2694 3399 2850 3454 fovea
2908 3397 3152 3452 tulerunt
3180 3406 3384 3461 corpus
3415 3389 3557 3478 ejus,

1940 3477 1995 3552 et
2015 3497 2224 3553 obtime
2255 3493 2594 3564 sepelierunt
2651 3489 2807 3552 illud,
2850 3487 2946 3541 ubi
2999 3481 3356 3538 ﬁuntcrebro
3396 3477 3566 3532 mira-

1941 3586 2081 3641 cula.
2114 3583 2454 3638 Christianus
2485 3577 2895 3650 Magunciensis
2921 3572 3374 3642 archiepiscOpus
3398 3566 3556 3629 obiit,

1939 3673 2033 3745 qui
2060 3688 2118 3728 se
2150 3687 2262 3727 non
2292 3669 2530 3724 habebat
2574 3665 2880 3722 secundum
2937 3677 3146 3717 morem
3201 3657 3552 3722 clericorum,

1951 3767 2050 3824 sed
2080 3781 2233 3822 more
2271 3763 2494 3827 tiranni,
2519 3761 2792 3816 exercitus
2847 3755 3102 3813 ducendo
3127 3760 3182 3809 et
3221 3751 3560 3806 Braibenco-

1953 3873 2072 3922 nes,
2095 3863 2149 3910 et
2174 3855 2345 3910 multa
2389 3853 2532 3908 mala
2566 3851 2695 3906 fecit
2735 3847 2968 3904 ecclesie
3000 3847 3266 3909 Romane,
3301 3848 3356 3896 et
3381 3837 3564 3894 homi-

1955 3946 2120 4000 nibus
2142 3945 2318 4000 sancti
2346 3942 2510 4008 Petri,
2547 3949 2602 3996 et
2631 3937 2960 4012 quibusdam
3003 3933 3317 3990 civitatibus
3349 3930 3561 4000 Lango-

1958 4038 2172 4107 bardie,
2203 4051 2312 4109 que
2339 4041 2496 4090 erant
2547 4032 2823 4089 contrarie
2879 4027 3198 4100 imperatori
3251 4019 3571 4078 Alemannie

1958 4127 2184 4184 domino
2221 4141 2340 4181 suo.
2374 4123 2572 4196 [t183.]
2607 4121 2753 4176 Obiit
2805 4118 3148 4175 carrissimus
3171 4111 3434 4169 dominus
3462 4123 3572 4162 no-

1957 4229 2072 4276 ster
2098 4217 2372 4273 Rotrodus
2401 4214 2867 4285 archiepiscopus.
2912 4203 3376 4278 Rothomagensis
3406 4199 3569 4256 Obiit.

1953 4308 2282 4364 Guillermus
2299 4321 2486 4362 comes
2513 4301 2847 4359 Gloecestrie
2869 4299 2992 4354 sine
3019 4293 3340 4355 heredibus,
3361 4291 3573 4360 absque

239 4429 354 4486 lum
389 4443 488 4500 pro
508 4442 575 4482 eo
605 4385 756 4498 quod
782 4441 982 4494 corpus
1012 4385 1110 4478 firlii
1159 4385 1261 4478 sui.
1299 4429 1489 4478 contra
1518 4385 1856 4476 voluntatem
1877 4385 2123 4462 θῑΐίδιιδ
2161 4402 2381 4458 ﬁliabus
2428 4417 2658 4474 (1“an
2709 4414 2814 4452 “"9
2845 4404 2928 4450 θεῖ
2957 4391 3236 4500 comitis?
3262 4385 3569 4486 Ehroicenf

239 4519 366 4586 ejus
401 4517 479 4572 ibi
496 4515 852 4587 sepelierant,
883 4513 980 4568 sed
1003 4528 1069 4568 eo
1099 4511 1271 4566 multo
1306 4510 1566 4580 amplius,
1598 4509 1748 4580 quod
1790 4508 1858 4562 ab

238 4604 538 4663 obsidione
593 4601 754 4657 castri
809 4599 1214 4656 Lemovicensis
1253 4605 1592 4654 recesserant
1628 4597 1750 4652 sine
1781 4595 1849 4650 li-

238 4693 438 4750 cencia
457 4693 596 4761 ejus,
621 4706 692 4746 ne
717 4691 898 4745 dicam
937 4689 1242 4755 voluntate,
1265 4687 1434 4756 jussit
1459 4701 1662 4758 corpus
1691 4683 1858 4740 eﬁ‘odi

241 4792 298 4842 et
329 4783 386 4838 in
418 4780 708 4836 ecclesiam
741 4779 1244 4853 Rotbomagensem
1287 4775 1490 4832 deferri
1523 4775 1655 4844 ;ubi
1677 4773 1744 4828 ab
1773 4789 1860 4827 ar-

239 4869 618 4942 chiepiscopis
677 4866 1105 4942 Rothomagensi
1137 4873 1191 4921 et
1221 4863 1615 4931 Cantuariensi,
1649 4869 1704 4918 et
1733 4879 1856 4934 ept-

240 4961 430 5034 scopis
477 4959 792 5025 Normanic,
825 4965 880 5014 et
927 4957 1240 5023 abbatibus,
1295 4963 1352 5012 et
1407 4954 1532 5010 aliis
1588 4951 1862 5028 religiosis

240 5053 520 5128 personis,
547 5052 618 5108 ad
647 5051 925 5107 sinistram
993 5055 1204 5120 partem
1253 5049 1442 5104 altaris
1476 5047 1636 5102 beate
1672 5044 1858 5112 Mario,

241 5145 554 5203 honorifice
579 5144 721 5200 sicut
750 5149 960 5197 tantum
977 5141 1154 5196 virum
1177 5140 1430 5206 decebat,
1457 5138 1874 5196 tumulatusest.

317 5237 466 5294 Obiit
490 5234 826 5292 venerabilis
854 5233 938 5289 vir
967 5233 1222 5288 Albertus
1257 5230 1528 5286 Aletensis
1555 5228 1872 5300 episcopus,

245 5347 414 5405 quem
446 5328 698 5384 moderni
729 5328 828 5394 Ide
877 5326 1078 5381 Sancto
1137 5323 1402 5380 Maclovio
1440 5329 1657 5386 vocant,
1719 5320 1878 5389 cujus

243 5427 607 5498 episcopatus
638 5421 946 5494 antiquitus
974 5420 1169 5476 civitas
1207 5419 1364 5473 Aleta
1411 5415 1734 5472 vocabatur.
1764 5413 1876 5468 Ma-

239 5521 414 5596 gister
453 5518 734 5582 Girardus,
793 5525 1163 5590 cognomento
1208 5514 1414 5582 Puella,
1465 5511 1552 5569 vir
1581 5525 1778 5584 magne
1805 5510 1877 5564 li-

1957 4501 2035 4554 sis
2063 4518 2076 4566 ;
2108 4500 2277 4554 altera
2300 4511 2436 4552 uxor
2475 4491 2761 4549 Guillermi
2811 4486 3027 4544 comitis
3065 4484 3133 4539 de
3173 4481 3326 4536 Clara
3357 4495 3372 4544 ;
3404 4475 3576 4566 tercia

1958 4598 2042 4644 est
2063 4565 2120 4643 in
2141 4603 2306 4642 manu
2332 4585 2425 4642 Dei
2455 4591 2510 4639 et
2539 4581 2728 4637 domui
2760 4577 2933 4649 regis,
2970 4581 3026 4628 et
3043 4571 3132 4628 cui
3157 4567 3397 4626 voluerit
3423 4565 3576 4622 dabit

1959 4697 2101 4736 eam.
2133 4678 2464 4734 Guillermus
2493 4675 2737 4729 decanus
2803 4664 3117 4737 Bajocensis
3147 4661 3360 4718 electus
3397 4663 3483 4714 est
3504 4657 3574 4713 ad

1959 4772 2334 4843 episcOpatum
2395 4765 2894 4825 Constantiensem,
2963 4757 3294 4813 Guillermus
3336 4753 3579 4808 decanus

1960 4841 2355 4916 canonicorum
2377 4855 2561 4912 Sancti
2587 4851 2732 4908 Petri
2777 4851 2847 4906 de
2894 4849 3071 4913 Curte,
3107 4861 3215 4919 que
3261 4852 3346 4898 est
3366 4841 3578 4914 capella

1961 4949 2110 5024 regis
2135 4950 2280 5022 apud
2313 4937 3233 5008 Cenomanensemurbem,electus
3255 4931 3426 4990 estad
3458 4929 3578 5002 epic

1962 5052 2250 5117 scepatum
2283 5045 2696 5100 Abrincensem.

1975 5111 2132 5196 11έ3.
2213 5137 2523 5194 Fredericus
2544 5131 2632 5189 3t.
2710 5130 2984 5198 Philippus
3025 5120 3080 5178 2.
3176 5119 3434 5175 Henricus
3486 5111 3578 5168 28.

2048 5233 2160 5288 Rex
2183 5229 2446 5285 Henricus
2495 5223 2672 5280 tenuit
2721 5219 2930 5278 curiam
2986 5229 3142 5271 suam
3195 5206 3343 5279 apud
3395 5203 3580 5260 Cado-

1975 5339 2147 5379 mum.
2182 5317 2327 5376 Obiit
2353 5313 2659 5372 Richardus
2675 5304 3088 5366 Cantuariensis
3111 5294 3582 5368 archiepiscopus.

1977 5415 2122 5472 Obiit
2151 5412 2316 5468 etiam
2349 5407 2607 5472 Girardus
2657 5416 2856 5479 magne
2895 5393 3182 5470 religionis
3219 5394 3276 5444 et
3303 5386 3585 5480 literature

1976 5505 2078 5568 vir,
2101 5497 2412 5560 Cestrensis
2467 5471 2784 5568 cpiscOpns;
2845 5481 3045 5560 [1182]
3100 5486 3258 5536 Anno
3309 5471 3585 5544 superiori

1609 5627 1829 5685 VARIIE
1854 5619 2231 5682 LECTIONES.

317 5709 388 5745 απ
405 5724 438 5766 c
475 5707 542 5764 Μ.
559 5711 616 5764 in
641 5722 864 5765 rasura.
901 5707 1011 5762 Hie
1036 5701 1328 5762 desinit“.
