3938 6050
381 153 489 211 543

523 297 872 336 ROIANORUM.
1033 301 1370 340 FltANCORUﬂ.
1542 303 1850 342 ANGLORUM.

383 369 633 440 apparuit
663 369 887 424 domina
917 378 1122 436 nostra,
1171 380 1348 428 mater
1388 373 1774 430 misericordie
1805 381 1993 429 sancta

383 459 564 526 Maria,
594 459 812 514 cuidam
853 459 1006 517 fabro
1056 463 1287 536 lignario
1337 481 1479 534 opus
1529 464 1751 521 facienti
1781 467 1835 520 in
1863 483 1998 538 qua-

379 551 502 604 dam
535 551 690 618 silva,
719 560 775 608 et
804 552 1004 608 obtulit
1047 555 1095 608 ei
1154 555 1401 630 sigillum
1443 557 1620 613 ieanie
1689 575 1790 613 sue
1818 565 1873 614 et
1903 556 2000 612 ﬁlii

379 641 462 695 sui
492 641 786 698 Salvatoris
834 645 1030 714 nostri,
1089 647 1244 716 cujus
1296 647 1378 702 sic
1429 649 1776 718 conscripcio
1838 657 1999 704 erat:

381 734 562 798 Agnus
617 734 732 798 Dei,
787 735 884 803 qui
937 736 1079 789 tollis
1140 739 1364 805 peccatu
1421 735 1634 801 mundi,
1675 735 1818 789 dona
1851 735 2002 788 nobis

378 839 584 892 pacem,
614 829 668 878 et
694 823 858 892 jussit
911 825 961 880 ei
1004 832 1060 880 ut
1118 825 1284 881 ferret
1337 826 1472 880 illud
1503 825 1743 898 sigillum
1779 824 1846 878 ad
1876 824 2001 896 epi-

381 927 609 982 scopum
642 912 988 976 Podiensem,
1025 922 1083 968 ut
1140 914 1450 984 predicaret
1493 913 1548 968 in
1583 911 1869 984 provincia
1901 929 1999 968 sua

385 1009 438 1056 et
467 1003 590 1056 aliis
627 1004 1076 1076 circumquaque,
1115 1012 1172 1060 ut
1201 1022 1397 1060 omnes
1427 1005 1520 1077 qui
1554 1004 1760 1058 vellent
1813 1021 2003 1074 pacem

387 1101 574 1148 tenere
611 1101 799 1150 sancte
823 1095 1058 1152 ecclesie
1099 1105 1153 1151 et
1191 1095 1326 1150 ﬁliis
1377 1096 1514 1160 suis,
1548 1095 1790 1150 facerent
1815 1094 2006 1163 hujus-

387 1181 531 1236 modi
563 1182 762 1258 sigilla,
804 1189 858 1238 et
903 1190 1186 1255 portarent
1245 1185 1297 1238 in
1339 1185 1556 1257 signum
1591 1183 1763 1254 pacis,
1788 1188 1842 1237 et
1860 1182 2008 1238 face-

388 1281 509 1329 rent
537 1275 664 1330 alba
696 1294 858 1347 parva
913 1278 1142 1348 capucia
1197 1279 1262 1332 ad
1306 1277 1738 1332 ostentationem
1775 1276 1926 1346 pacis
1955 1285 2008 1330 et

387 1369 736 1435 innocencie,
771 1379 824 1426 et
855 1371 984 1426 dato
1042 1380 1385 1427 sacramento
1419 1387 1608 1440 pacem
1645 1377 1921 1437 tenerent,
1953 1376 2008 1425 et

385 1465 640 1520 inimicos
672 1465 820 1534 pacis
875 1465 1244 1520 destruerent.
1301 1465 1456 1529 Quod
1511 1472 1568 1520 et
1626 1465 1828 1520 factum
1899 1471 2001 1519 est.

1599 160 1943 214 SIGEBERTI
1996 161 2516 216 GEMBLACENSIS.

3621 143 3728 218 5st

2021 293 2070 360 Α
2099 289 2437 360 chiepiscOpi
2467 291 2876 345 Cantuariensis
2908 310 2922 354 ;
2965 291 3052 346 cui
3087 291 3352 346 successit
3383 291 3728 345 Gislebertus

2098 375 2520 431 archidiaconus
2552 377 2926 433 Lexoviensis.-
2944 379 3187 432 Joannes
3213 379 3284 431 de
3311 378 3520 446 Neelfa,
3543 380 3724 435 archi-

2101 462 2366 518 diaconus
2383 463 2757 531 Lexoviensis,
2785 467 2995 520 electus
3023 475 3107 521 est
3139 465 3190 519 iu
3216 467 3594 538 episc0patum
3625 467 3726 522 Ce-

2103 559 2371 607 strensem
2397 554 2483 606 6°“.
2521 554 2712 610 Petrus
2741 554 2943 610 Giraldi
2979 555 3150 610 factus
3178 561 3260 610 est
3281 556 3577 628 episcopus
3605 556 3728 612 Man

2104 641 2418 697 cloviensis.

2177 731 2335 786 11835.
2626 733 2696 790 33
3007 736 3057 790 4.
3351 734 3439 792 31.

2176 823 2366 896 Magna
2390 823 2671 880 discordia
2714 825 2858 880 facta
2888 833 2971 882 est
3003 826 3147 882 inter
3187 826 3500 898 Philippum
3535 827 3726 901 regem

2110 913 2436 972 Francorum
2467 922 2522 971 et
2580 916 2887 988 Philippum
2948 919 3202 973 comitem
3275 919 3730 984 Flaudrensium,

2111 1013 2330 1076 prepter
2353 1007 2674 1063 comitatum
2733 1009 3244 1064 Viromandensem.
3296 1010 3401 1065 Sed
3433 1025 3526 1064 rex
3561 1009 3733 1064 Fran-

2110 1111 2303 1151 corum
2322 1112 2386 1150 ex
2419 1098 2568 1152 omni
2601 1105 2888 1170 potentatu
2947 1113 3048 1154 suo
3077 1097 3732 1175 congregavitinlinitum

2110 1184 2435 1252 exercitum,
2467 1188 2721 1262 etcoegit
2776 1188 3033 1244 comitem
3081 1189 3148 1242 ad
3198 1185 3508 1244 faciendam
3530 1177 3732 1244 volun;

2111 1282 2276 1330 tatem
2323 1291 2500 1331 suam.
2553 1277 2698 1332 Obiit
2753 1277 3040 1350 Frogerius
3096 1278 3392 1349 episcOpus
3417 1277 3730 1350 Sagiensis,

2108 1367 2202 1439 qui
2227 1370 2454 1424 multum
2479 1370 2798 1426 emendavit
2843 1377 3076 1424 matrem
3106 1370 3409 1426 zecclesiam
3442 1377 3496 1425 et
3545 1376 3728 1425 totum-

2107 1459 2446 1516 dominicmn
2481 1477 2660 1516 suum.
2709 1461 2954 1534 Reliquit
2981 1461 3145 1516 etiam
3177 1461 3475 1516 immensas
3498 1461 3727 1518 divitias

388 1559 518 1612 Nam
552 1556 708 1612 multi
741 1557 989 1628 episcopi
1019 1565 1074 1612 et
1102 1559 1358 1615 consules
1387 1565 1442 1614 et
1472 1557 1572 1614 viri
1608 1559 1928 1614 consulares
1952 1564 2008 1614 et
2035 1620 2075 1628 ,λ
2107 1550 2162 1604 in
2193 1567 2326 1607 auro
2357 1559 2411 1606 et
2437 1561 2686 1628 argento.
2723 1553 2827 1606 Sibi
2885 1569 2993 1607 1)οη
3053 1553 3382 1624 promimus.
3440 1553 3581 1608 Obiil
3613 1540 3731 1608 “0-,

389 1651 698 1706 mediocres
727 1657 782 1706 et
822 1668 1094 1723 pauperes
1109 1654 1251 1708 hanc
1275 1660 1484 1709 sectam
1503 1659 1778 1716 tenentes,
1815 1670 2004 1724 pacem

2115 1646 2289 1698 bertus
2325 1620 2536 1699 electus
2589 1644 2950 1718 Montisburgi
3035 1620 3202 1716 (718),
3261 1652 3318 1700 et
3371 1644 3640 1700 successit
3678 1636 3730 1698 ei

389 1747 578 1795 tenent
607 1749 663 1796 et
693 1739 947 1796 inimicos
981 1743 1130 1812 pacis
1162 1749 1525 1813 persecuntur
1563 1745 1650 1798 ⁸9⁸.
1687 1744 1838 1798 Obiit
1867 1743 2006 1798 Wil-

389 1828 585 1883 lelmus
633 1829 701 1882 de
757 1829 935 1885 Vecie.
991 1830 1136 1886 Obiit
1192 1831 1524 1887 Guillermus
1569 1832 1638 1886 de
1694 1833 2006 1897 Lancastre,

389 1939 583 1992 magne
603 1923 909 1978 hunestatis
940 1931 994 1980 et
1026 1925 1396 1994 possessionis
1415 1925 1498 1980 vir
1524 1925 1614 1982 59".

463 2012 616 2066 1181.
649 2013 951 2068 Fredericus
979 2014 1065 2067 32.
1121 2013 1406 2084 Philippus
1460 2015 1512 2070 3.
1549 2015 1812 2070 Henricus
1843 2015 1932 2070 30.

460 2102 568 2156 Rex
601 2102 864 2158 Henricus
924 2104 1102 2160 tenuit
1157 2105 1364 2160 curiam
1414 2122 1571 2160 suam
1624 2106 1775 2176 apud
1832 2107 2010 2160 (Zeno-

392 2191 628 2247 mannis.
663 2193 926 2248 Dominus
965 2202 1154 2250 noster
1209 2196 1458 2252 Galterus
1517 2195 1860 2252 Liconiensis
1889 2197 2012 2268 epi-

391 2303 612 2358 s00pus,
668 2287 842 2344 factus
899 2297 984 2344 est
1037 2290 1496 2362 archiepiscOpus
1527 2291 2006 2366 Rothomagensis.

392 2377 587 2432 Lucius
618 2395 756 2449 papa
789 2378 842 2432 in
901 2379 1080 2449 capite
1119 2379 1350 2449 'jcjunii,
1405 2381 1458 2434 id
1507 2388 1590 2434 est
1620 2379 1759 2434 feria
1787 2381 1821 2434 4
1851 2379 2009 2436 cine-

392 2485 529 2529 rum,
563 2469 839 2524 ordinavit
869 2469 1056 2540 plures
1116 2471 1451 2539 cardinales,
1486 2471 1632 2526 inter
1660 2488 1802 2544 quos
1832 2487 2010 2546 magi-

396 2568 568 2616 strnm
641 2550 914 2618 Meliorem
988 2565 1356 2636 presbiternm
1421 2567 1782 2634 cardinalem,
1847 2583 2010 2636 quem

390 2653 555 2709 etiam
588 2653 718 2710 fecit
759 2657 1128 2712 camerarium
1176 2675 1335 2713 suum
1373 2678 1386 2724 ;
1420 2667 1474 2715 et
1512 2661 1752 2718 electum
1807 2662 2008 2718 Dolen-

387 2759 506 2798 sem
536 2743 829 2799 diaconum
853 2751 907 2800 et
945 2746 1267 2818 magistrum
1292 2748 1643 2820 Radulphum
1709 2751 2003 2822 Nigellum,

386 2837 733 2894 karissimum
779 2840 1016 2895 amicum
1069 2847 1337 2897 nostrum.
1385 2860 1582 2916 magne
1612 2845 1922 2900 honestatis
1953 2852 2009 2900 et

388 2933 690 2988 litterature
729 2944 785 2989 et
839 2935 1122 3008 religionis
1187 2937 1382 2996 virum.
1449 2938 1772 2995 Fredericus
1831 2938 2006 3009 impe-

390 3028 536 3076 rator
566 3021 934 3076 Romanorum
969 3023 1099 3079 fecit
1127 3025 1374 3080 ordinari
1407 3041 1576 3081 unum
1610 3024 1846 3082 ﬁliorum
1875 3041 2008 3081 suo-

391 3127 528 3176 rum,
562 3128 672 3167 non
702 3111 1154 3184 primogenitum,
1198 3116 1296 3170 sed
1348 3117 1678 3184 secundum,
1741 3118 1796 3171 in
1820 3133 2008 3190 regem

389 3199 681 3255 Germanic
731 3199 899 3270 (716).
953 3202 1058 3256 Rex
1089 3203 1389 3274 Anglorum
1445 3205 1712 3260 Henricus
1742 3204 2013 3276 sapientia

391 3293 448 3341 et
472 3287 681 3346 divitiis
708 3291 824 3346 suis
860 3291 1160 3364 adquisivit
1222 3310 1470 3350 sororem
1500 3296 1648 3367 regis
1671 3295 2014 3370 Portigalen-

391 3383 468 3437 sis
499 3383 778 3456 Hispanie,
807 3387 875 3441 ad
914 3389 1020 3443 hoc
1060 3396 1120 3442 ut
1159 3387 1316 3444 ﬁeret
1347 3405 1482 3446 uxor
1512 3390 1750 3462 Philippi
1786 3391 2008 3447 comitis

396 3471 747 3530 Flandrensis
807 3477 1028 3550 cognati
1078 3477 1161 3531 sui
1235 3478 1394 3534 Venit
1432 3493 1564 3550 ergo
1630 3480 1698 3534 ad
1749 3480 2004 3536 comitem

397 3563 784 3622 Flandrensem
814 3567 870 3623 in
893 3568 1274 3624 habundantia
1322 3571 1439 3625 auri
1471 3579 1526 3626 et
1551 3572 1764 3644 argenti
1793 3573 1938 3640 (Aug
1965 3575 2001 3640 ).

399 3655 566 3723 Hujus
597 3666 752 3728 pater
779 3658 907 3714 licet
954 3660 1268 3732 grandevus
1322 3662 1503 3717 adhuc
1533 3661 1668 3718 vivit
1717 3663 1886 3734 (7t7).
1919 3664 2010 3734 qui

397 3745 454 3798 in
477 3745 768 3812 juventute
793 3763 888 3802 sua
919 3765 1088 3818 super
1131 3750 1429 3822 Agarenos.
1455 3751 1678 3818 adjutus
1717 3753 1786 3807 ab
1826 3753 2014 3824 Anglis

398 3842 454 3891 et
515 3837 863 3904 Normannis,
902 3841 1051 3910 cepit
1103 3841 1376 3897 civitatem
1425 3843 1794 3914 Ulixiponam,
1848 3862 2009 3916 quam

398 3930 696 4004 vulgariter
723 3939 922 3987 vocant
960 3933 1331 3990 Lislebonam.
1380 3935 1457 3990 Ad
1512 3953 1679 4008 quam
1729 3939 2012 3993 transtulit

399 4020 469 4074 de
498 4021 744 4077 Valentia
773 4038 976 4094 corpus
1005 4025 1152 4080 beati
1194 4026 1464 4083 Vincentii
1507 4027 1676 4083 levite
1707 4037 1762 4084 et
1804 4036 2008 4100 marty-

397 4109 490 4175 ris,
535 4110 841 4181 utquidam
875 4112 1082 4178 dicunt,
1149 4117 1247 4168 sed
1305 4115 1574 4170 Amoinus
1602 4118 1908 4172 monachus
1945 4118 2016 4173 de

399 4203 756 4260 translatione
785 4206 1033 4277 corporis
1077 4209 1326 4276 ejusdem
1366 4211 1540 4266 sancti
1598 4213 1853 4284 martyris
1877 4220 2016 4268 tem-

2111 1731 2440 1787 Guillermus
2465 1733 2769 1788 monachus
2791 1733 3038 1802 ejusdem
3071 1733 3202 1790 loci.
3243 1733 3520 1788 Johannes
3550 1731 3739 1804 minor

2113 1820 2260 1875 tilius
2318 1822 2461 1893 regis
2515 1823 2835 1897 Anglorum,
2895 1839 3058 1894 quem
3116 1829 3316 1878 vocant
3373 1822 3502 1876 Sine
3557 1809 3734 1904 terra;-

2114 1917 2346 1986 quanvis
2376 1917 2577 1972 multas
2596 1923 2650 1972 et
2676 1917 2818 1972 latas
2847 1917 3049 1972 habeat
3081 1917 3465 1988 possessiones
3506 1926 3564 1970 et
3589 1916 3738 1970 mul‘:

2115 2016 2198 2063 tos
2223 2009 2534 2086 comitatus,
2597 2007 2847 2064 transivit
2898 2011 2954 2064 in
3001 2009 3342 2076 Hiberniam,
3399 2009 3574 2081 gratia
3633 2005 3736 2063 Dei

2116 2103 2464 2174 permittente
2493 2121 2585 2158 rex
2617 2104 2831 2160 futurus
2891 2105 2945 2158 in
2975 2105 3064 2158 illa
3115 2104 3308 2175 patria.
3334 2105 3480 2160 Obiit
3520 2101 3736 2159 Roberl

2114 2200 2200 2248 tus
2225 2194 2518 2266 episcepus
2547 2195 2934 2256 Nannetensis.
2981 2195 3062 2249 vir
3109 2211 3306 2270 magne
3344 2195 3652 2252 honestatis
3679 2179 3737 2248 et

2111 2286 2322 2340 amicus
2376 2293 2738 2352 noster,cum
2806 2287 3013 2342 rediret
3071 2287 3140 2340 de
3204 2285 3529 2342 Jerusalem.
3591 2285 3740 2342 Obiit

2113 2378 2407 2434 Gaufridus
2441 2375 2842 2442 Cornubiensis
2873 2381 3192 2452 episcopus.
3227 2380 3412 2435 Abbas
3447 2380 3741 2436 Posteniaé

2109 2469 2294 2524 censis
2319 2469 2491 2524 factus
2519 2476 2601 2525 est
2645 2473 2940 2542 episcopus
2994 2470 3385 2526 Atrebatensis.
3421 2469 3739 2526 Teobaldus

2111 2561 2284 2617 abbas
2309 2563 2688 2619 Cluniacensis
2741 2563 2918 2618 factus
2959 2569 3042 2618 est
3083 2562 3383 2633 episcopus
3426 2560 3733 2618 cardinalis

2112 2651 2558 2717 llostiensis;cui
2607 2651 2876 2706 successit
2932 2649 3076 2705 filius
3123 2649 3343 2706 comitis
3403 2651 3474 2705 de
3535 2649 3734 2706 Claro—

2110 2749 2314 2797 monte.
2364 2742 2460 2798 Hic
2501 2742 2650 2813 prius
2702 2741 2808 2796 fuit
2853 2741 3026 2796 abbas
3068 2741 3353 2811 cujusdam
3381 2740 3601 2795 abbatie
3633 2757 3738 2795 or-

2108 2829 2258 2884 dinis
2278 2829 2674 2886 Cisterciensis.
2708 2829 2841 2884 Inde
2886 2829 3184 2885 translatus
3229 2829 3408 2884 estad
3453 2819 3736 2884 abbatiam

2113 2926 2536 2982 Flaviacensem.
2573 2926 2704 2981 [nde
2748 2925 2954 2982 exortis
2989 2924 3321 2996 quibusdam
3355 2924 3536 2979 causis
3556 2924 3740 2982 factus

2112 3030 2195 3077 est
2229 3022 2401 3077 abbas
2427 3023 2608 3079 Sancti
2669 3021 2895 3077 Luciani
2958 3021 3216 3087 martiris,
3271 3021 3437 3092 primi
3489 3019 3738 3090 episcOp

2117 3111 2461 3167 Belvacensis
2505 3111 2759 3167 civitatis.
2808 3111 3038 3177 Exinde,
3069 3118 3128 3166 ut
3157 3111 3417 3176 diximus,
3453 3110 3627 3166 factus
3648 3119 3741 3166 est

2115 3205 2288 3260 abbas
2342 3205 2743 3262 Cluniacensis.
2791 3207 2990 3261 lterum
3027 3206 3169 3261 facta
3227 3213 3311 3261 est
3362 3221 3737 3280 magnacom-

2118 3297 2285 3352 motio
2304 3307 2358 3353 et
2387 3297 2714 3368 disceptatio
2763 3298 2906 3352 inter
2947 3297 3260 3368 Philippum
3320 3313 3506 3372 regem
3558 3296 3736 3350 Fran-

2107 3392 2361 3442 corumet
2391 3387 2704 3458 Philippum
2749 3385 3008 3442 comitem
3052 3385 3488 3440 Flandrensium.
3535 3385 3736 3440 Comes

2107 3479 2254 3532 enim
2298 3478 2647 3533 Flandrensis
2721 3477 2988 3534 confusus
3056 3478 3287 3548 pudore,
3337 3477 3466 3548 quia
3524 3475 3737 3532 fecerat

2117 3567 2449 3622 voluntatem
2479 3567 2624 3639 regis
2666 3566 2737 3621 de
2763 3555 3052 3622 'comitatu
3077 3565 3521 3627 Viromandensi,
3549 3564 3742 3634 reple-

2119 3665 2205 3713 tus
2239 3658 2318 3714 ira
2343 3665 2398 3713 et
2438 3655 3180 3732 indignatione,vertitsead
3199 3671 3383 3728 regem
3417 3655 3732 3720 Germanic,

2116 3745 2288 3801 lilium
2313 3747 2582 3802 Frederici
2610 3745 2838 3802 Romani
2872 3745 3240 3817 Imperatoris.
3262 3746 3554 3816 utjuvaret
3583 3762 3734 3810 eum,

2113 3845 2168 3891 et
2198 3836 2326 3892 fecit
2356 3837 2408 3892 ei
2448 3837 2756 3892 hominium
2791 3837 2860 3892 de
2895 3837 3218 3892 Flandrensi
3251 3837 3534 3892 comitatu.
3570 3831 3728 3892 Unde

2113 3948 2310 4004 magna
2339 3932 2622 3988 tribulatio
2649 3941 2835 3988 exorta
2864 3931 3015 3986 estin
3039 3938 3151 3988 toto
3179 3947 3349 4004 regno
3371 3931 3727 3985 Francorum.

2183 4025 2336 4080 Anno
2367 4024 2630 4096 preterito
2673 4023 2814 4080 obiit
2846 4023 3150 4078 Balduinus
3182 4040 3272 4077 rex
3316 4022 3722 4078 Jerosolimito-

2121 4138 2242 4185 nus,
2271 4121 2352 4176 vir
2407 4122 2679 4176 honestus
2744 4127 2800 4176 et
2855 4119 3168 4192 religiosus,
3218 4127 3275 4176 et
3314 4127 3514 4190 potens
3541 4125 3730 4175 contra

2118 4212 2468 4277 Sarracenos,
2520 4211 2648 4266 licet
2695 4211 3068 4266 elefantiosus.
3125 4210 3233 4266 Nec
3252 4213 3358 4266 hoc
3396 4211 3592 4264 mirum
3623 4217 3725 4264 est.

398 4311 531 4366 pore
560 4296 738 4352 Karoli
789 4297 1137 4369 imperatoris
1188 4300 1329 4357 facta
1356 4301 1520 4357 aliter
1564 4302 1812 4376 loquitur
1867 4295 2248 4372 Fecithuia
2285 4299 2524 4372 ﬂagellat
2565 4300 2705 4354 Deus
2764 4314 2986 4355 omnem
3038 4298 3208 4354 lilium
3269 4315 3432 4371 quem
3501 4296 3725 4368 recipit.

396 4383 628 4439 eandem
659 4385 936 4442 civitatem
979 4388 1343 4458 permissionc
1393 4407 1531 4462 pape
1572 4393 2016 4464 archiepiscOpa-

399 4481 535 4542 tum,
566 4475 653 4531 cui
685 4477 935 4533 subdidit
984 4494 1079 4534 sex
1124 4480 1260 4536 alias
1315 4481 1565 4537 civitates
1612 4500 1752 4554 quas
1805 4485 2012 4556 adqui-

397 4563 583 4618 sierat.
652 4565 950 4622 Balduinus
1003 4567 1404 4644 Wigornicnsis
1455 4571 1752 4643 episcopus
1817 4589 2013 4628 conse-

398 4655 582 4705 cratus
610 4658 692 4706 est
719 4653 775 4707 in
823 4655 1301 4728 archiepiSCOpum
1359 4658 1824 4715 Cautuarieusem.
1869 4661 2016 4718 Obiit

399 4736 777 4818 Gualerannus
831 4742 1086 4798 Rofensis
1130 4745 1428 4818 episeOpus
1451 4753 1505 4802 et
1557 4749 1880 4820 capellanus
1919 4766 2011 4811 ar-

2119 4388 2251 4442 Huic
2305 4387 2574 4462 successit
2631 4402 2806 4458 nepos
2844 4387 2965 4455 ejus
2995 4387 3261 4442 Henricus
3307 4388 3446 4456 {7t9)
3480 4393 3640 4441 natus
3662 4400 3727 4438 ex

2113 4496 2303 4536 sorore
2341 4496 2461 4543 sua,
2492 4480 2650 4547 cujus
2690 4485 2844 4550 pater
2875 4480 2974 4534 fuit
3005 4479 3480 4535 Willermuslilius
3508 4477 3729 4534 comitis

2112 4569 2310 4625 Montis
2336 4569 2561 4636 Ferrati,
2600 4570 2693 4640 qui
2738 4569 2912 4624 fuerat
2950 4576 3114 4624 natus
3158 4585 3224 4623 ex
3254 4577 3422 4640 nepte
3456 4565 3730 4622 Frederici

2114 4661 2462 4732 imperatoris
2480 4661 2848 4716 Romanorum
2892 4668 2989 4727 ;et
3028 4667 3218 4732 postea
3266 4675 3454 4716 comes
3505 4658 3722 4728 lepen-

2111 4749 2187 4804 sis
2207 4749 2350 4818 (729)
2397 4748 2549 4804 duxit
2592 4757 2820 4803 matrem
2856 4749 3090 4819 predicti
3137 4748 3354 4804 Henrici
3415 4747 3582 4821 regis,
3623 4746 3726 4816 qui

1750 4871 1970 4928 VARl/E
1997 4873 2376 4929 LECTIONES.

471 4959 540 4993 m
571 4963 668 5040 Hic
697 4963 1100 5040 desinit_§c._‘?7
1131 4969 1254 5021 Post
1301 4969 1410 5040 haec
1441 4970 1561 5024 duo:
1616 4971 1768 5026 lineae
1793 4988 1957 5028 erasa;
2009 4976 2070 5030 in
2127 4975 2183 5029 Ε.
2251 4976 2442 5028 Manus
2499 4973 2742 5028 habitum
2797 4977 2969 5028 mutat
3027 4975 3085 5027 in
3113 4972 3290 5027 maius
3321 4976 3372 5026 et
3428 4973 3506 5026 ita
3546 4972 3734 5040 pergit

401 5045 571 5101 usque
589 5034 665 5088 ad
682 5035 860 5103 ﬁnem.
894 5035 962 5071 ⁸³⁸
992 5036 1274 5094 Johannes
1287 5038 1694 5098 ~Cestrensem
1711 5044 1904 5100 desunt
1929 5045 2024 5100 8h.
2053 5083 2065 5092 ο

1966 5144 2175 5200 NOTAE.

472 5231 616 5304 (716)
668 5230 846 5286 Minus
894 5239 1182 5304 accuratus
1231 5243 1313 5290 est
1345 5235 1659 5304 Robertus;
1732 5239 1997 5295 Henricus

399 5301 545 5383 enim
577 5301 672 5358 rex
693 5301 1115 5383 carpamus-luit
1149 5304 1260 5374 jam
1293 5307 1346 5361 d.
1386 5308 1448 5362 15
1472 5301 1846 5383 Aug.__'lI69;
1880 5312 1977 5366 sed

401 5374 694 5498 Ιῐξοοιειιιιῐιοι
720 5374 870 5438 1184,
925 5373 1100 5446 prima
1155 5373 1306 5432 arma
1346 5373 1588 5450 accepit“
1607 5373 1915 5457 Magontize,
1947 5383 2002 5438 in

445 5460 513 5498 en
543 5460 670 5498 ecos
696 5461 788 5498 en.

445 5460 764 5500 entecoswn
778 5488 788 5499 .

473 5513 932 5586 t7l7)Alphonsus
966 5518 1290 5592 Henriquez,
1333 5521 1424 5593 qui
1455 5521 1594 5578 obiit
1631 5539 1680 5579 a.
1713 5524 1871 5580 1185.

2175 5240 2317 5314 (718)
2351 5240 2716 5314 Montebourg
2736 5239 2902 5294 dieue.
2932 5239 3410 5314 _CAonstanti_ensis.

2161 5312 2310 5383 (719)
2364 5309 2876 5383 ErratRobértus;
2926 5310 3026 5367 fuit
3057 5311 3354 5368 Balduinus
3399 5311 3436 5365 ν
3477 5309 3622 5364 tilius
3649 5309 3732 5362 Si-

2117 5382 2394 5454 billw,'qui
2435 5382 2574 5439 obiit
2605 5383 2760 5454 11867.

2181 5453 2518 5525 (720)7'Guido
2539 5453 2607 5509 de
2632 5453 2964 5528 Lusignano.
