3916 6064
341 201 447 255 547

1613 183 1953 239 SIGEBERTI
1996 181 2487 237 GEMBLACENSIS

3558 183 3679 240 548

348 322 513 385 Petri,
546 319 637 391 qui
670 318 721 371 le
760 315 948 392 publia
983 329 1055 392 en_
1081 310 1241 392 {580,
1276 313 1306 364 a
1330 308 1601 392 Cologue,
1620 308 1757 392 eliez
1788 308 2029 392 Materne
2058 306 2420 392 (Σιιρὶὶιιμὶίὸἶ
2453 307 2591 392 ῌᾳίε
2614 306 2937 392 _Mon.j‘.ml.e
2964 307 3184 392 volume
3216 314 3320 392 lest
3349 306 3683 392 in-‘8°;.L'ét

351 377 530 449 ditenr
560 377 589 443 ξι
617 377 776 442 réuni
803 390 832 438 ὸ
865 401 927 440 ce
958 384 1119 438 traite
1150 398 1285 437 ceux
1319 380 1386 433 de
1410 377 1553 434 saint
1576 378 1815 443 JérOme,
1850 378 1921 432 de
1936 378 2218 442 Gennade,
2243 378 2312 432 de
2343 377 2487 449 saint
2518 377 2748 439 Isidore,
2781 377 3056 433 d'Honoré
3074 377 3309 432 d’Autun
3334 377 3475 432 etde
3506 378 3677 449 Henri

351 447 423 519 de
461 459 612 515 Gand
637 474 734 511 sur
772 457 823 509 le
865 459 1042 508 meme
1070 454 1212 522 sujet
1272 452 1411 518 (Bibl
1464 453 1519 507 S.
1584 451 1738 522 Vinc.
1788 450 1981 522 Cant).
2016 449 2263 522 Εηκ1ί639
2292 447 2495 522 Aubert
2527 448 2576 503 le
2635 448 2766 522 Mire
2798 464 2867 503 en
2899 450 3086 522 donna
3110 465 3221 522 une
3252 459 3403 503 autre
3431 448 3675 522 edition,

352 548 481 589 avec
512 532 591 584 les
619 532 829 582 mémes
861 519 1291 595 bibliographes,
1322 521 1588 595 auxquels
1610 520 1644 574 il
1668 521 2049 595 _asso_cie_sai_nt
2082 520 2375 595 lldefonse.
2399 520 2576 595 _Cette
2613 520 2824 595 edition
2854 536 2885 574 a
2914 522 3002 575 ete
3030 519 3186 595 faite
3211 523 3241 573 ὲ
3268 522 3493 595 Anvers,
3535 521 3683 595 chez

348 607 583 675 Jacques
613 599 841 664 Mesius,
867 613 936 652 en
969 590 1041 651 un
1075 590 1213 715 petit
1248 590 1468 648 volume
1508 593 1749 659 iri-folio.
1788 591 1940 645 Enlin
1965 592 2243 672 Fabricius
2272 591 2456 661 (ἰδίει.)
2484 606 2553 645 en
2593 590 2838 715 agtublié
2879 607 2988 646 une
3011 590 3262 646 derniere
3290 591 3501 646 edition
3533 592 3686 645 dans

352 672 589 715 Innnpllp.
613 671 647 715 il
678 687 704 715 ιι
741 669 834 715 fait
863 674 1049 715 nntrer
1099 684 1159 715 es
1192 664 1604 715 biblioaranhes
1648 664 1974 715 nréeédents
2004 672 2058 715 et
2087 663 2363 715 plusneurs
2393 669 2599 715 autres.
2675 677 2704 714 c
2733 662 2962 715 recueil.
2996 663 3090 715 aui
3122 663 3294 715 forme
3334 678 3407 715 un
3435 677 3567 715 eros
3585 678 3686 715 vo-

352 662 589 746 laqtielle
613 671 654 746 il
678 662 835 746 alait
863 662 1159 746 entrerjes
1192 664 1974 746 bibliograplicsnprecedents
2004 672 2058 715 et
2087 662 2363 746 plusieurs
2393 669 2599 746 autres.

2675 677 2704 714 e
2733 662 2962 737 recneil,
2996 663 3090 737 qui
3122 663 3311 737 ferme
3334 678 3407 716 un
3435 677 3567 737 gres
3585 678 3690 716 vo-

355 731 501 801 lume
531 742 772 809 in-folio,
807 746 858 794 et
898 740 1035 793 dans
1058 737 1240 808 lequel
1273 737 1322 790 Ie
1348 731 1492 789 tiixte
1512 734 1582 788 de
1611 733 1862 806 Sigebcrt
1883 740 1962 787 est
1991 737 2363 857 aceomgagne
2394 733 2491 786 dcs
2527 731 2728 788 scolies
2744 732 2879 788 dont
2908 733 2961 787 le
2999 731 3128 787 Mire
3160 733 3342 787 l‘avait
3371 731 3506 788 orné
3538 734 3689 788 dans

355 832 449 857 ann
491 814 719 857 Miiinn-
754 826 781 857 η
822 813 909 857 sm
941 809 1192 857 imnrime
1222 824 1291 857 en
1329 807 1488 857 1718.
1536 809 1565 857 a
1601 806 1931 857 llambourg.
1973 805 2108 857 chez
2140 804 2174 857 C
2221 805 2419 857 restien
2463 803 2742 857 Leibezeit
2774 811 2831 857 et
2867 804 3517 857 Théodore-Christonhe
3549 804 3688 857 Fel-

350 832 450 873 son
491 804 721 878 edition,
754 804 785 865 ἐι
822 813 909 865 été
941 804 1192 879 imprime
1222 824 1291 861 en
1329 807 1488 870 1718,
1512 809 1565 879 7a
1601 804 1931 879 liainbourg,
1973 805 2108 860 chez
2140 804 2174 858 C

354 889 514 964 giner
539 899 673 940 avec
705 884 753 937 le
784 882 905 937 titre
937 881 1003 935 de
1026 878 1395 947 Bibliothéque
1418 878 1819 945 ecclesiastique

2221 803 2419 859 reStien
2463 803 2742 859 Leibezeit
2774 811 2831 858 et
2867 804 3517 875 Tliéodore-ChristOphe
3549 804 3688 859 Fel-

358 1072 3685 1103 __________________________._______________._.

1304 1109 2740 1461 arma”

1864 1565 2215 1652 LIBER

882 1761 1045 1897 DE
1130 1754 2066 1896 SCRIPTORIBUS
2155 1754 3168 1894 ECCLESIASTICIS

1504 1984 1767 2055 (FABRIC.,
1798 1983 2052 2039 Biblioth.
2094 1984 2301 2052 coclea,
2340 2000 2396 2055 p.
2436 1983 2551 2055 93.)

1830 2153 2240 2168 _

441 2323 566 2381 CAP.
610 2323 650 2378 l.
683 2320 989 2386 Marcellus,
1032 2317 1220 2384 Marci,
1273 2316 1519 2389 pralecti
1570 2317 1723 2373 urbis
1777 2316 1984 2382 Romie,
2010 2316 2275 2390 Aeperis
2305 2318 2454 2386 ejus;
2488 2314 2781 2388 Gregorius
2838 2330 2970 2371 vero
3003 2314 3060 2369 in
3114 2314 3342 2370 homilia
3410 2313 3705 2388 Evangelii

370 2414 539 2483 ﬁlius,
571 2427 635 2468 ex
668 2409 938 2481 discipulo
995 2407 1236 2462 Simonis
1292 2405 1430 2480 Magi
1482 2405 1785 2477 discipulus
1842 2406 1987 2462 beati

372 2501 517 2559 Petri
562 2498 821 2571 apostoli,
899 2496 1217 2553 conﬂictum
1284 2495 1656 2566 apostolorum
1733 2494 1876 2549 Petri
1935 2501 1991 2550 et

373 2592 526 2649 Pauli
582 2607 705 2645 cum
758 2590 983 2644 SimOne
1035 2587 1213 2661 Mago,
1262 2588 1348 2641 cui
1402 2588 1655 2642 assiduus
1714 2585 1985 2654 interfuit,

377 2692 567 2761 rogatu
613 2683 1068 2749 Christianorum,
1110 2681 1204 2753 qui
1236 2697 1348 2735 non
1377 2681 1762 2748 interfuerant,
1806 2680 1989 2736 ﬁdeli-

374 2788 457 2838 ter
484 2779 835 2851 conscripsit,
895 2785 949 2833 et
1005 2776 1265 2832 Ecclesiis
1315 2777 1431 2842 Dei,
1464 2792 1636 2847 prope
1676 2776 1763 2832 vel
1797 2776 1987 2847 procul

375 2875 591 2946 positis,
615 2872 914 2946 legendum
954 2870 1248 2926 concessit.
1284 2870 1359 2923 Ad
1406 2880 1627 2925 sanctos
1659 2870 1893 2924 Nereum
1936 2880 1991 2925 et

375 2963 698 3027 Achilleum,
734 2977 831 3032 pro
859 2959 1073 3015 Christo
1098 2959 1155 3013 in
1187 2959 1456 3014 Pontiana
1487 2960 1667 3015 insula
1696 2961 1989 3035 relegatos,

378 3051 599 3122 scripsit
628 3051 697 3105 de
732 3046 994 3103 miriﬁcis
1038 3047 1251 3102 actibus
1280 3048 1426 3103 beati
1461 3049 1603 3103 Petri
1643 3056 1695 3104 et
1734 3050 1908 3116 Pauli,
1940 3058 1994 3104 et

385 3144 454 3198 de
485 3141 716 3215 magicis
736 3140 950 3195 artibus
988 3140 1229 3195 Simonis
1276 3139 1413 3213 Magi
1478 3140 1712 3211 Scripsit
1741 3140 1809 3195 de
1836 3140 1991 3196 obitu

380 3239 587 3288 sanctae
647 3230 958 3286 Petronillre
996 3230 1250 3302 virginis,
1304 3228 1433 3284 lilia:
1488 3230 1635 3285 beati
1680 3231 1815 3285 Petri
1866 3246 2001 3302 apo-

378 3325 522 3381 stoli.
555 3323 784 3394 Scripsit
824 3323 893 3377 de
942 3322 1205 3394 passione
1243 3330 1446 3378 sanctae
1486 3323 1737 3378 Feliculae
1771 3323 2003 3398 virginis

381 3423 437 3473 et
462 3416 740 3488 martyris.
773 3414 1003 3486 Scripsit
1048 3414 1117 3469 de
1165 3414 1422 3486 passione
1477 3416 1652 3472 sancti
1684 3415 2002 3472 Nicomedis

381 3508 687 3582 presbyteri
715 3507 993 3579 martyris.

453 3636 581 3692 Car.
643 3636 714 3691 Il.
767 3635 1071 3702 Iohannes,
1102 3635 1195 3706 qui
1249 3641 1302 3690 et
1351 3635 1582 3702 Marcus,
1636 3654 1699 3690 ex
1764 3637 2016 3696 ministro

381 3729 686 3787 sacerdotis
756 3728 907 3783 lovis
967 3729 1215 3783 minister
1279 3729 1433 3784 Pauli
1474 3730 1734 3801 apostoli,
1794 3733 2015 3805 scripsit

384 3819 698 3892 passionem
730 3816 991 3871 Barnaba:
1022 3818 1281 3888 apostoli.

462 3928 591 3984 Cn.
652 3925 743 3979 lll.
795 3925 1109 3997 Polycrates
1153 3927 1466 3996 passionem
1520 3930 1695 3984 sancti
1744 3930 2012 3987 Timothei

390 4015 625 4090 apostoli
644 4014 865 4085 scripsit
895 4014 1102 4086 (720*),
1126 4022 1177 4069 et
1206 4014 1313 4070 alia
1342 4016 1535 4071 multa.

467 4145 591 4202 CAP.
627 4144 709 4198 IV.
743 4143 1056 4215 Dionysius,
1091 4144 1319 4199 Athenis
1372 4152 1532 4200 natus
1567 4153 1624 4201 et
1648 4147 1920 4213 eruditus,
1953 4162 2008 4206 et

399 4256 430 4295 a
459 4253 602 4314 pago
628 4236 1002 4304 Atheniensis,
1032 4236 1123 4309 qui
1144 4236 1346 4292 dicitur
1371 4238 1525 4294 Arios
1547 4255 1739 4314 pagos,
1763 4242 2010 4314 Areopa-

400 4331 513 4405 gita
548 4330 957 4396 denominatus,
1011 4336 1066 4385 et
1122 4346 1154 4385 a
1207 4330 1375 4388 Paulo
1431 4332 1682 4403 apostolo
1730 4335 1798 4389 ad
1850 4334 2015 4391 ﬁdem

404 4418 602 4477 Christi
632 4434 951 4483 conversus,
988 4417 1211 4473 multam
1264 4419 1433 4475 multa
1473 4421 1771 4479 scribendo
1824 4424 2019 4495 acqui-

407 4507 535 4564 sivit
558 4506 663 4562 sibi
706 4506 1051 4561 memoriam.
1100 4506 1271 4571 Quem
1316 4509 1739 4579 praetermissum
1772 4526 1895 4565 esse
1950 4511 2018 4566 ab

411 4599 744 4669 Hieronymo
770 4604 823 4653 et
853 4598 1139 4653 Gennadio
1166 4598 1222 4652 in
1266 4598 1520 4672 Catalogo
1548 4600 1840 4655 illustrium
1874 4601 2021 4658 viro-

413 4705 556 4755 rum,
588 4688 755 4742 nimis
784 4694 867 4743 est
896 4687 1228 4755 mirandum,
1261 4690 1567 4760 praesertim
1598 4706 1723 4745 cum
1759 4691 2018 4763 Hierony-

413 4793 557 4844 mus,
587 4777 834 4849 quamvis
863 4777 1027 4833 tacito
1056 4793 1178 4847 eius
1208 4778 1453 4845 nomine,
1485 4778 1650 4834 faciat
1675 4780 2017 4835 mentionem

2089 2408 2251 2464 faciat
2278 2409 2618 2465 mentionem
2648 2408 2831 2479 aperis
2858 2408 2977 2475 ejus
3032 2413 3088 2463 et
3144 2406 3405 2463 nominis.
3468 2406 3709 2476 Scripsit

2090 2508 2272 2555 autem
2326 2500 2395 2555 ad
2425 2499 2768 2555 Timotheum
2829 2498 3193 2569 Ephesiorum
3242 2498 3569 2569 episcopum
3632 2499 3709 2552 De

2089 2591 2398 2646 hierarchia
2426 2590 2662 2654 caelesti,
2692 2590 2745 2644 id
2791 2598 2875 2645 est
2901 2590 2971 2645 de
3002 2590 3292 2646 ordinibus
3331 2590 3656 2663 angelorum
3694 2606 3710 2654 ;

2091 2684 2157 2738 ad
2192 2682 2449 2737 eumdem
2478 2682 2551 2736 De
2574 2681 2886 2736 hierarehia
2916 2681 3324 2749 ecclesiastica;
3347 2681 3412 2736 ad
3449 2680 3710 2735 eumdem

2091 2774 2165 2828 De
2212 2773 2413 2829 divinis
2468 2771 2806 2839 nominibus,
2852 2779 2907 2826 et
2943 2773 3012 2826 de
3052 2771 3355 2843 symbolica
3383 2770 3714 2844 theologia;

2091 2862 2158 2917 ad
2184 2861 2439 2918 eumdem
2472 2862 2548 2916 De
2574 2860 2800 2931 mystica
2821 2860 3123 2934 theologia.
3152 2860 3382 2931 Scripsit
3401 2859 3472 2913 ad
3494 2859 3715 2922 Gaium,

2094 2951 2378 3017 Quomodo
2419 2951 2561 3004 Deus
2592 2950 2828 3021 quadam
2881 2950 3194 3024 ignorantia
3228 2953 3597 3023 cognoscatur
3626 2946 3720 3003 vel

2093 3041 2369 3106 videatur;
2412 3039 2481 3093 ad
2515 3039 2896 3110 Polycarpum,
2952 3039 3239 3103 Quomodo
3279 3038 3720 3094 contradictores

2101 3130 2348 3187 veritatis
2385 3130 2495 3184 sint
2524 3130 2862 3185 declinandi.
2897 3130 3131 3201 Scripsit
3151 3130 3436 3201 epistolam
3462 3129 3529 3183 ad
3556 3129 3726 3199 Apol-

2104 3224 2396 3295 10phanem
2431 3265 2444 3291 ,
2500 3222 3004 3294 conphiIOSOphum
3072 3230 3126 3278 et
3205 3238 3451 3278 coaevum
3510 3238 3674 3276 suum
3708 3264 3723 3288 ,

2104 3317 2358 3371 recolens
2385 3314 2533 3386 quod
2565 3331 2687 3369 cum
2727 3314 2845 3385 ipse
2877 3331 2998 3370 cum
3032 3330 3099 3370 eo
3128 3321 3273 3370 esset
3311 3315 3367 3368 in
3425 3314 3731 3385 Heliopoli,

2102 3404 2239 3459 urbe
2304 3402 2518 3475 Egypti
2552 3444 2566 3471 ,
2617 3403 2820 3458 viderit
2887 3403 3179 3459 obscurato
3238 3403 3391 3458 sole’
3449 3403 3724 3457 mundum

2105 3500 2526 3556 obtenebratum
2563 3497 2730 3553 fuisse
2766 3499 2820 3553 in
2866 3505 3016 3554 sexta
3049 3498 3205 3565 feria,
3237 3506 3391 3553 sexta
3422 3497 3558 3553 hora
3597 3497 3731 3563 diei,

2111 3612 2235 3652 cum
2266 3594 2427 3650 Jesus
2475 3592 2720 3648 Christus
2774 3594 3045 3665 penderet
3094 3594 3151 3648 in
3207 3608 3393 3660 cruce,
3437 3608 3562 3648 cum
3607 3591 3726 3664 ipse

2045 3651 2092 3719 Β
2116 3687 2409 3759 Dyonisius
2467 3695 2614 3741 esset
2667 3651 2797 3741 tunc
2842 3701 3111 3741 annorum
3172 3686 3413 3757 triginta.
3494 3651 3729 3756 Scripsit

2116 3779 2183 3834 ad
2266 3777 2630 3849 TheOphilum
2711 3777 2781 3831 de
2869 3777 3371 3833 ecclesiasticorum
3449 3776 3729 3844 [ordinum

2113 3869 2310 3925 ordine
2392 3874 2446 3922 et
2522 3867 2867 3922 sacerdotum
2952 3866 3279 3922 excellentia
3374 3866 3607 3937 Scripsit
3663 3865 3733 3920 ad

2110 3960 2380 4017 Joannem
2413 3959 2748 4030 apostolum,
2799 3958 2853 4013 in
2886 3959 3144 4014 Pathmos
3183 3958 3364 4014 insula
3401 3958 3735 4023 exsiliatum,

2108 4052 2420 4123 praedicens
2439 4067 2565 4106 eum
2596 4065 2719 4105 esse
2757 4064 3105 4105 reversurum
3151 4049 3205 4103 in
3248 4048 3447 4103 Asiam.
3494 4048 3735 4120 Scripsit

2107 4146 2161 4195 et
2189 4140 2257 4195 ad
2287 4140 2426 4196 alios
2472 4139 2603 4207 alia,
2636 4138 2886 4211 quamvis
2916 4138 3126 4204 brevia,
3177 4145 3360 4192 tamen
3409 4137 3640 4209 mystica
3688 4145 3742 4192 et

2116 4230 2323 4287 divina.
2357 4232 2625 4286 Volumen
2650 4233 2770 4302 ejus
2795 4230 3124 4301 scriptorum
3144 4231 3380 4300 {vocatur
3394 4230 3735 4285 Hierarchia.

2118 4328 2217 4383 llic
2254 4327 2640 4399 martyrizatur
2667 4326 2771 4382 sub
2798 4327 3109 4382 Domitiano
3141 4327 3497 4397 imperatore,
3521 4325 3578 4379 in
3606 4325 3743 4379 urbe

2120 4418 2438 4484 Galliarum,
2497 4435 2660 4489 quam
2716 4416 2963 4474 condidit
3003 4416 3163 4480 Isius,
3229 4431 3463 4488 eamque
3522 4415 3592 4470 de
3639 4415 3744 4471 lsio

2121 4507 2499 4564 denominavit
2527 4507 2793 4562 Parisium
2816 4507 2982 4578 (721).

2194 4597 2321 4654 CAP.
2357 4598 2414 4654 V.
2450 4598 2637 4666 Linus,
2672 4598 2882 4669 primus
2913 4603 3037 4668 post
3065 4597 3285 4652 Petrum
3313 4610 3477 4667 papa,
3517 4593 3749 4665 scripsit

2122 4693 2310 4749 Graeco
2344 4709 2599 4748 sermone
2630 4693 2949 4764 martyrium
2985 4692 3125 4746 Petri
3178 4696 3233 4746 et
3281 4690 3454 4754 Pauli,
3511 4704 3625 4744 uno
3657 4688 3748 4742 die

2125 4798 2430 4854 passorum,
2462 4791 2519 4837 et
2542 4782 2802 4837 Ecclesiis
2830 4780 3199 4837 Orientalibus
3231 4777 3531 4835 destinavit
3563 4777 3743 4849 (722).

1640 4902 1922 4959 AUBERTI
1953 4904 2163 4960 MIREI
2202 4906 2499 4963 SCHOLIA.

488 5010 663 5086 (720*)
699 5011 1291 5086 §._Timotbei_passio,
1334 5012 1447 5086 sub
1463 5013 1699 5086 nomine
1730 5013 2027 5086 Polycratis

416 5083 664 5156 episcOpi
696 5083 975 5156 Ephesini,
999 5084 1148 5139 edita
1166 5093 1248 5138 est
1266 5085 1378 5156 jam
1400 5084 1529 5156 olim
1562 5102 1593 5139 a
1619 5083 2026 5142 Jacobo'Fabro

416 5154 725 5228 Stapuletisi
802 5155 880 5209 l‘it
925 5155 976 5209 in
1036 5171 1102 5228 ea
1136 5154 1357 5228 mentio
1407 5155 1595 5210 lrenaei
1646 5157 2031 5228 Lugdunensis

416 5226 697 5299 episcOpi;
723 5242 933 5299 exrquo
958 5226 1146 5299 colligi
1181 5226 1341 5299 datur
1369 5242 1480 5281 non
1511 5243 1673 5299 posse
1717 5226 1837 5282 eam
1878 5230 2029 5283 attri-

417 5296 511 5352 bui
544 5296 971 5370 Po_lycrati,’qui
1023 5296 1310 5370 '[imotheo
1342 5306 1464 5370 post
1511 5296 1838 5353 'Onesimum
1900 5316 2029 5355 suc-

417 5368 603 5423 cessit.
644 5367 818 5423 ’Certe
874 5383 977 5421 nec
1040 5367 1306 5421 Eusebius
1369 5369 1423 5421 in
1481 5370 1610 5424 Hist.
1669 5372 1870 5425 eccles.
1927 5387 2029 5427 nec

421 5438 784 5514 Hieronymus
827 5455 945 5514 cap.
977 5439 1047 5514 ιίᾷ
1082 5438 1135 5514 in
1188 5437 1466 5514 Catalogo,
1514 5440 1606 5495 ubi
1639 5441 1707 5496 de
1749 5442 2029 5514 Polycrate

419 5515 609 5583 agunt,
622 5509 1152 5583 _’i_1_uj‘us__scrip_tioni_s
1172 5509 1516 5583 meminisrun
1528 5523 1565 5567 t.

493 5578 783 5649 (721)Vide
797 5578 1090 5636 Honorium
1106 5581 1678 5654 Augustodunensem.
1699 5584 1791 5639 lib.
1816 5602 1852 5652 ι,
1868 5601 1917 5641 c.
1940 5584 2023 5641 16.

2201 5016 2341 5086 (722)
2371 5017 2484 5071 Sub
2526 5017 2751 5072 nomine
2784 5016 2899 5070 Lini
2921 5031 3099 5088 papze,
3136 5015 3192 5070 in
3223 5014 3566 5088 Bibliotheca
3595 5019 3751 5088 vete-

2129 5083 2247 5143 rum
2282 5083 2497 5142 Patrum
2524 5090 2633 5143 dno
2653 5096 2867 5143 exstant
2897 5083 3069 5142 libelli
3096 5088 3163 5142 de
3186 5087 3331 5142 Actis
3359 5102 3457 5140 seu
3486 5083 3747 5143 martyrio

2130 5141 2223 5213 SS.
2266 5141 2638 5230 apostolorum
2663 5141 2677 5143 ⁷
2700 5141 2933 5213 l’ctri'et
2966 5141 3155 5212 Pauli.
3192 5141 3300 5212 Sed
3359 5156 3601 5230 narratio
3631 5141 3747 5230 illa,

2132 5246 2253 5301 quae
2291 5226 2457 5284 hodie
2494 5232 2717 5302 quidem
2753 5236 2952 5295 exstat,
2983 5237 3064 5283 est
3105 5244 3326 5302 prorsus
3356 5228 3564 5302 ﬁctitia,
3608 5226 3783 5302 mult-

2133 5297 2329 5372 tesque
2361 5297 2576 5357 errores
2614 5302 2881 5364 continet,
2913 5309 2972 5356 ut
3007 5297 3273 5372 Baronius
3333 5301 3388 5353 in
3418 5300 3591 5372 gestis
3618 5297 3747 5372 anni

2129 5367 2256 5440 69f
2284 5372 2647 5428 Bellarmiuus
2696 5374 2749 5426 in
2801 5373 3079 5443 Catalogo,
3115 5379 3169 5425 et
3210 5370 3307 5424 lib.
3350 5388 3385 5426 ll
3421 5367 3506 5425 De
3546 5367 3743 5442 pontii.

2131 5444 2313 5510 Rom.,
2342 5459 2389 5501 c.
2433 5446 2502 5510 9;
2550 5444 2878 5500 Posseviuus
2903 5444 2958 5499 iu
2989 5446 3264 5514 Apparatu
3292 5458 3470 5514 sacro,
3505 5450 3561 5497 et
3580 5443 3743 5514 Clau-

2130 5515 2255 5569 dins
2310 5515 2641 5585 Espensaaus
2679 5515 2778 5571 lib.
2834 5531 2886 5569 vi
2920 5511 3048 5585 De—
3073 5511 3436 5580 continentia,
3488 5529 3612 5585 cap.
3661 5511 3745 5577 tl,

2130 5585 2351 5644 docent.
2380 5584 2525 5641 Vide
2560 5586 2775 5643 Hieron.
2811 5585 2880 5642 de
2907 5584 2963 5641 S.
3000 5584 3079 5651 8.,
3105 5601 3152 5640 c.
3186 5585 3275 5639 15.
