3934 6054
273 224 385 284 553

1526 227 1649 281 LIB.
1693 227 1776 281 DE
1816 226 2062 282 SCRIPT.
2109 229 2371 288 ECCLES.

3499 253 3606 318 554

257 330 534 406 diaconus
571 350 795 421 scripsit
823 349 892 405 ad
917 349 1152 406 Leonem
1185 367 1384 422 papam
1416 360 1606 408 contra
1637 369 1877 410 errorem
1907 359 1957 426 Α
1987 357 2358 428 praetitulavit,
2405 362 2521 420 sive
2561 365 2787 428 litteris:
2834 371 3030 429 librum
3073 377 3284 436 scilicet
3311 380 3386 436 De
3431 381 3603 440 Adam

256 441 627 510 quorumdam
683 439 777 510 qui
819 455 967 492 anno
1027 439 1240 494 Domini
1291 443 1416 508 455,
1461 449 1717 512 putantes
1761 457 1882 497 esse

255 543 465 582 annum
506 543 882 595 communem,
929 543 1052 583 cum
1094 536 1241 583 esset
1295 529 1680 598 embolismus,
1733 547 1880 585 erra-

253 618 391 674 bant
415 619 473 673 in
496 618 834 677 celebrando
866 618 1093 674 Pascha.

332 711 461 766 Car.
522 709 700 765 XXVI.
748 710 1048 778 Proterius,
1110 710 1514 766 Alexandrinus
1565 713 1882 784 episcOpus,

259 802 486 873 scripsit
525 808 582 857 et
626 801 747 873 ipse
789 802 855 856 ad
917 801 1154 857 Leonem
1184 820 1382 874 papam
1431 803 1774 859 dubitantem
1815 805 1885 859 de

265 890 607 947 celebrando
635 890 842 946 Pascha
873 890 1020 946 illius
1043 893 1196 959 anni,
1221 893 1336 964 qui,
1369 909 1494 948 cum
1520 901 1664 948 esset
1685 893 1884 949 embo-

261 981 518 1047 lismalis,
549 983 848 1054 putabatur
874 981 942 1036 ab
975 983 1252 1054 aliquibus
1281 1000 1402 1038 esse
1443 985 1775 1040 communis.

331 1073 462 1130 Car.
513 1074 714 1129 XXVII.
779 1073 1091 1146 Dionysius,
1149 1073 1322 1130 abbas
1391 1076 1668 1132 Romanus
1719 1076 1884 1148 (7M),

259 1172 638 1236 cognomento
670 1163 923 1238 Exiguus.
963 1163 1184 1238 gemina
1215 1164 1448 1219 scientia
1478 1165 1661 1221 Graece
1688 1173 1744 1221 et
1773 1167 1880 1221 La-

261 1257 380 1312 tine
411 1256 614 1324 clarus,
645 1256 925 1312 transtulit
957 1257 1025 1310 de
1058 1256 1245 1311 Graeco
1279 1256 1335 1310 in
1369 1257 1617 1313 Latinum
1654 1259 1880 1314 Proterii

253 1346 608 1402 Alexandrini
629 1346 879 1418 episcOpi
903 1345 1107 1416 scripta
1123 1346 1193 1400 ad
1221 1345 1677 1418 Leonem’papam
1703 1347 1770 1403 de
1785 1363 1879 1404 ce-

258 1438 528 1494 lebrando
548 1438 753 1509 pascha
775 1437 830 1491 in
856 1453 1002 1492 anno
1031 1437 1246 1493 Domiui
1261 1439 1384 1494 355.
1402 1438 1877 1494 Transtulitetiam

258 1527 328 1582 de
345 1527 534 1582 Graeco
549 1527 605 1582 in
632 1525 881 1581 Latinum
897 1525 1098 1581 librum
1123 1525 1368 1602 Gregorii
1389 1527 1620 1598 Nysseni
1641 1529 1716 1582 De
1740 1543 1878 1583 con-

259 1615 472 1671 ditione
501 1615 766 1682 hominis,
795 1621 849 1670 et
880 1615 1046 1670 vitam
1081 1615 1360 1671 Pachomii
1383 1615 1618 1672 abbatis.
1647 1617 1878 1688 Scripsit

257 1710 313 1759 et
351 1704 498 1775 ipse,
530 1712 655 1776 post
687 1703 968 1776 Cyrillum,
1027 1705 1240 1774 cyclum
1296 1703 1543 1776 quinque
1573 1707 1875 1776 cyclorum,

250 1795 536 1866 incipiens
585 1796 656 1852 ab
713 1811 861 1852 anno
899 1796 1012 1852 nati
1053 1797 1186 1852 Iesu
1239 1796 1432 1852 Christi
1485 1797 1612 1864 532,
1667 1797 1761 1869 qui
1795 1808 1878 1853 est

249 1887 480 1943 ultimus
509 1905 690 1944 annus
716 1889 903 1962 magni
925 1888 1084 1960 cycli,
1117 1889 1212 1960 qui
1239 1897 1323 1944 est
1361 1906 1634 1946 annorum
1671 1907 1873 1958 Dxxxu,

245 1981 420 2036 semel
448 1981 626 2036 exacti
654 1997 687 2036 a
725 1981 1008 2036 nativitate
1039 1979 1256 2036 Christi.
1316 1981 1410 2036 llic
1451 1981 1754 2036 notandum
1793 1984 1876 2037 est

244 2072 376 2144 quia
398 2073 444 2128 si
476 2073 729 2128 nativitas
759 2072 957 2128 Christi
991 2081 1144 2128 recte
1181 2073 1658 2128 acalculatoribus
1693 2075 1875 2144 posita

247 2161 470 2230 fuisset,
528 2160 814 2215 debuisset
887 2175 1061 2214 χχχιιι
1125 2159 1214 2216 vel
1266 2177 1426 2216 χχχιν
1489 2161 1651 2216 annis
1705 2161 1870 2232 primi

253 2255 443 2332 magni
481 2255 611 2310 anni
644 2255 1007 2321 concordare,
1057 2255 1114 2310 in
1145 2255 1356 2310 ratione
1399 2255 1663 2326 computi,
1695 2272 1867 2311 evan-

249 2345 374 2400 Iicaa
430 2344 668 2411 veritati,
724 2351 780 2398 et
835 2345 1106 2414 majorum
1157 2344 1490 2411 auctoritati,
1559 2361 1682 2416 quae
1737 2345 1871 2400 dicit

247 2437 526 2492 Christum
560 2451 780 2506 passum
812 2435 981 2491 fuisse
1014 2451 1159 2492 anno
1209 2438 1386 2491 aetatis
1414 2453 1528 2491 suae
1583 2436 1866 2492 tricesnno

249 2529 522 2596 secundo,
567 2528 655 2584 vel
725 2544 913 2594 xxxm,
974 2545 1064 2582 vui
1123 2528 1394 2583 Kalendas
1431 2529 1653 2599 Aprilis,
1704 2529 1760 2583 in
1813 2547 1863 2584 vr

251 2620 410 2684 feria,
453 2627 509 2676 et
558 2635 684 2676 eum
727 2620 1116 2675 resurrexisset
1155 2635 1210 2674 vr
1242 2619 1510 2674 Kalendas
1552 2619 1772 2691 Aprilis,
1805 2621 1862 2675 in

246 2714 427 2784 prima
457 2712 615 2768 feria.
657 2713 811 2776 Quod
861 2729 972 2768 non
1008 2713 1083 2768 ita
1138 2713 1375 2784 positum
1421 2727 1546 2768 esse
1595 2713 1651 2767 in
1683 2701 1888 2784 primo'

248 2822 451 2879 magno
491 2805 666 2878 cyclo,
697 2805 828 2876 quia
875 2821 983 2860 non
1022 2806 1259 2862 attendit
1297 2805 1609 2877 Dionysius,
1659 2821 1858 2861 secun-

249 2899 381 2954 dum
413 2907 662 2954 tenorem
697 2913 962 2952 annorum
999 2897 1159 2968 primi
1191 2898 1370 2968 magni
1413 2898 1575 2968 cycli,
1605 2897 1861 2969 apposuit

252 3001 310 3047 et
339 2990 464 3062 ipse
491 3004 668 3044 annos
709 2987 901 3045 Christi
935 2989 990 3043 iu
1021 3005 1119 3045 suo
1151 2990 1328 3061 cyclo,
1382 3006 1570 3061 quem,
1615 2999 1673 3044 ut
1725 2989 1859 3056 dixi,

245 3084 530 3156 increpita
559 3084 888 3156 repetitione
908 3084 1136 3140 secundi
1167 3084 1350 3157 magni
1386 3085 1546 3156 cycli,
1581 3093 1638 3140 et
1666 3084 1864 3140 inussit

245 3180 354 3236 sibi
398 3179 632 3234 frontem
701 3179 944 3237 cauterio
996 3178 1162 3233 alieni
1213 3179 1418 3234 erroris
1470 3187 1524 3234 et
1560 3181 1858 3248 mendacii,

248 3269 382 3324 dum
429 3267 703 3338 culpatur,
746 3267 896 3338 quod
945 3284 1130 3330 χχχιιι,
1189 3267 1276 3322 vel
1333 3284 1517 3336 xxxrv,
1559 3269 1646 3323 sui
1677 3269 1862 3340 operis

241 3375 390 3414 anno
421 3374 534 3413 non
574 3359 872 3414 concordat
928 3359 1262 3434 evangelicae
1295 3360 1514 3416 veritati
1545 3360 1598 3414 in
1645 3361 1859 3416 ratione

237 3449 509 3522 computi.
546 3449 701 3505 Unde
735 3458 967 3520 apparet
989 3451 1136 3522 quod
1170 3451 1428 3506 nativitas
1457 3451 1651 3506 Christi
1683 3453 1858 3523 posita

237 3549 324 3599 est
371 3559 401 3596 a
429 3541 859 3596 calculatoribus
907 3557 1018 3608 xxi,
1057 3542 1142 3597 vel
1193 3542 1386 3616 viginti
1434 3543 1651 3599 duobus
1699 3545 1859 3600 annis

237 3635 452 3693 tardius
484 3652 646 3706 quam
681 3634 897 3690 debuit.

314 3725 442 3780 (λιν.
499 3725 725 3780 XXVIII.
787 3726 1129 3799 Fulgentius,
1207 3727 1509 3798 Ruspensis
1565 3729 1861 3801 episcOpus

245 3816 409 3888 (742).
453 3816 507 3870 in
565 3817 749 3872 Graeca
799 3824 854 3872 et
893 3818 1081 3873 Latina
1133 3818 1322 3889 lingua
1379 3819 1582 3886 clarus,
1638 3821 1861 3892 gemina

242 3905 480 3961 scientia
501 3905 721 3976 scripsit
751 3905 942 3962 multa.
987 3906 1190 3961 Claruit
1221 3907 1277 3960 in
1310 3907 1612 3964 homilitico
1641 3910 1860 3965 dicendi

244 4017 474 4076 genere.
502 4001 731 4072 Scripsit
751 3999 818 4056 ad
845 4003 1193 4074 Euthymium
1227 4003 1396 4058 libros
1427 4004 1500 4059 De
1531 4006 1861 4064 remissione

244 4095 620 4161 peccatorum.
683 4090 990 4161 Respondit
1037 4107 1148 4146 uno
1201 4090 1342 4147 libro
1379 4094 1781 4164 quaestionibus
1832 4113 1862 4151 a

247 4180 523 4237 Ferrando
563 4181 796 4238 diacono
826 4182 934 4237 sibi
966 4182 1222 4254 objectis.
1260 4183 1490 4256 Scripsit
1519 4186 1691 4242 libros
1721 4203 1862 4260 quos

1984 445 2100 500 sive
2131 449 2200 514 A;
2245 451 2318 504 De
2369 453 2522 521 Abel,
2557 455 2672 512 sive
2719 459 2786 525 B;
2843 462 2914 517 De
2947 462 3098 534 Cain,
3138 467 3255 524 sive
3306 469 3376 537 C;
3409 476 3466 526 et
3494 487 3605 528 cae-

1985 538 2133 589 teros
2163 539 2462 595 secundum
2507 543 2812 602 litterarum
2855 555 3328 625 consequentiam.
3362 557 3516 623 Quod
3555 559 3603 616 is

1988 634 2079 724 est.
2104 625 2336 724 [videtur
2387 633 2670 702 legendum
2713 642 2863 711 quod
2909 643 2956 698 si
2986 652 3068 700 est
3099 645 3237 720 [ipse
3283 649 3602 724 Fulgentius

1987 715 2080 784 qui
2120 723 2227 772 tres
2270 720 2437 777 libros
2500 725 2952 805 Mythologiarum
3009 715 3229 807 scripsit
3279 739 3346 793 ad
3381 715 3592 797 "Catum

1991 811 2374 882 presbyterum
2420 816 2784 892 Carthaginis,
2858 825 2947 879 hic
2996 835 3144 884 certe
3198 832 3378 886 omnis
3425 833 3600 892 lector

1989 913 2354 990 expavescere
2385 913 2565 976 potest
2596 925 2830 967 acumen
2869 913 3074 986 ingenii
3118 918 3258 986 ejus,
3301 921 3394 990 qui
3430 931 3594 979 totam

1989 987 2293 1046 fabularum
2329 995 2550 1065 seriem,
2583 1001 2886 1057 secundum
2937 987 3344 1079 philosophiam
3375 1012 3599 1084 exposi-

1987 1087 2186 1146 tarum,
2239 1086 2689 1145 transtuleritvel
2741 1091 2810 1147 ad
2858 1109 3040 1150 rerum
3088 1099 3362 1168 ordinem,
3415 1102 3502 1158 vel
3527 1103 3595 1158 ad

1985 1174 2236 1234 humanae
2262 1179 2389 1236 vitae
2421 1184 2807 1242 moralitatem.
2835 1189 3064 1261 Scripsit
3109 1193 3178 1248 ad
3209 1196 3466 1251 eumdem
3497 1196 3599 1253 Ca-

1982 1276 2097 1324 tum
2125 1269 2322 1326 librum
2357 1273 2438 1328 De
2467 1274 2734 1332 obstrusis
2763 1281 3127 1337 sermonibus.
3170 1285 3396 1357 Scripsit
3433 1297 3488 1343 et
3518 1288 3595 1342 De

1981 1359 2472 1428 prmdestinatione
2525 1363 2592 1418 ad
2645 1364 2951 1422 Monimum
2993 1369 3163 1427 libros
3218 1380 3363 1441 tres;
3405 1383 3596 1432 contra

1979 1451 2321 1522 objectiones
2335 1455 2590 1510 undecim
2619 1456 2972 1516 Trasamundi
2997 1464 3140 1536 regis
3162 1465 3364 1522 librum
3390 1485 3592 1536 unum;

1979 1541 2054 1594 De
2085 1543 2344 1612 mysterio
2374 1544 2684 1601 lliediatoris
2726 1547 2930 1604 librum
2955 1567 3158 1621 unum;
3200 1555 3275 1610 De
3307 1555 3596 1616 immensi-

1904 1651 1954 1718 Β
1980 1641 2089 1688 tate
2115 1634 2240 1689 Filii
2283 1637 2380 1691 Dei
2412 1636 2612 1693 librum
2649 1656 2854 1708 unum;
2906 1643 2980 1699 De
3029 1656 3372 1707 sacramento
3401 1652 3592 1708 Domi-

1981 1723 2118 1778 nicm
2162 1725 2436 1794 passionis
2469 1723 2672 1782 librum
2727 1747 2936 1799 unum;
2989 1734 3058 1789 ad
3104 1735 3404 1796 familiares
3460 1757 3618 1799 suos

1977 1811 2332 1882 epistolarum
2378 1813 2578 1870 librum
2610 1833 2802 1872 unum.
2853 1820 2932 1876 Ne
2961 1823 3154 1880 videar
3198 1827 3440 1884 humana
3487 1830 3596 1886 mi-

1979 1917 2134 1957 scere
2164 1903 2389 1970 divinis,
2438 1921 2548 1961 non
2589 1911 3036 1969 commemorabo
3079 1917 3250 1973 sacris
3278 1918 3436 1974 libris
3481 1923 3590 1978 mi-

1977 1990 2154 2046 rabile
2199 1993 2362 2062 hujus
2390 1993 2494 2049 viri
2526 2011 2685 2066 opus,
2733 1999 2829 2070 qui
2879 2008 3052 2057 totum
3103 2020 3244 2075 opus
3273 2007 3488 2084 Virgilii
3519 2013 3588 2066 ad

1975 2084 2258 2155 physicam
2302 2086 2570 2142 rationem
2603 2087 2866 2154 referens,
2915 2091 2970 2146 in
3003 2094 3150 2150 lutea
3177 2099 3586 2168 quodammodo

1973 2188 2153 2228 massa
2179 2174 2297 2230 auri
2331 2176 2618 2230 metallum
2648 2179 2923 2248 quaesivit,
2952 2189 3007 2237 et
3046 2192 3323 2255 repertum
3347 2190 3581 2248 excoxit.

2041 2265 2160 2321 Car.
2195 2267 2371 2321 XXIX.
2421 2268 2729 2324 Ferrandus
2772 2271 3056 2339 diaconus,
3107 2291 3274 2348 supra
3325 2281 3582 2340 nomina-

1971 2366 2076 2424 tus,
2100 2359 2320 2430 scripsit
2344 2361 2412 2414 ad
2445 2361 2710 2431 Reginum
2743 2365 3002 2422 comitem
3037 2367 3236 2425 librum
3261 2371 3332 2428 de
3361 2385 3575 2446 septem

1969 2451 2172 2523 regulis
2201 2453 2550 2518 innocentiae,
2571 2461 2626 2510 et
2649 2455 2756 2510 alia
2785 2459 3076 2516 nonnulla.

2037 2541 2165 2614 Cap.
2199 2544 2347 2598 XXX.
2378 2544 2672 2602 Gennadus
2717 2547 3014 2622 episc0pus
3051 2553 3221 2624 (743),
3263 2563 3387 2626 post
3444 2559 3570 2614 Ilie-

1963 2651 2273 2708 ronymum,
2318 2641 2632 2710 composuit
2683 2641 2906 2699 Librum
2963 2645 3260 2705 illustrium
3302 2651 3571 2718 virorum,

1964 2742 2102 2797 quos
2129 2727 2351 2800 collegit
2381 2745 2411 2782 a
2441 2745 2529 2784 XIV
2567 2746 2713 2787 anno
2752 2732 2970 2804 imperii
3015 2735 3310 2794 Theodosii
3349 2742 3574 2811 majoris

1960 2833 2137 2888 usque
2187 2818 2256 2872 ad
2293 2824 2509 2888 tempus
2546 2820 2781 2876 Zenonis
2823 2823 3193 2896 imperatoris,
3236 2845 3338 2902 per
3394 2849 3573 2892 annos

1962 2906 2178 2962 circiter
2232 2914 2470 2962 centum.
2544 2909 2736 2966 Libros
2811 2913 2975 2970 etiam
3042 2917 3256 2994 Evagrii
3311 2925 3565 2980 monachi

1962 3001 2031 3056 ad
2069 3001 2358 3057 utilitatem
2413 3007 2808 3063 monachorum
2849 3010 3088 3082 simplici
3143 3031 3402 3075 sermone
3433 3023 3575 3077 scri-

1964 3098 2110 3165 ptos,
2152 3095 2430 3150 transtulit
2466 3095 2660 3151 eadem
2691 3097 3043 3170 simplicitate
3069 3104 3138 3160 de
3171 3105 3357 3166 Graeco
3385 3111 3443 3165 in
3471 3112 3576 3168 La-

1964 3183 2162 3240 tinum.
2195 3185 2423 3256 Aliquos
2473 3187 2638 3242 etiam
2669 3189 2920 3258 ejusdem
2949 3193 3118 3251 libros
3169 3215 3310 3270 quos
3340 3204 3578 3260 transla-

1963 3283 2109 3330 tores
2139 3277 2332 3333 vitiose
2364 3277 2746 3336 transferendo
2792 3281 2848 3336 in
2899 3285 3147 3342 Latinum
3186 3303 3568 3364 corruperant,

1960 3364 2274 3419 emendavit
2300 3367 2588 3422 etvcritati
2618 3371 2856 3425 auctoris
2885 3373 3142 3430 restituit.

2031 3454 2153 3510 CAP.
2197 3456 2354 3510 XXXI
2403 3458 2736 3514 Benedictus
2789 3460 3124 3532 Casinensis,
3179 3468 3336 3526 Pater
3381 3489 3571 3530 mona-

1959 3549 2210 3615 chorum,
2235 3550 2425 3606 Norsia
2457 3551 2623 3607 Italiae
2655 3553 2940 3622 provincia
2970 3564 3143 3626 ortus,
3187 3565 3389 3632 spretis
3420 3567 3570 3624 litte-

1960 3653 2138 3693 rarum
2169 3639 2389 3706 studiis,
2435 3641 2777 3696 eremiticam
2811 3645 2972 3699 vitam
3005 3651 3290 3721 expetivit,
3349 3663 3404 3712 et
3443 3674 3572 3728 pro-

1959 3737 2149 3783 vectus
2177 3727 2244 3782 ad
2281 3744 2553 3783 summum
2593 3731 2810 3788 culmen
2837 3737 3156 3795 monasticae
3190 3727 3570 3819 profectionis,

1961 3817 2263 3872 secundum
2294 3833 2456 3888 quam
2498 3819 2650 3884 vixit,
2693 3824 2914 3896 scripsit
2973 3827 3235 3904 Regulam
3268 3817 3572 3896 monacho?

1963 3924 2084 3963 rum
2130 3923 2386 3962 sermone
2428 3907 2785 3981 luculentam,
2831 3915 3164 3978 discretione
3209 3927 3568 3999 praecipuam.

1963 3997 2296 4070 Simplicius,
2328 3998 2636 4072 discipulus
2655 4003 2796 4074 ejus,
2821 4006 2999 4064 latens
3018 4012 3265 4088 magistri
3298 3997 3440 4090 Opus
3471 4038 3572 4093 pu-

1965 4092 2187 4148 blicavit
2218 4096 2344 4163 (744
2369 4137 2382 4150 .
3415 4101 3423 4110 ’

2036 4185 2159 4240 CAP.
2184 4187 2386 4244 XXXII.
2411 4188 2659 4260 Faustus,
2683 4191 2988 4265 discipulus
3009 4202 3150 4256 santi
3177 4202 3479 4277 Benedicti,
3503 4211 3574 4266 ab

1473 4286 1760 4343 AUBEBTI
1803 4288 2008 4343 MlR/EI
2049 4289 2344 4346 SCHOLIA.

321 4378 469 4456 (741)
499 4379 792 4456 Dionysius
821 4381 1080 4456 Exiguus,
1113 4382 1307 4456 abbas
1334 4383 1631 4448 Romanus,
1685 4387 1862 4443 Probo

243 4450 481 4525 consule
535 4450 660 4517 (hoc
711 4459 795 4506 est
835 4450 980 4525 anno
1021 4453 1220 4525 Christi
1251 4455 1394 4520 5253).
1434 4455 1649 4525 Cyclum
1700 4475 1859 4513 suum

245 4521 565 4596 Paschalcm
602 4523 892 4596 _contexit,
947 4524 1262 4596 omissoque
1315 4521 1545 4596 profano
1590 4544 1858 4584 annorum

245 4593 487 4667 calculo,
529 4593 744 4664 primus
773 4611 1065 4650 numerare
1095 4593 1264 4667 coepit
1301 4593 1331 4650 ἁ
1360 4597 1556 4652 Christi
1595 4599 1858 4655 lnearna-

248 4664 423 4720 tione.
455 4663 588 4739 Quae
623 4680 732 4739 aera
757 4681 856 4739 seu
895 4669 1129 4739 epocha,
1162 4663 1197 4721 a
1223 4668 1483 4737 Dionysio
1519 4669 1751 4739 primum
1784 4672 1862 4726 in-

244 4742 445 4814 ven_ta,_
463 4735 726 4814 paulatim
760 4737 827 4791 ab
859 4735 1118 4814 universo
1163 4739 1294 4814 orbe
1340 4735 1670 4805 Christiano,
1696 4743 1860 4814 idque

248 4807 601 4932 gotissimum
632 4807 736 4862 sub
767 4824 970 4864 annum
1015 4809 1136 4872 730,
1187 4809 1241 4864 in
1281 4826 1439 4865 usum
1489 4822 1712 4882 recepta
1755 4807 1856 4870 est.

296 4893 384 4931 am
442 4887 603 4932 antea
640 4879 774 4932 solis
805 4881 1116 4932 consulum.
1169 4881 1583 4932 imperatorum.
1647 4892 1741 4932 aut
1781 4901 1856 4932 re.

296 4893 384 4931 am
430 4887 614 4952 antea
640 4879 774 4934 solis
805 4881 1116 4952 consulum,
1169 4881 1583 4952 imperatorum,
1620 4879 1741 4938 'aut
1780 4901 1862 4940 re-

329 4964 380 5002 m
428 4947 670 5025 Francia:
719 4951 1039 5007 nominibus
1085 4953 1214 5007 anni
1247 4947 1650 5025 'signabantur.
1709 4956 1857 5011 Idem

295 5019 547 5090 ionysius
593 5036 836 5077 canones
883 5039 1070 5078 sacros
1102 5039 1168 5078 ex
1207 5019 1568 5079 conciliorum
1623 5027 1860 5082 decretis

255 5106 428 5168 unum
465 5091 520 5168 in
551 5093 991 5168 corpusiprimus
1019 5093 1468 5168 coll_egit;_quem
1498 5105 1690 5168 postea
1723 5098 1861 5153 Mar-

250 5161 406 5217 tinus
467 5161 834 5230 Bracarensis,
881 5161 1228 5230 Cresconius,
1283 5161 1604 5224 Buchardus
1658 5177 1711 5223 et
1766 5169 1858 5224 alii

245 5242 388 5310 sunt
429 5235 693 5310 aemulati.
755 5235 1213 5310 DionysiiJl'etus
1264 5238 1502 5310 primum
1569 5240 1860 5310 Moguntiae

247 5304 412 5380 1525,
440 5313 635 5380 postea
654 5304 1071 5380 Parisiis31709,
1105 5304 1378 5380 typis—fuit
1411 5310 1608 5376 editus,
1643 5304 1748 5367 hoc
1791 5313 1860 5366 ti-

247 5375 396 5432 tulo:
431 5375 614 5431 Codex
645 5376 921 5434 Canonum
943 5389 1100 5434 vetus
1130 5375 1388 5435 Ecclesiae
1419 5375 1695 5445 Romanae,
1734 5399 1856 5437 cum

241 5447 484 5522 epistola
511 5447 847 5522 dedicatoria
875 5451 1048 5521 ipsius
1093 5450 1332 5521 Dionysii
1373 5452 1442 5506 ad
1494 5451 1856 5522 Stephanum,

242 5518 632 5602 Salonianum
686 5518 1030 5602 episcopum,
1085 5518 1269 5602 [toruae
1307 5537 1493 5602 .porro
1539 5518 1662 5602 cum
1711 5518 1861 5602 esset

241 5589 474 5674 Carolus
540 5589 767 5665 Magnus
799 5633 815 5658 ,
875 5589 979 5674 ipsi
1027 5592 1236 5674 codicis
1307 5589 1470 5674 hujus
1541 5595 1856 5674 Dionysiani

242 5661 552 5732 exemplar,
605 5661 750 5719 anno
775 5661 1268 5740 septingentesimo
1326 5665 1663 5738 octogesimo
1682 5661 1856 5739 septi-

572 5759 869 5821 PATROL.
921 5760 1119 5824 CLX.

1887 4397 1938 4461 ι)
1964 4403 2072 4454 mo,
2120 4388 2188 4464 ab
2221 4389 2457 4464 Adriano
2502 4409 2652 4464 papa
2691 4394 2932 4450 oblatum
2992 4397 3112 4464 fuit,
3156 4410 3216 4456 ut
3244 4403 3575 4464 Simiundus

1965 4466 2096 4546 tpm.
2129 4461 2193 4546 II.
2241 4462 2396 4546 Cone.
2423 4463 2697 4546 Gal._fuse
2731 4461 3146 4546 commemorat.
3181 4473 3395 4546 Codicis
3424 4461 3575 4546 ejus;

1963 4531 2088 4585 dem
2140 4530 2492 4607 fi_t_menAtio__a
2548 4535 2771 4607 Nicolao
2820 4553 2960 4607 papa
3017 4539 3070 4593 in
3109 4558 3156 4596 c.
3213 4544 3276 4598 Si
3309 4530 3577 4605 Romano-

1962 4603 2277 4680 rum,_‘dist.
2311 4603 2393 4680 19.
2419 4603 2984 4680 Cassiodorum'le'ge.
3015 4627 3063 4665 c.
3095 4611 3360 4672 23Instit.

2035 4673 2158 4742 (742
2217 4675 2284 4755 .S.
2341 4674 2662 4800 Fulgentius
2714 4673 2936 4733 Romam
2997 4681 3134 4738 adiit
3161 4701 3226 4742 eo
3257 4705 3402 4746 anno
3461 4709 3572 4764 quo

2042 4746 2353 4800 eodericus.
2476 4748 2728 4800 othorum
2800 4766 2912 4800 rex.
2972 4756 3226 4800 eamdpm
3289 4761 3570 4800 suam“...

1961 4743 2376 4832 Theodericus;
2431 4743 2735 4832 Gptliorum‘
2800 4756 3226 4832 rex,_eamdem
3289 4743 3572 4832 ingressu;

1961 4815 2222 4906 scribitur
2271 4816 2686 4906 anCassiodoro,
2724 4819 2949 4903 hoc'est
2977 4839 3124 4906 annp
3167 4815 3569 4906 εΙιιοίειῖηιίιιῖιῖ-ἰ

1961 4887 2285 4974 gentesimp.
2314 4888 2529 4974 .Exinde
2567 4906 2714 4945 anno
2753 4893 3200 4974 quingentesimo
3237 4887 3574 4974 quandi-tiu-

1961 4959 2199 5051 spensis‘
2215 4959 2397 5051 factus
2425 4961 2741 5051 episcopgs,
2773 4959 2822 5051 la
2861 4959 3419 5051 “'I‘rasamundolroge
3446 4959 3570 5033 cuin

1961 5028 2083 5117 aliis
2127 5029 2406 5117 relegatus
2431 5028 2515 5117 est
2565 5028 2630 5087 in‘
2658 5034 2994 5117 Sardiniam;
3055 5057 3119 5096 ac
3173 5028 3414 5117 (leniqﬁc
3448 5028 3573 5117 post

1961 5099 2319 5179 Trasamuridi
2357 5102 2613 5179 obitum,
2636 5122 2780 5179 anno
2828 5099 3272 5179 quingentesimo
3313 5099 3573 5176 iic'cs'i'in‘d

1961 5172 2216 5258 secundo.
2258 5173 2504 5258 restituta
2547 5175 2814 5232 Africanis
2848 5172 3126 5258 'Eccl'esiis
3165 5172 3572 5258 abillilderico',

1963 5241 2217 5316 Ilunerici
2272 5243 2407 5308 lilio,
2443 5263 2596 5316 pace,
2639 5265 2892 5305 reversus
2924 5259 3010 5306 est
3053 5253 3105 5306 in
3153 5241 3578 5316 itfricamihivl

1961 5313 2324 5404 t‘lrologiarum
2355 5313 2521 5404 porro
2551 5317 2993 5404 libros'hlqlanus
3026 5313 3576 5404 Placiarlquulgenfio

1961 5385 2323 5472 Grammatice
2364 5389 2608 5472 ascribit.
2638 5390 2771 5472 Y‘ide
2815 5394 3090 5472 Isidor,_c.
3132 5397 3218 5451 14.
3250 5385 3419 5472 Ηιιλιιξ
3463 5385 3580 5458 Ful-

1958 5457 2130 5544 gent-ii
2169 5458 2476 5544 discipulus
2517 5461 2617 5516 fuit
2647 5462 2956 5520 Ferrandus
2996 5457 3294 5540 diaconus,
3326 5457 3577 5544 proximo

1959 5527 2141 5586 capite
2171 5527 2500 5586 laudandus.

2047 5545 2080 5580 ll
2091 5545 2141 5581 te
2171 5545 2408 5585 ιειιιατιιια
2419 5548 2500 5586 US.

2029 5545 2331 5685 ξῐέὲὶλῖτξη
2365 5604 2482 5685 [απ
2517 5605 2818 5685 crimes-

2029 5671 2172 5738 (744)
2197 5673 2330 5728 Vide
2365 5671 2827 5742 Honorium—lib.
2859 5694 2982 5734 χχχ.

3127 5781 3200 5844 18
