3934 6054
261 267 368 324 557

1509 262 1636 321 LIB.
1678 263 1761 319 DE
1802 261 2049 318 SCRIPT.
2095 261 2359 322 ECCLES.

3495 282 3601 340 558

255 401 377 452 tore
413 395 628 452 urbano
659 391 966 450 monachus
997 396 1050 444 et
1093 388 1289 456 abbas,
1331 391 1600 460 septimus
1633 391 1888 447 Romanae
1917 396 1964 463 Α
2060 390 2183 446 CAP.
2234 393 2408 448 XLIV.
2463 395 2722 454 Claudius
2747 441 2760 468 ,
2822 401 3139 460 Classitanae
3195 406 3348 462 urbis
3411 409 3603 481 abbas,

260 488 527 544 Ecclesiae
559 487 746 550 levita,
788 481 1180 555 apocrisarius,
1224 497 1368 552 papa
1408 482 1668 538 Romana:
1703 482 1889 537 Eccle-

253 579 354 635 siae
400 578 576 635 multa
615 577 859 649 scripsit.
916 575 1156 647 Rogatus
1193 590 1224 628 a
1281 575 1528 630 Leandro
1583 574 1887 645 Hispalensi

251 668 541 741 episcOpo,
573 667 776 722 librum
804 664 908 720 Job
953 661 1211 735 exposuit
1249 663 1375 734 tripl
1393 663 1573 731 iciter,
1603 663 1884 727 historice,

251 761 556 836 allegorice
589 768 643 814 et
665 757 974 823 moraliter,
1009 765 1064 810 et
1094 754 1270 810 libros
1304 755 1559 810 dividens
1591 754 1647 808 in
1712 771 1806 810 sex
1827 755 1890 808 li-

253 851 390 907 bros
421 849 829 907 consummavit
849 849 957 902 hoc
985 845 1242 901 mirabile
1269 861 1411 917 Opus
1443 847 1499 900 in
1536 863 1676 900 xxxv
1707 846 1884 901 libris.

255 944 499 999 Primam
520 950 575 998 et
591 941 840 999 ultimam
869 948 1077 1012 partem
1101 938 1407 994 Ezechielis
1431 939 1741 1009 prephetm,
1765 954 1888 1010 quae

253 1031 611 1088 obscuriores
659 1041 818 1087 erant
851 1073 865 1100 ,
927 1030 1183 1102 exposuit
1245 1029 1550 1085 homilitico
1605 1045 1882 1086 sermone.

254 1126 492 1198 Scripsit
523 1126 592 1181 ad
619 1126 916 1180 Marianum
959 1124 1281 1196 episcopum
1315 1140 1421 1178 xui
1465 1123 1743 1196 Evangelii
1786 1124 1884 1180 ho-

261 1217 460 1273 milias.
499 1217 558 1272 In
611 1217 770 1272 initio
809 1223 1043 1288 papatus
1094 1216 1177 1270 sui
1218 1214 1444 1286 scripsit
1478 1215 1546 1269 ad
1589 1215 1884 1281 Joannem,

258 1307 536 1363 Ravennae
566 1306 915 1378 episcOpum,
959 1305 1160 1361 librum
1201 1305 1422 1379 Regulae
1453 1305 1760 1376 pastoralis.
1801 1305 1892 1360 Li-

255 1395 420 1452 brum
449 1395 825 1469 Dialogorum,
857 1411 1020 1467 quem
1049 1411 1175 1450 cum
1207 1395 1365 1450 Petro
1410 1393 1650 1450 diacono
1680 1410 1782 1450 suo
1815 1394 1886 1450 de

256 1484 546 1540 miraculis
601 1491 918 1541 sanctorum
967 1483 1054 1540 sui
1091 1484 1360 1556 temporis
1409 1483 1624 1552 habuit,
1678 1483 1891 1541 Teude-

253 1573 426 1629 Iindaa
473 1572 957 1648 Longobardorum
1012 1572 1221 1647 reginae
1285 1587 1384 1642 pro
1434 1587 1658 1629 munere
1714 1573 1884 1630 misit.

1989 481 2158 537 multa
2213 483 2282 540 de
2339 486 2672 557 Proverbiis,
2729 491 2799 547 de
2841 492 3077 551 Canticis
3131 498 3490 570 canticorum,
3536 504 3605 561 de

1989 572 2234 645 Eptatico
2289 577 2690 654 [Eptateucho],
2747 583 2817 640 de
2848 587 3154 658 prophetis,
3187 589 3256 646 de
3287 591 3446 648 libris
3497 594 3606 652 Re-

1987 683 2138 740 gum,
2170 685 2308 740 quos
2341 671 2600 744 loquente
2633 676 2896 750 Gregorio
2937 680 3210 750 audierat,
3241 687 3468 756 exponi,
3501 704 3605 744 nec

1994 764 2176 814 tamen
2219 777 2282 816 ea
2310 762 2606 838 Gregorius
2651 785 2763 838 prae
2797 769 3113 829 infirmitate
3156 783 3210 830 et
3238 779 3604 849 occupatione

1989 850 2304 922 scripserat,
2338 855 2457 926 ipse
2498 873 2598 913 suo
2629 875 2796 916 sensu
2842 863 3089 930 dictavit,
3135 882 3203 922 ne
3251 869 3514 940 perirent,
3545 877 3608 927 ut

1991 947 2118 1011 apto
2171 949 2419 1014 tempore
2477 949 2824 1006 emendatius
2879 952 3234 1013 dictarentur.
3295 959 3422 1024 Quae
3477 977 3602 1018 cum

1988 1029 2282 1106 Gregorius
2333 1039 2698 1108 comperisset
2748 1042 2909 1099 valde
2981 1047 3228 1104 inutilius
3295 1059 3604 1120 permutata

1986 1137 2130 1211 esse,
2172 1140 2237 1180 ea
2275 1127 2556 1184 studiosus
2585 1133 2875 1210 recollegit
2912 1145 2967 1193 et
2993 1147 3306 1211 Opportune
3344 1145 3600 1201 correxit.

2067 1209 2191 1269 CAP.
2244 1213 2388 1269 XLV.
2442 1218 2771 1278 Fortunatus
2804 1209 2984 1296 7(756),
3032 1209 3262 1286 natione
3312 1231 3498 1301 Italus,
3537 1234 3606 1290 li-

1994 1301 2276 1359 beralibus
2305 1305 2516 1363 artibus
2549 1311 2836 1378 eruditus,’
2862 1331 2892 1369 a
2923 1315 3114 1372 dolore
3159 1320 3606 1390 oculorum,'vir-

1992 1396 2110 1484 tute
2163 1391 2378 1449 Martini
2430 1395 2770 1454 Turonensis
2827 1403 3098 1476 episcopi,
3137 1415 3379 1478 sanatus,
3423 1420 3479 1467 et
3503 1429 3602 1484 pro

1959 1481 2094 1541 'hac
2147 1502 2311 1542 causa
2349 1489 2418 1544 ad
2458 1489 2706 1548 Turones
2756 1495 2930 1558 venit,
2981 1503 3036 1552 et
3081 1497 3150 1554 ad
3194 1501 3439 1560 Pictavos
3477 1481 3606 1576 pro-

1987 1593 2230 1652 gressus,
2264 1581 2442 1650 primo
2466 1581 2542 1637 ibi
2570 1583 2876 1656 presbyter,
2905 1587 3111 1645 deinde
3143 1591 3438 1666 episcopus
3467 1611 3604 1652 con-

259 1660 631 1733 Epistolarum
684 1669 764 1716 tot
795 1661 969 1718 libros
1009 1661 1250 1732 posteris
1277 1661 1500 1734 reliquit
1537 1669 1671 1734 quot
1709 1677 1886 1718 annos
1910 1705 1960 1750 ρ
1986 1675 2231 1724 secratus
2257 1675 2358 1724 est.
2403 1670 2635 1743 Scripsit
2671 1675 2902 1732 metrice
2941 1660 3363 1750 Hodoeporicum
3396 1698 3554 1738 suum
3583 1700 3598 1748 ;

251 1756 310 1812 in
334 1763 539 1828 papatu
566 1755 720 1821 vixit,
746 1754 800 1811 id
841 1763 926 1813 est
965 1756 1231 1812 tredecim
1267 1763 1320 1813 et
1347 1757 1534 1814 semis.
1565 1757 1796 1830 Scripsit
1827 1767 1883 1814 et
1911 1754 1960 1774 ¹¹
1983 1757 2204 1828 scripsit
2232 1759 2460 1815 metrice
2491 1767 2729 1832 quatuor
2776 1765 2950 1822 libros
2991 1767 3065 1823 De
3099 1768 3221 1826 Vita
3257 1772 3434 1828 sancti
3464 1772 3603 1828 Mar-

257 1845 372 1900 alia
401 1861 526 1918 quae
583 1861 613 1900 a
653 1845 916 1900 Romanis
973 1853 1096 1918 post
1135 1851 1365 1901 mortem
1425 1846 1546 1916 ejus
1598 1847 1882 1902 combusta
1982 1847 2105 1914 tini,
2153 1857 2211 1904 et
2239 1851 2411 1907 multa
2441 1851 2568 1921 alia,
2613 1862 2670 1909 et
2707 1857 2946 1913 maxime
2993 1859 3229 1931 hymnos
3257 1860 3599 1939 singularum

253 1944 408 2000 sunt,
449 1934 545 2006 qui
576 1942 631 1989 et
669 1933 857 1990 omnia
885 1949 1056 2006 opera
1108 1934 1230 2006 ejus
1284 1934 1740 2004 combussissent,
1772 1935 1878 1991 nisi
1981 1935 2356 1995 Iestivitatum.
2389 1941 2466 1996 Ad
2495 1941 2750 2018 singulos
2799 1947 3008 2003 amicos
3045 1933 3378 2024 composuit'
3406 1970 3600 2010 versus

258 2025 477 2092 Petrus,
503 2025 772 2081 diaconus
800 2025 942 2094 ejus,
973 2025 1352 2081 interveniens
1381 2025 1763 2082 conﬁrmasset
1787 2026 1877 2098 ju-
1978 2027 2132 2082 suavi
2163 2034 2218 2083 et
2255 2027 2460 2086 diserto
2501 2047 2776 2089 sermone.

251 2117 551 2186 rejurando
601 2133 664 2173 se
717 2118 924 2172 vidisse
980 2118 1240 2189 Spiritum
1295 2128 1544 2174 sanctum
1586 2119 1742 2191 quasi
1781 2134 1878 2176 co-
2049 2115 2175 2173 CAP.
2227 2118 2401 2174 XLVI.
2451 2119 2798 2178 Justinianus
2865 2123 3059 2196 Major,
3120 2127 3426 2200 imperialis
3479 2148 3598 2190 ma-

257 2208 508 2265 lumbam
551 2225 720 2280 super
769 2218 934 2281 caput
964 2209 1208 2282 Gregorii
1241 2211 1525 2266 tractantis
1562 2211 1874 2278 sedentem,
1970 2209 2189 2280 jestatis
2242 2210 2507 2286 dignitate
2540 2211 2784 2276 illustris,
2842 2214 3062 2271 videtur
3109 2217 3375 2276 illustrior
3425 2221 3598 2279 fuisse

251 2311 497 2359 rostrum
547 2319 709 2360 suum
741 2305 823 2360 ori
862 2303 1014 2359 illius
1043 2304 1408 2372 inserentem;
1441 2313 1496 2360 et
1544 2305 1649 2362 hoc
1694 2307 1874 2378 ipsum
1979 2300 2101 2354 aliis
2140 2300 2584 2372 imperatoribus,
2615 2319 2717 2374 per
2746 2303 2848 2359 hoc
2876 2305 3022 2376 quod
3055 2306 3220 2362 etiam
3249 2308 3395 2364 inter
3423 2311 3601 2366 eccle-

253 2392 451 2450 Petrus
489 2395 590 2450 hac
620 2394 942 2450 conditione
992 2395 1140 2462 fecit,
1175 2405 1232 2452 ιιι
1287 2397 1333 2451 si
1375 2397 1495 2469 ipse
1526 2407 1650 2469 post
1674 2397 1878 2454 factum
1981 2387 2233 2444 siasticos
2261 2388 2556 2460 scriptores
2595 2389 2778 2446 locum
2809 2392 3117 2464 acquisivit.
3161 2395 3332 2468 Leges
3358 2413 3596 2472 namque

247 2489 640 2558 jusjurandum
673 2491 855 2544 statim
887 2497 1218 2556 moreretur,
1249 2490 1478 2546 Romani
1508 2509 1538 2546 a
1569 2491 1722 2548 libris
1749 2492 1880 2548 Gre-
1984 2475 2378 2546 Romanorum:
2413 2495 2642 2550 quarum
2701 2481 2992 2552 ProliXitas
3039 2483 3212 2540 nimia
3243 2494 3360 2542 eral
3401 2495 3456 2544 θῑ
3480 2489 3598 2545 inll-

252 2581 398 2654 gorii
422 2581 818 2637 comburendis
848 2589 1128 2638 cessarent
1156 2583 1239 2652 ;si
1263 2599 1372 2640 non
1401 2591 1729 2652 moreretur,
1763 2585 1880 2656 ipse

2009 2569 2096 2643 ilis
2127 2569 2488 2635 dissonantia,
2545 2571 2785 2627 mirabili
2837 2572 3102 2630 brevitate
3161 2579 3412 2636 correxit.
3463 2579 3595 2636 Nam

253 2669 422 2726 etiam
487 2667 933 2724 combustoribus
988 2669 1250 2726 librorum
1309 2687 1505 2726 manus
1561 2671 1734 2728 daret.
1793 2673 1884 2728 Sic
1982 2679 2176 2719 omnes
2201 2665 2624 2721 constitutiones
2645 2667 2983 2740 principum,
3023 2687 3148 2743 quae
3185 2671 3378 2746 utique
3409 2676 3598 2732 multis

255 2765 455 2820 Pen-us
483 2764 628 2820 inter
655 2764 822 2820 verba
865 2766 1165 2834 juramenﬁ
1219 2766 1535 2836 exspiravit,
1583 2775 1638 2822 et
1683 2767 1882 2822 Roma-
1985 2755 2042 2810 in
2071 2755 2450 2812 voluminibus
2481 2757 2847 2830 habebantur,
2869 2761 3013 2818 intra
3042 2779 3118 2819 XII
3147 2763 3321 2822 libros
3350 2775 3596 2824 coarcta-

251 2873 451 2914 norum
507 2857 723 2912 insania
773 2857 1027 2913 cessavit.
1071 2858 1200 2923 Quae
1235 2859 1504 2929 scriptura
1557 2859 1876 2931 Gregorium
1981 2845 2092 2901 νίίε
2135 2845 2282 2901 idem
2322 2863 2549 2919 quoque
2590 2848 2850 2904 "Olumen
2892 2849 3145 2908 COdicem
3185 2854 3595 2913 Justinianeum

251 2952 366 3002 tam
395 2945 708 3013 illustravit,
743 2962 905 3016 quam
948 2945 1081 3000 illud
1117 2947 1265 3018 quod
1305 2947 1763 3018 .tntiphonarium
1796 2964 1878 3003 re-
1979 2935 2245 3006 appellari
2269 2935 2418 2991 Ϊθοίί·
2448 2936 2792 3010 Rursumque
2813 2938 3156 3014 singulorum
3181 2945 3596 3016 magistratuum

252 3037 436 3112 gulari
464 3037 692 3092 musicae
742 3037 1121 3093 modulatione
1168 3038 1538 3094 centonizavit
1568 3049 1623 3093 et
1659 3039 1877 3094 scholas
1906 3084 1951 3112 ρ
1979 3025 2095 3080 Sive
2119 3025 2368 3096 Iudicum
2420 3024 2592 3099 leges:
2643 3043 2767 3099 (ἶυω
2807 3045 2984 3101 usque
3013 3031 3080 3086 ad
3111 3032 3222 3089 duo
3255 3034 3427 3090 mima
3453 3053 3598 3108 Ρθηθ

256 3084 436 3112 ο---η-
468 3084 687 3092 .--π-ν.-
742 3084 1120 3093 unum--."
1171 3084 1538 3094 νυμ-υυ-κ.-.
1570 3084 1623 3093 ν-
1660 3084 1876 3094 νην-..υ
2119 3084 2138 3096 .
2474 3084 2507 3099 τ,
2576 3084 2590 3093 .
2663 3084 2678 3099 .
2894 3084 2910 3101 .
2969 3084 2974 3085 ν
3055 3084 3064 3086 τ
3117 3084 3216 3089 ην
3454 3084 3595 3108 ..π-ν

256 3136 545 3184 cantorum
577 3127 898 3198 in;Romana
919 3127 1162 3184 Ecclesia
1191 3129 1480 3184 constituit
1500 3129 1668 3198 (733),
1905 3084 1953 3152 (ἶ
1977 3113 2242 3170 librorum
2270 3122 2428 3170 erant
2447 3123 2711 3185 extensae,
2739 3119 2880 3175 intra
2910 3121 3595 3199 quinquagintalibrorum

328 3219 452 3274 CAP.
515 3218 666 3272 XLII.
713 3219 1028 3274 Anastasius
1061 3261 1075 3284 ,
1130 3221 1505 3276 Antiochenus
1556 3220 1872 3292 episcopus,

2009 3219 2268 3258 iumerum
2301 3204 2535 3276 redegit,
2563 3207 2933 3280 eamdemque
2959 3209 3218 3268 Codicem
3247 3214 3596 3291 Digestorum

258 3307 596 3364 Pastoralem
651 3305 854 3362 librum
906 3307 1153 3382 Gregorii
1217 3307 1272 3362 in
1332 3308 1572 3364 Graecam
1632 3307 1876 3380 linguam
1978 3301 2094 3356 sive
2149 3301 2545 3356 Pandectarum
2599 3303 2868 3360 vocabulo
2923 3309 3282 3379 nuncupavit.
3353 3311 3600 3376 Quatuor

256 3396 560 3463 transtulit,
591 3403 651 3451 et
687 3397 1052 3454 orientalibus
1092 3398 1350 3454 Ecclesiis
1396 3413 1536 3469 Opus
1559 3396 1880 3453 venerabile
1979 3391 2143 3447 etiam
2175 3392 2584 3448 Institutionum
2618 3393 2808 3458 libros,
2839 3395 2894 3450 in
2944 3398 3150 3469 quibus
3201 3399 3444 3456 breviter
3470 3404 3602 3457 uni-

257 3484 577 3558 procuravit
605 3483 780 3556 (754).

333 3577 456 3633 CAP.
488 3576 665 3632 XLIII.
699 3577 946 3633 Paterius
978 3578 1141 3650 (755),
1175 3579 1434 3634 Romanae
1477 3576 1732 3633 Ecclesiae
1781 3592 1885 3632 no—

260 3666 438 3723 tarius
486 3673 542 3720 et
603 3667 1062 3730 secundicerius,
1123 3666 1392 3742 colligens
1445 3665 1632 3722 omnia
1685 3665 1886 3720 divina:

258 3756 565 3828 Scriptura:
622 3755 938 3810 testimonia
996 3771 1096 3827 per
1141 3773 1265 3828 quae
1312 3755 1605 3828 Gregorius
1653 3754 1888 3810 obscura

260 3863 379 3902 suae
425 3847 790 3919 expositionis
819 3838 1170 3915 dilucidavit,
1193 3847 1487 3903 treslibros
1508 3846 1683 3902 edidit
1707 3864 1718 3900 :
1748 3847 1888 3923 duos

260 3935 336 3990 de
368 3935 702 3993 testimoniis
732 3934 944 3990 Veteris
987 3935 1367 4003 lnstrumenti,
1402 3945 1457 3991 et
1486 3951 1656 3990 unum
1691 3935 1760 3989 de
1792 3939 1879 3990 te-

259 4030 542 4086 stimoniis
568 4030 703 4087 Novi
755 4029 1112 4097 Testamenti,
1161 4030 1453 4102 ipsumque
1486 4029 1733 4086 codicem
1774 4045 1879 4100 ap-

263 4121 494 4194 pellavit
519 4122 738 4177 Librum
760 4120 1222 4178 testimoniorum.

1982 3499 2262 3539 versorum
2320 3482 2503 3557 legum
2580 3493 2760 3540 textus
2813 3489 3318 3559 comprehenditur,
3387 3493 3603 3548 noviter

1986 3573 2257 3646 exposuit.
2290 3575 2466 3629 Novas
2497 3590 2719 3647 quoque
2757 3577 2928 3651 leges,
2971 3595 3107 3650 quas
3139 3581 3256 3652 ipse
3312 3589 3598 3653 statuerat,

1989 3665 2044 3719 in
2074 3679 2246 3718 unum
2276 3664 2534 3718 volumen
2575 3664 2793 3740 redegit
2821 3667 2970 3738 (757)

2060 3752 2188 3810 CAP.
2267 3752 2466 3807 XLVII.
2519 3753 2702 3809 Sixtus
2771 3755 3068 3828 episcopus
3136 3759 3356 3834 scripsit
3401 3761 3598 3820 librum

1988 3845 2064 3899 De
2093 3845 2206 3900 vita
2229 3843 2473 3900 hominis
2503 3842 2764 3914 perfecta.

2059 3933 2188 3988 CAP.
2266 3933 2490 3989 XLVIII.
2553 3934 2710 3990 Osius
2763 3935 3060 4009 episcOpus
3107 3939 3328 4012 scripsit
3403 3943 3604 3999 librum

1987 4026 2060 4081 De
2087 4025 2478 4082 observatione
2505 4027 2802 4084 Dominicze
2833 4028 3146 4102 disciplinae
3172 4033 3340 4106 (758).

2059 4119 2181 4174 CAP.
2241 4117 2416 4172 XLIX.
2473 4117 2818 4191 Gregorius,
2886 4119 3222 4178 Turonensis
3287 4124 3606 4199 episcopus,

1491 4254 1778 4310 AUBEBTI
1818 4253 2028 4309 ΜΙΒίΕΙ
2071 4253 2368 4308 SCHOLIA.

339 4351 492 4425 (753)
519 4353 655 4409 Vide
687 4353 816 4408 Isid.
850 4369 896 4408 c.
926 4352 1018 4419 27,
1041 4361 1106 4425 et
1135 4351 1470 4425 Ildefonrsum
1501 4369 1550 4407 c.
1582 4354 1633 4408 I.

340 4423 489 4496 (754)
527 4425 583 4480 S.
632 4425 952 4479 Anastasius
980 4423 1558 4496 iSinaita.episcopus
1605 4424 1890 4496 Antioche-

266 4503 451 4582 nuset
471 4495 695 4582 martyr,
711 4511 860 4582 anno
899 4495 1344 4582 quingentesimo
1372 4495 1732 4582 nonagesimo
1749 4502 1893 4582 octa-

263 4583 336 4624 vo
368 4568 514 4622 diem
537 4566 896 4622 obiit.Dictus
919 4566 1006 4621 est
1027 4566 1259 4632 Sinaita,
1291 4581 1357 4620 eo
1412 4566 1558 4637 quod
1595 4569 1896 4622 monachus

266 4639 470 4694 vixerit
490 4639 546 4692 in
568 4647 753 4694 monte
780 4638 1240 4709 Sina,antequam
1271 4637 1896 4709 EcclesiieAntiochente

313 4711 668 4765 raeticeretur.
703 4709 933 4780 Scripsit
964 4708 1147 4763 autem
1179 4709 1348 4772 varia,
1383 4723 1451 4762 ex
1485 4708 1766 4780 quibusin
1803 4709 1896 4762 Bi-

313 4728 668 4765 ramceretur.
703 4728 933 4780 DCI‘IpSII
964 4728 1147 4763 autem
1179 4728 1348 4772 varia,
1383 4728 1451 4762 ex
1485 4728 1690 4779 quibus
1713 4728 1766 4762 ιιι
1804 4728 1896 4762 Ul-

267 4728 547 4836 gliotheca
595 4787 843 4853 veterum
904 4781 1116 4853 Patrum
1179 4779 1898 4853 leguntur‘Atiagogicarum

267 4852 799 4934 contemplationum
832 4851 888 4906 in
915 4849 1305 4932 .Hexaemeron
1339 4849 1742 4934 librindu‘o,
1773 4849 1904 4934 tidei

269 4921 626 4998 dogmatibus
671 4922 796 4998 libri
835 4922 1104 4998 quinque,
1135 4921 1767 4998 int_erprete_Godefri_do
1795 4921 1904 4998 Til-

271 4992 512 5059 manno;
553 4995 836 5050 Orationes
855 4992 1094 5065 aliquot,
1131 4992 1608 5063 etIIesponsiones
1633 4993 1701 5065 ad
1729 4992 1906 5065 varias

271 5067 626 5138 quaestiones.
670 5065 926 5135 Ejusdem
960 5063 1091 5138 'Dux
1112 5065 1224 5138 viae
1255 5071 1446 5138 contra
1460 5064 1789 5138 ;‘lcephalos,
1820 5063 1906 5117 in-

273 5135 518 5207 terprete
549 5138 829 5201 Grctseio,
852 5151 998 5190 anno
1033 5135 1169 5207 I606
1201 5135 1614 5207 Ingolstadiiest
1645 5151 1899 5189 excusus.

270 5206 514 5278 Scripsit
567 5219 622 5262 et
675 5209 971 5263 Sermones
1017 5206 1333 5278 varios,iex
1362 5206 1579 5278 quibus
1608 5207 1908 5278 nonnullos

271 5277 517 5334 Achilles
555 5279 760 5334 Statius
801 5278 986 5333 Latine
1022 5277 1280 5332 reddidit.
1320 5277 1466 5332 Idem
1501 5277 1817 5332 Anastasius
1847 5277 1881 5331 S

271 5350 523 5425 Gregorii
575 5365 730 5425 papae
767 5349 971 5425 librum
1013 5348 1344 5425 Pasto‘ralem
1387 5349 1440 5402 in
1488 5349 1742 5425 Graecam
1775 5348 1906 5425 _Iin-

311 5419 438 5478 nam
471 5419 759 5476 convertit.
804 5421 973 5485 Quam
1013 5419 1428 5474 translationem
1485 5419 1542 5474 in
1573 5419 1912 5476 bibliotheca

311 5439 438 5478 nam
471 5439 759 5476 COHVBFLIL
804 5439 973 5485 uuam
1014 5439 1428 5474 transrauoncm
1486 5439 1542 5474 Ill
1576 5439 1912 5476 υιυιιοιιιϐοᾶ

269 5439 408 5550 Ξίοιὶ
454 5491 659 5547 Aehilis
707 5491 882 5564 Statii,
942 5492 1087 5564 apud
1139 5490 1493 5564 presbyteros
1544 5490 1912 5564 Orator_ii_Ilo-

271 5563 447 5631 mani,
479 5562 745 5618 asservari
785 5561 1014 5618 testatur
1053 5561 1320 5619 Baronius
1372 5561 1429 5615 in
1483 5561 1630 5617 notis
1677 5561 1744 5616 ad
1775 5561 1915 5618 Mar-

276 5633 608 5714 tyrologium
652 5650 749 5714 xxi
776 5633 1006 5714 _Aprilis._
1041 5632 1158 5714 Quo
1206 5633 1330 5714 loco
1369 5632 1611 5714 etplura
1669 5633 1915 5714 reperies

275 5703 348 5763 de
403 5703 508 5763 isto
539 5713 729 5764 nostro
759 5703 1067 5770 Anastasio,
1106 5713 1162 5761 et
1201 5704 1374 5762 altero
1408 5703 1597 5761 itidem
1652 5703 1914 5777 episcopo

1907 4357 1962 4424 ἰ)
1989 4351 2330 4424 Antiochch
2382 4366 2446 4405 ac
2483 4355 2777 4424 martyre;_
2807 4355 3077 4424 notatque
3115 4351 3258 4406 inter
3295 4352 3403 4407 alia
3441 4354 3612 4413 Baro-

1991 4423 2116 4478 nius
2141 4419 3121 4495 Nicephorumerrorelapsumilib.
3165 4439 3316 4478 xvru.
3346 4440 3464 4494 cap.
3515 4427 3610 4495 ‘24,

1995 4496 2123 4550 dum
2159 4492 2610 4565 nomenSinaitze
2652 4491 3160 4565 etglucubratione‘s
3197 4509 3361 4565 supra
3397 4491 3611 4554 inemo;

1997 4572 2142 4620 ratas
2169 4563 2462 4636 posteriori
2493 4562 2774 4618 Anastasio
2806 4562 3064 4636 ascribit.
3102 4562 3364 4620 Craterum
3403 4565 3459 4620 in
3501 4567 3610 4624 Re-

1997 4634 2182 4712 gistro'
2217 4635 2465 4708 Gregorii
2503 4635 2535 4712 I_
2550 4650 2710 4712 papae
2764 4634 2952 4712 plures
2978 4641 3193 4712 exstant
3239 4637 3488 4712 epistola:
3541 4641 3611 4696 ad

1999 4703 2176 4783 hunc
2204 4703 2448 4762 nostrum
2491 4703 2773 4783 Silianam
2804 4703 2964 4783 datae.
3025 4705 3140 4762 Alia
3189 4703 3437 4781 reperies
3462 4713 3611 4783 apud

2002 4779 2295 4857 Gangem“
2321 4785 2452 4857 tom:
2490 4777 2557 4830 III
2591 4776 2754 4857 Lect.‘
2777 4775 2946 4857 anaiq.

2072 4849 2553 4938 (ἹξδλΡΞέίῗῖἓιέτη,
2574 4847 3010 4938 ξυέἰχθωθὲίίοο
3069 4849 3086 4904 ¹
3120 4867 3289 4938 rape
3336 4853 3615 4938 [sentisne

2006 4918 2251 4976 functum
2309 4919 2481 4973 fuisse
2531 4918 2600 4972 ad
2639 4918 2926 4986 Hibernos,
2974 4918 3287 4978 const—at'ex
3347 4918 3615 4982 Mi'scella-

2007 4992 2129 5047 neis
2166 4990 2390 5044 Gerardi
2433 4989 2630 5058 Vossii,
2682 4997 2826 5045 tomo
2866 4991 2905 5044 V
2963 4991 3315 5051 Bibliotheca:
3373 4996 3614 5052 Patrum.

2005 5063 2142 5117 Vide
2164 5062 2231 5116 ad
2266 5061 2559 5116 Honorium
2585 5079 2656 5128 IV,
2688 5063 2741 5116 5.

2079 5133 2224 5202 (756)
2283 5132 2536 5205 Venantii
2604 5133 2826 5202 Honorii
2900 5133 3260 5191 Clementiani
3313 5137 3619 5205 Fortunati,

2009 5205 2180 5278 Italici
2204 5204 2536 5278 presbyteri.
2571 5206 2820 5278 episc0pi
2849 5205 3232 5272 Pictaviensis,
3273 5209 3367 5278 qui
3401 5204 3623 5264 Childe—F

2009 5277 2177 5348 berto
2206 5275 2562 5348 fregegvixit,
2608 5275 2925 5333 Carminum
2981 5285 3035 5332 et
3079 5275 3437 5348 Epistolarum
3496 5279 3623 5335 libri

2011 5346 2326 5426 quindecim
2379 5346 2613 5426 illustrat
2668 5351 2887 5426 nostris
2933 5346 3132 5413 sacris,
3165 5349 3440 5426 historicis
3489 5367 3626 5426 geoo

2012 5417 2312 5496 graphicis,
2351 5433 2384 5472 a
2421 5417 2809 5496 Christophoro
2835 5423 3153 5496 Brouvero,
3186 5417 3624 5496 5993168υῇιο-

2013 5489 2415 5563 Sby’terotsunt
2441 5490 2573 5563 editi
2604 5489 2899 5563 Moguntize
2933 5491 3068 5563 I603
3097 5500 3151 5546 et
3183 5492 3338 5550 1616.

2089 5560 2228 5631 ςγδι)
2261 5560 2395 5616 Vide
2425 5562 2492 5616 ad
2523 5560 2818 5632 Isidorum,
2850 5579 2896 5618 c.
2933 5561 3022 5616 ιε.

2087 5632 2232 5702 (758)
2261 5633 2336 5687 De
2364 5647 2430 5687 eo
2456 5632 2811 5692 Trithemius.
