3934 6054
347 256 451 312 559

1557 252 1899 305 SltiEBEllTl
1941 250 2431 306 GEMBLACENSIS

3569 251 3675 308 560

348 379 432 434 vir
488 393 697 449 magnae
757 377 1058 432 nobilitatis
1124 383 1180 430 et
1258 377 1628 447 simplicitatis
1659 420 1672 444 ,
1739 379 1957 448 scripsit
1987 380 2039 448 Α
2068 380 2151 431 rit.
2199 377 2427 446 Scripsit
2458 384 2512 430 et
2542 376 2646 429 alia
2675 374 2926 428 saiculari
2960 375 3280 430 litteratum
3308 377 3680 447 competentia

350 467 524 522 multa
583 467 818 536 simplici
871 482 1148 520 sermone.
1199 465 1428 536 Scripsit
1483 467 1618 520 duos
1669 469 1835 520 libros
1888 469 1957 519 be.

349 561 467 614 Vita
488 560 570 615 vel
603 559 868 613 memoria
900 559 1258 629 (pter-unidam
1295 559 1689 612 cont'cssorum.
1730 561 1959 629 Scripsit

349 651 548 706 librum
605 653 677 704 De
736 651 1013 704 miraculis
1066 660 1407 712 sanctorum;
1452 652 1524 704 De
1556 652 1832 704 miraculis
1863 653 1960 703 Ju—

351 744 482 798 liani
538 744 791 814 martyris
850 743 1180 797 Brivatensis
1242 743 1329 812 [αι.
1377 745 1704 813 Bruatensis]
1762 744 1958 796 librum

351 856 564 904 unum;
622 840 694 892 De
749 838 1028 891 miraculis
1068 837 1241 891 sancti
1303 838 1510 890 Martini
1567 854 1665 891 suo
1718 846 1961 906 tempore

353 935 590 989 ostensis
612 934 782 987 libros
809 940 1083 1003 quatuor;
1118 932 1404 985 Historiam
1437 932 1760 986 Francorum
1799 949 1963 1001 parvo

354 1026 542 1082 libello
570 1026 852 1087 breviavit,
888 1041 1121 1094 eamque
1178 1023 1526 1092 postmodum
1569 1024 1819 1077 ditl‘usius
1866 1040 1968 1078 no—

355 1133 474 1172 vem
530 1117 759 1188 [decem]
795 1116 950 1169 libris
977 1115 1223 1186 digessit.
1270 1115 1497 1183 Scripsit
1553 1124 1602 1169 et
1645 1117 1964 1170 Chronieam

357 1208 743 1264 ecclesiasticae
767 1209 1011 1263 historiae
1043 1209 1211 1277 (759).

427 1298 549 1352 Car.
588 1298 644 1351 L.
689 1298 1010 1367 Rodolphus
1038 1296 1254 1366 scripsit
1311 1295 1598 1350 llistoriam
1642 1294 1968 1350 Francorum

357 1404 388 1441 a
417 1403 518 1442 suo
551 1394 820 1456 tempore.

436 1477 559 1530 CAP.
597 1476 678 1528 Ll.
719 1474 976 1538 lsidorns,
1010 1473 1380 1527 Cordubensis
1410 1472 1721 1542 episcopus,
1752 1472 1978 1542 scripsit

363 1565 432 1619 ad
459 1564 707 1618 Orosium
749 1563 920 1616 libros
959 1569 1194 1632 quatuor
1239 1561 1292 1614 in
1343 1561 1513 1614 libros
1564 1561 1769 1634 Regum
1798 1562 1966 1630 (766).

2060 488 2180 544 quae
2213 485 2647 524 commemorare
2681 467 2817 520 nihil
2850 467 2916 520 ad
2949 483 3068 522 nos.

2132 566 2255 617 (Ἂν.
2324 563 2445 614 LVI.
2508 560 2778 618 Julianus,
2849 559 3018 612 Toleti
3081 559 3464 629 Hispaniarum
3522 561 3677 614 urbis

2062 659 2376 727 Episcot‘tlls,
2409 655 2628 723 scripsit
2666 653 2730 705 ad
2771 653 2996 705 Idalium
3026 653 3346 721 episcopum
3376 652 3677 706 Barciuotze

2065 747 2260 800 librmn
2335 759 2496 814 quem
2584 741 2934 811 pra‘ditulavit
3006 741 3424 815 Prognosticon,
3488 742 3542 796 id
3599 750 3682 796 est

2067 835 2467 888 Praescientiam
2495 831 2660 884 futuri
2685 830 2890 884 saaculi.

2139 927 2257 979 οη».
2318 925 2467 978 LVll.
2503 923 2780 982 Leontius,
2832 921 3088 991 Neapolis
3134 920 3456 991 Cypriorum
3490 923 3683 976 insulae

2070 1017 2389 1085 episcopus,
2421 1012 2642 1082 scripsit
2669 1012 2841 1064 Vitam
2883 1011 3134 1077 Joannis,
3164 1011 3520 1065 Alexandrini
3566 1012 3686 1082 epi-

2071 1106 2359 1177 scopi,(pii
2406 1106 2475 1159 ob
2511 1103 2766 1157 eximiam
2827 1103 2878 1154 in
2925 1119 3197 1172 pauperes
3247 1103 3682 1157 misericordiam

2073 1199 2496 1272 cognominatur
2523 1193 2999 1262 Elcemosynarius
3031 1193 3192 1260 (763).

2145 1293 2266 1346 Car.
2311 1290 2481 1343 LVIII.
2526 1287 2821 1340 Audoenus
2855 1287 3018 1354 (764),
3054 1285 3147 1356 qui
3180 1293 3234 1338 et
3268 1286 3434 1340 Dado.
3469 1285 3684 1356 episco-

2073 1401 2172 1456 pus
2202 1377 2636 1452 Rotomagensis,
2681 1375 2900 1444 scripsit
2959 1374 3027 1427 ad
3087 1374 3408 1440 Robertum,
3459 1375 3689 1429 Parisio-

2073 1497 2188 1534 rum
2223 1490 2567 1548 episc0pum,
2603 1471 2773 1524 Vitam
2811 1469 2967 1540 Eligii
3003 1470 3385 1524 Noviomensis
3416 1469 3687 1541 episc0pi,

2074 1571 2290 1626 duobus
2319 1566 2474 1621 libris
2504 1563 2786 1634 explicans
2809 1561 3069 1615 miracula
3101 1579 3224 1632 quae
3249 1562 3333 1615 vel
3372 1562 3426 1615 in
3460 1563 3568 1616 vita
3603 1561 3691 1616 vel

434 1655 562 1710 Cap.
618 1655 722 1708 LII.
763 1653 936 1708 Proba
976 1669 1110 1707 uxor
1142 1653 1394 1723 Adelphi.
1430 1660 1720 1707 centonem
1761 1669 1824 1707 ex
1853 1654 1969 1706 Vir-

2108 1671 2191 1719 ost
2218 1668 2450 1715 mortem
2487 1657 2606 1725 ejus
2644 1661 2800 1728 gesta
2838 1662 2965 1708 sunt
3008 1671 3108 1724 per
3149 1669 3309 1719 eum;
3342 1654 3507 1708 tertio
3550 1654 3690 1708 libro

359 1748 492 1822 gilio
552 1749 624 1801 De
683 1745 887 1800 fabrica
933 1745 1124 1798 mundi
1185 1754 1240 1799 et
1288 1745 1599 1816 Evangeliis
1654 1746 1971 1815 plenissime

359 1842 657 1914 expressit;
699 1840 928 1895 materia
967 1839 1273 1910 composita
1309 1841 1613 1894 secundum
1646 1840 1973 1913 Virgilianos

358 1949 570 2000 versus,
603 1939 657 1986 et
683 1931 934 1986 versibus
973 1930 1275 1985 secundum
1313 1929 1596 1984 materiam
1630 1930 1973 1986 concinnatis

364 2026 525 2096 (761).

435 2121 558 2176 CAP.
597 2120 728 2173 Llll.
757 2117 1115 2187 Pomponius,
1140 2131 1204 2171 ex
1245 2117 1439 2172 eodem
1475 2125 1662 2187 poeta,
1705 2119 1847 2172 inter
1869 2133 1972 2173 cae-

364 2221 483 2266 tera
536 2209 660 2282 styli
717 2209 799 2262 sui
852 2207 983 2268 otia,
1041 2206 1282 2276 Tityrum
1339 2208 1388 2259 in
1457 2208 1722 2262 honorem
1778 2208 1971 2262 Christi

362 2297 693 2370 composuit,
725 2295 979 2349 similiter
1009 2302 1063 2349 et
1092 2294 1366 2347 .‘Eneidos.

439 2387 563 2442 CAP.
615 2385 739 2438 LlV.
786 2383 1038 2438 Juiianus
1086 2381 1371 2437 Pomerius
1426 2384 1642 2454 scripsit
1674 2385 1747 2439 De
1796 2402 1977 2439 resur-

363 2482 612 2537 rectione
633 2486 969 2533 mortuorum
986 2477 1155 2546 (769.).

441 2572 566 2627 CAP.
611 2570 710 2624 LV.
757 2569 1228 2635 lsidorusjunior,
1287 2570 1622 2640 llispalensis
1661 2573 1975 2643 cpiscopus,

375 2664 550 2718 multa
607 2661 847 2732 scripsit.
901 2660 1131 2728 Scripsit
1170 2661 1235 2713 ad
1270 2663 1612 2716 Braulionem
1659 2664 1976 2735 episcoiium

369 2771 434 2808 xx
469 2752 641 2806 libros
671 2751 1148 2822 Etymologiarum.
1181 2750 1404 2819 Scripsit
1437 2752 1630 2805 librum
1676 2753 1978 2807 Prommio-

371 2863 490 2901 rum
524 2864 540 2911 ;
590 2845 664 2897 De
695 2842 852 2896 libris
879 2842 1087 2895 Veteris
1118 2849 1170 2894 et
1208 2841 1341 2895 Νονὶ
1372 2841 1720 2900 Testamenti.
1757 2862 1895 2914 quos
1927 2846 1979 2897 in

371 2952 587 2991 canone
617 2933 814 3004 recipit
847 2932 1086 2985 Ecclesia
1134 2932 1434 2998 catholica;
1491 2934 1563 2985 De
1595 2934 1982 2987 ecclesiasticis

2070 1752 2337 1810 rhetorice
2368 1757 2423 1802 et
2475 1745 2800 1802 commatice
2830 1751 2995 1799 totam
3028 1744 3193 1800 vitam
3247 1744 3367 1812 ejus
3400 1744 3686 1814 recapitu-

2074 1849 2215 1904 lans.

2148 1940 2272 1994 CAP.
2331 1935 2456 1990 LIX.
2509 1933 2638 2000 Leo,
2705 1930 2983 1986 secundus
3027 1930 3191 2001 hujus
3235 1930 3478 1985 nominis
3531 1947 3697 2002 papa,

2077 2032 2261 2086 Graeca
2331 2034 2384 2081 ct
2455 2026 2642 2080 Latina
2699 2023 2889 2097 lingua
2964 2021 3308 2076 sufficienter
3368 2024 3696 2089 instructus,

2077 2121 2353 2178 transtulit
2396 2119 2464 2172 de
2495 2118 2682 2171 Graeco
2732 2116 2785 2167 in
2838 2115 3084 2169 Latinum
3141 2125 3349 2168 sextam
3397 2117 3702 2189 synodum,

2079 2231 2200 2286 qua)
2246 2221 2493 2281 tempore
2541 2208 2839 2282 Agathonis
2890 2223 3067 2276 papte,
3122 2207 3535 2276 predecessoris
3591 2207 3699 2272 sui,

2080 2307 2352 2361 celebrata
2385 2302 2541 2355 estin
2567 2300 2704 2355 urbe
2729 2299 3224 2368 Constantinopoli,
3257 2299 3438 2369 inqua
3453 2299 3702 2354 damnati

2079 2404 2205 2454 sunt
2238 2398 2311 2452 illi
2336 2396 2428 2466 qui
2457 2410 2617 2447 unam
2648 2399 2855 2447 tantum
2872 2391 3208 2443 voluntatem
3241 2396 3294 2444 et
3316 2392 3701 2461 Operationem

2078 2485 2453 2559 pranlicabant
2485 2483 2538 2535 in
2563 2481 2794 2535 Domino
2821 2480 2948 2534 Jesu
2990 2480 3202 2534 Christo
3235 2479 3401 2550 (765).

2154 2577 2278 2646 CM}.
2331 2575 2410 2628 LX
2462 2573 2854 2633 Columbanus,
2912 2571 3084 2624 abbas
3123 2571 3478 2626 Luxoviensis
3531 2571 3705 2642 (766),

2081 2670 2136 2723 in
2200 2666 2461 2722 llibernia
2521 2665 2806 2718 Scotorum
2860 2662 3039 2716 insula
3097 2670 3274 2728 natus,
3323 2671 3376 2717 ct
3415 2664 3471 2717 in
3505 2663 3709 2718 Gallias

2086 2781 2182 2836 pro
2216 2763 2426 2816 Christo
2465 2758 2868 2829 peregrinatus,
2919 2763 3071 2811 tanto
3117 2758 3401 2827 sapientiae
3445 2759 3708 2813 thesauro

2083 2857 2163 2902 est
2191 2849 2414 2909 ditatus,
2457 2857 2513 2900 ut
2543 2847 2721 2900 adhuc
2766 2846 3092 2900 adolescens
3122 2845 3321 2899 librum
3367 2845 3708 2901 Psalmorum

2084 2938 2304 2992 climate
2351 2952 2604 2991 sermone
2662 2936 2952 3001 scriberet,
3002 2943 3057 2991 et
3112 2937 3217 2990 alia
3260 2937 3431 2991 multa
3495 2941 3713 3004 ederet,

369 3026 567 3082 officiis
612 3025 677 3078 ad
713 3023 1090 3094 Fulgentium;
1146 3023 1218 3075 De
1277 3030 1417 3088 ortu,
1452 3023 1557 3076 vita
1597 3033 1649 3075 et.
1681 3023 1832 3077 obitu
1864 3041 1984 3077 san-
2015 3059 2061 3125 Ο
2085 3029 2167 3083 vel
2196 3029 2263 3082 ad
2296 3029 2605 3081 canendum
2641 3027 2829 3098 digna,
2862 3028 2946 3080 vel
2979 3028 3045 3081 ad
3080 3027 3390 3082 docendum
3422 3028 3600 3082 utilia.

370 3124 583 3171 ctorum
629 3114 843 3167 Patrum
897 3112 988 3183 qui
1025 3113 1079 3164 in
1125 3111 1524 3180 Scripturarum
1575 3112 1827 3167 laudibus
1856 3114 1990 3167 etl'e-
2015 3101 2061 3125 υ

371 3219 594 3266 runtur:
654 3209 719 3263 ad
770 3208 1020 3262 Orosium
1087 3207 1285 3260 librum
1349 3208 1418 3259 De
1487 3206 1993 3277 signiticalionibus

373 3305 698 3368 nominum;
732 3302 799 3356 ad
858 3300 1167 3354 Sisebutum
1208 3299 1407 3352 librum
1463 3300 1534 3352 De
1569 3307 1760 3352 natura
1786 3318 1988 3354 rerum.

375 3394 607 3464 Scripsit
639 3391 839 3444 librum
875 3391 941 3443 de
985 3388 1310 3442 dill'ercntiis
1337 3389 1649 3448 verborum,
1688 3390 1885 3442 librum
1921 3391 1994 3444 De

379 3487 715 3558 proprietate
750 3499 950 3548 rerum,
987 3481 1183 3534 librum
1218 3498 1558 3544 sermonum,
1592 3481 1788 3534 librum
1817 3483 1995 3535 eccle-

379 3575 727 3629 sia'sticorum
798 3571 1134 3641 degmatum.
1194 3569 1420 3638 Scripsit
1495 3570 1841 3638 Synonyma,
1902 3570 1996 3623 ubi

379 3663 717 3718 inducuntur
747 3659 868 3713 dum
897 3675 1171 3728 personae,
1209 3675 1318 3710 una
1369 3658 1609 3711 hominis
1664 3660 1996 3730 plangentis,

381 3753 550 3805 altera
583 3748 833 3802 Rationis
886 3747 1255 3800 admonentis.
1301 3747 1531 3815 Scripsit
1569 3755 1622 3798 et
1673 3748 1991 3801 Lamcntum

380 3837 728 3908 paenitentis,
790 3835 1104 3887 distinctum
1135 3834 1450 3903 alphabcto,
1496 3835 1678 3887 addita
1719 3837 2002 3891 orationes

380 3930 608 3994 Scripsit
640 3930 706 3981 dc
765 3927 1024 3981 conﬂic‘u
1070 3927 1328 3980 virtutum
1378 3936 1431 3980 et
1477 3928 1731 3982 vitiorum
1788 3930 1986 3983 librum

379 4038 547 4076 unum
575 4039 588 4084 ;
614 4022 687 4074 De
713 4021 987 4090 mysteriis
1012 4018 1307 4073 Salvatoris
1339 4020 1534 4072 librmn
1573 4037 1760 4075 unum.
1791 4024 1987 4076 Totum

376 4113 543 4166 Vetus
572 4108 978 4164 Testamentum
1024 4108 1349 4177 simpliciter
1404 4110 1733 4180 exponendo
1768 4127 1991 4180 percur-

2166 3117 2286 3171 er.
2336 3117 2462 3170 LXI.
2495 3116 2664 3170 Jonas
2715 3116 2860 3186 (767)
2893 3116 3114 3186 scripsit
3164 3117 3335 3170 Vitam
3390 3117 3718 3172 Columbani

2094 3205 2332 3273 abbatis,
2387 3212 2439 3259 et
2483 3205 2629 3258 Vitas
2688 3205 2878 3258 Attalaa
2939 3215 2992 3259 et
3044 3205 3296 3272 Eustasii,
3341 3207 3434 3276 qui
3496 3206 3720 3260 fuerunt

2097 3295 2357 3365 discipuli
2383 3303 2438 3348 et
2460 3309 2812 3349 successores
2851 3294 3192 3348 Colunibani.

2174 3386 2297 3439 er.
2362 3386 2513 3440 LXII.
2574 3386 2902 3440 Benedictus
2955 3385 3125 3438 abbas
3171 3386 3317 3456 (768)
3375 3386 3597 3456 scripsit
3649 3387 3717 3439 ad

2099 3479 2398 3532 monachos
2446 3477 2647 3530 librum
2683 3494 2846 3547 quem
2890 3479 3101 3532 vocavit
3149 3478 3508 3533 Concordiam
3552 3495 3720 3551 regu-

2101 3569 2294 3633 larum,
2343 3569 2640 3624 multorum
2699 3570 2916 3623 Patrum
2976 3571 3208 3645 chulas
3265 3570 3486 3644 Regula:
3541 3563 3719 3625 sancti

2104 3662 2381 3717 Benedicti
2436 3661 2754 3715 Casinensis
2815 3661 3128 3725 conferens,
3179 3669 3239 3715 ut
3297 3662 3447 3715 nulla
3495 3663 3718 3716 Patrum

2099 3752 2302 3822 Regula
2336 3768 2364 3803 a
2389 3751 2667 3805 Benedicti
2713 3752 2918 3825 Regula
2959 3752 3257 3816 discordet,
3289 3751 3398 3805 imo
3431 3751 3717 3810 Benedicti

2093 3839 2297 3909 Regula
2329 3840 2533 3912 regulis
2565 3839 2808 3892 omnium
2856 3840 3071 3893 Patrum
3106 3840 3427 3893 concordet.

2165 3932 2284 3986 (ΖΜ).
2323 3933 2495 3986 LXlll.
2532 3932 2875 3997 Theodorus,
2911 3933 3198 3986 Scotorum
3232 3931 3719 4002 archiepiscopus,

2092 4042 2122 4078 a
2177 4025 2442 4078 Vilaliano
2517 4041 2657 4094 papa
2709 4024 2777 4077 ad
2849 4024 3087 4078 Scotiam
3173 4024 3435 4087 directus,
3489 4023 3718 4094 scripsit

2094 4116 2531 4170 Pocnitentialem
2607 4115 2873 4181 Librum,
2953 4115 3302 4187 distinguens
3369 4115 3598 4169 modum
3662 4121 3718 4169 et

1620 4207 1896 4260 AUBERTI
1941 4209 2145 4263 ΜΗὶίἙΙ
2191 4210 2464 4264 SCHOLIA

450 4309 600 4376 (759)
630 4307 762 4361 Vide
793 4307 857 4360 ad
893 4307 1184 4363 Honorium
1228 4325 1308 4371 in,
1340 4309 1425 4362 33.

450 4381 586 4446 (760)
614 4380 805 4434 Isidor.
835 4396 882 4434 c.
913 4383 966 4433 9.

449 4453 590 4523 (761)
634 4451 823 4505 lsidor.
866 4467 911 4504 c.
946 4453 1000 4504 ὕ.

450 4525 595 4592 (76⁸2)
621 4523 864 4577 Gennad.
903 4539 952 4577 c.
985 4523 1072 4577 98.

450 4596 589 4668 (763)
652 4594 866 4648 Baronii
920 4594 1082 4647 Notas
1133 4593 1200 4647 ad
1260 4592 1704 4667 Martyrologium
1753 4596 1822 4650 23
1872 4597 1991 4651 Jan.

381 4667 522 4721 lege.

437 4682 619 4808 g(9161;).
655 4737 688 4790 S
745 4737 1038 4790 Audoenus
1085 4736 1220 4792 obiit
1267 4754 1410 4792 anno
1473 4738 1797 4792 Theoderici
1833 4738 1997 4792 Fran-

382 4824 570 4864 corum
605 4809 749 4878 regis
776 4816 929 4861 sexto
964 4809 1083 4872 (hoc
1110 4817 1193 4862 est
1221 4809 1415 4862 Christi
1457 4811 1560 4863 67:2
1593 4811 1674 4863 vel
1704 4811 1850 4879 673),
1889 4826 1996 4864 non

381 4881 600 4936 decimo
658 4887 833 4936 sexto.
886 4886 943 4932 ut
998 4887 1250 4948 corrupte
1293 4880 1438 4950 apud
1488 4882 1705 4934 Suriuni
1738 4898 1861 4934 xxiv
1899 4886 2000 4935 Au-

378 4953 519 5027 gusti
545 4952 769 5027 legitur.
815 4951 1042 5027 scripsit
1073 4952 1243 5005 Vitam
1379 4952 1547 5027 ‘Eligii
1602 4954 1882 5027 cpiscripi,
1908 4952 1993 5027 sui

378 5022 632 5096 aequalis,
661 5022 835 5096 tribus
867 5022 1042 5090 libris,
1066 5040 1242 5093 quam-
1272 5022 1762 5096 Suriusimutilam
1797 5024 1991 5096 ediditf
2023 5062 2026 5066 -

378 5093 593 5150 Utinam
626 5094 747 5165 quis
779 5094 1042 5165 integram
1087 5111 1151 5148 ex
1200 5111 1331 5149 mss.
1383 5095 1670 5149 codicibus
1716 5093 1990 5163 proferat!

378 5168 606 5238 Scripsit
632 5166 892 5238 ctVitani
1037 5166 1302 5238 Remigii,
1327 5183 1450 5235 qua:
1495 5185 1594 5221 ms.
1641 5174 1812 5220 exstat
1849 5166 1992 5236 apud

382 5236 659 5293 Helvetios
687 5236 741 5289 in
765 5236 1099 5289 bibliotheca
1127 5238 1180 5289 S.
1203 5236 1370 5291 ’Galli,

452 5310 598 5381 (763)
631 5308 823 5381 Exstat
849 5307 904 5359 in
931 5307 1112 5381 tomis
1144 5307 1530 5381 Conciliorum.

452 5377 586 5443 (766)
634 5381 686 5433 S.
735 5377 1125 5442 Columbanus,
1173 5379 1402 5447 primmn
1450 5381 1502 5432 in
1561 5380 1838 5442 llibernia,
1871 5385 1996 5448 post

379 5451 602 5506 Luxovii
632 5451 687 5504 in
731 5450 1064 5521 Burgundia,
1101 5466 1163 5503 ac
1183 5450 1402 5521 demum
1442 5450 1595 5504 liobii
1629 5452 1680 5503 in
1717 5451 1866 5503 italia
1899 5451 1996 5502 ab-

381 5521 498 5587 bas,
533 5523 672 5575 inter
701 5522 807 5574 alia
835 5520 1053 5590 Scripsit
1076 5520 1334 5591 Regulam
1361 5529 1413 5575 et
1438 5521 1683 5575 Canones
1707 5522 1990 5591 pirnitcu—

381 5591 555 5645 tiales.
612 5591 815 5673 Regula
852 5592 925 5673 “in
988 5590 1278 5673 F‘lorilegio
1310 5593 1652 5673 "sanctorum
1709 5590 1990 5673 illibernize

380 5668 585 5736 exstat:
619 5660 1066 5736 cuiprteiigenda
1092 5660 1458 5736 estpraeljatio,
1482 5665 1815 5736 aStengelio
1845 5665 1992 5736 edita

378 5742 434 5795 in
464 5730 676 5788 Corona
721 5730 901 5786 lucida
970 5730 1256 5787 Caeterum,
1283 5733 1350 5785 ab
1402 5730 1993 5804 Agrestini"calumniis

2027 4313 2308 4386 Dltegnla
2368 4313 2420 4366 S.
2458 4311 2937 4386 Columbani._per
2993 4311 3045 4364 S.
3105 4309 3725 4386 Eustasium__abbatem

2104 4382 2500 4438 Luxoviensem
2547 4384 2757 4437 fortiter
2788 4383 3036 4446 defensa,
3080 4382 3214 4436 etin
3273 4383 3509 4437 concilio
3554 4382 3724 4436 Mati-

2098 4455 2350 4509 sconensi
2386 4471 2528 4509 anno
2555 4457 2658 4510 6'27
2690 4455 2988 4525 approbata
3055 4453 3176 4518 fuit,
3211 4459 3268 4506 ut
3307 4455 3474 4508 Jonas
3513 4469 3726 4508 mona-

2099 4527 2233 4580 chus
2289 4527 2342 4579 in
2395 4527 2514 4580 Vita
2565 4528 2615 4580 S.
2692 4526 2946 4586 Eustasii,
2990 4535 3043 4579 et
3105 4525 3432 4578 Sirmondus
3487 4533 3639 4579 tomo
3707 4525 3724 4578 Ι

2099 4597 2464 4652 Conciliorum
2515 4597 2719 4663 Gallina,
2772 4598 2989 4651 decent.
3052 4596 3223 4665 Opera
3279 4597 3463 4650 omnia
3515 4596 3568 4649 S.
3620 4598 3730 4650 Co-

2098 4670 2364 4733 lumbani,
2425 4686 2547 4738 quae
2606 4669 2836 4737 reperiri
2888 4675 3208 4738 potuerunt.
3267 4674 3322 4720 ut
3375 4677 3428 4721 et
3481 4669 3724 4738 aliorum

2099 4741 2425 4810 scriptorum
2447 4737 2849 4799 illibernormn,
2880 4737 2945 4792 ad
2971 4740 3180 4808 prelum
3213 4737 3729 4808 adaptantlliberui

2100 4813 2318 4866 sodales
2353 4810 2716 4876 Franciscani,
2752 4811 2969 4865 Lovanii
3007 4810 3294 4881 degentes.

2175 4884 2317 4950 (767)
2343 4883 2508 4936 Jonas
2567 4883 2839 4935 ltibcrnus
2882 4883 2964 4935 vel
2997 4881 3206 4946 Scottis,
3243 4881 3476 4951 primum
3521 4895 3726 4935 mona-

2103 4955 2256 5016 chus,
2294 4963 2415 5022 post
2447 4954 2800 5007 Luxovicnsis
2835 4955 2886 5006 in
2924 4953 3239 5024 Burgundia
3270 4952 3730 5024 al.)bas,iscrii_isit

2097 5026 2241 5078 Vitas
2264 5026 2356 5079 SS.
2395 5025 2739 5088 Columbaui,
2793 5025 3001 5089 Attalae,
3039 5023 3327 5093 Bertulphi
3365 5031 3418 5076 et
3445 5023 3727 5085 Eustasii;

2096 5112 2125 5148 a
2193 5096 2352 5150 Surio
2403 5096 2577 5149 editas
2673 5097 2859 5150 Attalai
2930 5096 2983 5148 in
3032 5095 3302 5166 regimine
3360 5095 3730 5166 lpxovicnsis

2099 5168 2415 5220 monasterii
2479 5167 2759 5221 successit.
2821 5167 2968 5220 Alius
3044 5166 3110 5218 ab
3174 5167 3277 5220 isto
3343 5165 3441 5219 fuit
3499 5166 3726 5228 Jonas,

2099 5239 2575 5293 Fontannelleusis
2607 5239 2928 5300 monachus,
2963 5237 3056 5308 qui
3089 5238 3258 5291 Vitam
3298 5237 3352 5290 S.
3394 5236 3728 5290 Vulframmi

2098 5310 2343 5380 cpiscopi
2376 5310 2712 5363 Senonensis
2747 5311 2991 5379 scripsit,
3029 5316 3081 5362 et
3127 5310 3293 5362 Baino
3330 5308 3596 5378 episcopo
3628 5308 3732 5361 Ta-

2100 5381 2357 5434 ruanensi
2388 5382 2610 5445 dicavit,
2643 5398 2672 5434 a
2705 5381 2860 5435 Surio
2888 5398 2955 5435 xx
3004 5380 3175 5433 Martii
3212 5380 3546 5449 publicatam

2172 5453 2318 5519 (768)
2349 5453 2702 5510 .Iiencdictus.
2756 5453 2926 5505 abbas
2976 5452 3188 5505 ordinis
3240 5451 3545 5515 Benedicti,
3579 5459 3732 5504 tem-

2098 5524 2325 5592 poribus
2369 5524 2623 5578 Ludovici
2657 5524 2731 5576 Pii
2768 5524 2973 5588 ﬂoruit,
3000 5530 3062 5595 et
3088 5523 3443 5577 Concordiam
3495 5523 3728 5595 regula-

2096 5611 2210 5668 rum
2272 5595 2509 5665 scripsit,
2583 5612 2744 5666 quam
2809 5594 3315 5668 llugonillcnardus
3370 5595 3517 5649 notis
3565 5594 3604 5650 a
3664 5611 3728 5648 se

2097 5665 2412 5721 illustratum
2444 5665 2666 5721 Lutetia:
2703 5667 2832 5719 1638
2866 5665 3183 5736 publicavit.
