3938 6050
285 313 386 369 561
1527 311 1651 366 LIB.
1694 311 1777 366 DE
1815 310 2072 366 SCRIPT.
2117 311 2380 367 ECCLES.
3505 312 3614 369 562

266 448 487 511 tempus
518 437 828 510 paenitendi
861 437 1169 492 secundum
1193 438 1418 494 modum
1451 440 1734 509 peccandi.
1918 449 1969 514 Α
1995 443 2429 498 Pentateuchum
2481 441 2679 514 Moysi,
2725 442 2916 508 .Iosue,
2958 441 3212 496 Judicum
3270 459 3284 508 ;
3341 443 3398 498 in
3436 443 3612 501 libros

342 529 464 586 Car.
505 527 676 582 LXIV.
711 527 1086 582 Adamannus.
1121 525 1269 598 (769)
1299 527 1592 609 presbyter
1634 534 1688 584 et
1717 527 1892 584 abbas
1995 536 2204 610 Regum
2225 540 2280 590 et
2308 534 2487 590 Verba
2527 533 2766 603 dierum,
2797 533 2853 588 in
2880 533 3080 588 librum
3112 534 3168 588 Β.
3192 534 3361 606 patris
3397 535 3521 604 Job,
3555 537 3612 592 in

265 626 578 690 Scotorum,
621 621 852 678 scientia
917 621 1222 676 litterarum
1273 622 1614 690 nobilitatus,
1673 623 1895 696 scripsit
1995 627 2311 696 Parabolas,
2342 627 2753 694 Ecclesiastem,
2785 633 2843 682 et
2876 625 3094 682 Cantica
3145 627 3508 696 canticorum,
3555 629 3610 684 in

265 717 468 773 librum
535 716 610 770 De
675 713 886 770 sanctis
939 713 1077 768 locis
1135 713 1460 782 nativitatis,
1524 715 1796 786 passronis
1837 723 1894 770 et
1995 717 2192 772 Isaiam
2233 718 2579 788 prephetam,
2638 715 2862 770 Esdram
2918 730 3138 787 quoque
3195 721 3250 770 ct
3305 716 3606 773 Neemiam.

264 804 710 871 resurrectionis,
759 811 816 858 et
875 803 1221 858 ascensionis
1277 803 1408 858 .lesu
1466 803 1665 858 Christi
1725 804 1890 860 etde
1994 809 2055 862 In
2085 807 2438 879 Evangelium
2497 805 2659 861 Marci
2725 805 2897 861 libros
2941 813 3198 878 quatuor,
3240 806 3296 860 in
3354 807 3608 882 Evange-

262 897 640 955 monumentis
665 906 985 952 sanctorum
1013 896 1255 950 Patrum.
1991 900 2127 955 lium
2159 901 2314 954 Lucra
2337 899 2509 956 libros
2545 915 2663 966 sex,
2719 897 3073 955 Homiliarum
3105 897 3387 974 Evangelii
3439 899 3609 958 libros

335 989 458 1046 CAP.
495 988 643 1044 LXV.
676 987 920 1044 Joannes
949 987 1164 1052 Scotus,
1195 987 1253 1040 in
1305 986 1652 1057 exponendis
1682 986 1892 1042 divinis
1993 993 2152 1048 duos.
2177 995 2234 1047 In
2265 991 2585 1063 Apostolum
2649 1007 3000 1063 quaecunque
3033 989 3090 1044 in
3111 991 3391 1062 opusculis
3406 991 3459 1046 S.
3493 993 3602 1048 Au-

265 1081 598 1140 ethumanis
623 1080 914 1152 scripturis
970 1078 1103 1134 satis
1165 1079 1424 1142 idoneus,
1475 1079 1607 1134 fecit
1629 1086 1891 1134 tractatus
2002 1082 2208 1157 gustini
2233 1082 2480 1154 exposita
2526 1082 2738 1149 inveni,
2786 1087 2982 1136 cuncta
3021 1097 3120 1152 per
3175 1081 3425 1136 ordinem
3466 1081 3606 1138 scri-

267 1177 326 1230 in
355 1176 691 1230 Matthmum.
734 1172 966 1242 Scripsit
1024 1171 1226 1225 librum
1291 1171 1365 1226 De
1398 1170 1596 1226 ofﬁciis
1636 1171 1901 1226 humanis
2003 1174 2137 1229 bere
2165 1171 2397 1238 curavi;
2427 1170 2484 1224 in
2512 1169 2738 1226 Actibus
2783 1171 3154 1241 apostolorum
3205 1171 3377 1228 libros
3417 1172 3558 1229 duos
3592 1191 3606 1227 :

264 1275 318 1324 et
357 1267 462 1324 alia
493 1283 617 1339 qum
650 1266 717 1320 ab
747 1265 874 1320 aliis
904 1264 1210 1319 habentur.

343 1360 472 1416 CAP.
527 1359 701 1414 LXVI.
763 1357 1046 1419 Adelmus,
1089 1355 1263 1410 abbas
1315 1355 1626 1419 Scotorum,
1663 1355 1892 1427 jubente

267 1450 481 1521 synodo
510 1449 693 1524 gentis
724 1463 859 1514 suae,
881 1445 1103 1517 scripsit
1129 1444 1330 1500 librum
1362 1445 1626 1500 adversus
1649 1461 1894 1500 errorem

262 1542 578 1607 Britonum,
603 1538 699 1612 qui
719 1537 809 1594 vel
847 1539 1058 1592 Pascha
1098 1552 1210 1592 non
1241 1552 1343 1592 suo
1375 1544 1624 1608 tempore
1647 1537 1894 1592 celebra'

263 1643 410 1704 re..t,
438 1635 527 1691 vel
553 1635 661 1690 alia
690 1633 850 1705 plura
869 1638 1098 1707 agerent
1125 1631 1400 1688 contraria
1435 1632 1555 1703 paci
1611 1640 1665 1688 et
1704 1632 1884 1688 eccle-

2003 1265 2059 1318 in
2089 1263 2359 1335 Epistolas
2388 1272 2601 1333 septem
2666 1263 2962 1318 canonicas
3001 1263 3173 1320 libros
3230 1263 3498 1340 singulos,
3553 1265 3610 1319 in

1997 1352 2383 1426 Apocalypsim
2417 1353 2468 1406 S.
2512 1352 2740 1408 Joannis
2769 1352 2940 1409 libros
2985 1362 3141 1408 tres:
3183 1353 3315 1408 item
3367 1353 3612 1424 capitula

1997 1445 2297 1500 lectionum
2328 1443 2383 1498 in
2445 1447 2613 1498 totum
2646 1443 2854 1498 Novum
2885 1444 3290 1500 Testamentam
3321 1461 3335 1497 :
3379 1443 3510 1500 item
3549 1443 3613 1498 li-

1999 1539 2126 1592 bros
2160 1533 2517 1607 epistolarum
2545 1533 2613 1587 ad
2641 1533 2907 1598 diversos,
2951 1553 3182 1606 quarum
3206 1538 3282 1592 De
3320 1553 3414 1592 sex
3436 1537 3614 1593 astati-

1999 1631 2102 1685 bus
2121 1628 2309 1684 saeculi
2331 1643 2440 1682 una
2474 1635 2558 1682 est
2585 1645 2600 1694 ;
2632 1627 2707 1682 De
2737 1627 3119 1685 mansionibus
3164 1629 3403 1684 ﬁliorum
3445 1631 3610 1686 Israel

260 1725 498 1780 siasticae
527 1723 944 1788 consuetudini,
986 1727 1041 1776 et
1069 1737 1167 1792 per
1199 1723 1304 1776 hoc
1334 1722 1538 1776 multos
1567 1721 1784 1776 reduxit
1815 1722 1883 1776 ad
1909 1750 1958 1817 Β
1984 1743 2128 1791 una;
2159 1741 2270 1779 una
2298 1725 2367 1779 de
2416 1740 2482 1780 eo
2527 1723 2674 1796 quod
2723 1725 2800 1780 ait
2828 1725 3017 1790 Isaias,
3067 1729 3118 1780 et
3171 1725 3492 1781 claudentur
3530 1727 3612 1782 ibi

261 1816 617 1884 concordiam
677 1813 962 1870 catholicas
1014 1813 1293 1869 Ecclesiae.
1319 1812 1548 1885 Scripsit
1585 1820 1640 1868 et
1681 1813 1880 1868 librum
1909 1812 1950 1817 "
1980 1819 2042 1870 in
2071 1831 2354 1878 carcerem,
2395 1819 2443 1869 et
2492 1819 2612 1885 post
2656 1816 2852 1870 multos
2904 1816 3017 1870 dies
3045 1817 3416 1871 uisitabantur
3469 1818 3595 1884 (Isa.

264 1910 337 1964 De
395 1907 734 1983 virginitate,
789 1922 953 1978 quem
1019 1905 1272 1977 exemplo
1321 1905 1556 1972 Sedulii,
1603 1905 1880 1979 geminato

259 2013 451 2070 opere,
475 1999 530 2052 td
554 2005 636 2053 est
659 2013 822 2069 prosa
860 2005 915 2052 et
944 2006 1139 2063 metro,
1173 1996 1486 2068 composuit
1512 1997 1682 2068 (770).

336 2087 459 2142 Car.
503 2087 701 2142 LXVII.
738 2085 1066 2154 Ceolfridus,
1110 2086 1282 2141 abbas
1332 2086 1645 2152 Scotorum,
1677 2102 1879 2142 consu-

261 2177 397 2233 lenti
425 2177 541 2250 regi
574 2176 847 2233 Pictorum
879 2176 1210 2250 delegitima
1233 2176 1617 2231 observatione
1633 2177 1876 2242 Paschae,

260 2277 314 2324 et
360 2269 430 2324 de
452 2277 678 2324 tonsura
706 2267 1058 2334 clericorum,
1094 2269 1313 2340 scripsit
1339 2269 1532 2324 utilem
1564 2268 1877 2340 epistolam,

262 2377 362 2432 per
398 2377 563 2434 quam
582 2361 700 2432 ipse
740 2361 859 2435 regi
887 2360 1176 2427 satisfecit,
1209 2368 1265 2416 et
1287 2377 1382 2416 rex
1408 2360 1881 2436 gentemsuamad

262 2451 617 2507 concordiam
650 2449 903 2506 Ecclesiae
943 2449 1176 2504 reduxit.

335 2533 460 2599 Car.
494 2543 720 2598 LXVIII.
782 2543 930 2598 Beda
976 2543 1302 2610 monachus,
1367 2543 1594 2600 natione
1646 2543 1876 2618 Anglus,

262 2635 390 2708 quis
416 2635 504 2691 vel
525 2634 672 2689 unde
705 2633 893 2712 fuerit,
921 2651 1044 2706 quae
1073 2634 1160 2689 vel
1184 2641 1392 2707 quanta
1423 2635 1728 2706 scripserit,
1761 2635 1880 2706 ipse

265 2727 383 2782 suis
411 2726 596 2783 verbis
625 2726 822 2798 aperit.
855 2751 877 2773 ι
913 2725 1046 2781 Cum
1102 2742 1306 2792 essem,
1371 2727 1569 2799 inquit,
1605 2743 1881 2782 annorum

266 2832 506 2894 septem,
549 2838 681 2878 cura
726 2821 1164 2894 propinquorum
1199 2823 1361 2878 datus
1405 2840 1525 2878 sum
1559 2824 1880 2879 educandus

265 2910 734 2967 reverendissimo
766 2911 951 2965 abbati
987 2911 1302 2977 Benedicto,
1363 2927 1427 2965 ac
1480 2911 1683 2965 deinde
1725 2910 1879 2966 Ceol-

263 2999 431 3068 frido,
471 3006 842 3072 cunctumque
895 3015 958 3053 ex
1013 3015 1078 3055 eo
1133 3009 1354 3072 tempus
1385 3001 1510 3054 vitae
1536 3000 1591 3054 in
1631 3001 1878 3068 ejusdem

265 3090 588 3148 monasterii
619 3089 958 3146 habitatione
988 3106 1280 3166 peragens.
1308 3107 1528 3148 omnem
1547 3091 1883 3146 meditandis

261 3181 559 3252 Scripturis
601 3196 827 3252 operam
885 3180 1036 3247 dedi,
1092 3190 1256 3252 atque
1291 3181 1434 3236 inter
1471 3180 1877 3236 observantiam

261 3269 572 3342 disciplinae
601 3269 868 3342 regularis
887 3269 1072 3325 curavi
1116 3286 1337 3342 semper
1381 3277 1473 3326 aut
1515 3271 1754 3335 discere,
1788 3275 1880 3324 aut

261 3362 484 3430 docere,
516 3371 610 3418 aut
629 3361 870 3417 scribere
903 3361 1064 3419 dulce
1093 3362 1282 3418 habui.
1316 3363 1541 3418 Decimo
1575 3378 1723 3418 nono
1756 3361 1879 3415 vitae

261 3467 399 3506 meae
425 3467 574 3508 anno
614 3451 990 3518 diaconatum,
1023 3451 1300 3507 tricesimo
1326 3453 1735 3523 presbyteratus
1754 3466 1881 3524 gra-

262 3544 393 3598 dum
423 3543 670 3615 suscepi.
732 3544 806 3597 Ex
849 3559 959 3615 quo
1023 3552 1274 3614 tempore
1343 3559 1518 3616 usque
1549 3543 1616 3597 ad
1672 3558 1877 3597 annum

259 3633 436 3688 aetatis
468 3648 604 3689 mea:
632 3650 761 3688 LVIII
814 3633 1215 3689 venerabilium
1272 3633 1492 3688 Patrum
1523 3633 1727 3703 scripta
1751 3632 1880 3687 bre-

260 3723 401 3776 viter
425 3721 714 3790 adnotare,
771 3722 888 3778 sive
938 3722 1106 3777 etiam
1155 3722 1224 3777 ad
1281 3721 1511 3778 formam
1573 3737 1772 3776 sensus
1826 3727 1881 3775 et

262 3813 772 3885 interpretationem
835 3829 1026 3870 eorum
1094 3829 1317 3885 semper
1367 3815 1608 3884 adjicere
1673 3814 1878 3868 curavi.

261 3903 503 3968 Quorum
529 3905 643 3959 htec
660 3912 743 3960 est
771 3921 986 3962 summa
1019 3924 1032 3959 :
1067 3907 1128 3961 In
1161 3905 1437 3978 principio
1452 3906 1682 3961 Genesis
1707 3921 1880 3978 usque

259 3996 328 4050 ad
359 3995 700 4051 nativitatem
745 3997 915 4064 Isaac,
969 4003 1024 4052 et
1055 3996 1390 4066 ejectionem
1421 3997 1664 4052 Ismaelis
1710 3997 1883 4051 libros

259 4099 497 4162 quatuor
539 4108 552 4144 :
589 4091 665 4146 De
708 4091 1072 4147 tabernacqu
1120 4102 1175 4147 et
1200 4092 1343 4148 vasis
1371 4091 1512 4160 ejus,
1542 4109 1606 4147 ac
1632 4091 1880 4147 vestibus

257 4181 606 4236 sacerdotum
639 4181 808 4238 libros
840 4191 952 4238 tres
979 4201 994 4238 :
1019 4183 1074 4236 in
1105 4183 1336 4254 primam
1368 4189 1578 4254 partem
1608 4179 1881 4236 Samuelis

261 4291 438 4347 usque
468 4275 538 4330 ad
569 4282 798 4332 mortem
823 4275 1004 4332 Saulis
1028 4275 1202 4332 libros
1231 4284 1466 4349 quatuor
1498 4295 1512 4344 ;
1541 4277 1613 4332 De
1643 4273 1881 4331 aediﬁca-

1979 1903 2239 1974 xxwﬂ!)
2272 1903 2385 1968 ;De
2417 1902 2628 1958 ratione
2653 1903 2878 1959 bissexti
2908 1921 3014 1959 una
3049 1921 3062 1968 ;
3097 1906 3172 1959 De
3232 1905 3599 1976 aequinoctio,

1977 1995 2133 2065 juxta
2160 1993 2494 2061 Anatolium,
2525 2008 2654 2049 una.
2701 1994 2833 2048 Item
2861 1995 2938 2049 De
2964 1993 3209 2050 historiis
3235 2002 3550 2051 sanctorum
3583 2013 3596 2050 :

1980 2087 2184 2141 librum
2214 2087 2346 2140 Vitae
2372 2091 2426 2140 et
2457 2084 2731 2156 passionis
2783 2085 2837 2138 S.
2897 2084 3095 2140 Felicis
3147 2087 3488 2142 confessoris
3525 2087 3596 2142 de

1981 2174 2212 2228 metrico
2253 2173 2464 2229 Paulini
2507 2189 2678 2245 opere
2709 2173 2766 2227 in
2817 2160 3035 2244 prosam
3067 2175 3338 2229 transtuli.
3374 2173 3595 2229 Librum

1985 2270 2116 2326 Vita:
2144 2277 2198 2325 et
2237 2271 2512 2342 passionis
2543 2271 2598 2324 S.
2626 2270 2900 2325 Anastasii
2927 2271 3068 2324 male
3096 2286 3162 2324 ex
3193 2270 3381 2326 Graeco
3411 2280 3601 2326 trans-

1983 2359 2176 2427 latum,
2218 2368 2271 2415 et
2301 2361 2461 2431 pejus
2518 2377 2548 2414 a
2587 2360 2825 2431 quodam
2889 2359 3145 2430 imperito
3211 2361 3590 2427 emendatum,

1981 2458 2141 2523 prout
2173 2450 2346 2522 potui,
2387 2450 2456 2505 ad
2510 2467 2734 2504 sensum
2788 2450 3018 2504 correxi.
3070 2450 3244 2504 Vitam
3285 2451 3341 2504 S.
3399 2450 3594 2514 Patris,

1979 2545 2234 2600 monachi
2264 2543 2426 2598 simul
2449 2550 2503 2598 et
2528 2542 2811 2606 antistitis,
2869 2541 3149 2596 Chutberti
3180 2549 3235 2597 et
3289 2543 3440 2613 prius
3493 2543 3595 2598 he-

1980 2634 2128 2690 roico
2159 2640 2354 2700 metro,
2378 2639 2432 2688 et
2462 2631 2812 2704 postmodum
2848 2631 3011 2701 plano
3033 2647 3289 2686 sermone
3305 2630 3598 2703 descripsi;

1982 2729 2261 2784 historiam
2291 2727 2547 2782 abbatum
2577 2725 2898 2781 monasterii
2928 2725 3109 2793 hujus,
3156 2725 3213 2780 in
3252 2740 3361 2796 quo
3394 2741 3595 2796 super-

1983 2837 2066 2876 nm
2094 2821 2283 2892 pietati
2325 2819 2601 2875 deservire
2632 2818 2870 2892 gaudeo,
2913 2818 3197 2873 Benedicti
3245 2826 3304 2872 et
3335 2817 3591 2873 Ceolfridi

1983 2919 2037 2966 et
2068 2911 2350 2966 Iluetberti
2395 2909 2486 2983 [ιιι.
2559 2908 2860 2964 Iluatberti.
2923 2905 3230 2980 Churberti]
3303 2907 3359 2960 in
3390 2905 3595 2960 libellis

1982 3007 2199 3062 duobus
2227 3026 2241 3071 ;
2274 3007 2563 3062 Historiam
2597 3004 3032 3060 ecclesiasticam
3065 3009 3267 3057 nostra:
3309 3001 3502 3056 insula:
3533 3017 3595 3056 ac

1981 3099 2165 3173 gentis
2194 3099 2248 3151 in
2288 3097 2447 3152 libris
2476 3097 2743 3168 quinque.
2774 3093 3218 3168 hlarterIOgium
3239 3093 3307 3147 de
3331 3091 3595 3148 natalitiis

1947 3169 2070 3242 'SS.
2107 3196 2404 3258 martyrum
2437 3187 2630 3241 diebus
2661 3186 2713 3240 in
2749 3200 2858 3256 quo
2907 3200 3100 3240 omnes
3132 3199 3288 3255 :quos
3347 3183 3599 3238 invenire

1984 3279 2159 3350 potui,
2185 3294 2295 3332 non
2319 3277 2496 3332 solum
2525 3293 2634 3348 qua
2661 3275 2772 3342 die,
2802 3291 2994 3330 verum
3053 3275 3218 3328 etiam
3249 3289 3360 3344 quo
3394 3289 3600 3344 genere

1982 3373 2320 3439 certaminis,
2352 3373 2439 3427 vel
2471 3372 2573 3426 sub
2605 3386 2714 3443 quo
2776 3371 2965 3439 judice
3027 3369 3296 3424 mundum
3324 3369 3595 3435 vicerunt,

1983 3464 2281 3538 diligenter
2317 3463 2582 3518 adnotare
2613 3459 2796 3516 curavi
2839 3478 2853 3526 ;
2913 3459 3113 3513 librum
3147 3459 3484 3530 Hymnorum
3513 3460 3604 3514 di-

1980 3570 2140 3609 verso
2173 3560 2346 3608 metro
2380 3553 2493 3606 sive
2546 3551 2825 3622 rhythmo,
2874 3549 3076 3602 librum
3133 3549 3595 3620 epigrammatum

1980 3641 2204 3696 heroico
2236 3646 2410 3694 metro
2441 3640 2556 3694 sive
2587 3638 2855 3712 elegiaco,
2880 3635 2949 3690 de
2979 3643 3177 3690 natura
3207 3652 3415 3700 rerum,
3448 3639 3596 3693 etde

1985 3736 2327 3808 temporibus
2351 3735 2523 3792 libros
2546 3734 2812 3806 singulos.
2847 3755 2871 3781 υ
2907 3733 3041 3788 Item
3070 3731 3506 3803 Detemporibus
3533 3732 3600 3787 li-

1981 3825 2142 3880 brum
2165 3841 2334 3880 unum
2363 3824 2648 3893 majorem,
2681 3821 2883 3878 librum
2936 3821 3014 3877 De
3039 3821 3460 3896 orthographia,
3511 3821 3594 3876 al-

1983 3916 2204 3990 phabeti
2241 3915 2438 3971 ordine
2469 3914 2805 3970 distinctum.
2863 3913 2998 3968 Item
3037 3913 3242 3968 librum
3272 3913 3345 3967 De
3372 3913 3598 3969 metrica

1982 4017 2121 4076 arte,
2143 4014 2198 4061 et
2227 4005 2356 4060 huic
2384 4005 2657 4073 adjectum
2714 4002 2906 4058 alium.
2968 4003 3042 4057 De
3069 4002 3446 4058 schematibus
3477 4003 3599 4058 sive

1981 4097 2152 4168 tropis
2181 4095 2455 4161 libellum,
2506 4095 2612 4148 hoc
2641 4100 2744 4161 est,
2785 4093 2855 4146 de
2904 4091 3095 4168 ﬁguris
3123 4091 3410 4164 modisque
3445 4092 3596 4148 locu-

1981 4191 2190 4245 tionum
2223 4187 2427 4259 quibus
2456 4187 2733 4256 Scriptura
2787 4191 2978 4240 sancta
3003 4191 3259 4240 contexta
3313 4191 3414 4239 est.
3453 4184 3600 4240 Cen-

1983 4283 2243 4338 tonizavit
2272 4281 2438 4336 etiam
2460 4278 2862 4350 expositionem
2894 4277 2949 4330 in
2979 4276 3199 4332 Cantica
3229 4275 3592 4339 canticorum,

259 4368 410 4423 tione
438 4367 634 4439 templi
682 4368 994 4443 allegoricae
1033 4368 1417 4440 expositionis,
1444 4369 1586 4425 sicut
1623 4374 1679 4424 et
1705 4373 1875 4422 etete-
1899 4436 1943 4443 _
1979 4371 2229 4431 collectis
2250 4368 2544 4425 sententiis
2573 4369 2642 4422 de
2670 4367 2824 4421 libris
2881 4367 3131 4440 Gregorii
3161 4381 3340 4436 papae,
3373 4381 3472 4434 per
3503 4367 3594 4420 di-

261 4436 727 4528 ros,libros_duos
755 4479 768 4515 :
792 4436 938 4518 item
972 4461 1034 4516 in
1065 4436 1235 4517 libros
1258 4463 1468 4536 Regum
1497 4479 1600 4516 xxx
1614 4459 1878 4532 quaestio-
1899 4436 1956 4507 D
1981 4479 2138 4520 versa
2165 4459 2516 4532 operaillius.
2550 4457 2696 4512 Obiit
2733 4471 2878 4511 anno
2935 4436 3040 4510 73]
3083 4455 3382 4510 Βοιηὶηἰοω
3410 4456 3602 4511 Incar-

260 4568 394 4606 num
446 4569 461 4618 ;
518 4551 575 4606 in
641 4552 937 4609 Proverbia
992 4553 1308 4610 Salomonis
1358 4553 1531 4609 libros
1583 4563 1694 4608 tres
1745 4570 1760 4620 ;
1821 4551 1878 4606 in
1978 4551 2240 4617 nationis,
2280 4550 2462 4604 Leone
2496 4546 2752 4602 Romanis
2783 4546 3112 4616 imperante.
3147 4545 3368 4600 Francis
3401 4544 3596 4602 Carolo

260 4643 482 4699 Cantica
511 4645 850 4700 canticorum
895 4645 1068 4701 libros
1105 4661 1222 4711 sex,
1256 4644 1312 4699 in
1350 4645 1546 4699 Isaiam
1597 4650 1652 4699 et
1683 4643 1882 4698 Danie-
1983 4644 2249 4709 Martello,
2282 4641 2628 4712 principante
2667 4639 2770 4692 sub
2821 4637 3162 4694 Theoderico
3233 4654 3386 4712 rege,
3429 4655 3601 4712 super

259 4740 391 4806 lem,
449 4741 745 4796 duodecim
807 4742 1130 4814 prephetas,
1191 4748 1245 4796 et
1313 4749 1525 4812 partem
1593 4740 1880 4796 Hieremiae
1985 4739 2189 4814 Angles
2217 4742 2480 4812 regnante
2514 4731 2792 4788 Edilberto

258 4829 648 4886 distinctiones
663 4831 1052 4900 capitulorum,
1094 4846 1159 4886 ex
1191 4837 1420 4886 tractatu
1449 4831 1508 4884 Β.
1566 4831 1880 4903 Ilieronymi
2051 4831 2176 4887 Car.
2213 4829 2385 4883 LXIX.
2419 4828 2642 4893 Paulus,
2676 4827 2944 4881 diaconus
2995 4826 3370 4897 Neapolitana:
3403 4826 3596 4884 Eccle-

257 4929 548 4992 excerptas
589 4939 604 4987 ;
637 4922 695 4976 in
719 4923 943 4978 Esdram
977 4931 1033 4979 et
1076 4923 1359 4980 Neemiam
1413 4924 1587 4980 libros
1638 4933 1770 4990 tres,
1831 4925 1887 4982 in
1988 4921 2102 4983 sise,
2134 4917 2410 4973 transtulit
2444 4916 2515 4970 de
2541 4917 2726 4970 Graeco
2759 4914 2815 4968 in
2866 4913 3114 4969 Latinum
3162 4915 3334 4970 Vitam
3392 4925 3598 4970 sancta:

259 5013 539 5068 canticum
579 5013 834 5070 Habacuc
891 5015 1093 5070 librum
1142 5031 1334 5080 unum,
1361 5015 1419 5070 in
1448 5014 1654 5070 librum
1697 5017 1752 5069 Β.
1785 5016 1888 5070 Pa-
1991 5011 2168 5066 Mariae
2193 5008 2520 5082 Egyptiacm
2553 5007 2720 5078 (771).

261 5101 362 5156 tris
382 5101 565 5157 Tobiae
620 5103 1024 5174 explanationis
1063 5103 1398 5179 allegoricae,
1455 5105 1522 5159 de
1578 5104 1790 5159 Christo
1834 5113 1890 5160 et
2061 5103 2188 5158 Car.
2221 5101 2368 5156 LXX.
2401 5101 2666 5168 Anianus,
2699 5099 2782 5156 vir
2809 5099 3156 5170 spectabilis,
3180 5098 3414 5167 jubente
3440 5097 3608 5152 Atha-

261 5190 507 5247 Ecclesia
531 5191 729 5248 librum
781 5209 952 5248 unum
987 5212 1000 5248 ;
1034 5193 1164 5248 item
1216 5193 1462 5265 capitula
1500 5193 1805 5249 lectionum
1830 5193 1890 5248 in
1991 5192 2180 5258 larico,
2211 5206 2338 5265 rege
2359 5190 2618 5246 volumen
2645 5206 2815 5244 unum
2849 5189 2917 5244 de
2942 5184 3482 5262 legibusTheodosii
3532 5185 3607 5240 im

1485 5322 1766 5378 AL'BERTI
1808 5324 2016 5378 MlR/El
2057 5321 2352 5378 SCIIOLIA.

337 5423 487 5493 (769)
513 5425 885 5490 Adamannus,
917 5426 987 5482 al.
1007 5425 1369 5480 Adamnanus
1395 5424 1480 5480 vel
1503 5425 1884 5490 Adamnanus,
1987 5424 2047 5476 S.
2092 5421 2415 5496 Columbani
2438 5419 2674 5496 senioris
2703 5434 2798 5474 seu
2831 5416 3108 5496 Columbae
3134 5413 3452 5496 presbyteri
3469 5412 3614 5496 (qui-

261 5485 544 5554 Ilibern'us
598 5497 683 5552 vel
743 5485 962 5564 Scotus,
1023 5497 1277 5566 Ilujensis
1335 5496 1676 5561 monasterii,
1745 5515 1776 5550 a
1829 5485 1883 5549 S.
1989 5510 2134 5548 anno
2161 5495 2277 5566 £3607
2301 5493 2508 5566 ﬂoruit)
2566 5499 2779 5546 exstant
2826 5489 2970 5561 apud
3020 5485 3323 5541 Canisium'
3362 5485 3602 5543 tomo’L.

255 5568 609 5623 Columbano
661 5568 877 5637 structi,
935 5563 1128 5635 abbas,
1173 5569 1377 5622 librum
1431 5583 1590 5622 suum
1629 5569 1698 5621 De
1754 5567 1891 5622 locis
1993 5566 2244 5635 Antiquae
2272 5563 2546 5637 lectionis.

258 5649 430 5694 terrae
473 5646 676 5694 sanctae
729 5657 795 5695 ex
853 5630 1125 5710 .treulphi
1175 5639 1440 5695 Gallicani
1499 5639 1767 5711 episc0pi,
1827 5655 1892 5711 ex
2065 5630 2211 5711 (17:0)
2248 5639 2318 5711 l_)e
2352 5652 2417 5711 eo
2448 5635 2696 5711 Bellarm.
2727 5630 3098 5711 i_t_1Catalogo._
3172 5700 3183 5710 ι
3331 5700 3364 5711 μ

267 5711 428 5782 Syria
459 5711 700 5782 reducis,
743 5712 962 5782 scriptis
999 5700 1352 5766 concinnavit
1399 5729 1412 5764 :
1443 5700 1704 5782 utr'Beda'
1733 5711 1829 5765 lib.
1853 5710 1894 5764 V
2067 5700 2482 5782 (77tt__Paulus,
2518 5704 2922 5782 _Neapolitan§e
2988 5700 3236 5782 ecclesize
3313 5700 3600 5782 diaconus,

274 5766 727 5850 Hist.eccles.,'c
781 5766 871 5850 I6,
928 5783 1129 5854 prodit.
1163 5782 1292 5836 Tres
1338 5781 1457 5850 ejus
1499 5781 1622 5836 libri
1669 5783 1743 5836 De
1777 5782 1894 5836 Vita
2000 5766 2268 5834 transtulit
2301 5766 2478 5833 Vitam
2513 5777 2566 5830 Β.
2605 5766 2784 5829 Maria:
2832 5771 3113 5844 Egyptian,
3163 5788 3328 5843 quam
3375 5772 3614 5842 Sephro-
