  <div class='ocr_page' id='page_1' title='image "/cluster/home/n/w/nwhite01/storage/ocr_20150623/160/hvd.32044054760186/289.png"; bbox 0 0 3934 6054; ppageno 0'>
   <div class='ocr_carea' id='block_1_1' title="bbox 372 258 479 315">
    <p class='ocr_par' dir='ltr' id='par_1_1' title="bbox 372 258 479 315">
     <span class='ocr_line' id='line_1_1' title="bbox 372 258 479 315; baseline -0.037 0"><span class='ocrx_word' id='word_1_1' title='bbox 372 258 479 315; x_wconf 75' lang='grc'>567</span> 
     </span>
    </p>
   </div>
   <div class='ocr_carea' id='block_1_2' title="bbox 1593 237 2490 311">
    <p class='ocr_par' dir='ltr' id='par_1_2' title="bbox 1593 237 2490 311">
     <span class='ocr_line' id='line_1_2' title="bbox 1593 237 2490 311; baseline 0.003 -18"><span class='ocrx_word' id='word_1_2' title='bbox 1593 237 1936 311; x_wconf 80' lang='lat' dir='ltr'>SIGEBERTI</span> <span class='ocrx_word' id='word_1_3' title='bbox 1975 238 2490 296; x_wconf 77' lang='lat' dir='ltr'>GEMBLACENSIS.</span> 
     </span>
    </p>
   </div>
   <div class='ocr_carea' id='block_1_3' title="bbox 3597 242 3716 299">
    <p class='ocr_par' dir='ltr' id='par_1_3' title="bbox 3597 242 3716 299">
     <span class='ocr_line' id='line_1_3' title="bbox 3597 242 3716 299; baseline 0 0"><span class='ocrx_word' id='word_1_4' title='bbox 3597 242 3716 299; x_wconf 74' lang='lat'>568</span> 
     </span>
    </p>
   </div>
   <div class='ocr_carea' id='block_1_4' title="bbox 375 365 3725 447">
    <p class='ocr_par' dir='ltr' id='par_1_4' title="bbox 375 365 3725 447">
     <span class='ocr_line' id='line_1_4' title="bbox 375 365 3725 447; baseline -0.004 -8"><span class='ocrx_word' id='word_1_5' title='bbox 375 397 586 447; x_wconf 83' lang='lat' dir='ltr'>versus,</span> <span class='ocrx_word' id='word_1_6' title='bbox 644 379 809 434; x_wconf 89' lang='lat' dir='ltr'>verba</span> <span class='ocrx_word' id='word_1_7' title='bbox 864 373 1131 431; x_wconf 90' lang='lat' dir='ltr'>orationis</span> <span class='ocrx_word' id='word_1_8' title='bbox 1190 372 1489 433; x_wconf 74' lang='lat' dir='ltr'>habentes;</span> <span class='ocrx_word' id='word_1_9' title='bbox 1549 365 1887 422; x_wconf 86' lang='lat' dir='ltr'>abbreviavit</span> <span class='ocrx_word' id='word_1_10' title='bbox 1937 370 1992 419; x_wconf 86' lang='lat' dir='ltr'>et</span> <span class='ocrx_word' id='word_1_11' title='bbox 2021 370 2063 435; x_wconf 85' lang='grc' dir='ltr'><strong>Α</strong></span> <span class='ocrx_word' id='word_1_12' title='bbox 2092 381 2258 436; x_wconf 80' lang='lat' dir='ltr'>super</span> <span class='ocrx_word' id='word_1_13' title='bbox 2284 366 2497 435; x_wconf 88' lang='lat' dir='ltr'>Judith,</span> <span class='ocrx_word' id='word_1_14' title='bbox 2530 367 2604 423; x_wconf 92' lang='lat' dir='ltr'>De</span> <span class='ocrx_word' id='word_1_15' title='bbox 2644 368 2923 439; x_wconf 76' lang='lat' dir='ltr'>mysteriis</span> <span class='ocrx_word' id='word_1_16' title='bbox 2950 369 3135 425; x_wconf 85' lang='lat' dir='ltr'>missae</span> <span class='ocrx_word' id='word_1_17' title='bbox 3162 369 3364 425; x_wconf 90' lang='lat' dir='ltr'>librum</span> <span class='ocrx_word' id='word_1_18' title='bbox 3402 386 3595 436; x_wconf 85' lang='lat' dir='ltr'>unum,</span> <span class='ocrx_word' id='word_1_19' title='bbox 3638 373 3725 427; x_wconf 89' lang='lat' dir='ltr'>De</span> 
     </span>
    </p>
   </div>
   <div class='ocr_carea' id='block_1_5' title="bbox 378 458 1977 546">
    <p class='ocr_par' dir='ltr' id='par_1_5' title="bbox 378 458 1977 546">
     <span class='ocr_line' id='line_1_5' title="bbox 378 458 1977 546; baseline -0.012 -16"><span class='ocrx_word' id='word_1_20' title='bbox 378 476 495 546; x_wconf 90' lang='lat' dir='ltr'>ipse</span> <span class='ocrx_word' id='word_1_21' title='bbox 525 469 858 525; x_wconf 88' lang='lat' dir='ltr'>Gallicanum</span> <span class='ocrx_word' id='word_1_22' title='bbox 920 463 1262 529; x_wconf 78' lang='lat' dir='ltr'>Psalterium,</span> <span class='ocrx_word' id='word_1_23' title='bbox 1312 477 1422 534; x_wconf 91' lang='lat' dir='ltr'>quo</span> <span class='ocrx_word' id='word_1_24' title='bbox 1455 476 1555 515; x_wconf 90' lang='lat' dir='ltr'>nos</span> <span class='ocrx_word' id='word_1_25' title='bbox 1585 459 1720 514; x_wconf 82' lang='lat' dir='ltr'>Galli</span> <span class='ocrx_word' id='word_1_26' title='bbox 1750 458 1977 523; x_wconf 92' lang='lat' dir='ltr'>utimur,</span> 
     </span>
    </p>
   </div>
   <div class='ocr_carea' id='block_1_6' title="bbox 2092 455 3726 528">
    <p class='ocr_par' dir='ltr' id='par_1_6' title="bbox 2092 455 3726 528">
     <span class='ocr_line' id='line_1_6' title="bbox 2092 455 3726 528; baseline 0.005 -20"><span class='ocrx_word' id='word_1_27' title='bbox 2092 455 2579 512; x_wconf 90' lang='lat' dir='ltr'>benedictionibus</span> <span class='ocrx_word' id='word_1_28' title='bbox 2608 457 3042 528; x_wconf 80' lang='lat' dir='ltr'>patriarcharum</span> <span class='ocrx_word' id='word_1_29' title='bbox 3090 459 3290 514; x_wconf 90' lang='lat' dir='ltr'>librum</span> <span class='ocrx_word' id='word_1_30' title='bbox 3316 476 3508 516; x_wconf 90' lang='lat' dir='ltr'>unum.</span> <span class='ocrx_word' id='word_1_31' title='bbox 3565 460 3726 516; x_wconf 87' lang='lat' dir='ltr'>Scri-</span> 
     </span>
    </p>
   </div>
   <div class='ocr_carea' id='block_1_7' title="bbox 376 547 3725 633">
    <p class='ocr_par' dir='ltr' id='par_1_7' title="bbox 376 547 3725 633">
     <span class='ocr_line' id='line_1_7' title="bbox 376 547 3725 633; baseline -0.004 -12"><span class='ocrx_word' id='word_1_32' title='bbox 376 576 677 633; x_wconf 86' lang='lat' dir='ltr'>excerpens</span> <span class='ocrx_word' id='word_1_33' title='bbox 705 558 773 614; x_wconf 91' lang='lat' dir='ltr'>de</span> <span class='ocrx_word' id='word_1_34' title='bbox 802 557 897 613; x_wconf 93' lang='lat' dir='ltr'>illo</span> <span class='ocrx_word' id='word_1_35' title='bbox 928 572 1124 613; x_wconf 90' lang='lat' dir='ltr'>omnes</span> <span class='ocrx_word' id='word_1_36' title='bbox 1152 571 1343 613; x_wconf 89' lang='lat' dir='ltr'>versus</span> <span class='ocrx_word' id='word_1_37' title='bbox 1369 554 1539 609; x_wconf 89' lang='lat' dir='ltr'>verba</span> <span class='ocrx_word' id='word_1_38' title='bbox 1568 551 1836 608; x_wconf 90' lang='lat' dir='ltr'>orationis</span> <span class='ocrx_word' id='word_1_39' title='bbox 1856 566 1985 606; x_wconf 92' lang='lat' dir='ltr'>con-</span> <span class='ocrx_word' id='word_1_40' title='bbox 2087 547 2198 617; x_wconf 90' lang='lat' dir='ltr'>psit</span> <span class='ocrx_word' id='word_1_41' title='bbox 2238 548 2306 602; x_wconf 92' lang='lat' dir='ltr'>ad</span> <span class='ocrx_word' id='word_1_42' title='bbox 2341 548 2654 603; x_wconf 91' lang='lat' dir='ltr'>llilduinum</span> <span class='ocrx_word' id='word_1_43' title='bbox 2704 548 2961 604; x_wconf 77' lang='lat' dir='ltr'>abbatem</span> <span class='ocrx_word' id='word_1_44' title='bbox 3004 550 3062 604; x_wconf 92' lang='lat' dir='ltr'>in</span> <span class='ocrx_word' id='word_1_45' title='bbox 3111 550 3320 625; x_wconf 84' lang='lat' dir='ltr'>Regum</span> <span class='ocrx_word' id='word_1_46' title='bbox 3368 552 3539 608; x_wconf 90' lang='lat' dir='ltr'>libros</span> <span class='ocrx_word' id='word_1_47' title='bbox 3579 568 3725 623; x_wconf 87' lang='lat' dir='ltr'>qua-</span> 
     </span>
    </p>
   </div>
   <div class='ocr_carea' id='block_1_8' title="bbox 376 660 1990 806">
    <p class='ocr_par' dir='ltr' id='par_1_8' title="bbox 376 660 1990 806">
     <span class='ocr_line' id='line_1_8' title="bbox 376 660 1990 806; baseline -0.006 -7"><span class='ocrx_word' id='word_1_48' title='bbox 376 660 860 800; x_wconf 44' lang='grc' dir='ltr'>ῑιηὲῖιξῗείχχχν.</span> <span class='ocrx_word' id='word_1_49' title='bbox 927 738 1247 794; x_wconf 83' lang='lat' dir='ltr'>IIusuardus</span> <span class='ocrx_word' id='word_1_50' title='bbox 1286 735 1586 792; x_wconf 83' lang='lat' dir='ltr'>monachus</span> <span class='ocrx_word' id='word_1_51' title='bbox 1643 734 1810 805; x_wconf 84' lang='grc'>(786),</span> <span class='ocrx_word' id='word_1_52' title='bbox 1863 749 1990 806; x_wconf 85' lang='lat' dir='ltr'>pro-</span> 
     </span>
    </p>
   </div>
   <div class='ocr_carea' id='block_1_9' title="bbox 374 824 1991 899">
    <p class='ocr_par' dir='ltr' id='par_1_9' title="bbox 374 824 1991 899">
     <span class='ocr_line' id='line_1_9' title="bbox 374 824 1991 899; baseline -0.009 -7"><span class='ocrx_word' id='word_1_53' title='bbox 374 842 602 893; x_wconf 77' lang='lat' dir='ltr'>vocatus</span> <span class='ocrx_word' id='word_1_54' title='bbox 640 831 825 886; x_wconf 91' lang='lat' dir='ltr'>studio</span> <span class='ocrx_word' id='word_1_55' title='bbox 873 826 1190 899; x_wconf 79' lang='lat' dir='ltr'>Hieronymi</span> <span class='ocrx_word' id='word_1_56' title='bbox 1232 832 1287 880; x_wconf 88' lang='lat' dir='ltr'>et</span> <span class='ocrx_word' id='word_1_57' title='bbox 1328 825 1506 890; x_wconf 82' lang='lat' dir='ltr'>Bedae,</span> <span class='ocrx_word' id='word_1_58' title='bbox 1543 824 1636 894; x_wconf 90' lang='lat' dir='ltr'>qui</span> <span class='ocrx_word' id='word_1_59' title='bbox 1670 824 1991 878; x_wconf 77' lang='lat' dir='ltr'>festivitates</span> 
     </span>
    </p>
   </div>
   <div class='ocr_carea' id='block_1_10' title="bbox 377 914 1990 984">
    <p class='ocr_par' dir='ltr' id='par_1_10' title="bbox 377 914 1990 984">
     <span class='ocr_line' id='line_1_10' title="bbox 377 914 1990 984; baseline -0.008 -3"><span class='ocrx_word' id='word_1_60' title='bbox 377 933 691 981; x_wconf 88' lang='lat' dir='ltr'>sanctorum</span> <span class='ocrx_word' id='word_1_61' title='bbox 737 918 1020 974; x_wconf 86' lang='lat' dir='ltr'>annuatim</span> <span class='ocrx_word' id='word_1_62' title='bbox 1066 922 1415 971; x_wconf 77' lang='lat' dir='ltr'>recurrentes</span> <span class='ocrx_word' id='word_1_63' title='bbox 1447 914 1642 984; x_wconf 88' lang='lat' dir='ltr'>partim</span> <span class='ocrx_word' id='word_1_64' title='bbox 1692 915 1990 969; x_wconf 88' lang='lat' dir='ltr'>adnotave-</span> 
     </span>
    </p>
   </div>
   <div class='ocr_carea' id='block_1_11' title="bbox 377 1005 1991 1082">
    <p class='ocr_par' dir='ltr' id='par_1_11' title="bbox 377 1005 1991 1082">
     <span class='ocr_line' id='line_1_11' title="bbox 377 1005 1991 1082; baseline -0.009 -9"><span class='ocrx_word' id='word_1_65' title='bbox 377 1025 520 1082; x_wconf 89' lang='lat' dir='ltr'>rant,</span> <span class='ocrx_word' id='word_1_66' title='bbox 557 1012 794 1069; x_wconf 82' lang='lat' dir='ltr'>maxime</span> <span class='ocrx_word' id='word_1_67' title='bbox 822 1020 1004 1065; x_wconf 89' lang='lat' dir='ltr'>autem</span> <span class='ocrx_word' id='word_1_68' title='bbox 1030 1008 1306 1064; x_wconf 87' lang='lat' dir='ltr'>animatus</span> <span class='ocrx_word' id='word_1_69' title='bbox 1332 1007 1515 1061; x_wconf 90' lang='lat' dir='ltr'>studio</span> <span class='ocrx_word' id='word_1_70' title='bbox 1544 1013 1598 1060; x_wconf 88' lang='lat' dir='ltr'>et</span> <span class='ocrx_word' id='word_1_71' title='bbox 1623 1005 1778 1076; x_wconf 82' lang='lat' dir='ltr'>jussu</span> <span class='ocrx_word' id='word_1_72' title='bbox 1807 1006 1991 1079; x_wconf 82' lang='lat' dir='ltr'>magni</span> 
     </span>
    </p>
   </div>
   <div class='ocr_carea' id='block_1_12' title="bbox 380 1099 1990 1177">
    <p class='ocr_par' dir='ltr' id='par_1_12' title="bbox 380 1099 1990 1177">
     <span class='ocr_line' id='line_1_12' title="bbox 380 1099 1990 1177; baseline -0.007 -12"><span class='ocrx_word' id='word_1_73' title='bbox 380 1108 556 1167; x_wconf 87' lang='lat' dir='ltr'>Caroli</span> <span class='ocrx_word' id='word_1_74' title='bbox 589 1103 960 1177; x_wconf 88' lang='lat' dir='ltr'>imperatoris,</span> <span class='ocrx_word' id='word_1_75' title='bbox 988 1103 1075 1157; x_wconf 92' lang='lat' dir='ltr'>cui</span> <span class='ocrx_word' id='word_1_76' title='bbox 1097 1100 1425 1171; x_wconf 85' lang='lat' dir='ltr'>displicebat</span> <span class='ocrx_word' id='word_1_77' title='bbox 1456 1101 1600 1171; x_wconf 87' lang='lat' dir='ltr'>quod</span> <span class='ocrx_word' id='word_1_78' title='bbox 1628 1099 1990 1171; x_wconf 82' lang='lat' dir='ltr'>Hieronymus</span> 
     </span>
    </p>
   </div>
   <div class='ocr_carea' id='block_1_13' title="bbox 380 1188 1990 1264">
    <p class='ocr_par' dir='ltr' id='par_1_13' title="bbox 380 1188 1990 1264">
     <span class='ocr_line' id='line_1_13' title="bbox 380 1188 1990 1264; baseline -0.007 -9"><span class='ocrx_word' id='word_1_79' title='bbox 380 1207 435 1255; x_wconf 90' lang='lat' dir='ltr'>et</span> <span class='ocrx_word' id='word_1_80' title='bbox 492 1197 658 1264; x_wconf 77' lang='lat' dir='ltr'>Beda,</span> <span class='ocrx_word' id='word_1_81' title='bbox 717 1194 1007 1249; x_wconf 89' lang='lat' dir='ltr'>studentes</span> <span class='ocrx_word' id='word_1_82' title='bbox 1046 1191 1213 1247; x_wconf 89' lang='lat' dir='ltr'>nimis</span> <span class='ocrx_word' id='word_1_83' title='bbox 1271 1188 1543 1253; x_wconf 77' lang='lat' dir='ltr'>brevitati,</span> <span class='ocrx_word' id='word_1_84' title='bbox 1609 1190 1990 1259; x_wconf 70' lang='lat' dir='ltr'>prmterierant</span> 
     </span>
    </p>
   </div>
   <div class='ocr_carea' id='block_1_14' title="bbox 380 1282 1989 1363">
    <p class='ocr_par' dir='ltr' id='par_1_14' title="bbox 380 1282 1989 1363">
     <span class='ocr_line' id='line_1_14' title="bbox 380 1282 1989 1363; baseline -0.006 -18"><span class='ocrx_word' id='word_1_85' title='bbox 380 1292 538 1363; x_wconf 91' lang='lat' dir='ltr'>plura</span> <span class='ocrx_word' id='word_1_86' title='bbox 586 1286 921 1351; x_wconf 87' lang='lat' dir='ltr'>necessaria,</span> <span class='ocrx_word' id='word_1_87' title='bbox 978 1295 1035 1340; x_wconf 86' lang='lat' dir='ltr'>et</span> <span class='ocrx_word' id='word_1_88' title='bbox 1070 1282 1425 1356; x_wconf 90' lang='lat' dir='ltr'>quamplures</span> <span class='ocrx_word' id='word_1_89' title='bbox 1464 1282 1828 1336; x_wconf 85' lang='lat' dir='ltr'>Kalendarum</span> <span class='ocrx_word' id='word_1_90' title='bbox 1869 1283 1989 1336; x_wconf 90' lang='lat' dir='ltr'>dies</span> 
     </span>
    </p>
   </div>
   <div class='ocr_carea' id='block_1_15' title="bbox 381 1371 1989 1448">
    <p class='ocr_par' dir='ltr' id='par_1_15' title="bbox 381 1371 1989 1448">
     <span class='ocr_line' id='line_1_15' title="bbox 381 1371 1989 1448; baseline -0.007 -12"><span class='ocrx_word' id='word_1_91' title='bbox 381 1382 614 1435; x_wconf 78' lang='lat' dir='ltr'>intactos</span> <span class='ocrx_word' id='word_1_92' title='bbox 653 1377 1011 1448; x_wconf 84' lang='lat' dir='ltr'>reliquerant,</span> <span class='ocrx_word' id='word_1_93' title='bbox 1061 1374 1117 1428; x_wconf 93' lang='lat' dir='ltr'>in</span> <span class='ocrx_word' id='word_1_94' title='bbox 1172 1372 1399 1446; x_wconf 75' lang='lat' dir='ltr'>gratiam</span> <span class='ocrx_word' id='word_1_95' title='bbox 1442 1371 1562 1439; x_wconf 90' lang='lat' dir='ltr'>ejus</span> <span class='ocrx_word' id='word_1_96' title='bbox 1601 1371 1811 1424; x_wconf 88' lang='lat' dir='ltr'>studuit</span> <span class='ocrx_word' id='word_1_97' title='bbox 1849 1387 1989 1441; x_wconf 88' lang='lat' dir='ltr'>opus</span> 
     </span>
    </p>
   </div>
   <div class='ocr_carea' id='block_1_16' title="bbox 380 1466 1990 1547">
    <p class='ocr_par' dir='ltr' id='par_1_16' title="bbox 380 1466 1990 1547">
     <span class='ocr_line' id='line_1_16' title="bbox 380 1466 1990 1547; baseline -0.006 -17"><span class='ocrx_word' id='word_1_98' title='bbox 380 1474 762 1547; x_wconf 87' lang='lat' dir='ltr'>imperfectum</span> <span class='ocrx_word' id='word_1_99' title='bbox 792 1470 1073 1541; x_wconf 87' lang='lat' dir='ltr'>supplere,</span> <span class='ocrx_word' id='word_1_100' title='bbox 1106 1477 1160 1523; x_wconf 90' lang='lat' dir='ltr'>et</span> <span class='ocrx_word' id='word_1_101' title='bbox 1198 1466 1523 1522; x_wconf 71' lang='lat' dir='ltr'>festivitates</span> <span class='ocrx_word' id='word_1_102' title='bbox 1552 1472 1861 1520; x_wconf 87' lang='lat' dir='ltr'>sanctorum</span> <span class='ocrx_word' id='word_1_103' title='bbox 1893 1483 1990 1535; x_wconf 91' lang='lat' dir='ltr'>per</span> 
     </span>
    </p>
   </div>
   <div class='ocr_carea' id='block_1_17' title="bbox 378 1558 1986 1640">
    <p class='ocr_par' dir='ltr' id='par_1_17' title="bbox 378 1558 1986 1640">
     <span class='ocr_line' id='line_1_17' title="bbox 378 1558 1986 1640; baseline -0.007 -18"><span class='ocrx_word' id='word_1_104' title='bbox 378 1567 626 1640; x_wconf 81' lang='lat' dir='ltr'>singulos</span> <span class='ocrx_word' id='word_1_105' title='bbox 655 1562 1019 1619; x_wconf 89' lang='lat' dir='ltr'>Kalendarum</span> <span class='ocrx_word' id='word_1_106' title='bbox 1059 1560 1178 1615; x_wconf 91' lang='lat' dir='ltr'>dies</span> <span class='ocrx_word' id='word_1_107' title='bbox 1209 1558 1497 1625; x_wconf 89' lang='lat' dir='ltr'>adnotans,</span> <span class='ocrx_word' id='word_1_108' title='bbox 1540 1558 1815 1632; x_wconf 88' lang='lat' dir='ltr'>integrum</span> <span class='ocrx_word' id='word_1_109' title='bbox 1844 1558 1986 1611; x_wconf 80' lang='lat' dir='ltr'>Mar-</span> 
     </span>
    </p>
   </div>
   <div class='ocr_carea' id='block_1_18' title="bbox 379 1650 959 1728">
    <p class='ocr_par' dir='ltr' id='par_1_18' title="bbox 379 1650 959 1728">
     <span class='ocr_line' id='line_1_18' title="bbox 379 1650 959 1728; baseline -0.009 -17"><span class='ocrx_word' id='word_1_110' title='bbox 379 1656 708 1728; x_wconf 82' lang='lat' dir='ltr'>tyrologium</span> <span class='ocrx_word' id='word_1_111' title='bbox 756 1650 959 1707; x_wconf 77' lang='lat' dir='ltr'>eﬂ&#39;ecit.</span> 
     </span>
    </p>
   </div>
   <div class='ocr_carea' id='block_1_19' title="bbox 451 1740 1987 1818">
    <p class='ocr_par' dir='ltr' id='par_1_19' title="bbox 451 1740 1987 1818">
     <span class='ocr_line' id='line_1_19' title="bbox 451 1740 1987 1818; baseline -0.003 -16"><span class='ocrx_word' id='word_1_112' title='bbox 451 1748 576 1803; x_wconf 64' lang='lat' dir='ltr'>Car.</span> <span class='ocrx_word' id='word_1_113' title='bbox 621 1744 879 1800; x_wconf 87' lang='lat' dir='ltr'><strong>LXXXVI.</strong></span> <span class='ocrx_word' id='word_1_114' title='bbox 912 1742 1248 1818; x_wconf 84' lang='lat' dir='ltr'>Angelomus</span> <span class='ocrx_word' id='word_1_115' title='bbox 1275 1740 1415 1811; x_wconf 88' lang='grc'>(787)</span> <span class='ocrx_word' id='word_1_116' title='bbox 1466 1741 1789 1807; x_wconf 85' lang='lat' dir='ltr'>monachus,</span> <span class='ocrx_word' id='word_1_117' title='bbox 1832 1743 1987 1810; x_wconf 89' lang='lat' dir='ltr'>jussu</span> 
     </span>
    </p>
   </div>
   <div class='ocr_carea' id='block_1_20' title="bbox 382 1828 1990 1916">
    <p class='ocr_par' dir='ltr' id='par_1_20' title="bbox 382 1828 1990 1916">
     <span class='ocr_line' id='line_1_20' title="bbox 382 1828 1990 1916; baseline -0.002 -19"><span class='ocrx_word' id='word_1_118' title='bbox 382 1841 671 1916; x_wconf 84' lang='lat' dir='ltr'>Drogonis,</span> <span class='ocrx_word' id='word_1_119' title='bbox 704 1838 1025 1895; x_wconf 82' lang='lat' dir='ltr'>Metentium</span> <span class='ocrx_word' id='word_1_120' title='bbox 1057 1828 1326 1908; x_wconf 85' lang='lat' dir='ltr'>episcopi,</span> <span class='ocrx_word' id='word_1_121' title='bbox 1356 1837 1448 1909; x_wconf 88' lang='lat' dir='ltr'>qui</span> <span class='ocrx_word' id='word_1_122' title='bbox 1490 1836 1641 1891; x_wconf 84' lang='lat' dir='ltr'>ﬁlius</span> <span class='ocrx_word' id='word_1_123' title='bbox 1674 1845 1789 1893; x_wconf 88' lang='lat' dir='ltr'>erat</span> <span class='ocrx_word' id='word_1_124' title='bbox 1818 1839 1990 1893; x_wconf 79' lang='lat' dir='ltr'>Caroli</span> 
     </span>
    </p>
   </div>
   <div class='ocr_carea' id='block_1_21' title="bbox 380 1928 1993 2004">
    <p class='ocr_par' dir='ltr' id='par_1_21' title="bbox 380 1928 1993 2004">
     <span class='ocr_line' id='line_1_21' title="bbox 380 1928 1993 2004; baseline -0.002 -17"><span class='ocrx_word' id='word_1_125' title='bbox 380 1930 746 2004; x_wconf 89' lang='lat' dir='ltr'>imperatoris,</span> <span class='ocrx_word' id='word_1_126' title='bbox 804 1928 937 1984; x_wconf 90' lang='lat' dir='ltr'>fecit</span> <span class='ocrx_word' id='word_1_127' title='bbox 999 1934 1263 1984; x_wconf 86' lang='lat' dir='ltr'>tractatus</span> <span class='ocrx_word' id='word_1_128' title='bbox 1320 1943 1489 1999; x_wconf 87' lang='lat' dir='ltr'>super</span> <span class='ocrx_word' id='word_1_129' title='bbox 1535 1936 1773 1999; x_wconf 85' lang='lat' dir='ltr'>quatuor</span> <span class='ocrx_word' id='word_1_130' title='bbox 1822 1928 1993 1984; x_wconf 90' lang='lat' dir='ltr'>libros</span> 
     </span>
    </p>
   </div>
   <div class='ocr_carea' id='block_1_22' title="bbox 382 2023 613 2096">
    <p class='ocr_par' dir='ltr' id='par_1_22' title="bbox 382 2023 613 2096">
     <span class='ocr_line' id='line_1_22' title="bbox 382 2023 613 2096; baseline 0 -19"><span class='ocrx_word' id='word_1_131' title='bbox 382 2023 613 2096; x_wconf 79' lang='lat' dir='ltr'>Regum.</span> 
     </span>
    </p>
   </div>
   <div class='ocr_carea' id='block_1_23' title="bbox 453 2106 1992 2178">
    <p class='ocr_par' dir='ltr' id='par_1_23' title="bbox 453 2106 1992 2178">
     <span class='ocr_line' id='line_1_23' title="bbox 453 2106 1992 2178; baseline -0.001 -13"><span class='ocrx_word' id='word_1_132' title='bbox 453 2111 577 2165; x_wconf 69' lang='lat' dir='ltr'>CAP.</span> <span class='ocrx_word' id='word_1_133' title='bbox 628 2111 911 2165; x_wconf 84' lang='lat' dir='ltr'><strong>LXXXVII.</strong></span> <span class='ocrx_word' id='word_1_134' title='bbox 944 2107 1240 2163; x_wconf 87' lang='lat' dir='ltr'>Attularius</span> <span class='ocrx_word' id='word_1_135' title='bbox 1288 2107 1380 2178; x_wconf 77' lang='lat' dir='ltr'>[aL</span> <span class='ocrx_word' id='word_1_136' title='bbox 1430 2106 1759 2177; x_wconf 88' lang='lat' dir='ltr'>Amularius[</span> <span class='ocrx_word' id='word_1_137' title='bbox 1801 2123 1992 2163; x_wconf 89' lang='lat' dir='ltr'>mona-</span> 
     </span>
    </p>
   </div>
   <div class='ocr_carea' id='block_1_24' title="bbox 380 2202 1995 2273">
    <p class='ocr_par' dir='ltr' id='par_1_24' title="bbox 380 2202 1995 2273">
     <span class='ocr_line' id='line_1_24' title="bbox 380 2202 1995 2273; baseline -0.004 -10"><span class='ocrx_word' id='word_1_138' title='bbox 380 2208 517 2263; x_wconf 84' lang='lat' dir='ltr'>chus</span> <span class='ocrx_word' id='word_1_139' title='bbox 557 2206 778 2262; x_wconf 77' lang='lat' dir='ltr'>brevem</span> <span class='ocrx_word' id='word_1_140' title='bbox 807 2204 1053 2259; x_wconf 89' lang='lat' dir='ltr'>libellum</span> <span class='ocrx_word' id='word_1_141' title='bbox 1095 2204 1169 2257; x_wconf 91' lang='lat' dir='ltr'>De</span> <span class='ocrx_word' id='word_1_142' title='bbox 1202 2202 1592 2257; x_wconf 87' lang='lat' dir='ltr'>ecclesiasticis</span> <span class='ocrx_word' id='word_1_143' title='bbox 1633 2202 1995 2273; x_wconf 37' lang='lat' dir='ltr'>officiis‘scri-</span> 
     </span>
    </p>
   </div>
   <div class='ocr_carea' id='block_1_25' title="bbox 380 2291 1993 2367">
    <p class='ocr_par' dir='ltr' id='par_1_25' title="bbox 380 2291 1993 2367">
     <span class='ocr_line' id='line_1_25' title="bbox 380 2291 1993 2367; baseline -0.002 -17"><span class='ocrx_word' id='word_1_144' title='bbox 380 2296 505 2367; x_wconf 91' lang='lat' dir='ltr'>psit.</span> <span class='ocrx_word' id='word_1_145' title='bbox 556 2295 752 2350; x_wconf 86' lang='lat' dir='ltr'>Postea</span> <span class='ocrx_word' id='word_1_146' title='bbox 784 2294 1035 2348; x_wconf 89' lang='lat' dir='ltr'>scribens</span> <span class='ocrx_word' id='word_1_147' title='bbox 1077 2292 1145 2347; x_wconf 91' lang='lat' dir='ltr'>de</span> <span class='ocrx_word' id='word_1_148' title='bbox 1201 2291 1398 2345; x_wconf 89' lang='lat' dir='ltr'>eadem</span> <span class='ocrx_word' id='word_1_149' title='bbox 1452 2307 1511 2345; x_wconf 91' lang='lat' dir='ltr'>re</span> <span class='ocrx_word' id='word_1_150' title='bbox 1541 2292 1608 2345; x_wconf 89' lang='lat' dir='ltr'>ad</span> <span class='ocrx_word' id='word_1_151' title='bbox 1660 2292 1993 2347; x_wconf 83' lang='lat' dir='ltr'>Ludovicum</span> 
     </span>
    </p>
   </div>
   <div class='ocr_carea' id='block_1_26' title="bbox 383 2386 1992 2462">
    <p class='ocr_par' dir='ltr' id='par_1_26' title="bbox 383 2386 1992 2462">
     <span class='ocr_line' id='line_1_26' title="bbox 383 2386 1992 2462; baseline -0.001 -17"><span class='ocrx_word' id='word_1_152' title='bbox 383 2392 788 2462; x_wconf 86' lang='lat' dir='ltr'>imperatorem,</span> <span class='ocrx_word' id='word_1_153' title='bbox 845 2388 1098 2443; x_wconf 90' lang='lat' dir='ltr'>ordinem</span> <span class='ocrx_word' id='word_1_154' title='bbox 1145 2393 1201 2441; x_wconf 90' lang='lat' dir='ltr'>et</span> <span class='ocrx_word' id='word_1_155' title='bbox 1247 2402 1443 2442; x_wconf 86' lang='lat' dir='ltr'>causas</span> <span class='ocrx_word' id='word_1_156' title='bbox 1496 2386 1992 2444; x_wconf 88' lang='lat' dir='ltr'>ecclesiasticorum</span> 
     </span>
    </p>
   </div>
   <div class='ocr_carea' id='block_1_27' title="bbox 379 2475 1993 2553">
    <p class='ocr_par' dir='ltr' id='par_1_27' title="bbox 379 2475 1993 2553">
     <span class='ocr_line' id='line_1_27' title="bbox 379 2475 1993 2553; baseline -0.001 -18"><span class='ocrx_word' id='word_1_157' title='bbox 379 2480 686 2553; x_wconf 83' lang='lat' dir='ltr'>officiorum</span> <span class='ocrx_word' id='word_1_158' title='bbox 745 2485 979 2549; x_wconf 89' lang='lat' dir='ltr'>quatuor</span> <span class='ocrx_word' id='word_1_159' title='bbox 1018 2476 1173 2530; x_wconf 90' lang='lat' dir='ltr'>libris</span> <span class='ocrx_word' id='word_1_160' title='bbox 1225 2475 1446 2546; x_wconf 89' lang='lat' dir='ltr'>planius</span> <span class='ocrx_word' id='word_1_161' title='bbox 1504 2475 1754 2548; x_wconf 79' lang='lat' dir='ltr'>digessit,</span> <span class='ocrx_word' id='word_1_162' title='bbox 1807 2484 1860 2533; x_wconf 91' lang='lat' dir='ltr'>et</span> <span class='ocrx_word' id='word_1_163' title='bbox 1918 2480 1993 2534; x_wconf 90' lang='lat' dir='ltr'>De</span> 
     </span>
    </p>
   </div>
   <div class='ocr_carea' id='block_1_28' title="bbox 380 2568 1328 2642">
    <p class='ocr_par' dir='ltr' id='par_1_28' title="bbox 380 2568 1328 2642">
     <span class='ocr_line' id='line_1_28' title="bbox 380 2568 1328 2642; baseline -0.005 -16"><span class='ocrx_word' id='word_1_164' title='bbox 380 2571 657 2642; x_wconf 89' lang='lat' dir='ltr'>mysteriis</span> <span class='ocrx_word' id='word_1_165' title='bbox 688 2570 869 2623; x_wconf 71' lang='lat' dir='ltr'>missae</span> <span class='ocrx_word' id='word_1_166' title='bbox 910 2568 1110 2623; x_wconf 91' lang='lat' dir='ltr'>librum</span> <span class='ocrx_word' id='word_1_167' title='bbox 1137 2584 1328 2622; x_wconf 91' lang='lat' dir='ltr'>unum.</span> 
     </span>
    </p>
   </div>
   <div class='ocr_carea' id='block_1_29' title="bbox 451 2664 1994 2738">
    <p class='ocr_par' dir='ltr' id='par_1_29' title="bbox 451 2664 1994 2738">
     <span class='ocr_line' id='line_1_29' title="bbox 451 2664 1994 2738; baseline 0.001 -18"><span class='ocrx_word' id='word_1_168' title='bbox 451 2666 559 2720; x_wconf 75' lang='lat' dir='ltr'>CAP</span> <span class='ocrx_word' id='word_1_169' title='bbox 634 2665 945 2720; x_wconf 75' lang='lat' dir='ltr'>LXXXVIII.</span> <span class='ocrx_word' id='word_1_170' title='bbox 978 2664 1217 2719; x_wconf 88' lang='lat' dir='ltr'>Bellator</span> <span class='ocrx_word' id='word_1_171' title='bbox 1253 2666 1783 2738; x_wconf 59' lang='lat' dir='ltr'>presbytcrfseptem</span> <span class='ocrx_word' id='word_1_172' title='bbox 1836 2668 1994 2722; x_wconf 89' lang='lat' dir='ltr'>libris</span> 
     </span>
    </p>
   </div>
   <div class='ocr_carea' id='block_1_30' title="bbox 381 2753 1559 2827">
    <p class='ocr_par' dir='ltr' id='par_1_30' title="bbox 381 2753 1559 2827">
     <span class='ocr_line' id='line_1_30' title="bbox 381 2753 1559 2827; baseline -0.003 -15"><span class='ocrx_word' id='word_1_173' title='bbox 381 2756 632 2827; x_wconf 83' lang='lat' dir='ltr'>exposuit</span> <span class='ocrx_word' id='word_1_174' title='bbox 665 2754 864 2809; x_wconf 88' lang='lat' dir='ltr'>librum</span> <span class='ocrx_word' id='word_1_175' title='bbox 898 2753 1191 2823; x_wconf 55' lang='lat' dir='ltr'>Sapientiae</span> <span class='ocrx_word' id='word_1_176' title='bbox 1231 2753 1559 2809; x_wconf 92' lang='lat' dir='ltr'>Salomonis.</span> 
     </span>
    </p>
   </div>
   <div class='ocr_carea' id='block_1_31' title="bbox 450 2845 1987 2918">
    <p class='ocr_par' dir='ltr' id='par_1_31' title="bbox 450 2845 1987 2918">
     <span class='ocr_line' id='line_1_31' title="bbox 450 2845 1987 2918; baseline 0.004 -15"><span class='ocrx_word' id='word_1_177' title='bbox 450 2848 573 2903; x_wconf 63' lang='lat' dir='ltr'>Car.</span> <span class='ocrx_word' id='word_1_178' title='bbox 626 2847 885 2901; x_wconf 85' lang='lat' dir='ltr'><strong>LXXXIX.</strong></span> <span class='ocrx_word' id='word_1_179' title='bbox 946 2845 1203 2901; x_wconf 81' lang='lat' dir='ltr'>Rabanus</span> <span class='ocrx_word' id='word_1_180' title='bbox 1234 2888 1247 2913; x_wconf 97' lang='lat'>,</span> <span class='ocrx_word' id='word_1_181' title='bbox 1301 2846 1393 2917; x_wconf 91' lang='lat' dir='ltr'>qui</span> <span class='ocrx_word' id='word_1_182' title='bbox 1447 2853 1502 2901; x_wconf 90' lang='lat' dir='ltr'>et</span> <span class='ocrx_word' id='word_1_183' title='bbox 1558 2850 1826 2918; x_wconf 76' lang='lat' dir='ltr'>Maurus,</span> <span class='ocrx_word' id='word_1_184' title='bbox 1872 2853 1987 2909; x_wconf 83' lang='lat' dir='ltr'>sive</span> 
     </span>
    </p>
   </div>
   <div class='ocr_carea' id='block_1_32' title="bbox 377 2938 1996 3014">
    <p class='ocr_par' dir='ltr' id='par_1_32' title="bbox 377 2938 1996 3014">
     <span class='ocr_line' id='line_1_32' title="bbox 377 2938 1996 3014; baseline 0.002 -15"><span class='ocrx_word' id='word_1_185' title='bbox 377 2945 700 3010; x_wconf 77' lang='lat' dir='ltr'>Magnetius.</span> <span class='ocrx_word' id='word_1_186' title='bbox 743 2955 809 2994; x_wconf 82' lang='lat' dir='ltr'>ex</span> <span class='ocrx_word' id='word_1_187' title='bbox 850 2938 1051 2995; x_wconf 83' lang='lat' dir='ltr'>abbate</span> <span class='ocrx_word' id='word_1_188' title='bbox 1095 2938 1352 2994; x_wconf 84' lang='lat' dir='ltr'>Fuldensi</span> <span class='ocrx_word' id='word_1_189' title='bbox 1392 2941 1837 3014; x_wconf 69' lang='grc' dir='ltr'>ῃνεὶιίορὶεοορυδ</span> <span class='ocrx_word' id='word_1_190' title='bbox 1883 2947 1996 3003; x_wconf 75' lang='grc' dir='ltr'><strong>Μο-</strong></span> 
     </span>
    </p>
   </div>
   <div class='ocr_carea' id='block_1_33' title="bbox 376 3031 1994 3108">
    <p class='ocr_par' dir='ltr' id='par_1_33' title="bbox 376 3031 1994 3108">
     <span class='ocr_line' id='line_1_33' title="bbox 376 3031 1994 3108; baseline 0.004 -20"><span class='ocrx_word' id='word_1_191' title='bbox 376 3034 602 3108; x_wconf 84' lang='lat' dir='ltr'>gumiae,</span> <span class='ocrx_word' id='word_1_192' title='bbox 634 3032 857 3102; x_wconf 87' lang='lat' dir='ltr'>scripsit</span> <span class='ocrx_word' id='word_1_193' title='bbox 886 3032 1087 3085; x_wconf 91' lang='lat' dir='ltr'>librum</span> <span class='ocrx_word' id='word_1_194' title='bbox 1111 3032 1187 3086; x_wconf 91' lang='lat' dir='ltr'>De</span> <span class='ocrx_word' id='word_1_195' title='bbox 1216 3031 1377 3086; x_wconf 90' lang='lat' dir='ltr'>laude</span> <span class='ocrx_word' id='word_1_196' title='bbox 1408 3041 1610 3089; x_wconf 67' lang='lat' dir='ltr'>sanctm</span> <span class='ocrx_word' id='word_1_197' title='bbox 1633 3037 1833 3104; x_wconf 89' lang='lat' dir='ltr'>crucis,</span> <span class='ocrx_word' id='word_1_198' title='bbox 1858 3040 1994 3096; x_wconf 92' lang='lat' dir='ltr'>mira</span> 
     </span>
    </p>
   </div>
   <div class='ocr_carea' id='block_1_34' title="bbox 376 3122 1994 3194">
    <p class='ocr_par' dir='ltr' id='par_1_34' title="bbox 376 3122 1994 3194">
     <span class='ocr_line' id='line_1_34' title="bbox 376 3122 1994 3194; baseline 0.004 -14"><span class='ocrx_word' id='word_1_199' title='bbox 376 3124 638 3180; x_wconf 76' lang='lat' dir='ltr'>varietate</span> <span class='ocrx_word' id='word_1_200' title='bbox 671 3122 975 3193; x_wconf 89' lang='lat' dir='ltr'>depictum,</span> <span class='ocrx_word' id='word_1_201' title='bbox 1008 3139 1171 3194; x_wconf 91' lang='lat' dir='ltr'>quem</span> <span class='ocrx_word' id='word_1_202' title='bbox 1212 3124 1365 3178; x_wconf 80' lang='lat' dir='ltr'>misit</span> <span class='ocrx_word' id='word_1_203' title='bbox 1408 3124 1589 3179; x_wconf 68' lang='lat' dir='ltr'>Roma:</span> <span class='ocrx_word' id='word_1_204' title='bbox 1614 3126 1668 3183; x_wconf 91' lang='lat' dir='ltr'>S.</span> <span class='ocrx_word' id='word_1_205' title='bbox 1719 3128 1877 3185; x_wconf 90' lang='lat' dir='ltr'>Petro</span> <span class='ocrx_word' id='word_1_206' title='bbox 1907 3131 1994 3186; x_wconf 86' lang='lat' dir='ltr'>of-</span> 
     </span>
    </p>
   </div>
   <div class='ocr_carea' id='block_1_35' title="bbox 380 3213 1993 3293">
    <p class='ocr_par' dir='ltr' id='par_1_35' title="bbox 380 3213 1993 3293">
     <span class='ocr_line' id='line_1_35' title="bbox 380 3213 1993 3293; baseline 0.004 -22"><span class='ocrx_word' id='word_1_207' title='bbox 380 3215 692 3271; x_wconf 88' lang='lat' dir='ltr'>ferendum.</span> <span class='ocrx_word' id='word_1_208' title='bbox 741 3213 970 3284; x_wconf 88' lang='lat' dir='ltr'>Scripsit</span> <span class='ocrx_word' id='word_1_209' title='bbox 1044 3214 1114 3269; x_wconf 87' lang='lat' dir='ltr'>ad</span> <span class='ocrx_word' id='word_1_210' title='bbox 1172 3214 1449 3289; x_wconf 86' lang='lat' dir='ltr'>Otgarium</span> <span class='ocrx_word' id='word_1_211' title='bbox 1520 3220 1993 3293; x_wconf 84' lang='lat' dir='ltr'>archiepisc0pum</span> 
     </span>
    </p>
   </div>
   <div class='ocr_carea' id='block_1_36' title="bbox 376 3303 1997 3382">
    <p class='ocr_par' dir='ltr' id='par_1_36' title="bbox 376 3303 1997 3382">
     <span class='ocr_line' id='line_1_36' title="bbox 376 3303 1997 3382; baseline 0.003 -21"><span class='ocrx_word' id='word_1_212' title='bbox 376 3306 581 3361; x_wconf 90' lang='lat' dir='ltr'>librum</span> <span class='ocrx_word' id='word_1_213' title='bbox 637 3320 806 3375; x_wconf 90' lang='lat' dir='ltr'>super</span> <span class='ocrx_word' id='word_1_214' title='bbox 843 3303 1016 3357; x_wconf 91' lang='lat' dir='ltr'>libros</span> <span class='ocrx_word' id='word_1_215' title='bbox 1064 3303 1361 3374; x_wconf 76' lang='lat' dir='ltr'>Sapientiae</span> <span class='ocrx_word' id='word_1_216' title='bbox 1400 3306 1732 3363; x_wconf 87' lang='lat' dir='ltr'>Salomonis.</span> <span class='ocrx_word' id='word_1_217' title='bbox 1768 3312 1997 3382; x_wconf 77' lang='lat' dir='ltr'>Scripsit</span> 
     </span>
    </p>
   </div>
   <div class='ocr_carea' id='block_1_37' title="bbox 373 3397 2004 3471">
    <p class='ocr_par' dir='ltr' id='par_1_37' title="bbox 373 3397 2004 3471">
     <span class='ocr_line' id='line_1_37' title="bbox 373 3397 2004 3471; baseline 0.003 -17"><span class='ocrx_word' id='word_1_218' title='bbox 373 3415 540 3471; x_wconf 88' lang='lat' dir='ltr'>super</span> <span class='ocrx_word' id='word_1_219' title='bbox 556 3398 755 3453; x_wconf 89' lang='lat' dir='ltr'>librum</span> <span class='ocrx_word' id='word_1_220' title='bbox 788 3397 1219 3453; x_wconf 72' lang='lat' dir='ltr'>Machabmorum</span> <span class='ocrx_word' id='word_1_221' title='bbox 1254 3398 1512 3469; x_wconf 90' lang='lat' dir='ltr'>primum,</span> <span class='ocrx_word' id='word_1_222' title='bbox 1558 3415 1727 3471; x_wconf 84' lang='lat' dir='ltr'>super</span> <span class='ocrx_word' id='word_1_223' title='bbox 1762 3403 2004 3468; x_wconf 89' lang='lat' dir='ltr'>Esdram,</span> 
     </span>
    </p>
   </div>
   <div class='ocr_carea' id='block_1_38' title="bbox 2092 639 3718 710">
    <p class='ocr_par' dir='ltr' id='par_1_38' title="bbox 2092 639 3718 710">
     <span class='ocr_line' id='line_1_38' title="bbox 2092 639 3718 710; baseline 0.004 -19"><span class='ocrx_word' id='word_1_224' title='bbox 2092 643 2241 704; x_wconf 91' lang='lat' dir='ltr'>tuor,</span> <span class='ocrx_word' id='word_1_225' title='bbox 2295 639 2370 692; x_wconf 89' lang='lat' dir='ltr'>De</span> <span class='ocrx_word' id='word_1_226' title='bbox 2428 639 2829 710; x_wconf 66' lang='lat' dir='ltr'>quaestionibus</span> <span class='ocrx_word' id='word_1_227' title='bbox 2876 655 3175 709; x_wconf 91' lang='lat' dir='ltr'>canonum,</span> <span class='ocrx_word' id='word_1_228' title='bbox 3226 642 3295 696; x_wconf 89' lang='lat' dir='ltr'>ad</span> <span class='ocrx_word' id='word_1_229' title='bbox 3355 642 3718 697; x_wconf 83' lang='lat' dir='ltr'>lleribaldum</span> 
     </span>
    </p>
   </div>
   <div class='ocr_carea' id='block_1_39' title="bbox 2094 730 3727 806">
    <p class='ocr_par' dir='ltr' id='par_1_39' title="bbox 2094 730 3727 806">
     <span class='ocr_line' id='line_1_39' title="bbox 2094 730 3727 806; baseline 0.006 -25"><span class='ocrx_word' id='word_1_230' title='bbox 2094 730 2416 800; x_wconf 85' lang='lat' dir='ltr'>episcopum</span> <span class='ocrx_word' id='word_1_231' title='bbox 2452 730 2648 785; x_wconf 90' lang='lat' dir='ltr'>librum</span> <span class='ocrx_word' id='word_1_232' title='bbox 2682 748 2875 798; x_wconf 91' lang='lat' dir='ltr'>unum,</span> <span class='ocrx_word' id='word_1_233' title='bbox 2907 732 2973 786; x_wconf 92' lang='lat' dir='ltr'>ad</span> <span class='ocrx_word' id='word_1_234' title='bbox 2998 732 3401 806; x_wconf 81' lang='lat' dir='ltr'>Reginbaldum</span> <span class='ocrx_word' id='word_1_235' title='bbox 3430 735 3727 805; x_wconf 79' lang='lat' dir='ltr'>coepisco-</span> 
     </span>
    </p>
   </div>
   <div class='ocr_carea' id='block_1_40' title="bbox 2094 823 3508 897">
    <p class='ocr_par' dir='ltr' id='par_1_40' title="bbox 2094 823 3508 897">
     <span class='ocr_line' id='line_1_40' title="bbox 2094 823 3508 897; baseline 0.004 -23"><span class='ocrx_word' id='word_1_236' title='bbox 2094 838 2220 891; x_wconf 87' lang='lat' dir='ltr'>pum</span> <span class='ocrx_word' id='word_1_237' title='bbox 2263 823 2332 877; x_wconf 90' lang='lat' dir='ltr'>de</span> <span class='ocrx_word' id='word_1_238' title='bbox 2363 823 2558 877; x_wconf 89' lang='lat' dir='ltr'>eadem</span> <span class='ocrx_word' id='word_1_239' title='bbox 2592 839 2649 878; x_wconf 88' lang='lat' dir='ltr'>re</span> <span class='ocrx_word' id='word_1_240' title='bbox 2682 824 2881 879; x_wconf 89' lang='lat' dir='ltr'>librum</span> <span class='ocrx_word' id='word_1_241' title='bbox 2914 842 3106 889; x_wconf 85' lang='lat' dir='ltr'>unum,</span> <span class='ocrx_word' id='word_1_242' title='bbox 3136 833 3192 880; x_wconf 90' lang='lat' dir='ltr'>et</span> <span class='ocrx_word' id='word_1_243' title='bbox 3222 826 3368 897; x_wconf 87' lang='lat'>(788)</span> <span class='ocrx_word' id='word_1_244' title='bbox 3401 827 3508 881; x_wconf 81' lang='lat' dir='ltr'>alia</span> 
     </span>
    </p>
   </div>
   <div class='ocr_carea' id='block_1_41' title="bbox 2166 911 3720 986">
    <p class='ocr_par' dir='ltr' id='par_1_41' title="bbox 2166 911 3720 986">
     <span class='ocr_line' id='line_1_41' title="bbox 2166 911 3720 986; baseline 0.005 -21"><span class='ocrx_word' id='word_1_245' title='bbox 2166 911 2290 966; x_wconf 79' lang='lat' dir='ltr'>CAP.</span> <span class='ocrx_word' id='word_1_246' title='bbox 2338 912 2440 967; x_wconf 82' lang='lat' dir='ltr'>XC.</span> <span class='ocrx_word' id='word_1_247' title='bbox 2497 913 2778 967; x_wconf 84' lang='lat' dir='ltr'>Freculfus</span> <span class='ocrx_word' id='word_1_248' title='bbox 2835 914 2986 983; x_wconf 77' lang='grc'>(789)</span> <span class='ocrx_word' id='word_1_249' title='bbox 3027 915 3324 986; x_wconf 89' lang='lat' dir='ltr'>episcopus</span> <span class='ocrx_word' id='word_1_250' title='bbox 3370 916 3591 986; x_wconf 89' lang='lat' dir='ltr'>scripsit</span> <span class='ocrx_word' id='word_1_251' title='bbox 3644 918 3720 972; x_wconf 88' lang='lat' dir='ltr'>ad</span> 
     </span>
    </p>
   </div>
   <div class='ocr_carea' id='block_1_42' title="bbox 2097 1004 3717 1081">
    <p class='ocr_par' dir='ltr' id='par_1_42' title="bbox 2097 1004 3717 1081">
     <span class='ocr_line' id='line_1_42' title="bbox 2097 1004 3717 1081; baseline 0.004 -23"><span class='ocrx_word' id='word_1_252' title='bbox 2097 1004 2469 1058; x_wconf 85' lang='lat' dir='ltr'>Elisacharum</span> <span class='ocrx_word' id='word_1_253' title='bbox 2512 1004 2795 1059; x_wconf 87' lang='lat' dir='ltr'>historiam</span> <span class='ocrx_word' id='word_1_254' title='bbox 2852 1022 2883 1058; x_wconf 88' lang='lat' dir='ltr'>a</span> <span class='ocrx_word' id='word_1_255' title='bbox 2930 1007 3253 1062; x_wconf 89' lang='lat' dir='ltr'>conditione</span> <span class='ocrx_word' id='word_1_256' title='bbox 3297 1009 3485 1062; x_wconf 91' lang='lat' dir='ltr'>mundi</span> <span class='ocrx_word' id='word_1_257' title='bbox 3531 1025 3717 1081; x_wconf 83' lang='lat' dir='ltr'>usque</span> 
     </span>
    </p>
   </div>
   <div class='ocr_carea' id='block_1_43' title="bbox 2090 1096 3715 1157">
    <p class='ocr_par' dir='ltr' id='par_1_43' title="bbox 2090 1096 3715 1157">
     <span class='ocr_line' id='line_1_43' title="bbox 2090 1096 3715 1157; baseline 0.004 -8"><span class='ocrx_word' id='word_1_258' title='bbox 2090 1098 2156 1149; x_wconf 90' lang='lat' dir='ltr'>ad</span> <span class='ocrx_word' id='word_1_259' title='bbox 2188 1097 2523 1152; x_wconf 73' lang='lat' dir='ltr'>nativitatem</span> <span class='ocrx_word' id='word_1_260' title='bbox 2555 1096 2774 1151; x_wconf 87' lang='lat' dir='ltr'>Christi.</span> <span class='ocrx_word' id='word_1_261' title='bbox 2804 1096 3190 1153; x_wconf 74' lang='lat' dir='ltr'>Dit’ticultatem</span> <span class='ocrx_word' id='word_1_262' title='bbox 3232 1100 3395 1154; x_wconf 90' lang='lat' dir='ltr'>etiam</span> <span class='ocrx_word' id='word_1_263' title='bbox 3428 1101 3715 1157; x_wconf 86' lang='lat' dir='ltr'>intercur-</span> 
     </span>
    </p>
   </div>
   <div class='ocr_carea' id='block_1_44' title="bbox 2093 1188 3716 1265">
    <p class='ocr_par' dir='ltr' id='par_1_44' title="bbox 2093 1188 3716 1265">
     <span class='ocr_line' id='line_1_44' title="bbox 2093 1188 3716 1265; baseline 0.004 -23"><span class='ocrx_word' id='word_1_264' title='bbox 2093 1188 2327 1242; x_wconf 90' lang='lat' dir='ltr'>rentium</span> <span class='ocrx_word' id='word_1_265' title='bbox 2353 1189 2720 1260; x_wconf 65' lang='lat' dir='ltr'>quaestionum</span> <span class='ocrx_word' id='word_1_266' title='bbox 2752 1191 2994 1245; x_wconf 90' lang='lat' dir='ltr'>enodare</span> <span class='ocrx_word' id='word_1_267' title='bbox 3018 1207 3131 1246; x_wconf 93' lang='lat' dir='ltr'>non</span> <span class='ocrx_word' id='word_1_268' title='bbox 3164 1193 3426 1265; x_wconf 80' lang='lat' dir='ltr'>neglexit,</span> <span class='ocrx_word' id='word_1_269' title='bbox 3460 1201 3513 1248; x_wconf 79' lang='lat' dir='ltr'>et</span> <span class='ocrx_word' id='word_1_270' title='bbox 3536 1195 3716 1249; x_wconf 87' lang='lat' dir='ltr'>inter-</span> 
     </span>
    </p>
   </div>
   <div class='ocr_carea' id='block_1_45' title="bbox 2092 1281 3710 1352">
    <p class='ocr_par' dir='ltr' id='par_1_45' title="bbox 2092 1281 3710 1352">
     <span class='ocr_line' id='line_1_45' title="bbox 2092 1281 3710 1352; baseline 0.001 -16"><span class='ocrx_word' id='word_1_271' title='bbox 2092 1281 2351 1352; x_wconf 91' lang='lat' dir='ltr'>ponendo</span> <span class='ocrx_word' id='word_1_272' title='bbox 2390 1281 2588 1335; x_wconf 78' lang='lat' dir='ltr'>divinae</span> <span class='ocrx_word' id='word_1_273' title='bbox 2622 1282 2866 1339; x_wconf 65' lang='lat' dir='ltr'>historiae</span> <span class='ocrx_word' id='word_1_274' title='bbox 2899 1283 3192 1339; x_wconf 70' lang='lat' dir='ltr'>saeculares</span> <span class='ocrx_word' id='word_1_275' title='bbox 3237 1286 3519 1352; x_wconf 84' lang='lat' dir='ltr'>historias,</span> <span class='ocrx_word' id='word_1_276' title='bbox 3563 1301 3710 1341; x_wconf 86' lang='lat' dir='ltr'>con-</span> 
     </span>
    </p>
   </div>
   <div class='ocr_carea' id='block_1_46' title="bbox 2090 1373 3716 1447">
    <p class='ocr_par' dir='ltr' id='par_1_46' title="bbox 2090 1373 3716 1447">
     <span class='ocr_line' id='line_1_46' title="bbox 2090 1373 3716 1447; baseline 0.002 -21"><span class='ocrx_word' id='word_1_277' title='bbox 2090 1373 2523 1443; x_wconf 89' lang='lat' dir='ltr'>temporalitates</span> <span class='ocrx_word' id='word_1_278' title='bbox 2557 1390 2850 1446; x_wconf 80' lang='lat' dir='ltr'>regnorum</span> <span class='ocrx_word' id='word_1_279' title='bbox 2870 1376 2973 1429; x_wconf 86' lang='lat' dir='ltr'>sibi</span> <span class='ocrx_word' id='word_1_280' title='bbox 2993 1382 3274 1447; x_wconf 90' lang='lat' dir='ltr'>coaptans,</span> <span class='ocrx_word' id='word_1_281' title='bbox 3303 1375 3716 1431; x_wconf 81' lang='lat' dir='ltr'>consummavit</span> 
     </span>
    </p>
   </div>
   <div class='ocr_carea' id='block_1_47' title="bbox 2092 1466 2865 1538">
    <p class='ocr_par' dir='ltr' id='par_1_47' title="bbox 2092 1466 2865 1538">
     <span class='ocr_line' id='line_1_47' title="bbox 2092 1466 2865 1538; baseline 0.004 -20"><span class='ocrx_word' id='word_1_282' title='bbox 2092 1466 2195 1520; x_wconf 92' lang='lat' dir='ltr'>hoc</span> <span class='ocrx_word' id='word_1_283' title='bbox 2224 1466 2435 1535; x_wconf 87' lang='lat' dir='ltr'>epusin</span> <span class='ocrx_word' id='word_1_284' title='bbox 2467 1474 2676 1538; x_wconf 85' lang='lat' dir='ltr'>septem</span> <span class='ocrx_word' id='word_1_285' title='bbox 2711 1468 2865 1521; x_wconf 86' lang='lat' dir='ltr'>libris</span> 
     </span>
    </p>
   </div>
   <div class='ocr_carea' id='block_1_48' title="bbox 2164 1554 3717 1629">
    <p class='ocr_par' dir='ltr' id='par_1_48' title="bbox 2164 1554 3717 1629">
     <span class='ocr_line' id='line_1_48' title="bbox 2164 1554 3717 1629; baseline 0.004 -21"><span class='ocrx_word' id='word_1_286' title='bbox 2164 1554 2287 1610; x_wconf 72' lang='lat' dir='ltr'>CAP.</span> <span class='ocrx_word' id='word_1_287' title='bbox 2361 1554 2486 1611; x_wconf 81' lang='lat' dir='ltr'><strong>XCI.</strong></span> <span class='ocrx_word' id='word_1_288' title='bbox 2556 1557 2877 1611; x_wconf 87' lang='lat' dir='ltr'>Ambrosius</span> <span class='ocrx_word' id='word_1_289' title='bbox 2941 1558 3233 1613; x_wconf 88' lang='lat' dir='ltr'>Autbertus</span> <span class='ocrx_word' id='word_1_290' title='bbox 3289 1558 3435 1628; x_wconf 82' lang='lat'>(790)</span> <span class='ocrx_word' id='word_1_291' title='bbox 3487 1558 3717 1629; x_wconf 89' lang='lat' dir='ltr'>scripsit</span> 
     </span>
    </p>
   </div>
   <div class='ocr_carea' id='block_1_49' title="bbox 2014 1644 3712 1719">
    <p class='ocr_par' dir='ltr' id='par_1_49' title="bbox 2014 1644 3712 1719">
     <span class='ocr_line' id='line_1_49' title="bbox 2014 1644 3712 1719; baseline 0.004 -20"><span class='ocrx_word' id='word_1_292' title='bbox 2014 1644 2063 1710; x_wconf 72' lang='grc' dir='ltr'><strong>Β</strong></span> <span class='ocrx_word' id='word_1_293' title='bbox 2090 1646 2289 1701; x_wconf 90' lang='lat' dir='ltr'>librum</span> <span class='ocrx_word' id='word_1_294' title='bbox 2332 1647 2400 1701; x_wconf 93' lang='lat' dir='ltr'>de</span> <span class='ocrx_word' id='word_1_295' title='bbox 2454 1648 2790 1718; x_wconf 78' lang='lat' dir='ltr'>CUpiditate;</span> <span class='ocrx_word' id='word_1_296' title='bbox 2833 1650 3052 1719; x_wconf 88' lang='lat' dir='ltr'>scripsit</span> <span class='ocrx_word' id='word_1_297' title='bbox 3098 1651 3264 1705; x_wconf 88' lang='lat' dir='ltr'>etiam</span> <span class='ocrx_word' id='word_1_298' title='bbox 3320 1650 3487 1705; x_wconf 89' lang='lat' dir='ltr'>libros</span> <span class='ocrx_word' id='word_1_299' title='bbox 3514 1651 3712 1706; x_wconf 89' lang='lat' dir='ltr'>decem</span> 
     </span>
    </p>
   </div>
   <div class='ocr_carea' id='block_1_50' title="bbox 2091 1741 3219 1813">
    <p class='ocr_par' dir='ltr' id='par_1_50' title="bbox 2091 1741 3219 1813">
     <span class='ocr_line' id='line_1_50' title="bbox 2091 1741 3219 1813; baseline 0.005 -19"><span class='ocrx_word' id='word_1_300' title='bbox 2091 1757 2258 1811; x_wconf 88' lang='lat' dir='ltr'>super</span> <span class='ocrx_word' id='word_1_301' title='bbox 2288 1741 2698 1813; x_wconf 81' lang='lat' dir='ltr'>Apocalypsim,</span> <span class='ocrx_word' id='word_1_302' title='bbox 2717 1753 2770 1797; x_wconf 88' lang='lat' dir='ltr'>et</span> <span class='ocrx_word' id='word_1_303' title='bbox 2797 1743 2902 1797; x_wconf 89' lang='lat' dir='ltr'>alia</span> <span class='ocrx_word' id='word_1_304' title='bbox 2930 1745 3219 1800; x_wconf 90' lang='lat' dir='ltr'>nonnulla.</span> 
     </span>
    </p>
   </div>
   <div class='ocr_carea' id='block_1_51' title="bbox 2165 1836 3716 1914">
    <p class='ocr_par' dir='ltr' id='par_1_51' title="bbox 2165 1836 3716 1914">
     <span class='ocr_line' id='line_1_51' title="bbox 2165 1836 3716 1914; baseline 0.005 -25"><span class='ocrx_word' id='word_1_305' title='bbox 2165 1836 2289 1891; x_wconf 75' lang='lat' dir='ltr'>CAP.</span> <span class='ocrx_word' id='word_1_306' title='bbox 2320 1836 2474 1890; x_wconf 78' lang='lat' dir='ltr'><strong>XCII.</strong></span> <span class='ocrx_word' id='word_1_307' title='bbox 2526 1836 2713 1891; x_wconf 87' lang='lat' dir='ltr'>Florus</span> <span class='ocrx_word' id='word_1_308' title='bbox 2740 1839 2878 1908; x_wconf 73' lang='grc'>(791)</span> <span class='ocrx_word' id='word_1_309' title='bbox 2913 1839 3185 1909; x_wconf 87' lang='lat' dir='ltr'>Epistolas</span> <span class='ocrx_word' id='word_1_310' title='bbox 3218 1839 3370 1894; x_wconf 89' lang='lat' dir='ltr'>Pauli</span> <span class='ocrx_word' id='word_1_311' title='bbox 3398 1856 3461 1895; x_wconf 80' lang='lat' dir='ltr'>ex</span> <span class='ocrx_word' id='word_1_312' title='bbox 3491 1840 3716 1914; x_wconf 80' lang='lat' dir='ltr'>integro</span> 
     </span>
    </p>
   </div>
   <div class='ocr_carea' id='block_1_52' title="bbox 2093 1924 3717 2004">
    <p class='ocr_par' dir='ltr' id='par_1_52' title="bbox 2093 1924 3717 2004">
     <span class='ocr_line' id='line_1_52' title="bbox 2093 1924 3717 2004; baseline 0.002 -24"><span class='ocrx_word' id='word_1_313' title='bbox 2093 1924 2367 1995; x_wconf 85' lang='lat' dir='ltr'>exposuit,</span> <span class='ocrx_word' id='word_1_314' title='bbox 2397 1924 2488 1995; x_wconf 90' lang='lat' dir='ltr'>qui</span> <span class='ocrx_word' id='word_1_315' title='bbox 2523 1924 2660 1978; x_wconf 88' lang='lat' dir='ltr'>nihil</span> <span class='ocrx_word' id='word_1_316' title='bbox 2692 1942 2722 1979; x_wconf 91' lang='lat' dir='ltr'><strong>a</strong></span> <span class='ocrx_word' id='word_1_317' title='bbox 2748 1942 2807 1979; x_wconf 87' lang='lat' dir='ltr'>se</span> <span class='ocrx_word' id='word_1_318' title='bbox 2840 1927 3052 1991; x_wconf 84' lang='lat' dir='ltr'>dicens,</span> <span class='ocrx_word' id='word_1_319' title='bbox 3075 1928 3172 1982; x_wconf 89' lang='lat' dir='ltr'>sed</span> <span class='ocrx_word' id='word_1_320' title='bbox 3197 1943 3392 1982; x_wconf 90' lang='lat' dir='ltr'>omnes</span> <span class='ocrx_word' id='word_1_321' title='bbox 3422 1930 3717 2004; x_wconf 80' lang='lat' dir='ltr'>Augustini</span> 
     </span>
    </p>
   </div>
   <div class='ocr_carea' id='block_1_53' title="bbox 2093 2014 3717 2087">
    <p class='ocr_par' dir='ltr' id='par_1_53' title="bbox 2093 2014 3717 2087">
     <span class='ocr_line' id='line_1_53' title="bbox 2093 2014 3717 2087; baseline 0.002 -18"><span class='ocrx_word' id='word_1_322' title='bbox 2093 2016 2262 2071; x_wconf 90' lang='lat' dir='ltr'>libros</span> <span class='ocrx_word' id='word_1_323' title='bbox 2304 2014 2616 2080; x_wconf 84' lang='lat' dir='ltr'>revolvens,</span> <span class='ocrx_word' id='word_1_324' title='bbox 2659 2023 2713 2069; x_wconf 91' lang='lat' dir='ltr'>et</span> <span class='ocrx_word' id='word_1_325' title='bbox 2745 2016 2984 2085; x_wconf 90' lang='lat' dir='ltr'>capitula</span> <span class='ocrx_word' id='word_1_326' title='bbox 3026 2016 3392 2087; x_wconf 82' lang='lat' dir='ltr'>Epistolarum</span> <span class='ocrx_word' id='word_1_327' title='bbox 3438 2018 3608 2083; x_wconf 90' lang='lat' dir='ltr'>Pauli,</span> <span class='ocrx_word' id='word_1_328' title='bbox 3644 2019 3717 2073; x_wconf 90' lang='lat' dir='ltr'>ab</span> 
     </span>
    </p>
   </div>
   <div class='ocr_carea' id='block_1_54' title="bbox 2093 2107 3721 2182">
    <p class='ocr_par' dir='ltr' id='par_1_54' title="bbox 2093 2107 3721 2182">
     <span class='ocr_line' id='line_1_54' title="bbox 2093 2107 3721 2182; baseline 0.003 -21"><span class='ocrx_word' id='word_1_329' title='bbox 2093 2107 2399 2179; x_wconf 85' lang='lat' dir='ltr'>Augustino</span> <span class='ocrx_word' id='word_1_330' title='bbox 2430 2107 2663 2161; x_wconf 90' lang='lat' dir='ltr'>diversis</span> <span class='ocrx_word' id='word_1_331' title='bbox 2693 2107 2827 2162; x_wconf 88' lang='lat' dir='ltr'>locis</span> <span class='ocrx_word' id='word_1_332' title='bbox 2867 2109 3139 2179; x_wconf 87' lang='lat' dir='ltr'>exposita,</span> <span class='ocrx_word' id='word_1_333' title='bbox 3192 2110 3545 2182; x_wconf 86' lang='lat' dir='ltr'>recolligens,</span> <span class='ocrx_word' id='word_1_334' title='bbox 3592 2110 3721 2182; x_wconf 89' lang='lat' dir='ltr'>ipsa</span> 
     </span>
    </p>
   </div>
   <div class='ocr_carea' id='block_1_55' title="bbox 2095 2196 3722 2268">
    <p class='ocr_par' dir='ltr' id='par_1_55' title="bbox 2095 2196 3722 2268">
     <span class='ocr_line' id='line_1_55' title="bbox 2095 2196 3722 2268; baseline 0.001 -16"><span class='ocrx_word' id='word_1_335' title='bbox 2095 2196 2335 2267; x_wconf 90' lang='lat' dir='ltr'>capitula</span> <span class='ocrx_word' id='word_1_336' title='bbox 2386 2197 2633 2266; x_wconf 83' lang='lat' dir='ltr'>exposita</span> <span class='ocrx_word' id='word_1_337' title='bbox 2674 2197 2913 2252; x_wconf 89' lang='lat' dir='ltr'>restituit</span> <span class='ocrx_word' id='word_1_338' title='bbox 2962 2197 3142 2253; x_wconf 89' lang='lat' dir='ltr'>ordini</span> <span class='ocrx_word' id='word_1_339' title='bbox 3195 2198 3580 2268; x_wconf 88' lang='lat' dir='ltr'>Epistolarum,</span> <span class='ocrx_word' id='word_1_340' title='bbox 3614 2201 3722 2254; x_wconf 83' lang='lat' dir='ltr'>ad-</span> 
     </span>
    </p>
   </div>
   <div class='ocr_carea' id='block_1_56' title="bbox 2097 2284 3720 2359">
    <p class='ocr_par' dir='ltr' id='par_1_56' title="bbox 2097 2284 3720 2359">
     <span class='ocr_line' id='line_1_56' title="bbox 2097 2284 3720 2359; baseline 0.002 -19"><span class='ocrx_word' id='word_1_341' title='bbox 2097 2293 2293 2340; x_wconf 88' lang='lat' dir='ltr'>notans</span> <span class='ocrx_word' id='word_1_342' title='bbox 2320 2284 2566 2358; x_wconf 86' lang='lat' dir='ltr'>singulos</span> <span class='ocrx_word' id='word_1_343' title='bbox 2603 2286 2889 2359; x_wconf 84' lang='lat' dir='ltr'>Augustini</span> <span class='ocrx_word' id='word_1_344' title='bbox 2918 2286 3090 2342; x_wconf 89' lang='lat' dir='ltr'>libros</span> <span class='ocrx_word' id='word_1_345' title='bbox 3139 2286 3193 2341; x_wconf 92' lang='lat' dir='ltr'>in</span> <span class='ocrx_word' id='word_1_346' title='bbox 3230 2287 3435 2359; x_wconf 88' lang='lat' dir='ltr'>quibus</span> <span class='ocrx_word' id='word_1_347' title='bbox 3470 2304 3535 2342; x_wconf 88' lang='lat' dir='ltr'>ea</span> <span class='ocrx_word' id='word_1_348' title='bbox 3558 2290 3720 2359; x_wconf 85' lang='lat' dir='ltr'>capi-</span> 
     </span>
    </p>
   </div>
   <div class='ocr_carea' id='block_1_57' title="bbox 2098 2377 3718 2447">
    <p class='ocr_par' dir='ltr' id='par_1_57' title="bbox 2098 2377 3718 2447">
     <span class='ocr_line' id='line_1_57' title="bbox 2098 2377 3718 2447; baseline 0.002 -14"><span class='ocrx_word' id='word_1_349' title='bbox 2098 2378 2208 2433; x_wconf 88' lang='lat' dir='ltr'>tula</span> <span class='ocrx_word' id='word_1_350' title='bbox 2238 2377 2487 2447; x_wconf 82' lang='lat' dir='ltr'>exposita</span> <span class='ocrx_word' id='word_1_351' title='bbox 2530 2386 2704 2444; x_wconf 91' lang='lat' dir='ltr'>erant,</span> <span class='ocrx_word' id='word_1_352' title='bbox 2755 2384 2810 2432; x_wconf 93' lang='lat' dir='ltr'>et</span> <span class='ocrx_word' id='word_1_353' title='bbox 2848 2378 2930 2433; x_wconf 91' lang='lat' dir='ltr'>sic</span> <span class='ocrx_word' id='word_1_354' title='bbox 2968 2394 3109 2435; x_wconf 90' lang='lat' dir='ltr'>novo</span> <span class='ocrx_word' id='word_1_355' title='bbox 3158 2386 3212 2434; x_wconf 89' lang='lat' dir='ltr'>et</span> <span class='ocrx_word' id='word_1_356' title='bbox 3261 2380 3495 2434; x_wconf 86' lang='lat' dir='ltr'>mirabili</span> <span class='ocrx_word' id='word_1_357' title='bbox 3526 2382 3718 2437; x_wconf 89' lang='lat' dir='ltr'>studio</span> 
     </span>
    </p>
   </div>
   <div class='ocr_carea' id='block_1_58' title="bbox 2097 2472 3719 2547">
    <p class='ocr_par' dir='ltr' id='par_1_58' title="bbox 2097 2472 3719 2547">
     <span class='ocr_line' id='line_1_58' title="bbox 2097 2472 3719 2547; baseline 0.003 -20"><span class='ocrx_word' id='word_1_358' title='bbox 2097 2473 2165 2527; x_wconf 90' lang='lat' dir='ltr'>de</span> <span class='ocrx_word' id='word_1_359' title='bbox 2222 2472 2405 2529; x_wconf 89' lang='lat' dir='ltr'>alieno</span> <span class='ocrx_word' id='word_1_360' title='bbox 2472 2474 2658 2529; x_wconf 88' lang='lat' dir='ltr'>labore</span> <span class='ocrx_word' id='word_1_361' title='bbox 2738 2490 2996 2546; x_wconf 87' lang='lat' dir='ltr'>magnum</span> <span class='ocrx_word' id='word_1_362' title='bbox 3061 2475 3148 2531; x_wconf 89' lang='lat' dir='ltr'>sui</span> <span class='ocrx_word' id='word_1_363' title='bbox 3207 2476 3393 2547; x_wconf 85' lang='lat' dir='ltr'>Operis</span> <span class='ocrx_word' id='word_1_364' title='bbox 3454 2476 3719 2532; x_wconf 87' lang='lat' dir='ltr'>volumen</span> 
     </span>
    </p>
   </div>
   <div class='ocr_carea' id='block_1_59' title="bbox 2094 2566 2287 2621">
    <p class='ocr_par' dir='ltr' id='par_1_59' title="bbox 2094 2566 2287 2621">
     <span class='ocr_line' id='line_1_59' title="bbox 2094 2566 2287 2621; baseline -0.01 0"><span class='ocrx_word' id='word_1_365' title='bbox 2094 2566 2287 2621; x_wconf 89' lang='lat' dir='ltr'>edidit.</span> 
     </span>
    </p>
   </div>
   <div class='ocr_carea' id='block_1_60' title="bbox 2166 2655 3721 2730">
    <p class='ocr_par' dir='ltr' id='par_1_60' title="bbox 2166 2655 3721 2730">
     <span class='ocr_line' id='line_1_60' title="bbox 2166 2655 3721 2730; baseline 0.003 -19"><span class='ocrx_word' id='word_1_366' title='bbox 2166 2657 2288 2712; x_wconf 68' lang='lat' dir='ltr'>Car.</span> <span class='ocrx_word' id='word_1_367' title='bbox 2332 2655 2512 2711; x_wconf 85' lang='lat' dir='ltr'><strong>XCIII.</strong></span> <span class='ocrx_word' id='word_1_368' title='bbox 2557 2655 2737 2725; x_wconf 89' lang='lat' dir='ltr'>Lupus</span> <span class='ocrx_word' id='word_1_369' title='bbox 2775 2656 3032 2711; x_wconf 85' lang='lat' dir='ltr'>Servatus</span> <span class='ocrx_word' id='word_1_370' title='bbox 3072 2656 3214 2727; x_wconf 69' lang='lat'>(79‘2)</span> <span class='ocrx_word' id='word_1_371' title='bbox 3245 2656 3445 2711; x_wconf 87' lang='lat' dir='ltr'>librum</span> <span class='ocrx_word' id='word_1_372' title='bbox 3487 2673 3721 2730; x_wconf 87' lang='lat' dir='ltr'>compo-</span> 
     </span>
    </p>
   </div>
   <div class='ocr_carea' id='block_1_61' title="bbox 2092 2750 3723 2821">
    <p class='ocr_par' dir='ltr' id='par_1_61' title="bbox 2092 2750 3723 2821">
     <span class='ocr_line' id='line_1_61' title="bbox 2092 2750 3723 2821; baseline -0.001 -14"><span class='ocrx_word' id='word_1_373' title='bbox 2092 2754 2200 2807; x_wconf 88' lang='lat' dir='ltr'>suit</span> <span class='ocrx_word' id='word_1_374' title='bbox 2230 2753 2304 2806; x_wconf 90' lang='lat' dir='ltr'>De</span> <span class='ocrx_word' id='word_1_375' title='bbox 2343 2750 2519 2805; x_wconf 90' lang='lat' dir='ltr'>tribus</span> <span class='ocrx_word' id='word_1_376' title='bbox 2570 2750 2992 2821; x_wconf 76' lang='lat' dir='ltr'>quaestionibus,</span> <span class='ocrx_word' id='word_1_377' title='bbox 3040 2751 3095 2805; x_wconf 91' lang='lat' dir='ltr'>id</span> <span class='ocrx_word' id='word_1_378' title='bbox 3130 2758 3217 2806; x_wconf 87' lang='lat' dir='ltr'>est</span> <span class='ocrx_word' id='word_1_379' title='bbox 3246 2751 3315 2806; x_wconf 89' lang='lat' dir='ltr'>de</span> <span class='ocrx_word' id='word_1_380' title='bbox 3348 2751 3524 2805; x_wconf 88' lang='lat' dir='ltr'>libero</span> <span class='ocrx_word' id='word_1_381' title='bbox 3570 2752 3723 2806; x_wconf 83' lang='lat' dir='ltr'>arbi-</span> 
     </span>
    </p>
   </div>
   <div class='ocr_carea' id='block_1_62' title="bbox 2090 2839 3719 2911">
    <p class='ocr_par' dir='ltr' id='par_1_62' title="bbox 2090 2839 3719 2911">
     <span class='ocr_line' id='line_1_62' title="bbox 2090 2839 3719 2911; baseline -0.001 -14"><span class='ocrx_word' id='word_1_382' title='bbox 2090 2843 2217 2907; x_wconf 90' lang='lat' dir='ltr'>trio,</span> <span class='ocrx_word' id='word_1_383' title='bbox 2267 2842 2335 2895; x_wconf 90' lang='lat' dir='ltr'>de</span> <span class='ocrx_word' id='word_1_384' title='bbox 2369 2839 2857 2911; x_wconf 63' lang='lat' dir='ltr'>przedestinatione</span> <span class='ocrx_word' id='word_1_385' title='bbox 2911 2840 3181 2895; x_wconf 89' lang='lat' dir='ltr'>bonorum</span> <span class='ocrx_word' id='word_1_386' title='bbox 3214 2841 3592 2905; x_wconf 90' lang='lat' dir='ltr'>etmalorum,</span> <span class='ocrx_word' id='word_1_387' title='bbox 3646 2841 3719 2895; x_wconf 88' lang='lat' dir='ltr'>de</span> 
     </span>
    </p>
   </div>
   <div class='ocr_carea' id='block_1_63' title="bbox 2096 2924 3719 3011">
    <p class='ocr_par' dir='ltr' id='par_1_63' title="bbox 2096 2924 3719 3011">
     <span class='ocr_line' id='line_1_63' title="bbox 2096 2924 3719 3011; baseline -0.001 -19"><span class='ocrx_word' id='word_1_388' title='bbox 2096 2936 2385 3011; x_wconf 85' lang='lat' dir='ltr'>sanguinis</span> <span class='ocrx_word' id='word_1_389' title='bbox 2437 2934 2629 2990; x_wconf 88' lang='lat' dir='ltr'>Christi</span> <span class='ocrx_word' id='word_1_390' title='bbox 2677 2935 2912 3005; x_wconf 86' lang='lat' dir='ltr'>quadam</span> <span class='ocrx_word' id='word_1_391' title='bbox 2966 2934 3245 3005; x_wconf 88' lang='lat' dir='ltr'>superﬂua</span> <span class='ocrx_word' id='word_1_392' title='bbox 3303 2934 3580 2990; x_wconf 85' lang='lat' dir='ltr'>taxatione</span> <span class='ocrx_word' id='word_1_393' title='bbox 3630 2924 3719 2990; x_wconf 89' lang='lat' dir='ltr'>vel</span> 
     </span>
    </p>
   </div>
   <div class='ocr_carea' id='block_1_64' title="bbox 2098 3016 3726 3104">
    <p class='ocr_par' dir='ltr' id='par_1_64' title="bbox 2098 3016 3726 3104">
     <span class='ocr_line' id='line_1_64' title="bbox 2098 3016 3726 3104; baseline -0.002 -15"><span class='ocrx_word' id='word_1_394' title='bbox 2098 3016 2504 3104; x_wconf 35' lang='lat' dir='ltr'>red-emptione,</span> <span class='ocrx_word' id='word_1_395' title='bbox 2535 3048 2710 3103; x_wconf 77' lang='lat' dir='ltr'>usque</span> <span class='ocrx_word' id='word_1_396' title='bbox 2749 3031 2817 3086; x_wconf 90' lang='lat' dir='ltr'>ad</span> <span class='ocrx_word' id='word_1_397' title='bbox 2845 3030 3076 3086; x_wconf 88' lang='lat' dir='ltr'>salutem</span> <span class='ocrx_word' id='word_1_398' title='bbox 3110 3030 3427 3103; x_wconf 84' lang='lat' dir='ltr'>impiorum.</span> <span class='ocrx_word' id='word_1_399' title='bbox 3460 3030 3592 3085; x_wconf 86' lang='lat' dir='ltr'>Nam</span> <span class='ocrx_word' id='word_1_400' title='bbox 3634 3047 3726 3085; x_wconf 88' lang='lat' dir='ltr'>su-</span> 
     </span>
    </p>
   </div>
   <div class='ocr_carea' id='block_1_65' title="bbox 2099 3122 3723 3198">
    <p class='ocr_par' dir='ltr' id='par_1_65' title="bbox 2099 3122 3723 3198">
     <span class='ocr_line' id='line_1_65' title="bbox 2099 3122 3723 3198; baseline -0.003 -16"><span class='ocrx_word' id='word_1_401' title='bbox 2099 3144 2199 3198; x_wconf 89' lang='lat' dir='ltr'>per</span> <span class='ocrx_word' id='word_1_402' title='bbox 2240 3128 2343 3181; x_wconf 88' lang='lat' dir='ltr'>bac</span> <span class='ocrx_word' id='word_1_403' title='bbox 2396 3142 2453 3181; x_wconf 90' lang='lat' dir='ltr'>re</span> <span class='ocrx_word' id='word_1_404' title='bbox 2488 3133 2606 3181; x_wconf 91' lang='lat' dir='ltr'>orta</span> <span class='ocrx_word' id='word_1_405' title='bbox 2643 3132 2726 3180; x_wconf 90' lang='lat' dir='ltr'>est</span> <span class='ocrx_word' id='word_1_406' title='bbox 2765 3124 3016 3197; x_wconf 72' lang='lat' dir='ltr'>qumdam</span> <span class='ocrx_word' id='word_1_407' title='bbox 3077 3122 3207 3179; x_wconf 83' lang='lat' dir='ltr'>ﬁdei</span> <span class='ocrx_word' id='word_1_408' title='bbox 3259 3122 3520 3191; x_wconf 89' lang='lat' dir='ltr'>turbatio,</span> <span class='ocrx_word' id='word_1_409' title='bbox 3573 3137 3723 3178; x_wconf 90' lang='lat' dir='ltr'>anno</span> 
     </span>
    </p>
   </div>
   <div class='ocr_carea' id='block_1_66' title="bbox 2098 3213 3473 3287">
    <p class='ocr_par' dir='ltr' id='par_1_66' title="bbox 2098 3213 3473 3287">
     <span class='ocr_line' id='line_1_66' title="bbox 2098 3213 3473 3287; baseline -0.003 -17"><span class='ocrx_word' id='word_1_410' title='bbox 2098 3216 2318 3271; x_wconf 91' lang='lat' dir='ltr'>Domini</span> <span class='ocrx_word' id='word_1_411' title='bbox 2353 3215 2819 3287; x_wconf 80' lang='lat' dir='ltr'>octingentesimo</span> <span class='ocrx_word' id='word_1_412' title='bbox 2848 3213 3271 3285; x_wconf 86' lang='lat' dir='ltr'>quadragesimo</span> <span class='ocrx_word' id='word_1_413' title='bbox 3303 3228 3473 3267; x_wconf 92' lang='lat' dir='ltr'>nono.</span> 
     </span>
    </p>
   </div>
   <div class='ocr_carea' id='block_1_67' title="bbox 2174 3305 3725 3381">
    <p class='ocr_par' dir='ltr' id='par_1_67' title="bbox 2174 3305 3725 3381">
     <span class='ocr_line' id='line_1_67' title="bbox 2174 3305 3725 3381; baseline 0 -16"><span class='ocrx_word' id='word_1_414' title='bbox 2174 3311 2299 3365; x_wconf 80' lang='lat' dir='ltr'>CAP.</span> <span class='ocrx_word' id='word_1_415' title='bbox 2362 3310 2530 3366; x_wconf 90' lang='lat' dir='ltr'><strong>XCIV.</strong></span> <span class='ocrx_word' id='word_1_416' title='bbox 2597 3312 2840 3366; x_wconf 87' lang='lat' dir='ltr'>Joannes</span> <span class='ocrx_word' id='word_1_417' title='bbox 2897 3308 3135 3381; x_wconf 83' lang='lat' dir='ltr'>Erigena</span> <span class='ocrx_word' id='word_1_418' title='bbox 3174 3306 3319 3377; x_wconf 88' lang='grc'>(793)</span> <span class='ocrx_word' id='word_1_419' title='bbox 3372 3305 3515 3380; x_wconf 90' lang='lat' dir='ltr'>[mss.</span> <span class='ocrx_word' id='word_1_420' title='bbox 3571 3309 3725 3365; x_wconf 85' lang='lat' dir='ltr'>Gem-</span> 
     </span>
    </p>
   </div>
   <div class='ocr_carea' id='block_1_68' title="bbox 2123 3398 3726 3474">
    <p class='ocr_par' dir='ltr' id='par_1_68' title="bbox 2123 3398 3726 3474">
     <span class='ocr_line' id='line_1_68' title="bbox 2123 3398 3726 3474; baseline 0.002 -22"><span class='ocrx_word' id='word_1_421' title='bbox 2123 3401 2239 3459; x_wconf 79' lang='lat' dir='ltr'>bluc</span> <span class='ocrx_word' id='word_1_422' title='bbox 2281 3410 2329 3459; x_wconf 81' lang='lat' dir='ltr'>ct</span> <span class='ocrx_word' id='word_1_423' title='bbox 2356 3403 2632 3471; x_wconf 77' lang='lat' dir='ltr'>Afﬂigcm.</span> <span class='ocrx_word' id='word_1_424' title='bbox 2667 3399 2958 3474; x_wconf 82' lang='lat' dir='ltr'>Eurigena]</span> <span class='ocrx_word' id='word_1_425' title='bbox 3011 3398 3242 3470; x_wconf 90' lang='lat' dir='ltr'>jubente</span> <span class='ocrx_word' id='word_1_426' title='bbox 3283 3398 3493 3462; x_wconf 88' lang='lat' dir='ltr'>Carolo,</span> <span class='ocrx_word' id='word_1_427' title='bbox 3538 3398 3726 3455; x_wconf 92' lang='lat' dir='ltr'>Ludo-</span> 
     </span>
    </p>
   </div>
   <div class='ocr_carea' id='block_1_69' title="bbox 1599 3494 2478 3553">
    <p class='ocr_par' dir='ltr' id='par_1_69' title="bbox 1599 3494 2478 3553">
     <span class='ocr_line' id='line_1_69' title="bbox 1599 3494 2478 3553; baseline -0.003 -5"><span class='ocrx_word' id='word_1_428' title='bbox 1599 3495 1879 3552; x_wconf 79' lang='lat' dir='ltr'>AUBERTI</span> <span class='ocrx_word' id='word_1_429' title='bbox 1922 3497 2135 3553; x_wconf 66' lang='grc' dir='ltr'>ΜΙΒᾹΞΙ</span> <span class='ocrx_word' id='word_1_430' title='bbox 2186 3494 2478 3549; x_wconf 77' lang='lat' dir='ltr'>SCHOLIA.</span> 
     </span>
    </p>
   </div>
   <div class='ocr_carea' id='block_1_70' title="bbox 374 3592 1986 3669">
    <p class='ocr_par' dir='ltr' id='par_1_70' title="bbox 374 3592 1986 3669">
     <span class='ocr_line' id='line_1_70' title="bbox 374 3592 1986 3669; baseline -0.004 -16"><span class='ocrx_word' id='word_1_431' title='bbox 374 3597 468 3664; x_wconf 90' lang='lat' dir='ltr'>ris,</span> <span class='ocrx_word' id='word_1_432' title='bbox 498 3596 671 3652; x_wconf 85' lang='lat' dir='ltr'>factus</span> <span class='ocrx_word' id='word_1_433' title='bbox 700 3599 784 3648; x_wconf 91' lang='lat' dir='ltr'>est</span> <span class='ocrx_word' id='word_1_434' title='bbox 830 3592 1655 3669; x_wconf 37' lang='lat' dir='ltr'>abbasGaudensis‘cmnobji)</span> <span class='ocrx_word' id='word_1_435' title='bbox 1691 3595 1810 3669; x_wconf 15' lang='lat' dir='ltr'>qui,</span> <span class='ocrx_word' id='word_1_436' title='bbox 1834 3604 1986 3669; x_wconf 81' lang='lat' dir='ltr'>gesta</span> 
     </span>
    </p>
   </div>
   <div class='ocr_carea' id='block_1_71' title="bbox 374 3664 1984 3741">
    <p class='ocr_par' dir='ltr' id='par_1_71' title="bbox 374 3664 1984 3741">
     <span class='ocr_line' id='line_1_71' title="bbox 374 3664 1984 3741; baseline 0.001 -17"><span class='ocrx_word' id='word_1_437' title='bbox 374 3670 577 3741; x_wconf 79' lang='lat' dir='ltr'>inclyta</span> <span class='ocrx_word' id='word_1_438' title='bbox 624 3676 679 3721; x_wconf 91' lang='lat' dir='ltr'>et</span> <span class='ocrx_word' id='word_1_439' title='bbox 708 3674 845 3741; x_wconf 73' lang='lat' dir='ltr'>acta</span> <span class='ocrx_word' id='word_1_440' title='bbox 884 3664 1107 3741; x_wconf 70' lang='lat' dir='ltr'>gloriosi</span> <span class='ocrx_word' id='word_1_441' title='bbox 1134 3665 1282 3741; x_wconf 80' lang='lat' dir='ltr'>_in_1p.</span> <span class='ocrx_word' id='word_1_442' title='bbox 1342 3665 1515 3741; x_wconf 82' lang='lat' dir='ltr'>Caroli</span> <span class='ocrx_word' id='word_1_443' title='bbox 1570 3664 1751 3741; x_wconf 70' lang='lat' dir='ltr'>Magni</span> <span class='ocrx_word' id='word_1_444' title='bbox 1783 3664 1984 3741; x_wconf 64' lang='lat' dir='ltr'>lucido</span> 
     </span>
    </p>
   </div>
   <div class='ocr_carea' id='block_1_72' title="bbox 372 3736 1983 3812">
    <p class='ocr_par' dir='ltr' id='par_1_72' title="bbox 372 3736 1983 3812">
     <span class='ocr_line' id='line_1_72' title="bbox 372 3736 1983 3812; baseline -0.001 -17"><span class='ocrx_word' id='word_1_445' title='bbox 372 3736 513 3812; x_wconf 85' lang='lat' dir='ltr'>ston</span> <span class='ocrx_word' id='word_1_446' title='bbox 540 3736 836 3812; x_wconf 76' lang='lat' dir='ltr'>descripsit</span> <span class='ocrx_word' id='word_1_447' title='bbox 985 3736 1234 3812; x_wconf 82' lang='lat' dir='ltr'>Meminit</span> <span class='ocrx_word' id='word_1_448' title='bbox 1264 3745 1318 3812; x_wconf 81' lang='lat' dir='ltr'>et</span> <span class='ocrx_word' id='word_1_449' title='bbox 1354 3738 1542 3812; x_wconf 73' lang='lat' dir='ltr'>operis</span> <span class='ocrx_word' id='word_1_450' title='bbox 1570 3737 1731 3812; x_wconf 82' lang='lat' dir='ltr'>hujus</span> <span class='ocrx_word' id='word_1_451' title='bbox 1782 3738 1983 3810; x_wconf 88' lang='lat' dir='ltr'>Lupus,</span> 
     </span>
    </p>
   </div>
   <div class='ocr_carea' id='block_1_73' title="bbox 373 3807 1963 3882">
    <p class='ocr_par' dir='ltr' id='par_1_73' title="bbox 373 3807 1963 3882">
     <span class='ocr_line' id='line_1_73' title="bbox 373 3807 1963 3882; baseline 0 -16"><span class='ocrx_word' id='word_1_452' title='bbox 373 3807 546 3865; x_wconf 80' lang='lat' dir='ltr'>abbes</span> <span class='ocrx_word' id='word_1_453' title='bbox 576 3807 956 3882; x_wconf 72' lang='lat' dir='ltr'>Ferrariensis,</span> <span class='ocrx_word' id='word_1_454' title='bbox 992 3807 1223 3875; x_wconf 88' lang='lat' dir='ltr'>epistola</span> <span class='ocrx_word' id='word_1_455' title='bbox 1253 3808 1319 3861; x_wconf 82' lang='lat' dir='ltr'>ad</span> <span class='ocrx_word' id='word_1_456' title='bbox 1353 3808 1721 3879; x_wconf 82' lang='lat' dir='ltr'>Eginhardutn</span> <span class='ocrx_word' id='word_1_457' title='bbox 1757 3807 1963 3882; x_wconf 40' lang='lat' dir='ltr'>seri—pta</span> 
     </span>
    </p>
   </div>
   <div class='ocr_carea' id='block_1_74' title="bbox 376 3878 853 3936">
    <p class='ocr_par' dir='ltr' id='par_1_74' title="bbox 376 3878 853 3936">
     <span class='ocr_line' id='line_1_74' title="bbox 376 3878 853 3936; baseline -0.013 0"><span class='ocrx_word' id='word_1_458' title='bbox 376 3882 521 3936; x_wconf 86' lang='lat' dir='ltr'>Obiit</span> <span class='ocrx_word' id='word_1_459' title='bbox 545 3895 690 3934; x_wconf 86' lang='lat' dir='ltr'>anno</span> <span class='ocrx_word' id='word_1_460' title='bbox 728 3878 853 3932; x_wconf 70' lang='grc'>844.</span> 
     </span>
    </p>
   </div>
   <div class='ocr_carea' id='block_1_75' title="bbox 446 3946 1988 4022">
    <p class='ocr_par' dir='ltr' id='par_1_75' title="bbox 446 3946 1988 4022">
     <span class='ocr_line' id='line_1_75' title="bbox 446 3946 1988 4022; baseline 0.001 -16"><span class='ocrx_word' id='word_1_461' title='bbox 446 3951 603 4022; x_wconf 8' lang='lat'>(786),</span> <span class='ocrx_word' id='word_1_462' title='bbox 628 3946 896 4022; x_wconf 83' lang='lat' dir='ltr'>Husuardi</span> <span class='ocrx_word' id='word_1_463' title='bbox 928 3946 1348 4022; x_wconf 76' lang='lat' dir='ltr'>vul_go_Usardi,</span> <span class='ocrx_word' id='word_1_464' title='bbox 1365 3951 1617 4022; x_wconf 88' lang='lat' dir='ltr'>monachi</span> <span class='ocrx_word' id='word_1_465' title='bbox 1650 3950 1805 4022; x_wconf 82' lang='lat' dir='ltr'>Galli,</span> <span class='ocrx_word' id='word_1_466' title='bbox 1849 3953 1988 4007; x_wconf 85' lang='lat' dir='ltr'>Mar—</span> 
     </span>
    </p>
   </div>
   <div class='ocr_carea' id='block_1_76' title="bbox 375 4018 1987 4094">
    <p class='ocr_par' dir='ltr' id='par_1_76' title="bbox 375 4018 1987 4094">
     <span class='ocr_line' id='line_1_76' title="bbox 375 4018 1987 4094; baseline 0 -16"><span class='ocrx_word' id='word_1_467' title='bbox 375 4018 707 4094; x_wconf 79' lang='lat' dir='ltr'>tyrologium</span> <span class='ocrx_word' id='word_1_468' title='bbox 738 4019 980 4094; x_wconf 82' lang='lat' dir='ltr'>Joannes</span> <span class='ocrx_word' id='word_1_469' title='bbox 1009 4018 1276 4094; x_wconf 70' lang='lat' dir='ltr'>Nolanus,</span> <span class='ocrx_word' id='word_1_470' title='bbox 1309 4020 1839 4094; x_wconf 12' lang='lat' dir='ltr'>_d_oetor_rtheologus</span> <span class='ocrx_word' id='word_1_471' title='bbox 1885 4025 1987 4079; x_wconf 85' lang='lat' dir='ltr'>Lo-</span> 
     </span>
    </p>
   </div>
   <div class='ocr_carea' id='block_1_77' title="bbox 374 4089 1980 4161">
    <p class='ocr_par' dir='ltr' id='par_1_77' title="bbox 374 4089 1980 4161">
     <span class='ocr_line' id='line_1_77' title="bbox 374 4089 1980 4161; baseline 0.001 -13"><span class='ocrx_word' id='word_1_472' title='bbox 374 4089 676 4156; x_wconf 67' lang='lat' dir='ltr'>vaniensis,</span> <span class='ocrx_word' id='word_1_473' title='bbox 722 4089 935 4161; x_wconf 87' lang='lat' dir='ltr'>primus</span> <span class='ocrx_word' id='word_1_474' title='bbox 980 4089 1133 4161; x_wconf 80' lang='lat' dir='ltr'>notis</span> <span class='ocrx_word' id='word_1_475' title='bbox 1163 4099 1215 4142; x_wconf 90' lang='lat' dir='ltr'>et</span> <span class='ocrx_word' id='word_1_476' title='bbox 1255 4091 1631 4145; x_wconf 86' lang='lat' dir='ltr'>additionihus</span> <span class='ocrx_word' id='word_1_477' title='bbox 1663 4089 1980 4161; x_wconf 83' lang='lat' dir='ltr'>illustravit;</span> 
     </span>
    </p>
   </div>
   <div class='ocr_carea' id='block_1_78' title="bbox 376 4160 1984 4237">
    <p class='ocr_par' dir='ltr' id='par_1_78' title="bbox 376 4160 1984 4237">
     <span class='ocr_line' id='line_1_78' title="bbox 376 4160 1984 4237; baseline 0.002 -18"><span class='ocrx_word' id='word_1_478' title='bbox 376 4174 569 4237; x_wconf 85' lang='lat' dir='ltr'>estque</span> <span class='ocrx_word' id='word_1_479' title='bbox 600 4163 656 4237; x_wconf 83' lang='lat' dir='ltr'>in</span> <span class='ocrx_word' id='word_1_480' title='bbox 687 4160 934 4237; x_wconf 73' lang='lat' dir='ltr'>omnium</span> <span class='ocrx_word' id='word_1_481' title='bbox 969 4160 1353 4237; x_wconf 60' lang='lat' dir='ltr'>nianibus._De</span> <span class='ocrx_word' id='word_1_482' title='bbox 1384 4162 1477 4237; x_wconf 82' lang='lat' dir='ltr'>illo</span> <span class='ocrx_word' id='word_1_483' title='bbox 1512 4172 1565 4237; x_wconf 86' lang='lat' dir='ltr'>et</span> <span class='ocrx_word' id='word_1_484' title='bbox 1595 4163 1715 4237; x_wconf 85' lang='lat' dir='ltr'>aliis</span> <span class='ocrx_word' id='word_1_485' title='bbox 1742 4160 1984 4237; x_wconf 85' lang='lat' dir='ltr'>antiquis</span> 
     </span>
    </p>
   </div>
   <div class='ocr_carea' id='block_1_79' title="bbox 376 4231 1977 4307">
    <p class='ocr_par' dir='ltr' id='par_1_79' title="bbox 376 4231 1977 4307">
     <span class='ocr_line' id='line_1_79' title="bbox 376 4231 1977 4307; baseline 0.001 -16"><span class='ocrx_word' id='word_1_486' title='bbox 376 4231 774 4307; x_wconf 42' lang='lat' dir='ltr'>Mar—tyrologiis</span> <span class='ocrx_word' id='word_1_487' title='bbox 801 4231 944 4307; x_wconf 79' lang='lat' dir='ltr'>idern</span> <span class='ocrx_word' id='word_1_488' title='bbox 977 4231 1225 4307; x_wconf 79' lang='lat' dir='ltr'>Molanus</span> <span class='ocrx_word' id='word_1_489' title='bbox 1254 4232 1307 4286; x_wconf 93' lang='lat' dir='ltr'>in</span> <span class='ocrx_word' id='word_1_490' title='bbox 1349 4233 1580 4307; x_wconf 86' lang='lat' dir='ltr'>epistola</span> <span class='ocrx_word' id='word_1_491' title='bbox 1598 4235 1662 4288; x_wconf 91' lang='lat' dir='ltr'>ad</span> <span class='ocrx_word' id='word_1_492' title='bbox 1696 4231 1977 4305; x_wconf 76' lang='lat' dir='ltr'>lectorem,</span> 
     </span>
    </p>
   </div>
   <div class='ocr_carea' id='block_1_80' title="bbox 374 4302 1978 4383">
    <p class='ocr_par' dir='ltr' id='par_1_80' title="bbox 374 4302 1978 4383">
     <span class='ocr_line' id='line_1_80' title="bbox 374 4302 1978 4383; baseline 0.001 -20"><span class='ocrx_word' id='word_1_493' title='bbox 374 4302 617 4383; x_wconf 77' lang='lat' dir='ltr'>itemque</span> <span class='ocrx_word' id='word_1_494' title='bbox 637 4302 902 4383; x_wconf 19' lang='lat' dir='ltr'>Biarpnius</span> <span class='ocrx_word' id='word_1_495' title='bbox 930 4302 982 4356; x_wconf 92' lang='lat' dir='ltr'>in</span> <span class='ocrx_word' id='word_1_496' title='bbox 1007 4302 1414 4375; x_wconf 82' lang='lat' dir='ltr'>prolegomenis</span> <span class='ocrx_word' id='word_1_497' title='bbox 1445 4306 1511 4359; x_wconf 91' lang='lat' dir='ltr'>ad</span> <span class='ocrx_word' id='word_1_498' title='bbox 1541 4302 1978 4383; x_wconf 82' lang='lat' dir='ltr'>Martyrologium</span> 
     </span>
    </p>
   </div>
   <div class='ocr_carea' id='block_1_81' title="bbox 362 4375 1499 4445">
    <p class='ocr_par' dir='ltr' id='par_1_81' title="bbox 362 4375 1499 4445">
     <span class='ocr_line' id='line_1_81' title="bbox 362 4375 1499 4445; baseline -0.005 -12"><span class='ocrx_word' id='word_1_499' title='bbox 362 4375 703 4443; x_wconf 60' lang='lat' dir='ltr'>Romanum,</span> <span class='ocrx_word' id='word_1_500' title='bbox 734 4375 853 4429; x_wconf 87' lang='lat' dir='ltr'>fuse</span> <span class='ocrx_word' id='word_1_501' title='bbox 884 4384 1074 4445; x_wconf 85' lang='lat' dir='ltr'>agunt.</span> <span class='ocrx_word' id='word_1_502' title='bbox 1486 4406 1499 4414; x_wconf 61' lang='grc' dir='ltr'><em>ι</em></span> 
     </span>
    </p>
   </div>
   <div class='ocr_carea' id='block_1_82' title="bbox 444 4419 2059 4523">
    <p class='ocr_par' dir='ltr' id='par_1_82' title="bbox 444 4419 2059 4523">
     <span class='ocr_line' id='line_1_82' title="bbox 444 4419 2059 4523; baseline 0.002 -19"><span class='ocrx_word' id='word_1_503' title='bbox 444 4419 987 4523; x_wconf 63' lang='grc' dir='ltr'>(787)Αῆςοιοφιῗδ,</span> <span class='ocrx_word' id='word_1_504' title='bbox 1039 4448 1342 4523; x_wconf 75' lang='lat' dir='ltr'>monachus</span> <span class='ocrx_word' id='word_1_505' title='bbox 1381 4447 1738 4523; x_wconf 56' lang='lat' dir='ltr'>Lusoviensis</span> <span class='ocrx_word' id='word_1_506' title='bbox 1780 4450 1833 4503; x_wconf 92' lang='lat' dir='ltr'>in</span> <span class='ocrx_word' id='word_1_507' title='bbox 1886 4419 2059 4507; x_wconf 89' lang='lat' dir='ltr'>eo-D</span> 
     </span>
    </p>
   </div>
   <div class='ocr_carea' id='block_1_83' title="bbox 2088 3587 3724 3668">
    <p class='ocr_par' dir='ltr' id='par_1_83' title="bbox 2088 3587 3724 3668">
     <span class='ocr_line' id='line_1_83' title="bbox 2088 3587 3724 3668; baseline -0.002 -18"><span class='ocrx_word' id='word_1_508' title='bbox 2088 3592 2394 3668; x_wconf 76' lang='lat' dir='ltr'>Augustini,</span> <span class='ocrx_word' id='word_1_509' title='bbox 2422 3592 2550 3668; x_wconf 80' lang='lat' dir='ltr'>hine</span> <span class='ocrx_word' id='word_1_510' title='bbox 2572 3590 2700 3668; x_wconf 73' lang='lat' dir='ltr'>inde</span> <span class='ocrx_word' id='word_1_511' title='bbox 2728 3588 3003 3668; x_wconf 79' lang='lat' dir='ltr'>collectis,</span> <span class='ocrx_word' id='word_1_512' title='bbox 3022 3587 3307 3668; x_wconf 38' lang='lat' dir='ltr'>exposuit;</span> <span class='ocrx_word' id='word_1_513' title='bbox 3340 3588 3547 3668; x_wconf 75' lang='lat' dir='ltr'>quique</span> <span class='ocrx_word' id='word_1_514' title='bbox 3565 3589 3724 3668; x_wconf 83' lang='lat' dir='ltr'>ejus-</span> 
     </span>
    </p>
   </div>
   <div class='ocr_carea' id='block_1_84' title="bbox 2088 3660 3719 3736">
    <p class='ocr_par' dir='ltr' id='par_1_84' title="bbox 2088 3660 3719 3736">
     <span class='ocr_line' id='line_1_84' title="bbox 2088 3660 3719 3736; baseline -0.002 -15"><span class='ocrx_word' id='word_1_515' title='bbox 2088 3660 2210 3721; x_wconf 60' lang='lat' dir='ltr'>dm‘a</span> <span class='ocrx_word' id='word_1_516' title='bbox 2247 3664 2540 3736; x_wconf 83' lang='lat' dir='ltr'>Augustini</span> <span class='ocrx_word' id='word_1_517' title='bbox 2587 3663 2658 3736; x_wconf 78' lang='lat' dir='ltr'>De</span> <span class='ocrx_word' id='word_1_518' title='bbox 2704 3660 3197 3736; x_wconf 62' lang='lat' dir='ltr'>praedestinatione</span> <span class='ocrx_word' id='word_1_519' title='bbox 3243 3662 3574 3736; x_wconf 71' lang='lat' dir='ltr'>sententiam</span> <span class='ocrx_word' id='word_1_520' title='bbox 3616 3662 3719 3718; x_wconf 89' lang='lat' dir='ltr'>de-</span> 
     </span>
    </p>
   </div>
   <div class='ocr_carea' id='block_1_85' title="bbox 2089 3730 3715 3802">
    <p class='ocr_par' dir='ltr' id='par_1_85' title="bbox 2089 3730 3715 3802">
     <span class='ocr_line' id='line_1_85' title="bbox 2089 3730 3715 3802; baseline -0.002 -10"><span class='ocrx_word' id='word_1_521' title='bbox 2089 3737 2263 3792; x_wconf 83' lang='lat' dir='ltr'>fendit</span> <span class='ocrx_word' id='word_1_522' title='bbox 2303 3730 2565 3790; x_wconf 73' lang='lat' dir='ltr'>adversus</span> <span class='ocrx_word' id='word_1_523' title='bbox 2593 3734 2858 3787; x_wconf 86' lang='lat' dir='ltr'>Joannem</span> <span class='ocrx_word' id='word_1_524' title='bbox 2924 3732 3235 3802; x_wconf 78' lang='lat' dir='ltr'>Erigenam,</span> <span class='ocrx_word' id='word_1_525' title='bbox 3289 3730 3430 3802; x_wconf 89' lang='lat' dir='ltr'>infra</span> <span class='ocrx_word' id='word_1_526' title='bbox 3463 3747 3583 3801; x_wconf 88' lang='lat' dir='ltr'>cap.</span> <span class='ocrx_word' id='word_1_527' title='bbox 3647 3736 3715 3789; x_wconf 63' lang='lat'>94</span> 
     </span>
    </p>
   </div>
   <div class='ocr_carea' id='block_1_86' title="bbox 2089 3801 3714 3863">
    <p class='ocr_par' dir='ltr' id='par_1_86' title="bbox 2089 3801 3714 3863">
     <span class='ocr_line' id='line_1_86' title="bbox 2089 3801 3714 3863; baseline -0.001 0"><span class='ocrx_word' id='word_1_528' title='bbox 2089 3808 2523 3863; x_wconf 88' lang='lat' dir='ltr'>memorandam.</span> <span class='ocrx_word' id='word_1_529' title='bbox 2580 3805 2656 3857; x_wconf 87' lang='lat' dir='ltr'>Ab</span> <span class='ocrx_word' id='word_1_530' title='bbox 2692 3805 2796 3858; x_wconf 88' lang='lat' dir='ltr'>isto</span> <span class='ocrx_word' id='word_1_531' title='bbox 2858 3801 3023 3857; x_wconf 84' lang='lat' dir='ltr'>Floro</span> <span class='ocrx_word' id='word_1_532' title='bbox 3070 3803 3288 3857; x_wconf 86' lang='lat' dir='ltr'>videtur</span> <span class='ocrx_word' id='word_1_533' title='bbox 3344 3801 3517 3857; x_wconf 86' lang='lat' dir='ltr'>fuisse</span> <span class='ocrx_word' id='word_1_534' title='bbox 3573 3804 3714 3861; x_wconf 87' lang='lat' dir='ltr'>alius</span> 
     </span>
    </p>
   </div>
   <div class='ocr_carea' id='block_1_87' title="bbox 2091 3874 3713 3950">
    <p class='ocr_par' dir='ltr' id='par_1_87' title="bbox 2091 3874 3713 3950">
     <span class='ocr_line' id='line_1_87' title="bbox 2091 3874 3713 3950; baseline -0.002 -15"><span class='ocrx_word' id='word_1_535' title='bbox 2091 3881 2301 3939; x_wconf 82' lang='lat' dir='ltr'>Florus,</span> <span class='ocrx_word' id='word_1_536' title='bbox 2335 3879 2431 3950; x_wconf 92' lang='lat' dir='ltr'>qui</span> <span class='ocrx_word' id='word_1_537' title='bbox 2492 3878 2651 3950; x_wconf 73' lang='lat' dir='ltr'>Bedae</span> <span class='ocrx_word' id='word_1_538' title='bbox 2697 3874 3160 3950; x_wconf 66' lang='lat' dir='ltr'>Martyrologium</span> <span class='ocrx_word' id='word_1_539' title='bbox 3191 3874 3588 3950; x_wconf 81' lang='lat' dir='ltr'>_auxit,_postea</span> <span class='ocrx_word' id='word_1_540' title='bbox 3645 3877 3713 3931; x_wconf 92' lang='lat' dir='ltr'>ab</span> 
     </span>
    </p>
   </div>
   <div class='ocr_carea' id='block_1_88' title="bbox 2092 3944 3711 4019">
    <p class='ocr_par' dir='ltr' id='par_1_88' title="bbox 2092 3944 3711 4019">
     <span class='ocr_line' id='line_1_88' title="bbox 2092 3944 3711 4019; baseline -0.002 -16"><span class='ocrx_word' id='word_1_541' title='bbox 2092 3944 2368 4007; x_wconf 56' lang='lat' dir='ltr'>Usuardo&#39;</span> <span class='ocrx_word' id='word_1_542' title='bbox 2399 3948 2815 4019; x_wconf 77' lang='lat' dir='ltr'>ampliticatum.</span> <span class='ocrx_word' id='word_1_543' title='bbox 2857 3944 3092 4019; x_wconf 71' lang='lat' dir='ltr'>Vocatur</span> <span class='ocrx_word' id='word_1_544' title='bbox 3146 3946 3251 4019; x_wconf 81' lang='lat' dir='ltr'>hic</span> <span class='ocrx_word' id='word_1_545' title='bbox 3297 3944 3462 4019; x_wconf 71' lang='lat' dir='ltr'>vulgo</span> <span class='ocrx_word' id='word_1_546' title='bbox 3520 3948 3711 4019; x_wconf 76' lang='lat' dir='ltr'>Florus</span> 
     </span>
    </p>
   </div>
   <div class='ocr_carea' id='block_1_89' title="bbox 2091 4015 3709 4089">
    <p class='ocr_par' dir='ltr' id='par_1_89' title="bbox 2091 4015 3709 4089">
     <span class='ocr_line' id='line_1_89' title="bbox 2091 4015 3709 4089; baseline -0.001 -12"><span class='ocrx_word' id='word_1_547' title='bbox 2091 4026 2374 4089; x_wconf 73' lang='lat' dir='ltr'>Magister,</span> <span class='ocrx_word' id='word_1_548' title='bbox 2437 4015 2538 4075; x_wconf 86' lang='lat' dir='ltr'>fuit</span> <span class='ocrx_word' id='word_1_549' title='bbox 2597 4018 2902 4074; x_wconf 89' lang='lat' dir='ltr'>monachus</span> <span class='ocrx_word' id='word_1_550' title='bbox 2976 4015 3709 4089; x_wconf 36' lang='lat' dir='ltr'>Benedictinus’Trudono-</span> 
     </span>
    </p>
   </div>
   <div class='ocr_carea' id='block_1_90' title="bbox 2088 4088 3707 4165">
    <p class='ocr_par' dir='ltr' id='par_1_90' title="bbox 2088 4088 3707 4165">
     <span class='ocr_line' id='line_1_90' title="bbox 2088 4088 3707 4165; baseline -0.002 -17"><span class='ocrx_word' id='word_1_551' title='bbox 2088 4088 2201 4165; x_wconf 81' lang='lat' dir='ltr'>poli</span> <span class='ocrx_word' id='word_1_552' title='bbox 2233 4096 2283 4147; x_wconf 94' lang='lat' dir='ltr'>in</span> <span class='ocrx_word' id='word_1_553' title='bbox 2327 4092 2553 4165; x_wconf 68' lang='lat' dir='ltr'>dimeesi</span> <span class='ocrx_word' id='word_1_554' title='bbox 2596 4089 2941 4165; x_wconf 75' lang='lat' dir='ltr'>Leodicensi,</span> <span class='ocrx_word' id='word_1_555' title='bbox 2988 4089 3036 4165; x_wconf 88' lang='lat' dir='ltr'>si_</span> <span class='ocrx_word' id='word_1_556' title='bbox 3062 4088 3365 4165; x_wconf 88' lang='lat' dir='ltr'>&#39;_I‘rithemio</span> <span class='ocrx_word' id='word_1_557' title='bbox 3405 4088 3707 4165; x_wconf 73' lang='lat' dir='ltr'>credimus,</span> 
     </span>
    </p>
   </div>
   <div class='ocr_carea' id='block_1_91' title="bbox 2091 4159 3708 4233">
    <p class='ocr_par' dir='ltr' id='par_1_91' title="bbox 2091 4159 3708 4233">
     <span class='ocr_line' id='line_1_91' title="bbox 2091 4159 3708 4233; baseline -0.002 -14"><span class='ocrx_word' id='word_1_558' title='bbox 2091 4159 2259 4233; x_wconf 83' lang='lat' dir='ltr'>Hujus</span> <span class='ocrx_word' id='word_1_559' title='bbox 2312 4165 2439 4219; x_wconf 86' lang='lat' dir='ltr'>item</span> <span class='ocrx_word' id='word_1_560' title='bbox 2494 4163 2635 4217; x_wconf 75' lang='lat' dir='ltr'>Flori</span> <span class='ocrx_word' id='word_1_561' title='bbox 2688 4160 2930 4233; x_wconf 74' lang='lat' dir='ltr'>Magistri</span> <span class='ocrx_word' id='word_1_562' title='bbox 2989 4160 3208 4215; x_wconf 86' lang='lat' dir='ltr'>videtur</span> <span class='ocrx_word' id='word_1_563' title='bbox 3230 4174 3363 4233; x_wconf 70' lang='lat' dir='ltr'>esse</span> <span class='ocrx_word' id='word_1_564' title='bbox 3424 4159 3708 4233; x_wconf 76' lang='lat' dir='ltr'>Expositio</span> 
     </span>
    </p>
   </div>
   <div class='ocr_carea' id='block_1_92' title="bbox 2084 4230 3702 4308">
    <p class='ocr_par' dir='ltr' id='par_1_92' title="bbox 2084 4230 3702 4308">
     <span class='ocr_line' id='line_1_92' title="bbox 2084 4230 3702 4308; baseline -0.002 -17"><span class='ocrx_word' id='word_1_565' title='bbox 2084 4230 2280 4298; x_wconf 70' lang='lat' dir='ltr'>Missa),</span> <span class='ocrx_word' id='word_1_566' title='bbox 2319 4253 2440 4308; x_wconf 70' lang='lat' dir='ltr'>quae</span> <span class='ocrx_word' id='word_1_567' title='bbox 2472 4234 2526 4287; x_wconf 93' lang='lat' dir='ltr'>in</span> <span class='ocrx_word' id='word_1_568' title='bbox 2572 4230 3184 4308; x_wconf 68' lang='lat' dir='ltr'>Bibliotheca_vcterum</span> <span class='ocrx_word' id='word_1_569' title='bbox 3229 4230 3443 4308; x_wconf 79' lang='lat' dir='ltr'>Patrum</span> <span class='ocrx_word' id='word_1_570' title='bbox 3480 4231 3702 4304; x_wconf 86' lang='lat' dir='ltr'>legitur.</span> 
     </span>
    </p>
   </div>
   <div class='ocr_carea' id='block_1_93' title="bbox 2084 4301 3699 4382">
    <p class='ocr_par' dir='ltr' id='par_1_93' title="bbox 2084 4301 3699 4382">
     <span class='ocr_line' id='line_1_93' title="bbox 2084 4301 3699 4382; baseline -0.004 -19"><span class='ocrx_word' id='word_1_571' title='bbox 2084 4301 2351 4363; x_wconf 61' lang='lat' dir='ltr'>Petavius&#39;</span> <span class='ocrx_word' id='word_1_572' title='bbox 2368 4314 2635 4382; x_wconf 79' lang='lat' dir='ltr'>memorat</span> <span class='ocrx_word' id='word_1_573' title='bbox 2666 4304 2898 4382; x_wconf 37' lang='lat' dir='ltr'>Florum.</span> <span class='ocrx_word' id='word_1_574' title='bbox 2918 4303 3235 4382; x_wconf 60' lang='lat' dir='ltr'>magistrum</span> <span class='ocrx_word' id='word_1_575' title='bbox 3273 4301 3699 4382; x_wconf 75' lang='lat' dir='ltr'>Lugdunensem</span> 
     </span>
    </p>
   </div>
   <div class='ocr_carea' id='block_1_94' title="bbox 2084 4373 3706 4448">
    <p class='ocr_par' dir='ltr' id='par_1_94' title="bbox 2084 4373 3706 4448">
     <span class='ocr_line' id='line_1_94' title="bbox 2084 4373 3706 4448; baseline -0.001 -15"><span class='ocrx_word' id='word_1_576' title='bbox 2084 4380 2401 4443; x_wconf 91' lang='lat' dir='ltr'>diaconum,</span> <span class='ocrx_word' id='word_1_577' title='bbox 2430 4377 2522 4448; x_wconf 90' lang='lat' dir='ltr'>qui</span> <span class='ocrx_word' id='word_1_578' title='bbox 2548 4374 2931 4447; x_wconf 84' lang='lat' dir='ltr'>Lugdunensis</span> <span class='ocrx_word' id='word_1_579' title='bbox 2954 4373 3209 4448; x_wconf 61' lang='lat' dir='ltr'>Ecclesiae</span> <span class='ocrx_word' id='word_1_580' title='bbox 3233 4373 3706 4448; x_wconf 28' lang='lat' dir='ltr'>nomine‘scripsit</span> 
     </span>
    </p>
   </div>
   <div class='ocr_carea' id='block_1_95' title="bbox 2084 4443 3697 4515">
    <p class='ocr_par' dir='ltr' id='par_1_95' title="bbox 2084 4443 3697 4515">
     <span class='ocr_line' id='line_1_95' title="bbox 2084 4443 3697 4515; baseline -0.004 -10"><span class='ocrx_word' id='word_1_581' title='bbox 2084 4459 2274 4505; x_wconf 91' lang='lat' dir='ltr'>contra</span> <span class='ocrx_word' id='word_1_582' title='bbox 2307 4443 2657 4503; x_wconf 63' lang='lat' dir='ltr'>llinefnaruni</span> <span class='ocrx_word' id='word_1_583' title='bbox 2699 4448 3026 4501; x_wconf 78' lang='lat' dir='ltr'>Remensem</span> <span class='ocrx_word' id='word_1_584' title='bbox 3057 4444 3403 4515; x_wconf 88' lang='lat' dir='ltr'>episcopum,</span> <span class='ocrx_word' id='word_1_585' title='bbox 3435 4443 3584 4500; x_wconf 87' lang='lat' dir='ltr'>circa</span> <span class='ocrx_word' id='word_1_586' title='bbox 3608 4463 3697 4501; x_wconf 87' lang='lat' dir='ltr'>an.</span> 
     </span>
    </p>
   </div>
   <div class='ocr_carea' id='block_1_96' title="bbox 372 4518 2205 4594">
    <p class='ocr_par' dir='ltr' id='par_1_96' title="bbox 372 4518 2205 4594">
     <span class='ocr_line' id='line_1_96' title="bbox 372 4518 2205 4594; baseline -0.001 -17"><span class='ocrx_word' id='word_1_587' title='bbox 372 4518 950 4594; x_wconf 32' lang='lat' dir='ltr'>mitatu&#39;Burgundite,</span> <span class='ocrx_word' id='word_1_588' title='bbox 991 4518 1677 4594; x_wconf 67' lang='lat' dir='ltr'>non_I.uttov_iensis_jussu</span> <span class='ocrx_word' id='word_1_589' title='bbox 1709 4522 1983 4594; x_wconf 77' lang='lat' dir='ltr'>_I_)rogonis</span> <span class='ocrx_word' id='word_1_590' title='bbox 2082 4522 2205 4577; x_wconf 68' lang='grc'>848.</span> 
     </span>
    </p>
   </div>
   <div class='ocr_carea' id='block_1_97' title="bbox 370 4589 1981 4665">
    <p class='ocr_par' dir='ltr' id='par_1_97' title="bbox 370 4589 1981 4665">
     <span class='ocr_line' id='line_1_97' title="bbox 370 4589 1981 4665; baseline 0 -17"><span class='ocrx_word' id='word_1_591' title='bbox 370 4592 617 4665; x_wconf 86' lang='lat' dir='ltr'>cpiscOpi</span> <span class='ocrx_word' id='word_1_592' title='bbox 648 4589 906 4647; x_wconf 77' lang='lat' dir='ltr'>Métensis</span> <span class='ocrx_word' id='word_1_593' title='bbox 947 4590 1062 4665; x_wconf 86' lang='lat' dir='ltr'>(qui</span> <span class='ocrx_word' id='word_1_594' title='bbox 1096 4589 1269 4645; x_wconf 89' lang='lat' dir='ltr'>Caroli</span> <span class='ocrx_word' id='word_1_595' title='bbox 1298 4591 1473 4665; x_wconf 79' lang='lat' dir='ltr'>Magni</span> <span class='ocrx_word' id='word_1_596' title='bbox 1508 4592 1639 4665; x_wconf 82' lang='lat' dir='ltr'>imp.</span> <span class='ocrx_word' id='word_1_597' title='bbox 1690 4589 1981 4665; x_wconf 57' lang='lat' dir='ltr'>titius—fuit)</span> 
     </span>
    </p>
   </div>
   <div class='ocr_carea' id='block_1_98' title="bbox 370 4663 1982 4738">
    <p class='ocr_par' dir='ltr' id='par_1_98' title="bbox 370 4663 1982 4738">
     <span class='ocr_line' id='line_1_98' title="bbox 370 4663 1982 4738; baseline 0.001 -19"><span class='ocrx_word' id='word_1_598' title='bbox 370 4663 593 4738; x_wconf 80' lang='lat' dir='ltr'>cellegit</span> <span class='ocrx_word' id='word_1_599' title='bbox 625 4679 689 4717; x_wconf 85' lang='lat' dir='ltr'>ex</span> <span class='ocrx_word' id='word_1_600' title='bbox 711 4672 973 4738; x_wconf 59' lang='lat' dir='ltr'>veterum</span> <span class='ocrx_word' id='word_1_601' title='bbox 1012 4663 1222 4715; x_wconf 78' lang='lat' dir='ltr'>Patrum</span> <span class='ocrx_word' id='word_1_602' title='bbox 1263 4663 1675 4738; x_wconf 67' lang='lat' dir='ltr'>eomjnentariis</span> <span class='ocrx_word' id='word_1_603' title='bbox 1712 4664 1982 4738; x_wconf 83' lang='lat' dir='ltr'>Stromata</span> 
     </span>
    </p>
   </div>
   <div class='ocr_carea' id='block_1_99' title="bbox 372 4732 1977 4806">
    <p class='ocr_par' dir='ltr' id='par_1_99' title="bbox 372 4732 1977 4806">
     <span class='ocr_line' id='line_1_99' title="bbox 372 4732 1977 4806; baseline 0.001 -17"><span class='ocrx_word' id='word_1_604' title='bbox 372 4735 427 4806; x_wconf 89' lang='lat' dir='ltr'>in</span> <span class='ocrx_word' id='word_1_605' title='bbox 455 4732 691 4806; x_wconf 60' lang='lat' dir='ltr'>qu&#39;atuor</span> <span class='ocrx_word' id='word_1_606' title='bbox 711 4734 882 4806; x_wconf 87' lang='lat' dir='ltr'>libros</span> <span class='ocrx_word' id='word_1_607' title='bbox 914 4732 1144 4806; x_wconf 68' lang='lat' dir='ltr'>Begum,</span> <span class='ocrx_word' id='word_1_608' title='bbox 1180 4741 1236 4787; x_wconf 86' lang='lat' dir='ltr'>et</span> <span class='ocrx_word' id='word_1_609' title='bbox 1268 4734 1323 4787; x_wconf 91' lang='lat' dir='ltr'>in</span> <span class='ocrx_word' id='word_1_610' title='bbox 1362 4733 1577 4789; x_wconf 88' lang='lat' dir='ltr'>Cantica</span> <span class='ocrx_word' id='word_1_611' title='bbox 1608 4735 1977 4802; x_wconf 85' lang='lat' dir='ltr'>canticorum;</span> 
     </span>
    </p>
   </div>
   <div class='ocr_carea' id='block_1_100' title="bbox 371 4803 1845 4868">
    <p class='ocr_par' dir='ltr' id='par_1_100' title="bbox 371 4803 1845 4868">
     <span class='ocr_line' id='line_1_100' title="bbox 371 4803 1845 4868; baseline 0.001 -7"><span class='ocrx_word' id='word_1_612' title='bbox 371 4803 612 4861; x_wconf 83' lang='lat' dir='ltr'>Coloniae</span> <span class='ocrx_word' id='word_1_613' title='bbox 644 4805 802 4868; x_wconf 78' lang='grc'>1530,</span> <span class='ocrx_word' id='word_1_614' title='bbox 844 4811 898 4858; x_wconf 88' lang='lat' dir='ltr'>et</span> <span class='ocrx_word' id='word_1_615' title='bbox 918 4803 1099 4858; x_wconf 81' lang='lat' dir='ltr'>Romae</span> <span class='ocrx_word' id='word_1_616' title='bbox 1126 4806 1264 4859; x_wconf 75' lang='grc'>1565</span> <span class='ocrx_word' id='word_1_617' title='bbox 1296 4822 1326 4859; x_wconf 91' lang='lat' dir='ltr'>a</span> <span class='ocrx_word' id='word_1_618' title='bbox 1356 4806 1593 4860; x_wconf 75' lang='lat' dir='ltr'>Manutiu</span> <span class='ocrx_word' id='word_1_619' title='bbox 1626 4822 1845 4862; x_wconf 80' lang='lat' dir='ltr'>excusa.</span> 
     </span>
    </p>
   </div>
   <div class='ocr_carea' id='block_1_101' title="bbox 436 4875 1091 5021">
    <p class='ocr_par' dir='ltr' id='par_1_101' title="bbox 436 4875 1091 5021">
     <span class='ocr_line' id='line_1_101' title="bbox 459 4875 1091 4944; baseline -0.003 -14"><span class='ocrx_word' id='word_1_620' title='bbox 459 4878 579 4944; x_wconf 88' lang='lat'>788)</span> <span class='ocrx_word' id='word_1_621' title='bbox 605 4877 894 4931; x_wconf 83' lang='lat' dir='ltr'>Honorius.</span> <span class='ocrx_word' id='word_1_622' title='bbox 934 4891 1005 4940; x_wconf 84' lang='lat' dir='ltr'>tv,</span> <span class='ocrx_word' id='word_1_623' title='bbox 1037 4875 1091 4929; x_wconf 73' lang='grc'>4.</span> 
     </span>
     <span class='ocr_line' id='line_1_102' title="bbox 436 4878 1091 5021; baseline -0.005 -18"><span class='ocrx_word' id='word_1_624' title='bbox 436 4878 581 5021; x_wconf 46' lang='grc'>(789)</span> <span class='ocrx_word' id='word_1_625' title='bbox 615 4947 916 5021; x_wconf 76' lang='lat' dir='ltr'>Freculfus,</span> <span class='ocrx_word' id='word_1_626' title='bbox 963 4963 1027 5021; x_wconf 83' lang='lat' dir='ltr'>ex</span> <span class='ocrx_word' id='word_1_627' title='bbox 1058 4964 1091 5000; x_wconf 93' lang='lat' dir='ltr'>n</span> 
     </span>
    </p>
   </div>
   <div class='ocr_carea' id='block_1_102' title="bbox 2155 4587 3699 4663">
    <p class='ocr_par' dir='ltr' id='par_1_102' title="bbox 2155 4587 3699 4663">
     <span class='ocr_line' id='line_1_103' title="bbox 2155 4587 3699 4663; baseline -0.001 -18"><span class='ocrx_word' id='word_1_628' title='bbox 2155 4593 2301 4663; x_wconf 72' lang='lat'>(79:2)</span> <span class='ocrx_word' id='word_1_629' title='bbox 2337 4593 2515 4662; x_wconf 88' lang='lat' dir='ltr'>Lupus</span> <span class='ocrx_word' id='word_1_630' title='bbox 2540 4590 2824 4663; x_wconf 78' lang='lat' dir='ltr'>Servatus,</span> <span class='ocrx_word' id='word_1_631' title='bbox 2860 4588 3051 4663; x_wconf 80' lang='lat' dir='ltr'>abbas</span> <span class='ocrx_word' id='word_1_632' title='bbox 3074 4587 3332 4663; x_wconf 71' lang='lat' dir='ltr'>Ferrarize</span> <span class='ocrx_word' id='word_1_633' title='bbox 3376 4588 3427 4640; x_wconf 94' lang='lat' dir='ltr'>in</span> <span class='ocrx_word' id='word_1_634' title='bbox 3470 4587 3699 4663; x_wconf 61' lang='lat' dir='ltr'>dioecesi</span> 
     </span>
    </p>
   </div>
   <div class='ocr_carea' id='block_1_103' title="bbox 2084 4659 3697 4729">
    <p class='ocr_par' dir='ltr' id='par_1_103' title="bbox 2084 4659 3697 4729">
     <span class='ocr_line' id='line_1_104' title="bbox 2084 4659 3697 4729; baseline -0.001 -12"><span class='ocrx_word' id='word_1_635' title='bbox 2084 4659 2428 4729; x_wconf 60' lang='lat' dir='ltr'>Senonensi,</span> <span class='ocrx_word' id='word_1_636' title='bbox 2460 4662 2667 4716; x_wconf 79' lang='lat' dir='ltr'>Rabani</span> <span class='ocrx_word' id='word_1_637' title='bbox 2712 4661 2881 4716; x_wconf 86' lang='lat' dir='ltr'>Mauri</span> <span class='ocrx_word' id='word_1_638' title='bbox 2915 4659 3245 4729; x_wconf 89' lang='lat' dir='ltr'>discipulus,</span> <span class='ocrx_word' id='word_1_639' title='bbox 3291 4665 3491 4729; x_wconf 59' lang='lat' dir='ltr'>printer</span> <span class='ocrx_word' id='word_1_640' title='bbox 3530 4659 3697 4725; x_wconf 65' lang='lat' dir='ltr'>Quae-</span> 
     </span>
    </p>
   </div>
   <div class='ocr_carea' id='block_1_104' title="bbox 2081 4726 3694 4802">
    <p class='ocr_par' dir='ltr' id='par_1_104' title="bbox 2081 4726 3694 4802">
     <span class='ocr_line' id='line_1_105' title="bbox 2081 4726 3694 4802; baseline -0.002 -13"><span class='ocrx_word' id='word_1_641' title='bbox 2081 4737 2292 4791; x_wconf 88' lang='lat' dir='ltr'>stiones</span> <span class='ocrx_word' id='word_1_642' title='bbox 2323 4726 2412 4789; x_wconf 88' lang='lat' dir='ltr'>hic</span> <span class='ocrx_word' id='word_1_643' title='bbox 2438 4739 2783 4795; x_wconf 89' lang='lat' dir='ltr'>memoratas,</span> <span class='ocrx_word' id='word_1_644' title='bbox 2826 4731 3044 4802; x_wconf 88' lang='lat' dir='ltr'>scripsit</span> <span class='ocrx_word' id='word_1_645' title='bbox 3064 4726 3273 4785; x_wconf 85' lang='lat' dir='ltr'>librum</span> <span class='ocrx_word' id='word_1_646' title='bbox 3293 4726 3694 4802; x_wconf 80' lang='lat' dir='ltr'>Epistolarum,</span> 
     </span>
    </p>
   </div>
   <div class='ocr_carea' id='block_1_105' title="bbox 2081 4801 3693 4873">
    <p class='ocr_par' dir='ltr' id='par_1_105' title="bbox 2081 4801 3693 4873">
     <span class='ocr_line' id='line_1_106' title="bbox 2081 4801 3693 4873; baseline -0.002 -13"><span class='ocrx_word' id='word_1_647' title='bbox 2081 4808 2308 4862; x_wconf 72' lang='lat' dir='ltr'>Lutetia:</span> <span class='ocrx_word' id='word_1_648' title='bbox 2357 4824 2387 4860; x_wconf 89' lang='lat' dir='ltr'>a</span> <span class='ocrx_word' id='word_1_649' title='bbox 2417 4805 2670 4860; x_wconf 87' lang='lat' dir='ltr'>Massono</span> <span class='ocrx_word' id='word_1_650' title='bbox 2714 4805 2851 4860; x_wconf 76' lang='lat'>1558</span> <span class='ocrx_word' id='word_1_651' title='bbox 2898 4802 3263 4873; x_wconf 88' lang='lat' dir='ltr'>publicatum,</span> <span class='ocrx_word' id='word_1_652' title='bbox 3332 4809 3387 4857; x_wconf 88' lang='lat' dir='ltr'>et</span> <span class='ocrx_word' id='word_1_653' title='bbox 3434 4801 3607 4873; x_wconf 85' lang='lat' dir='ltr'>Vitam</span> <span class='ocrx_word' id='word_1_654' title='bbox 3638 4802 3693 4857; x_wconf 91' lang='lat' dir='ltr'>S.</span> 
     </span>
    </p>
   </div>
   <div class='ocr_carea' id='block_1_106' title="bbox 2086 4872 3691 4951">
    <p class='ocr_par' dir='ltr' id='par_1_106' title="bbox 2086 4872 3691 4951">
     <span class='ocr_line' id='line_1_107' title="bbox 2086 4872 3691 4951; baseline -0.002 -19"><span class='ocrx_word' id='word_1_655' title='bbox 2086 4879 2349 4951; x_wconf 69' lang='lat' dir='ltr'>)Vigberti</span> <span class='ocrx_word' id='word_1_656' title='bbox 2381 4877 2635 4951; x_wconf 62' lang='lat' dir='ltr'>abbatis</span> <span class='ocrx_word' id='word_1_657' title='bbox 2661 4872 3099 4951; x_wconf 61' lang='lat' dir='ltr'>Eritislariensis,</span> <span class='ocrx_word' id='word_1_658' title='bbox 3138 4873 3431 4948; x_wconf 73' lang='lat' dir='ltr'>Moguntite</span> <span class='ocrx_word' id='word_1_659' title='bbox 3471 4872 3612 4929; x_wconf 68' lang='lat'>1602</span> <span class='ocrx_word' id='word_1_660' title='bbox 3661 4891 3691 4929; x_wconf 90' lang='lat' dir='ltr'>a</span> 
     </span>
    </p>
   </div>
   <div class='ocr_carea' id='block_1_107' title="bbox 461 4946 2998 5019">
    <p class='ocr_par' dir='ltr' id='par_1_107' title="bbox 461 4946 2998 5019">
     <span class='ocr_line' id='line_1_108' title="bbox 461 4946 2998 5019; baseline -0.002 -16"><span class='ocrx_word' id='word_1_661' title='bbox 461 4950 581 5018; x_wconf 89' lang='lat'>789)</span> <span class='ocrx_word' id='word_1_662' title='bbox 615 4947 916 5011; x_wconf 89' lang='lat' dir='ltr'>Freculfus,</span> <span class='ocrx_word' id='word_1_663' title='bbox 963 4963 1027 5000; x_wconf 87' lang='lat' dir='ltr'>ex</span> <span class='ocrx_word' id='word_1_664' title='bbox 1058 4948 1331 5019; x_wconf 88' lang='lat' dir='ltr'>monacho</span> <span class='ocrx_word' id='word_1_665' title='bbox 1372 4947 1625 5002; x_wconf 86' lang='lat' dir='ltr'>Fuldensi</span> <span class='ocrx_word' id='word_1_666' title='bbox 1684 4948 1979 5019; x_wconf 84' lang='lat' dir='ltr'>episcOpus</span> <span class='ocrx_word' id='word_1_667' title='bbox 2081 4946 2300 5004; x_wconf 73' lang='lat' dir='ltr'>Bassam</span> <span class='ocrx_word' id='word_1_668' title='bbox 2327 4949 2528 5002; x_wconf 90' lang='lat' dir='ltr'>editam</span> <span class='ocrx_word' id='word_1_669' title='bbox 2582 4948 2725 5002; x_wconf 89' lang='lat' dir='ltr'>Obiit</span> <span class='ocrx_word' id='word_1_670' title='bbox 2754 4964 2842 5001; x_wconf 92' lang='lat' dir='ltr'>an.</span> <span class='ocrx_word' id='word_1_671' title='bbox 2874 4946 2998 5019; x_wconf 75' lang='grc'><strong>852.</strong></span> 
     </span>
    </p>
   </div>
   <div class='ocr_carea' id='block_1_108' title="bbox 366 5018 1979 5088">
    <p class='ocr_par' dir='ltr' id='par_1_108' title="bbox 366 5018 1979 5088">
     <span class='ocr_line' id='line_1_109' title="bbox 366 5018 1979 5088; baseline -0.001 -12"><span class='ocrx_word' id='word_1_672' title='bbox 366 5018 719 5077; x_wconf 70' lang='lat' dir='ltr'>Leitoviensis</span> <span class='ocrx_word' id='word_1_673' title='bbox 757 5020 811 5073; x_wconf 93' lang='lat' dir='ltr'>in</span> <span class='ocrx_word' id='word_1_674' title='bbox 857 5018 1271 5084; x_wconf 82' lang='lat' dir='ltr'>Northmannia,</span> <span class='ocrx_word' id='word_1_675' title='bbox 1304 5019 1521 5088; x_wconf 88' lang='lat' dir='ltr'>scripsit</span> <span class='ocrx_word' id='word_1_676' title='bbox 1561 5018 1979 5075; x_wconf 24' lang='lat' dir='ltr'>Chronicon’ab</span> 
     </span>
    </p>
   </div>
   <div class='ocr_carea' id='block_1_109' title="bbox 365 5088 1979 5163">
    <p class='ocr_par' dir='ltr' id='par_1_109' title="bbox 365 5088 1979 5163">
     <span class='ocr_line' id='line_1_110' title="bbox 365 5088 1979 5163; baseline -0.002 -14"><span class='ocrx_word' id='word_1_677' title='bbox 365 5094 499 5149; x_wconf 90' lang='lat' dir='ltr'>orbe</span> <span class='ocrx_word' id='word_1_678' title='bbox 539 5091 762 5149; x_wconf 89' lang='lat' dir='ltr'>condito</span> <span class='ocrx_word' id='word_1_679' title='bbox 804 5104 982 5163; x_wconf 87' lang='lat' dir='ltr'>usque</span> <span class='ocrx_word' id='word_1_680' title='bbox 1020 5088 1381 5163; x_wconf 70' lang='lat' dir='ltr'>adtemperat</span> <span class='ocrx_word' id='word_1_681' title='bbox 1419 5090 1591 5163; x_wconf 88' lang='lat' dir='ltr'>Caroli</span> <span class='ocrx_word' id='word_1_682' title='bbox 1627 5092 1825 5163; x_wconf 81' lang='lat' dir='ltr'>Magni.</span> <span class='ocrx_word' id='word_1_683' title='bbox 1875 5091 1979 5147; x_wconf 87' lang='lat' dir='ltr'>Po-</span> 
     </span>
    </p>
   </div>
   <div class='ocr_carea' id='block_1_110' title="bbox 363 5162 1975 5235">
    <p class='ocr_par' dir='ltr' id='par_1_110' title="bbox 363 5162 1975 5235">
     <span class='ocr_line' id='line_1_111' title="bbox 363 5162 1975 5235; baseline -0.001 -17"><span class='ocrx_word' id='word_1_684' title='bbox 363 5166 650 5220; x_wconf 90' lang='lat' dir='ltr'>steriorem</span> <span class='ocrx_word' id='word_1_685' title='bbox 687 5162 1386 5235; x_wconf 16' lang='lat' dir='ltr'>partem’gJudithzeLLud.</span> <span class='ocrx_word' id='word_1_686' title='bbox 1423 5163 1497 5235; x_wconf 80' lang='lat' dir='ltr'>Pii</span> <span class='ocrx_word' id='word_1_687' title='bbox 1555 5162 1684 5235; x_wconf 81' lang='lat' dir='ltr'>imp.</span> <span class='ocrx_word' id='word_1_688' title='bbox 1720 5162 1975 5235; x_wconf 32' lang='lat' dir='ltr'>’conjugi,</span> 
     </span>
    </p>
   </div>
   <div class='ocr_carea' id='block_1_111' title="bbox 363 5232 1976 5291">
    <p class='ocr_par' dir='ltr' id='par_1_111' title="bbox 363 5232 1976 5291">
     <span class='ocr_line' id='line_1_112' title="bbox 363 5232 1976 5291; baseline -0.002 0"><span class='ocrx_word' id='word_1_689' title='bbox 363 5236 583 5291; x_wconf 85' lang='lat' dir='ltr'>dicavit.</span> <span class='ocrx_word' id='word_1_690' title='bbox 639 5232 871 5290; x_wconf 83' lang='lat' dir='ltr'>Econtra</span> <span class='ocrx_word' id='word_1_691' title='bbox 911 5233 1166 5287; x_wconf 79' lang='lat' dir='ltr'>Rabanus</span> <span class='ocrx_word' id='word_1_692' title='bbox 1205 5232 1419 5287; x_wconf 84' lang='lat' dir='ltr'>Maurus</span> <span class='ocrx_word' id='word_1_693' title='bbox 1458 5233 1705 5288; x_wconf 84' lang='lat' dir='ltr'>Freculfo</span> <span class='ocrx_word' id='word_1_694' title='bbox 1743 5250 1872 5289; x_wconf 89' lang='lat' dir='ltr'>suos</span> <span class='ocrx_word' id='word_1_695' title='bbox 1904 5232 1976 5290; x_wconf 41' lang='lat' dir='ltr'>“in</span> 
     </span>
    </p>
   </div>
   <div class='ocr_carea' id='block_1_112' title="bbox 363 5304 1787 5374">
    <p class='ocr_par' dir='ltr' id='par_1_112' title="bbox 363 5304 1787 5374">
     <span class='ocr_line' id='line_1_113' title="bbox 363 5304 1787 5374; baseline -0.002 -12"><span class='ocrx_word' id='word_1_696' title='bbox 363 5307 622 5362; x_wconf 88' lang='lat' dir='ltr'>Genesim</span> <span class='ocrx_word' id='word_1_697' title='bbox 654 5304 1080 5362; x_wconf 85' lang='lat' dir='ltr'>commentarios</span> <span class='ocrx_word' id='word_1_698' title='bbox 1112 5304 1406 5374; x_wconf 87' lang='lat' dir='ltr'>inscripsit.</span> <span class='ocrx_word' id='word_1_699' title='bbox 1439 5304 1638 5359; x_wconf 87' lang='lat' dir='ltr'>Claruit</span> <span class='ocrx_word' id='word_1_700' title='bbox 1666 5306 1787 5359; x_wconf 71' lang='grc'>840.</span> 
     </span>
    </p>
   </div>
   <div class='ocr_carea' id='block_1_113' title="bbox 2151 5015 3691 5091">
    <p class='ocr_par' dir='ltr' id='par_1_113' title="bbox 2151 5015 3691 5091">
     <span class='ocr_line' id='line_1_114' title="bbox 2151 5015 3691 5091; baseline -0.003 -16"><span class='ocrx_word' id='word_1_701' title='bbox 2151 5022 2297 5089; x_wconf 79' lang='grc'>(793)</span> <span class='ocrx_word' id='word_1_702' title='bbox 2331 5022 2403 5075; x_wconf 87' lang='lat' dir='ltr'>De</span> <span class='ocrx_word' id='word_1_703' title='bbox 2434 5020 2646 5075; x_wconf 86' lang='lat' dir='ltr'>Joanne</span> <span class='ocrx_word' id='word_1_704' title='bbox 2671 5019 2903 5091; x_wconf 84' lang='lat' dir='ltr'>Erigena</span> <span class='ocrx_word' id='word_1_705' title='bbox 2922 5018 3006 5091; x_wconf 2' lang='lat' dir='ltr'>psic</span> <span class='ocrx_word' id='word_1_706' title='bbox 3036 5015 3522 5091; x_wconf 80' lang='lat' dir='ltr'>scribit_Nicolaus</span> <span class='ocrx_word' id='word_1_707' title='bbox 3550 5031 3691 5086; x_wconf 89' lang='lat' dir='ltr'>papa</span> 
     </span>
    </p>
   </div>
   <div class='ocr_carea' id='block_1_114' title="bbox 2081 5088 3690 5162">
    <p class='ocr_par' dir='ltr' id='par_1_114' title="bbox 2081 5088 3690 5162">
     <span class='ocr_line' id='line_1_115' title="bbox 2081 5088 3690 5162; baseline -0.002 -17"><span class='ocrx_word' id='word_1_708' title='bbox 2081 5092 2134 5145; x_wconf 90' lang='lat' dir='ltr'>in</span> <span class='ocrx_word' id='word_1_709' title='bbox 2168 5092 2398 5162; x_wconf 87' lang='lat' dir='ltr'>epistola</span> <span class='ocrx_word' id='word_1_710' title='bbox 2441 5092 2507 5145; x_wconf 89' lang='lat' dir='ltr'>ad</span> <span class='ocrx_word' id='word_1_711' title='bbox 2553 5088 2801 5145; x_wconf 80' lang='lat' dir='ltr'>Carolum</span> <span class='ocrx_word' id='word_1_712' title='bbox 2845 5090 3102 5162; x_wconf 74' lang='lat' dir='ltr'>Calvum;</span> <span class='ocrx_word' id='word_1_713' title='bbox 3156 5108 3181 5140; x_wconf 87' lang='grc'>‹‹</span> <span class='ocrx_word' id='word_1_714' title='bbox 3232 5088 3484 5162; x_wconf 68' lang='lat' dir='ltr'>Relatum</span> <span class='ocrx_word' id='word_1_715' title='bbox 3515 5094 3601 5162; x_wconf 83' lang='lat' dir='ltr'>est</span> <span class='ocrx_word' id='word_1_716' title='bbox 3627 5105 3690 5141; x_wconf 86' lang='lat' dir='ltr'>a-</span> 
     </span>
    </p>
   </div>
   <div class='ocr_carea' id='block_1_115' title="bbox 2081 5158 3684 5232">
    <p class='ocr_par' dir='ltr' id='par_1_115' title="bbox 2081 5158 3684 5232">
     <span class='ocr_line' id='line_1_116' title="bbox 2081 5158 3684 5232; baseline -0.002 -17"><span class='ocrx_word' id='word_1_717' title='bbox 2081 5158 2377 5232; x_wconf 76' lang='lat' dir='ltr'>postolatui</span> <span class='ocrx_word' id='word_1_718' title='bbox 2409 5170 2595 5217; x_wconf 90' lang='lat' dir='ltr'>nostro</span> <span class='ocrx_word' id='word_1_719' title='bbox 2625 5163 2770 5232; x_wconf 91' lang='lat' dir='ltr'>quod</span> <span class='ocrx_word' id='word_1_720' title='bbox 2791 5177 2931 5231; x_wconf 80' lang='lat' dir='ltr'>Opus</span> <span class='ocrx_word' id='word_1_721' title='bbox 2963 5162 2996 5215; x_wconf 86' lang='grc' dir='ltr'>Β</span> <span class='ocrx_word' id='word_1_722' title='bbox 3050 5158 3295 5232; x_wconf 81' lang='lat' dir='ltr'>Dionysii</span> <span class='ocrx_word' id='word_1_723' title='bbox 3325 5158 3684 5232; x_wconf 68' lang='lat' dir='ltr'>Areopagitae,</span> 
     </span>
    </p>
   </div>
   <div class='ocr_carea' id='block_1_116' title="bbox 2078 5230 3683 5304">
    <p class='ocr_par' dir='ltr' id='par_1_116' title="bbox 2078 5230 3683 5304">
     <span class='ocr_line' id='line_1_117' title="bbox 2078 5230 3683 5304; baseline -0.002 -17"><span class='ocrx_word' id='word_1_724' title='bbox 2078 5230 2225 5304; x_wconf 87' lang='lat' dir='ltr'>quod</span> <span class='ocrx_word' id='word_1_725' title='bbox 2247 5236 2319 5289; x_wconf 88' lang='lat' dir='ltr'>De</span> <span class='ocrx_word' id='word_1_726' title='bbox 2338 5234 2541 5288; x_wconf 80' lang='lat' dir='ltr'>divinis</span> <span class='ocrx_word' id='word_1_727' title='bbox 2564 5230 2900 5295; x_wconf 83' lang='lat' dir='ltr'>nominibus,</span> <span class='ocrx_word' id='word_1_728' title='bbox 2924 5233 3005 5287; x_wconf 83' lang='lat' dir='ltr'>vel</span> <span class='ocrx_word' id='word_1_729' title='bbox 3035 5230 3354 5304; x_wconf 75' lang='lat' dir='ltr'>ccelestibus</span> <span class='ocrx_word' id='word_1_730' title='bbox 3375 5230 3683 5304; x_wconf 67' lang='lat' dir='ltr'>ordinibus,</span> 
     </span>
    </p>
   </div>
   <div class='ocr_carea' id='block_1_117' title="bbox 2073 5300 3679 5375">
    <p class='ocr_par' dir='ltr' id='par_1_117' title="bbox 2073 5300 3679 5375">
     <span class='ocr_line' id='line_1_118' title="bbox 2073 5300 3679 5375; baseline -0.002 -16"><span class='ocrx_word' id='word_1_731' title='bbox 2073 5300 2260 5361; x_wconf 69' lang='lat' dir='ltr'>Graeco</span> <span class='ocrx_word' id='word_1_732' title='bbox 2291 5306 2588 5375; x_wconf 84' lang='lat' dir='ltr'>descripsit</span> <span class='ocrx_word' id='word_1_733' title='bbox 2621 5305 2844 5375; x_wconf 89' lang='lat' dir='ltr'>eloquio</span> <span class='ocrx_word' id='word_1_734' title='bbox 2885 5304 3106 5374; x_wconf 91' lang='lat' dir='ltr'>quidam</span> <span class='ocrx_word' id='word_1_735' title='bbox 3140 5303 3220 5359; x_wconf 89' lang='lat' dir='ltr'>vir</span> <span class='ocrx_word' id='word_1_736' title='bbox 3246 5302 3509 5375; x_wconf 82' lang='lat' dir='ltr'>Joannes,</span> <span class='ocrx_word' id='word_1_737' title='bbox 3538 5300 3679 5375; x_wconf 76' lang='lat' dir='ltr'>Sco-_</span> 
     </span>
    </p>
   </div>
   <div class='ocr_carea' id='block_1_118' title="bbox 434 5372 3680 5451">
    <p class='ocr_par' dir='ltr' id='par_1_118' title="bbox 434 5372 3680 5451">
     <span class='ocr_line' id='line_1_119' title="bbox 434 5372 3680 5451; baseline -0.002 -18"><span class='ocrx_word' id='word_1_738' title='bbox 434 5380 587 5451; x_wconf 78' lang='lat'>(790)</span> <span class='ocrx_word' id='word_1_739' title='bbox 608 5378 925 5451; x_wconf 85' lang='lat' dir='ltr'>Ambrosius</span> <span class='ocrx_word' id='word_1_740' title='bbox 956 5372 1294 5451; x_wconf 25' lang='lat' dir='ltr'>Autbertusg</span> <span class='ocrx_word' id='word_1_741' title='bbox 1321 5375 1389 5451; x_wconf 61' lang='lat' dir='ltr'>al.</span> <span class='ocrx_word' id='word_1_742' title='bbox 1426 5379 1743 5451; x_wconf 50' lang='lat' dir='ltr'>Ansbertus,</span> <span class='ocrx_word' id='word_1_743' title='bbox 1774 5393 1970 5451; x_wconf 87' lang='lat' dir='ltr'>mona-</span> <span class='ocrx_word' id='word_1_744' title='bbox 2068 5383 2155 5451; x_wconf 81' lang='lat' dir='ltr'>tus</span> <span class='ocrx_word' id='word_1_745' title='bbox 2204 5394 2431 5451; x_wconf 80' lang='lat' dir='ltr'>genere,</span> <span class='ocrx_word' id='word_1_746' title='bbox 2478 5372 2668 5451; x_wconf 75' lang='lat' dir='ltr'>nuper</span> <span class='ocrx_word' id='word_1_747' title='bbox 2708 5372 2759 5429; x_wconf 84' lang='lat' dir='ltr'>in</span> <span class='ocrx_word' id='word_1_748' title='bbox 2794 5372 3070 5451; x_wconf 83' lang='lat' dir='ltr'>Latinum</span> <span class='ocrx_word' id='word_1_749' title='bbox 3130 5372 3517 5451; x_wconf 71' lang='lat' dir='ltr'>transtulerit:_</span> <span class='ocrx_word' id='word_1_750' title='bbox 3533 5373 3680 5451; x_wconf 78' lang='lat' dir='ltr'>quod</span> 
     </span>
    </p>
   </div>
   <div class='ocr_carea' id='block_1_119' title="bbox 360 5444 3680 5516">
    <p class='ocr_par' dir='ltr' id='par_1_119' title="bbox 360 5444 3680 5516">
     <span class='ocr_line' id='line_1_120' title="bbox 360 5444 3680 5516; baseline -0.001 -12"><span class='ocrx_word' id='word_1_751' title='bbox 360 5444 517 5516; x_wconf 85' lang='lat' dir='ltr'>chus,</span> <span class='ocrx_word' id='word_1_752' title='bbox 548 5444 910 5505; x_wconf 86' lang='lat' dir='ltr'>elaruitanno</span> <span class='ocrx_word' id='word_1_753' title='bbox 949 5445 1072 5510; x_wconf 82' lang='lat'>890,</span> <span class='ocrx_word' id='word_1_754' title='bbox 1106 5453 1160 5500; x_wconf 90' lang='lat' dir='ltr'>et</span> <span class='ocrx_word' id='word_1_755' title='bbox 1188 5446 1408 5515; x_wconf 86' lang='lat' dir='ltr'>scripsit</span> <span class='ocrx_word' id='word_1_756' title='bbox 1442 5448 1874 5504; x_wconf 89' lang='lat' dir='ltr'>Commentarios</span> <span class='ocrx_word' id='word_1_757' title='bbox 1912 5450 1965 5503; x_wconf 91' lang='lat' dir='ltr'>in</span> <span class='ocrx_word' id='word_1_758' title='bbox 2064 5444 2234 5516; x_wconf 64' lang='lat' dir='ltr'>juxtaw</span> <span class='ocrx_word' id='word_1_759' title='bbox 2257 5465 2461 5504; x_wconf 91' lang='lat' dir='ltr'>morem</span> <span class='ocrx_word' id='word_1_760' title='bbox 2513 5444 2673 5503; x_wconf 85' lang='lat' dir='ltr'>nobis</span> <span class='ocrx_word' id='word_1_761' title='bbox 2731 5448 2896 5514; x_wconf 89' lang='lat' dir='ltr'>mitti,</span> <span class='ocrx_word' id='word_1_762' title='bbox 2928 5454 2982 5502; x_wconf 87' lang='lat' dir='ltr'>et</span> <span class='ocrx_word' id='word_1_763' title='bbox 3031 5453 3219 5502; x_wconf 87' lang='lat' dir='ltr'>nostro</span> <span class='ocrx_word' id='word_1_764' title='bbox 3245 5444 3455 5512; x_wconf 84' lang='lat' dir='ltr'>judicio</span> <span class='ocrx_word' id='word_1_765' title='bbox 3486 5444 3680 5516; x_wconf 78' lang='lat' dir='ltr'>debuit</span> 
     </span>
    </p>
   </div>
   <div class='ocr_carea' id='block_1_120' title="bbox 359 5517 1964 5590">
    <p class='ocr_par' dir='ltr' id='par_1_120' title="bbox 359 5517 1964 5590">
     <span class='ocr_line' id='line_1_121' title="bbox 359 5517 1964 5590; baseline 0 -15"><span class='ocrx_word' id='word_1_766' title='bbox 359 5520 765 5590; x_wconf 80' lang='lat' dir='ltr'>Apocalypsim,</span> <span class='ocrx_word' id='word_1_767' title='bbox 808 5520 865 5572; x_wconf 90' lang='lat' dir='ltr'>in</span> <span class='ocrx_word' id='word_1_768' title='bbox 894 5518 1156 5590; x_wconf 86' lang='lat' dir='ltr'>Psalmos,</span> <span class='ocrx_word' id='word_1_769' title='bbox 1183 5526 1237 5571; x_wconf 91' lang='lat' dir='ltr'>et</span> <span class='ocrx_word' id='word_1_770' title='bbox 1269 5517 1322 5571; x_wconf 92' lang='lat' dir='ltr'>iu</span> <span class='ocrx_word' id='word_1_771' title='bbox 1359 5518 1575 5573; x_wconf 88' lang='lat' dir='ltr'>Cantica</span> <span class='ocrx_word' id='word_1_772' title='bbox 1602 5521 1964 5588; x_wconf 85' lang='lat' dir='ltr'>canticorum,</span> 
     </span>
    </p>
   </div>
   <div class='ocr_carea' id='block_1_121' title="bbox 362 5589 1210 5645">
    <p class='ocr_par' dir='ltr' id='par_1_121' title="bbox 362 5589 1210 5645">
     <span class='ocr_line' id='line_1_122' title="bbox 362 5589 1210 5645; baseline -0.007 0"><span class='ocrx_word' id='word_1_773' title='bbox 362 5589 769 5645; x_wconf 16' lang='lat' dir='ltr'>COloniaa71536</span> <span class='ocrx_word' id='word_1_774' title='bbox 800 5591 856 5645; x_wconf 89' lang='lat' dir='ltr'>in</span> <span class='ocrx_word' id='word_1_775' title='bbox 889 5590 982 5644; x_wconf 88' lang='lat' dir='ltr'>fol.</span> <span class='ocrx_word' id='word_1_776' title='bbox 1016 5589 1210 5644; x_wconf 81' lang='lat' dir='ltr'>editos.</span> 
     </span>
    </p>
   </div>
   <div class='ocr_carea' id='block_1_122' title="bbox 432 5660 1951 5733">
    <p class='ocr_par' dir='ltr' id='par_1_122' title="bbox 432 5660 1951 5733">
     <span class='ocr_line' id='line_1_123' title="bbox 432 5660 1951 5733; baseline 0.003 -20"><span class='ocrx_word' id='word_1_777' title='bbox 432 5661 584 5733; x_wconf 62' lang='lat'>(791)</span> <span class='ocrx_word' id='word_1_778' title='bbox 610 5661 817 5727; x_wconf 87' lang='lat' dir='ltr'>Florus,</span> <span class='ocrx_word' id='word_1_779' title='bbox 849 5677 880 5733; x_wconf 78' lang='lat' dir='ltr'>a</span> <span class='ocrx_word' id='word_1_780' title='bbox 925 5660 1217 5733; x_wconf 77' lang='lat' dir='ltr'>Sigeberto</span> <span class='ocrx_word' id='word_1_781' title='bbox 1246 5660 1349 5733; x_wconf 84' lang='lat' dir='ltr'>hoc</span> <span class='ocrx_word' id='word_1_782' title='bbox 1388 5660 1951 5733; x_wconf 67' lang='lat' dir='ltr'>capitememoratus,</span> 
     </span>
    </p>
   </div>
   <div class='ocr_carea' id='block_1_123' title="bbox 360 5730 1952 5802">
    <p class='ocr_par' dir='ltr' id='par_1_123' title="bbox 360 5730 1952 5802">
     <span class='ocr_line' id='line_1_124' title="bbox 360 5730 1952 5802; baseline 0.003 -16"><span class='ocrx_word' id='word_1_783' title='bbox 360 5730 466 5787; x_wconf 89' lang='lat' dir='ltr'>nisi</span> <span class='ocrx_word' id='word_1_784' title='bbox 498 5730 674 5797; x_wconf 85' lang='lat' dir='ltr'>fallor,</span> <span class='ocrx_word' id='word_1_785' title='bbox 725 5740 808 5786; x_wconf 91' lang='lat' dir='ltr'>cst</span> <span class='ocrx_word' id='word_1_786' title='bbox 859 5731 905 5784; x_wconf 89' lang='lat' dir='ltr'>is</span> <span class='ocrx_word' id='word_1_787' title='bbox 952 5730 1045 5802; x_wconf 79' lang='lat' dir='ltr'>qui</span> <span class='ocrx_word' id='word_1_788' title='bbox 1096 5732 1148 5786; x_wconf 90' lang='lat' dir='ltr'>S.</span> <span class='ocrx_word' id='word_1_789' title='bbox 1192 5730 1343 5786; x_wconf 89' lang='lat' dir='ltr'>Pauli</span> <span class='ocrx_word' id='word_1_790' title='bbox 1391 5730 1661 5802; x_wconf 87' lang='lat' dir='ltr'>Epistolas</span> <span class='ocrx_word' id='word_1_791' title='bbox 1690 5733 1874 5789; x_wconf 86' lang='lat' dir='ltr'>verbis</span> <span class='ocrx_word' id='word_1_792' title='bbox 1898 5735 1952 5791; x_wconf 95' lang='lat' dir='ltr'>S.</span> 
     </span>
    </p>
   </div>
   <div class='ocr_carea' id='block_1_124' title="bbox 2067 5514 3679 5591">
    <p class='ocr_par' dir='ltr' id='par_1_124' title="bbox 2067 5514 3679 5591">
     <span class='ocr_line' id='line_1_125' title="bbox 2067 5514 3679 5591; baseline -0.001 -17"><span class='ocrx_word' id='word_1_793' title='bbox 2067 5514 2394 5591; x_wconf 84' lang='lat' dir='ltr'>approbari;</span> <span class='ocrx_word' id='word_1_794' title='bbox 2460 5519 2760 5590; x_wconf 83' lang='lat' dir='ltr'>praesertim</span> <span class='ocrx_word' id='word_1_795' title='bbox 2831 5536 2951 5573; x_wconf 91' lang='lat' dir='ltr'>cum</span> <span class='ocrx_word' id='word_1_796' title='bbox 3022 5518 3166 5572; x_wconf 82' lang='lat' dir='ltr'>idem</span> <span class='ocrx_word' id='word_1_797' title='bbox 3227 5516 3492 5591; x_wconf 75' lang='lat' dir='ltr'>Joannes,</span> <span class='ocrx_word' id='word_1_798' title='bbox 3549 5514 3679 5573; x_wconf 86' lang='lat' dir='ltr'>licet</span> 
     </span>
    </p>
   </div>
   <div class='ocr_carea' id='block_1_125' title="bbox 2068 5587 3677 5660">
    <p class='ocr_par' dir='ltr' id='par_1_125' title="bbox 2068 5587 3677 5660">
     <span class='ocr_line' id='line_1_126' title="bbox 2068 5587 3677 5660; baseline -0.002 -15"><span class='ocrx_word' id='word_1_799' title='bbox 2068 5587 2253 5645; x_wconf 54' lang='lat' dir='ltr'>multa).</span> <span class='ocrx_word' id='word_1_800' title='bbox 2318 5587 2562 5646; x_wconf 78' lang='lat' dir='ltr'>scientia,-</span> <span class='ocrx_word' id='word_1_801' title='bbox 2610 5607 2730 5644; x_wconf 86' lang='lat' dir='ltr'>esse</span> <span class='ocrx_word' id='word_1_802' title='bbox 2787 5591 3136 5660; x_wconf 58' lang='lat' dir='ltr'>pra&#39;dicetur,</span> <span class='ocrx_word' id='word_1_803' title='bbox 3195 5587 3325 5644; x_wconf 89' lang='lat' dir='ltr'>olim</span> <span class='ocrx_word' id='word_1_804' title='bbox 3380 5603 3493 5643; x_wconf 85' lang='lat' dir='ltr'>non</span> <span class='ocrx_word' id='word_1_805' title='bbox 3541 5602 3677 5660; x_wconf 73' lang='lat' dir='ltr'>sane</span> 
     </span>
    </p>
   </div>
   <div class='ocr_carea' id='block_1_126' title="bbox 2064 5657 3676 5734">
    <p class='ocr_par' dir='ltr' id='par_1_126' title="bbox 2064 5657 3676 5734">
     <span class='ocr_line' id='line_1_127' title="bbox 2064 5657 3676 5734; baseline -0.002 -17"><span class='ocrx_word' id='word_1_806' title='bbox 2064 5679 2257 5732; x_wconf 86' lang='lat' dir='ltr'>sapere</span> <span class='ocrx_word' id='word_1_807' title='bbox 2324 5664 2378 5717; x_wconf 89' lang='lat' dir='ltr'>in</span> <span class='ocrx_word' id='word_1_808' title='bbox 2457 5657 2799 5734; x_wconf 77' lang='lat' dir='ltr'>quibusdam</span> <span class='ocrx_word' id='word_1_809' title='bbox 2867 5661 3141 5733; x_wconf 78' lang='lat' dir='ltr'>frequenti</span> <span class='ocrx_word' id='word_1_810' title='bbox 3214 5674 3437 5715; x_wconf 88' lang='lat' dir='ltr'>rumore</span> <span class='ocrx_word' id='word_1_811' title='bbox 3522 5657 3676 5714; x_wconf 87' lang='lat' dir='ltr'>dica-</span> 
     </span>
    </p>
   </div>
   <div class='ocr_carea' id='block_1_127' title="bbox 2058 5740 2233 5790">
    <p class='ocr_par' dir='ltr' id='par_1_127' title="bbox 2058 5740 2233 5790">
     <span class='ocr_line' id='line_1_128' title="bbox 2058 5740 2233 5790; baseline 0.006 -1"><span class='ocrx_word' id='word_1_812' title='bbox 2058 5740 2162 5790; x_wconf 89' lang='lat' dir='ltr'>tur.</span> <span class='ocrx_word' id='word_1_813' title='bbox 2211 5759 2233 5780; x_wconf 77' lang='grc' dir='ltr'><strong><em>ιι</em></strong></span> 
     </span>
    </p>
   </div>
  </div>
