3934 6054
219 240 318 296 581
1209 259 1217 264 ·
1458 239 1577 296 LIB.
1627 237 1707 293 DE
1745 237 1998 295 SCRIPT.
2043 237 2306 294 ECCLES.
3437 253 3544 307 582

219 368 434 423 rientes
453 364 828 438 prohibebant
875 365 1140 437 baptizari
1169 373 1299 421 ante
1343 376 1598 423 octavum
1631 368 1833 422 nativi-
1857 373 1907 440 Α
1932 367 2292 425 Monomacho
2357 367 2711 439 imperatore,
2753 369 2996 441 reposita
3053 380 3185 430 sunt
3224 375 3280 430 in
3319 379 3542 439 archiva

219 457 547 523 tatisdiem;
572 457 836 512 mulieres
876 458 932 511 in
964 463 1122 526 partu
1167 457 1252 512 vel
1284 465 1566 514 menstruo
1590 459 1827 530 pericli-
1933 459 2552 530 ConstantinOpolitanaa
2591 461 2865 519 Ecclesia).

220 554 398 602 tantes
437 547 852 612 communicari,
883 548 992 614 vel,
1019 546 1062 601 si
1093 563 1318 622 pagana}
1334 556 1545 614 essent,
1581 549 1832 618 prohibe-
2005 548 2128 603 CAP.
2160 547 2303 602 CLll.
2340 549 2650 617 Anselmus,
2676 550 2962 607 Remensis
2981 555 3303 624 monachus,
3325 559 3546 631 scripsit

219 637 355 691 bant
383 635 668 708 baptizari,
702 637 923 693 Latinos
970 635 1026 691 in
1060 638 1284 693 nomine
1323 646 1526 693 sanctae
1555 638 1833 693 Trinitatis
1935 639 2287 696 itinerarium
2315 640 2446 696 noni
2479 641 2676 697 Leonis
2705 660 2862 714 papa:
2890 661 2922 700 a
2977 645 3145 702 Roma
3175 648 3234 702 in
3302 651 3500 708 Gallias
3528 670 3543 720 ;

219 725 529 798 baptizatos
586 727 1016 798 rebaptizabant.
1069 738 1126 784 et
1178 727 1282 800 ipsi
1334 727 1708 783 sacriﬁcantes
1764 729 1833 782 de
1935 723 2007 779 ob
2035 724 2142 779 hoc
2188 726 2446 794 maxime,
2497 735 2557 784 ut
2604 730 2914 787 notificaret
2965 742 3170 805 quanta
3223 740 3547 798 auctoritate

220 817 494 875 fermento
533 818 802 874 vocabant
822 817 1044 874 Latinos
1097 818 1391 889 Azymitas,
1432 825 1486 873 et
1515 818 1836 874 claudentes
1935 811 2140 880 RemiS,
2180 815 2266 870 vel
2299 815 2355 870 in
2414 817 2536 872 aliis
2589 818 2818 874 urbibus
2875 823 3149 892 synodum
3203 825 3546 898 celebrarit;

219 927 416 967 eorum
456 910 739 978 ecclesias,
764 927 861 967 eos
908 913 1400 984 persequebantur,
1449 913 1548 969 Τοι
1577 922 1631 968 ει
1659 920 1837 968 tantas
1937 910 2141 974 quanta
2155 905 2461 963 subtilitate
2490 915 2546 964 et
2569 908 2781 980 justitia
2811 912 3350 973 examinaritcausas
3371 922 3550 979 80018-

222 1004 469 1059 haereses
530 1004 720 1059 volens
775 1004 882 1060 Leo
937 1021 1080 1076 papa
1128 1005 1431 1078 exstirpare
1489 1007 1556 1062 de
1603 1007 1832 1070 Graecia,
1937 994 2235 1064 είᾶεῐίοειες
2278 1015 2389 1070 qua
2435 999 2774 1060 discretione
2833 1013 3124 1076 Ρθοοαηιεε
3177 1013 3478 1069 correxerit
3533 1032 3548 1080 ὅ

221 1093 622 1164 scripsitetiam
653 1093 721 1148 ad
777 1093 1095 1150 Michaelem
1155 1095 1517 1165 patriarcham
1572 1096 1836 1152 Constan-
1937 1089 2218 1159 quomodo
2250 1089 2301 1161 ej
2358 1093 2531 1149 virtus
2587 1095 2680 1152 Dei
2737 1108 3034 1169 cooperata
3087 1101 3178 1158 sit.
3238 1103 3390 1168 Quod
3418 1108 3552 1164 satis

222 1183 677 1253 tinopolitanum,
706 1198 831 1238 eum
872 1199 1039 1254 super
1081 1183 1166 1238 his
1193 1183 1456 1238 omnibus
1485 1200 1748 1259 arguens,
1784 1191 1839 1239 et
1939 1175 2114 1247 Patuit
2152 1178 2209 1233 in
2271 1195 2382 1234 una
2437 1197 2602 1238 causa
2667 1184 2958 1242 Remensis
2998 1189 3219 1260 synodi,
3268 1191 3362 1248 ubi
3421 1195 3550 1250 dum

221 1279 428 1344 praeter
457 1279 674 1342 cetera,
731 1273 879 1346 quod
919 1289 980 1328 se
1045 1274 1414 1329 universalem
1474 1273 1836 1344 patriarcham
1939 1268 2239 1342 episcopus
2260 1271 2627 1348 Frisingensis
2674 1279 3074 1336 contumaciter
3123 1292 3313 1356 ageret
3363 1294 3554 1342 contra

221 1362 547 1435 appellaret,
580 1372 635 1419 et
662 1363 962 1420 Ecclesiam
1005 1363 1672 1435 Constantinopolitanam
1696 1379 1836 1436 prae-
1935 1359 2291 1430 apostolicam
2321 1363 2725 1432 auctoritatem,
2755 1375 2983 1438 repente
3011 1370 3069 1425 in
3099 1373 3274 1430 oculis
3304 1376 3552 1432 omnium

224 1458 459 1524 poneret
496 1451 751 1508 Ecclesiae
806 1453 1086 1521 Romanis,
1123 1469 1355 1526 eamque
1425 1453 1480 1508 in
1539 1452 1670 1508 filiis
1721 1454 1838 1511 suis
1937 1453 2231 1520 obmutuit,

223 1541 737 1598 anathematizaret.
780 1543 955 1616 Super
982 1543 1067 1598 his
1095 1543 1320 1616 scripsit
1345 1543 1510 1600 etiam
1542 1543 1612 1599 ad
1641 1559 1838 1599 omnes
2012 1545 2136 1602 Cap.
2165 1546 2332 1602 CLlll.
2391 1549 2694 1605 Almannus
2744 1553 2966 1622 (842-3)
3017 1555 3434 1628 Grammaticus,
3491 1579 3556 1618 ex

225 1631 495 1736 primates
518 1633 812 1736 episcOpos
836 1631 1050 1696 Africae,
1070 1633 1624 1708 Numidiamgypti,
1645 1633 1834 1698 Italiae,
1867 1669 1914 1736 Β
1939 1639 2142 1696 clerico
2171 1641 2463 1698 Leodiensi
2522 1644 2820 1715 episcopus
2884 1647 3206 1718 Brixiensis,
3237 1653 3461 1723 scripsit
3488 1655 3556 1708 ad

225 1726 492 1800 epistolas
521 1727 841 1801 legentibus
882 1729 1064 1786 utiles.
1106 1729 1337 1800 Scripsit
1359 1745 1527 1801 super
1555 1729 1640 1785 his
1671 1729 1834 1785 etiam
1867 1726 1912 1736 “’
1938 1729 2331 1804 Berengarium
2363 1773 2376 1795 ,
2425 1732 2799 1788 ’l‘uronensem
2862 1735 3122 1791 clericum
3153 1779 3170 1808 ,
3242 1740 3558 1811 epistolam,

221 1821 296 1878 ad
323 1820 541 1876 Graecos
565 1819 764 1875 librum
797 1821 1076 1877 loculento
1114 1837 1392 1890 sermone,
1433 1822 1765 1895 evangelicis
1785 1829 1840 1877 et
1938 1835 2180 1893 arguens
2209 1836 2334 1874 eum
2369 1821 2514 1892 quod
2542 1839 2602 1877 se
2630 1822 2924 1878 divulserit
2945 1825 3014 1879 ab
3042 1828 3254 1884 unitate
3275 1831 3561 1887 catholicae

223 1911 512 1970 canonicis
553 1912 884 1968 testimoniis
931 1915 1221 1970 destruens
1276 1930 1466 1970 eorum
1514 1931 1750 1982 errores,
1787 1922 1842 1970 et
1940 1909 2219 1978 Ecclesiae,
2260 1911 2682 1985 dogmatizando
2713 1919 2768 1967 et
2827 1914 3009 1968 verbis
3065 1925 3121 1972 et
3152 1918 3373 1990 scriptis
3412 1923 3562 1993 quod

222 2002 514 2058 catholicae
540 2001 796 2056 Ecclesiae
828 2001 990 2057 fidem
1023 2010 1290 2059 astruens.
1321 2005 1386 2058 At
1423 2003 1468 2059 si
1507 2005 1632 2076 quis
1653 2011 1840 2060 atten-

225 2093 324 2149 dat
375 2100 571 2150 cantus
611 2093 668 2148 in
733 2093 942 2149 honore
1017 2100 1326 2151 sanctorum
1372 2093 1442 2148 ab
1489 2109 1556 2151 eo
1612 2110 1844 2166 compo-

229 2189 388 2257 sitos,
417 2205 540 2244 eum
598 2187 776 2261 primo
821 2189 1079 2264 Gregorio
1139 2205 1296 2262 papae
1363 2190 1560 2247 merito
1609 2206 1842 2262 compa-

233 2280 397 2336 rabit.

306 2369 436 2428 CAP.
465 2371 560 2428 CL.
603 2371 933 2427 llumbertus
986 2373 1157 2444 (841),
1195 2373 1497 2428 monachus
1551 2372 1845 2441 Tullensis,

234 2477 269 2518 a
299 2459 482 2516 Leone
508 2477 650 2532 papa
680 2469 906 2534 pr0pter
963 2461 1252 2517 scientiam
1281 2461 1586 2517 litterarum
1619 2461 1846 2517 Romam

237 2553 529 2621 traductis,
571 2559 626 2609 et
655 2553 951 2610 cardinalis
999 2553 1296 2626 episcopus
1330 2554 1615 2610 ordinatus
1644 2554 1850 2618 Romae,

237 2648 445 2704 missus
473 2648 542 2703 ab
585 2648 784 2704 eodem
840 2664 984 2720 papa
1040 2648 1574 2720 ConstantinOpolim
1628 2657 1856 2720 propter

241 2739 606 2796 confutandas
635 2739 944 2796 Graacorum
977 2741 1237 2809 haereses,
1307 2739 1614 2796 confutavit
1653 2739 1856 2811 scripta

243 2833 444 2889 Leonis
482 2832 760 2899 Acridani,
791 2833 1148 2909 Bulgarorum
1191 2831 1617 2904 archiepiscOpi.
1653 2831 1856 2888 Confu-

1943 2017 2144 2073 corpus
2171 2010 2226 2056 et
2253 2005 2478 2075 sanguis
2509 2002 2726 2073 Christi,
2757 2006 2905 2076 quod
2937 2008 3187 2078 quotidie
3219 2011 3272 2065 in
3307 2012 3563 2070 universa

1943 2101 2088 2151 terra
2131 2096 2186 2149 in
2229 2095 2387 2150 altari
2415 2095 2773 2167 “immolatur,
2825 2113 2939 2153 non
2991 2099 3063 2157 sit
3118 2118 3307 2158 verum
3363 2120 3565 2177 corpus

1946 2182 2168 2251 Christi,
2209 2199 2311 2239 nec
2363 2199 2525 2240 verus
2571 2185 2796 2261 sanguis
2863 2186 3082 2256 Christi,
3141 2190 3238 2244 sed
3297 2190 3472 2265 ﬁgura
3507 2201 3563 2250 et

1945 2271 2249 2327 similitudo
2302 2272 2550 2344 corporis
2599 2284 2654 2329 et
2707 2275 2996 2350 sanguinis
3058 2275 3273 2334 Christi.
3333 2280 3567 2352 Scripsit

1947 2378 2115 2433 super
2144 2361 2338 2416 eadem
2377 2377 2447 2426 ,re
2495 2361 2786 2432 epistolam
2842 2364 2909 2418 ad
2968 2364 3220 2434 Paulum,
3265 2366 3566 2424 Meteusem

1951 2454 2350 2527 printicerium,
2383 2471 2617 2511 monens
2657 2471 2782 2510 eum
2811 2457 2888 2512 uti
2935 2463 2989 2512 et
3021 2457 3140 2528 ipse
3172 2459 3567 2533 Berengarium

1955 2561 2302 2604 communem
2329 2548 2566 2604 amicum
2590 2564 2749 2604 suum
2807 2556 3094 2606 revocaret
3145 2549 3215 2605 ab
3274 2551 3378 2608 hac
3409 2568 3573 2624 prava

1956 2636 2284 2693 intentione.

2029 2728 2151 2787 Car.
2179 2730 2361 2786 CLIV.
2393 2731 2780 2806 ,Berengarius
2825 2731 2970 2804 (844)
3031 2731 3387 2802 Turonensis,
3433 2734 3576 2792 libe-

1960 2821 2152 2878 ralium
2176 2823 2374 2878 artium
2401 2831 2457 2880 et
2486 2825 2723 2895 amplius
2739 2823 3046 2880 dialecticae
3085 2825 3283 2895 peritia
3317 2825 3576 2901 insignis,

244 2921 378 2977 tavit
405 2921 570 2976 etiam
630 2921 834 2991 scripta
884 2921 1087 2978 Niceta:
1139 2923 1433 2989 Pectorati,
1498 2937 1738 2995 eumque
1803 2922 1857 2977 in

1987 2910 2450 2982 cripsitfastuoso
2487 2912 2632 2984 style
2689 2919 2880 2968 contra
2934 2911 3266 2967 Almannum
3305 2930 3582 2987 gramma-

245 3012 538 3085 praasentia
579 3012 926 3084 imperatoris
977 3012 1322 3070 Constantini
1376 3014 1504 3070 ideo
1543 3014 1769 3080 devicit,
1802 3021 1862 3070 ut

1988 3001 2131 3058 icum
2163 3010 2219 3060 et
2243 3004 2714 3076 episcopum,non
2727 3020 3036 3079 agnoscens
3070 3005 3232 3062 amici
3254 3007 3584 3082 corrigentis

245 3101 366 3173 ipse
397 3100 583 3156 Niceta
646 3100 845 3156 librum
903 3117 1062 3156 suum
1095 3102 1606 3170 anathematizaret,
1637 3111 1695 3158 et
1737 3118 1864 3157 eum

1987 3092 2439 3161 )enevolentiam,
2470 3095 2570 3150 sed
2634 3072 2945 3150 defendens
2994 3110 3147 3150 suam
3204 3095 3274 3152 de
3311 3072 3585 3167 mysteriis

246 3204 540 3245 manusua
569 3189 684 3263 igni
727 3189 1002 3259 injiceret.
1061 3191 1125 3246 Et
1176 3189 1448 3264 quidquid
1501 3191 1576 3245 ibi
1608 3190 1748 3246 dixit
1774 3197 1870 3247 aut

247 3283 400 3353 fecit,
438 3285 592 3356 quasi
635 3300 732 3355 per
765 3284 1073 3359 dialogum,
1113 3285 1217 3340 sub
1259 3302 1502 3357 persona
1542 3287 1774 3342 Romani
1815 3291 1871 3341 et

253 3373 872 3446 Constantinopolitani,
901 3374 1140 3446 scripsit.

329 3466 455 3523 CAP.
527 3466 652 3522 CLI.
720 3465 939 3530 Paulus,
1025 3482 1138 3539 quo
1229 3467 1532 3540 interprete
1591 3467 1678 3523 usi
1744 3475 1872 3523 sunt

253 3555 737 3626 ConstantinOpoli
768 3555 934 3630 legati
963 3556 1226 3612 Romanae
1256 3557 1550 3624 Ecclesiae;
1592 3557 1874 3612 transtulit

256 3649 330 3704 de
363 3647 555 3704 Latino
570 3647 624 3702 in
650 3646 922 3717 Graecum,
953 3653 1287 3719 cooperante
1312 3649 1417 3704 sibi
1449 3647 1560 3704 ﬁlio
1591 3664 1690 3704 suo
1719 3648 1875 3703 Sma-

258 3737 454 3813 ragdo,
487 3735 676 3794 omnia
705 3753 831 3810 quae
865 3736 1196 3793 Humbertus
1239 3737 1535 3810 episcOpus
1578 3737 1876 3810 disputavit

261 3828 342 3883 ibi
373 3833 470 3889 aut
494 3824 762 3898 scripsit,-
795 3841 917 3898 qum
979 3825 1186 3894 omnia,
1238 3825 1476 3896 jubente
1519 3825 1876 3884 Constantino

1971 3183 2166 3241 Christi
2193 3187 2544 3242 sententiam.
2579 3186 2640 3242 Et
2671 3187 2800 3259 quia
2818 3187 2977 3243 multi
3010 3187 3079 3242 ad
3110 3204 3238 3244 eum
3277 3189 3363 3244 vel
3393 3195 3586 3244 contra

1970 3293 2098 3332 eum
2126 3293 2296 3350 super
2321 3279 2422 3334 hac
2461 3294 2520 3334 re
2540 3279 2904 3349 scripserunt,
2922 3279 3145 3351 scripsit
3164 3285 3220 3335 et
3257 3279 3380 3351 ipse
3405 3281 3472 3335 ad
3498 3277 3586 3336 vel

1970 3373 2162 3423 contra
2199 3384 2317 3436 eos,
2349 3375 2404 3424 et
2431 3368 2562 3424 dum
2595 3368 2900 3424 dialecticis
2929 3370 3366 3441 sophismatibus
3397 3379 3588 3426 contra

1971 3458 2379 3530 simplicitatem
2409 3461 2728 3533 apostolicae
2750 3460 2880 3515 fidei
2910 3461 3176 3528 abutitur,
3193 3477 3296 3516 nec
3327 3477 3389 3516 se
3419 3476 3591 3517 excu-

1973 3567 2114 3618 sare,
2144 3568 2247 3610 nec
2284 3555 2422 3611 alios
2441 3553 2714 3611 aediﬁcare
2743 3554 2981 3623 videtur,
3041 3556 3169 3627 quia
3203 3556 3380 3630 magis
3412 3556 3587 3612 inter-

1976 3645 2125 3716 polat
2144 3646 2290 3702 clara
2318 3662 2491 3718 quam
2507 3645 2775 3702 dilucidat
2804 3645 3062 3702 obscura.

2049 3732 2175 3790 CAP.
2236 3735 2376 3790 CLV.
2432 3734 2784 3806 Lanfrancus,
2863 3735 3186 3791 dialecticus
3249 3742 3308 3791 et
3361 3734 3593 3791 Cantua-

1977 3829 2178 3885 riensis
2205 3832 2678 3904 archiepiscopus,
2717 3830 2941 3886 Paulum
2975 3829 3286 3903 apostolum
3319 3831 3592 3902 exposuit,

1496 3926 1779 3982 AUBERTI
1817 3927 2026 3984 MleEl
2068 3919 2365 3988 SCIIOLIA.

339 4048 482 4172 $841)
527 4047 875 4114 Humbertus,
931 4047 1144 4104 ordinis
1183 4048 1531 4104 Benedictini
1581 4031 2236 4116 monachuschlll‘aVit,
2277 4042 2332 4090 θι
2389 4034 2666 4117 ραέηίὲθηε
2715 4035 2852 4092 Obiit
2907 4035 2999 4091 die
3067 4034 3410 4117 Epiphania?!
3451 4049 3598 4090 ³ηηο

339 4118 560 4172 llensis.
602 4135 634 4172 τι
665 4119 847 4172 Leone
879 4119 945 4172 1x
977 4136 1117 4172 nam
1155 4120 1453 4172 cardinalis
1493 4129 1548 4172 et
1586 4121 1886 4172 enisconus
1988 4107 2284 4162 millesmlo
2313 4117 2652 4172 octogesnmo
2673 4115 3316 4172 octavomonagenanus
3347 4125 3360 4169 ;
3393 4112 3598 4160 mtem-

262 4118 560 4192 Tullensis,
598 4135 634 4192 a
658 4119 847 4192 Leone
879 4119 945 4174 1X
977 4136 1117 4191 papa
1155 4120 1453 4176 cardinalis
1493 4129 1548 4176 et
1586 4121 1886 4192 episcopus

269 4190 432 4245 Silvae
468 4189 726 4246 Candidas
755 4189 990 4246 creatus.
1028 4189 1561 4248 Constantinonolim
1601 4189 1670 4246 ab
1690 4189 1884 4248 eodem

272 4262 493 4334 legatus
518 4277 666 4317 anno
697 4261 838 4334 1054
877 4277 1000 4334 cum
1035 4263 1349 4322 Frederico.
1381 4261 1440 4318 S.
1476 4263 1538 4318 Β.
1575 4263 1633 4318 Ε.
1662 4263 1886 4318 cancel-

273 4333 412 4413 lario
443 4338 589 4403 (post
624 4349 764 4414 papa
790 4333 1071 4414 Stephano
1104 4335 1201 4414 lli).
1221 4340 1276 4389 et
1300 4334 1462 4390 Petro
1500 4334 1888 4414 amalphitapo

273 4403 550 4484 episcopo"
572 4403 793 4484 missus,
857 4403 1076 4484 scripsit
1097 4476 1107 4484 _
1128 4403 1422 4484 Adversus.
1451 4403 1758 4484 calumnias
1789 4405 1891 4484 Mi-

276 4476 487 4530 chaelis
517 4475 1111 4546 Constantinopolitani
1152 4486 1208 4530 et
1255 4476 1456 4531 Leonis
1485 4477 1737 4531 Acridani
1768 4476 1892 4547 epi-

273 4561 568 4617 scoporum
633 4547 829 4600 librum
898 4563 1093 4613 unum,
1182 4554 1238 4602 et
1303 4547 1582 4602 Adversus
1644 4547 1889 4602 Nicetam

276 4617 626 4674 Pectoratum
657 4617 859 4672 librum
899 4617 1152 4674 alterum.
1201 4618 1302 4683 Qui
1333 4619 1442 4673 duo
1503 4618 1630 4673 libri
1679 4624 1894 4673 exstant

277 4689 426 4760 apud
458 4687 749 4743 Baronium
776 4688 830 4742 in
861 4689 1170 4760 appendice
1226 4689 1362 4745 tomi
1403 4689 1468 4744 Xl
1507 4689 1817 4760 Annalium,
1842 4694 1897 4760 et

279 4761 336 4832 in
368 4759 712 4832 Bibliotheca
736 4759 989 4832 veterum
1021 4760 1262 4827 Patrum,
1295 4761 1540 4832 itemque
1556 4760 1704 4832 apud
1736 4759 1895 4814 Cani-

280 4830 425 4885 sium
459 4838 606 4902 torno
636 4831 700 4884 Vl
733 4831 1010 4887 Lectionis
1039 4832 1303 4902 antiquae.

357 4901 562 4978 (842-3)
601 4902 1004 4978 Adelmannus,‘
1023 4901 1312 4978 Sigeberto
1329 4903 1632 4978 _A_lma_nus_,
1647 4917 1715 4957 ex
1726 4901 1898 4978 scho-

284 4974 478 5030 lastice
537 4973 857 5045 Laodicensi
916 4972 1215 5045 episcopus
1257 4973 1554 5028 Brixiensis
1609 4975 1664 5028 in
1725 4972 1896 5038 Italia,

283 5045 564 5116 quondam
617 5044 857 5100 Fulberti
901 5044 1254 5116 Carnotensis
1288 5045 1572 5116 repisc0pi,
1634 5060 1746 5098 una
1773 5059 1897 5116 cum

287 5115 622 5197 Berengario
683 5115 1066 5197 Andegavensi
1109 5115 1520 5197 archidiacono’,
1562 5115 1892 5197 discipulus,

285 5185 524 5258 scripsit,
557 5187 821 5267 adversus
844 5185 1104 5267 cumdem
1166 5188 1589 5267 ﬁerengariumj
1649 5185 1723 5267 pe
1753 5185 1900 5267 veri-

287 5256 410 5314 tate
428 5258 677 5328 corporis
703 5266 757 5313 et
814 5257 1103 5328 sanguinis
1161 5256 1376 5314 Christi
1422 5259 1478 5312 in
1523 5256 1899 5323 Eucharistia,

288 5275 400 5314 tate
428 5275 677 5328 corporis
703 5275 757 5313 et
814 5275 1103 5383 sanguinis
1161 5275 1361 5314 eurisu
1422 5275 1478 5312 in
1523 5275 1899 5323 eucnansua,

288 5328 580 5400 epistolam
622 5329 779 5383 valde
809 5346 904 5384 cru
950 5329 1079 5384 itam
1114 5345 1128 5393 ;
1163 5328 1386 5384 Lovanii
1437 5329 1721 5385 1561mm
1767 5329 1902 5400 Lan-

293 5399 484 5455 franco
511 5410 566 5454 et
590 5399 711 5454 aliis
745 5399 990 5471 ejusdem
1020 5401 1332 5471 argumenti
1363 5401 1590 5455 vetustis
1615 5399 1905 5471 scriptori-

291 5473 416 5534 bus,
447 5488 479 5526 a
505 5471 590 5543 Jo.
651 5470 968 5543 Ulimmerio
1026 5470 1254 5538 editam,
1295 5471 1536 5543 itemque.
1602 5470 1822 5525 Parisiis
1851 5475 1906 5525 et

291 5543 534 5600 Coloniae
578 5542 630 5596 in
673 5542 1016 5598 Bibliotheca
1046 5553 1290 5598 veterum
1333 5542 1576 5597 Patrum.

367 5615 510 5688 {844)
571 5613 952 5688 Berengarius,
1009 5613 1437 5688 Andegavensis
1459 5612 1903 5688 archidiaconus,

295 5685 550 5741 hazresim
583 5699 737 5740 suam
752 5684 831 5740 de
845 5684 1196 5742 sacramento
1217 5684 1563 5742 eucharistize
1596 5698 1706 5739 non
1733 5684 1905 5739 semel

1988 4106 2284 4181 millesimo
2313 4105 2652 4181 octogesimg
2673 4105 3316 4181 octavo,non_agenarius
3347 4105 3601 4181 ;__in_tem-

1988 4180 2080 4250 plo
2110 4179 2165 4244 S,
2206 4177 2414 4250 Cosmm
2433 4177 2581 4250 apud
2611 4178 2855 4234 Turonos
2878 4177 3227 4250 sepultust
3259 4177 3599 4250 traditClau-

1991 4248 2114 4306 dius
2145 4248 2488 4304 Robertusin
2507 4266 2603 4304 sua
2635 4250 2804 4304 Gallia
2835 4248 3352 4310 Christiana,ubide
3381 4248 3598 4318 episco-

1993 4323 2078 4395 pis
2106 4320 2595 4395 Andegavensibus
2625 4320 2987 4395 a_gi_t._Contra
3047 4317 3602 4395 Berengarium_scri-

2029 4399 2219 4448 serunt
2249 4387 2619 4446 Kdelmannus
2643 4387 2964 4454 ﬁrixiensis,
2990 4389 3155 4459 paulo
3172 4387 3299 4459 an'te
3328 4387 3602 4459 laudatus,

2035 4463 2327 4520 anfrancus
2401 4461 2806 4517 Cantuariensis
2840 4502 2854 4526 ,
2921 4457 3148 4531 Algerus
3231 4457 3602 4531 Corbeiensis,

1994 4535 2362 4592 Guitmundus
2385 4535 2713 4598 Aversanus,
2769 4538 2826 4586 et
2876 4528 3196 4586 Deoduinus
3230 4528 3602 4594 Leodieensis,

1995 4609 2294 4680 episcopus
2326 4623 2338 4670 ;
2366 4619 2605 4680 quorum
2638 4619 2811 4680 opera
2863 4601 2940 4680 in_
2961 4601 3326 4680 bibliotheca“
3357 4607 3604 4680 veterum

1996 4670 2215 4735 Patrum
2245 4684 2302 4732 et
2329 4670 2460 4730 alibi
2495 4670 2728 4730 exstant.
2755 4673 2846 4727 His
2874 4673 3003 4728 addi
3058 4673 3261 4744 poterit
3291 4671 3444 4744 Hugo
3477 4670 3606 4744 Lin-

2034 4749 2264 4807 ouensis
2316 4746 2633 4816 episcOpus,
2667 4745 2951 4816 nondum,
2977 4743 3186 4816 editus,
3225 4742 3603 4816 quodV'sciam.

2034 4767 2264 4807 ouensns
2316 4767 2633 4816 eplscopus,
2667 4767 2911 4800 nonuum
2977 4767 3186 4812 cuuus,
3225 4767 3374 4816 quuu
3413 4767 3603 4798 autaut.

1996 4767 2261 4878 Caeterum
2285 4817 2605 4873 Deoduinus
2642 4831 2788 4870 anno
2842 4815 3134 4870 millesimo
3186 4813 3608 4887 quadragesimo

1998 4904 2192 4949 octavo
2225 4887 2625 4946 Leodiensibus
2643 4887 2937 4958 episcopus
2949 4887 3128 4958 datus,
3151 4885 3301 4958 anno
3313 4885 3610 4941 millesimo

1998 4959 2405 5034 septuagesimo
2463 4957 2908 5034 q_uinto:vi_v_e_re_
2959 4957 3142 5034 desii_t_.
3176 4957 3400 5034 Labitur
3427 4962 3610 5034 autem

2001 5027 2266 5090 Baronius
2293 5031 2346 5105 ip
2367 5027 2539 5105 gest—is
2567 5029 2696 5084 anni
2721 5030 2880 5105 1935,
2897 5028 3023 5105 item
3043 5028 3224 5105 editor
3240 5027 3614 5105 Biibliothecte

1999 5113 2248 5162 veterum
2307 5097 2546 5166 Pa'trum,
2589 5110 2644 5157 et
2696 5100 2786 5154 alii
2845 5103 2936 5172 qui
2994 5099 3266 5172 Deoduini
3299 5097 3614 5172 epistolam,

2000 5185 2190 5234 contra
2224 5172 2614 5246 Berengarium
2683 5169 2964 5243 scriptam,
3026 5169 3333 5246 attribuunt
3361 5169 3616 5246 Durando

2002 5245 2326 5305 Leodiccusi
2355 5240 2638 5314 episcOpo.
2671 5240 2992 5317 quemanno
3027 5240 3617 5317 millesimovicesirno

2003 5322 2221 5394 quinto,
2255 5307 2506 5394 adeoque
2535 5307 2661 5394 ante
2691 5307 2948 5394 haeresim
2982 5330 3012 5368 a
3052 5310 3384 5394 Berengario
3425 5307 3616 5394 publi-

2003 5387 2201 5460 catam,
2235 5388 2438 5460 obiisse
2476 5393 2725 5460 constat.
2781 5387 2940 5441 Error
2979 5391 3158 5460 autem
3200 5389 3392 5460 natus__
3420 5387 3502 5460 est
3554 5395 3622 5460 ex

2005 5451 2268 5519 littera'D.
2305 5457 2594 5530 singulari,
2624 5458 2914 5530 utriusque
2937 5453 3176 5510 nominis
3202 5452 3417 5507 initiali.
3447 5451 3624 5530 Carpit

2007 5543 2187 5591 autem
2249 5521 2615 5602 Beren'garius
2680 5521 2932 5584 haeresim
3005 5541 3160 5580 suam
3204 5538 3464 5598 spargere
3517 5521 3624 5576 sub

2008 5622 2213 5662 annum
2255 5600 2452 5657 Christi
2481 5600 2639 5656 1035.
