3934 6054
371 249 493 309 583,

1597 246 1939 303 SlGEBERTl
1981 246 2493 303 GEMBLACENSIS.

3603 250 3729 308 584

373 396 426 443 et
453 388 784 457 ubicumque
814 382 1195 455 opportunitas
1222 383 1468 438 locorum
1502 382 1763 449 occurrit,
1795 399 1995 438 secun-
2022 388 2066 456 Α
2094 383 2333 439 Sabbato
2366 383 2424 437 in
2454 382 2663 450 Martio,
2718 382 2805 439 vel
2860 382 3046 450 Junio,
3106 382 3193 439 vel
3262 383 3480 441 Octobri
3512 401 3728 458 prove-

374 478 504 532 dum
534 477 686 549 leges
723 473 1025 528 dialecticas
1068 473 1346 542 pr0ponit,
1390 470 1643 526 assumit.
1687 472 1988 528 concludit.

373 566 840 639 Scripsitlaudes,
895 565 1206 636 triumphos
1238 571 1293 619 et
1350 579 1437 617 res
1478 570 1661 635 gestas
1719 563 1994 619 Guillelmi

371 658 873 716 Northmaunorum
941 656 1176 722 comitis,
1247 655 1341 727 qui
1405 671 1634 730 regnum
1697 656 1992 728 Anglorum

372 747 583 819 primus
627 747 844 801 invasit.
915 745 1144 816 Scripsit
1188 744 1488 800 invectivas
1537 750 1731 800 contra
1790 746 1996 798 Beren-

371 842 587 917 garium
609 842 985 898 Turonensem
1016 839 1301 909 epistolas,
1336 837 1598 894 refellens
1627 839 1836 909 scripta
1873 838 1995 906 ejus

373 934 442 990 de
462 949 694 1005 corpore
725 940 778 988 et
804 934 1074 1007 sanguine
1094 929 1294 985 Christi
1324 930 1476 986 Jesu.
1508 930 1992 1004 QuiBerengarius

372 1042 405 1081 a
430 1025 652 1082 Nicolao
684 1040 825 1096 papa
857 1025 1042 1078 Romae
1084 1022 1138 1076 in
1194 1021 1430 1076 concilio
1488 1021 1788 1093 nonaginta
1827 1021 1992 1075 trium

377 1118 765 1189 episcoporum
807 1115 944 1170 adeo
974 1113 1256 1169 convictus
1284 1113 1404 1180 fuit,
1439 1118 1499 1167 ut
1529 1114 1651 1183 ipse
1670 1112 1789 1167 suis
1808 1111 1995 1166 mani-

376 1204 482 1260 bus
508 1205 695 1280 ignem
724 1203 1059 1270 accenderit,
1122 1212 1176 1258 et
1231 1202 1433 1273 scripta
1464 1218 1564 1256 sua
1603 1201 1991 1267 combusserit,

371 1295 566 1365 jurans
593 1309 652 1349 se
679 1308 788 1349 non
820 1290 1197 1363 ampliustalia
1222 1290 1516 1357 dicturum,
1539 1306 1650 1344 non
1679 1290 1988 1355 docturum,

378 1407 489 1448 non
519 1392 870 1463 scripturum.
909 1390 1045 1455 Quia
1095 1398 1301 1456 tamen,
1371 1388 1624 1463 neglecto
1650 1388 1989 1456 juramento,

377 1490 566 1555 postea
595 1483 815 1554 scripsit
869 1490 1059 1537 contra
1103 1479 1384 1552 praefatam
1433 1479 1731 1551 synodum,
1803 1485 1992 1534 contra

377 1573 701 1628 catholicam
722 1572 1031 1638 veritatem,
1063 1578 1255 1625 contra
1317 1570 1562 1626 omnium
1625 1569 1994 1624 Ecclesiarum

2098 473 2268 528 niant.
2289 474 2351 527 Et
2381 474 2541 528 talem
2590 472 2884 541 jejunandi
2942 466 3113 527 ritum
3164 474 3504 529 auctorizant
3528 475 3731 542 multi,

2097 564 2152 612 et
2176 557 2415 612 maxime
2444 558 2737 626 Teutones,
2772 559 2859 614 his
2891 561 3162 616 Bernonis
3190 561 3428 633 scriptis.

2169 649 2294 707 CAP.
2373 650 2563 708 CLVII.
2633 654 2886 708 Arnulfus
2935 655 3264 722 monachus,
3316 656 3601 727 excipiens
3644 658 3732 714 de

2096 743 2412 799 Proverbiis
2464 745 2773 801 Salomonis
2840 747 3325 802 convcnientiores
3389 752 3728 812 sententias.

2098 848 2153 895 et
2182 839 2418 895 litteram
2446 847 2502 896 et
2532 841 2862 915 Allegoriam
2916 843 3147 897 metrico
3173 842 3363 913 lepore
3412 843 3632 915 scripsit
3662 852 3737 899 et

2099 932 2348 1007 digessit.

2167 1023 2289 1078 CAP.
2326 1024 2544 1079 CLVIII.
2573 1024 2870 1080 Marbodus
2919 1026 3084 1095 (847),
3115 1025 3463 1081 Redonensis
3492 1027 3729 1098 episco-

2095 1130 2221 1184 pus,
2253 1112 2473 1168 Cantica
2502 1114 2841 1169 canticorum
2890 1114 2959 1167 ad
3004 1112 3278 1187 integrum
3322 1114 3576 1184 exposuit
3598 1131 3732 1171 me-

2095 1205 2233 1261 trico
2283 1206 2495 1276 lepore.
2547 1212 2601 1260 et
2653 1205 2887 1260 litteram
2936 1211 2991 1259 et
3037 1205 3357 1279 allegoriam
3414 1221 3715 1262 exornans.

2093 1295 2328 1367 Scripsit
2391 1295 2620 1350 mctrice
2693 1295 3005 1366 passionem
3065 1295 3119 1348 S.
3190 1295 3468 1350 Laurentii
3538 1296 3727 1367 (8L8).

2092 1389 2562 1461 Scripsitmetrice
2594 1387 2909 1458 passionem
2955 1386 3341 1452 Thebaeorum,
3361 1388 3519 1459 quasi
3553 1390 3751 1459 pedi»

2094 1477 2197 1532 bus
2259 1476 2450 1532 valens
2508 1475 2565 1529 in
2620 1475 2954 1531 sententiam
3010 1474 3263 1530 Eucherii
3325 1475 3724 1548 Lugdunensis

2098 1565 2367 1638 episc0pi,
2386 1563 2614 1636 quieam
2646 1564 2857 1618 urbana
2886 1579 3049 1635 prosa
3062 1564 3361 1636 scripserat
3382 1565 3449 1619 ad
3480 1564 3722 1620 Silvium

377 1663 720 1735 opinionem,
747 1662 1135 1718 etnominatim
1158 1667 1349 1717 contra
1375 1661 1731 1715 Humbertum
1745 1661 2000 1715 cardina-
2025 1666 2074 1733 Β
2097 1658 2440 1729 episcopum.

377 1756 483 1810 lem
517 1754 670 1809 Rom.
714 1752 1058 1823 episcopum,
1094 1749 1429 1805 Lanfrancus
1469 1750 1537 1804 ad
1568 1766 1633 1804 ea
1687 1749 1990 1821 rescripsit,

373 1856 447 1919 et,
477 1850 659 1922 posito
711 1847 1023 1903 alternatim
1076 1861 1174 1901 suo
1232 1853 1288 1901 et
1355 1844 1672 1918 Berengarii
1741 1844 1992 1912 nomine,

372 1940 663 1995 alterutras
690 1934 997 1993 sententias
1028 1934 1278 1989 distinxit
1310 1935 1481 2002 (845).

445 2030 568 2087 CAP.
634 2028 799 2084 CLVI.
868 2027 1045 2082 Berno
1105 2026 1251 2097 (846)
1325 2024 1496 2080 abbas
1558 2024 1872 2100 Augiensis,
1934 2024 1990 2078 in

377 2121 618 2179 humana
646 2127 701 2173 et
729 2118 916 2172 divina
946 2116 1181 2170 scientia
1211 2115 1428 2170 claruit.
1468 2116 1734 2170 Prmterea
1774 2130 1838 2169 ea
1870 2130 1993 2187 quae

378 2214 449 2269 de
475 2215 715 2268 humana
739 2210 971 2267 scientia
1012 2209 1253 2280 scripsit,
1312 2209 1370 2263 in
1403 2209 1606 2281 quibus
1652 2209 1860 2264 eminet
1890 2209 1994 2264 hoc

381 2305 529 2380 quod
556 2306 612 2361 in
639 2311 753 2360 arte
782 2299 992 2359 musica
1022 2302 1357 2373 praepollens
1384 2301 1454 2356 de
1495 2300 1701 2374 regulis
1731 2302 1995 2371 sympho-

383 2399 598 2454 niarum
631 2403 685 2452 et
713 2402 965 2451 tonorum
994 2393 1236 2465 scripsit,
1294 2400 1351 2447 et
1372 2393 1519 2465 quod
1539 2394 1592 2447 in
1624 2392 1995 2448 mensurando

384 2486 763 2545 monochordo
809 2485 953 2540 ultra
1007 2485 1252 2560 regulam
1349 2484 1545 2551 Boetii,
1612 2484 1709 2540 sed
1764 2499 1994 2539 assensu

384 2579 618 2634 minoris
673 2579 864 2633 Boetio
914 2577 1181 2631 Guidonis
1233 2577 1525 2648 supposuit
1578 2593 1750 2632 unum
1803 2584 1994 2632 tonum

384 2667 1000 2738 tetrachordohypaton,
1061 2675 1115 2721 et
1153 2672 1342 2721 contra
1401 2682 1559 2721 usum
1616 2666 1887 2735 majorum
1940 2665 1993 2720 in

385 2760 508 2832 ipso
528 2757 1083 2827 tetracliordohypato
1102 2756 1337 2811 inseruit
1356 2756 1992 2829 utilitersynemmenon.

387 2848 497 2903 Sed
515 2863 626 2904 non
653 2840 945 2917 praeteribo
977 2845 1123 2916 quod
1152 2845 1371 2916 scripsit
1399 2847 1469 2901 de
1509 2846 1738 2917 jejuniis
1763 2846 2003 2911 Quatuor

382 2940 734 3011 Temporum,
767 2939 837 2993 de
868 2937 1072 3010 quibus
1124 2938 1476 2992 celebrandis
1505 2944 1589 2992 est
1619 2939 1762 2993 inter
1794 2938 1997 2993 mnltos

2168 1747 2290 1804 CAP.
2323 1746 2490 1803 CLIX.
2533 1747 2811 1803 Marianas
2869 1746 3085 1803 Scottus
3131 1747 3300 1820 (849),
3346 1748 3750 1822 peregrinaris~

2095 1856 2196 1913 pro
2244 1840 2455 1896 Christo
2486 1840 2543 1894 in
2601 1839 2819 1903 Gallias,
2874 1847 2929 1894 et
2976 1838 3152 1894 factus
3204 1840 3506 1896 monachus
3560 1841 3723 1911 apud

2095 1933 2457 2010 Moguntiam,
2489 1932 2676 1987 multis
2722 1931 2882 1986 annis
2912 1932 3177 1999 inclusus,
3234 1932 3458 2003 scripsit
3483 1931 3726 1987 Chroni-

2094 2042 2213 2081 cam
2238 2042 2268 2080 a
2301 2024 2587 2080 nativitate
2610 2022 2806 2077 Christi
2838 2038 3015 2094 usque
3031 2022 3099 2076 ad
3130 2038 3337 2077 annum
3372 2021 3484 2077 nati
3516 2021 3724 2078 Christi

2094 2117 2448 2174 millesimum
2495 2114 2893 2189 octogesimum
2943 2114 3269 2178 secundum,
3321 2112 3460 2169 mira
3492 2112 3726 2169 subtili-

2095 2219 2202 2269 tate
2218 2212 2520 2268 ostendens
2539 2226 2784 2266 errorem
2809 2209 3052 2280 priorum
3121 2208 3681 2283 Chronographorum
3696 2251 3715 2278 ,

2096 2301 2171 2357 ita
2200 2301 2523 2372 ponentium
2580 2299 2925 2354 nativitatem
2984 2297 3205 2367 Christi,
3248 2306 3309 2355 ut
3350 2314 3530 2353 annus
3580 2313 3723 2369 pas-

2095 2396 2272 2452 sionis
2295 2395 2436 2465 ejus,
2466 2401 2733 2466 quantum
2756 2393 2823 2448 ad
2857 2393 3125 2449 rationem
3146 2393 3415 2465 computi,
3447 2408 3557 2448 non
3584 2408 3729 2448 con-

2097 2484 2288 2542 cordet
2311 2483 2521 2539 veritati
2567 2482 2919 2554 evangelicae.
2944 2480 3099 2537 Unde
3129 2481 3249 2553 ipse
3268 2496 3557 2553 apponens
3578 2497 3728 2535 xxm

2097 2592 2273 2632 annos
2310 2575 2387 2630 illi
2434 2590 2580 2630 anno
2637 2574 2731 2628 ubi
2792 2574 3004 2644 priores
3031 2573 3282 2629 scribunt
3328 2573 3497 2630 fuisse
3526 2580 3749 2633 natum.

2100 2668 2393 2734 Christum,
2426 2666 2582 2738 ponit
2630 2666 2686 2720 in
2709 2665 2957 2737 margine
2986 2665 3204 2738 paginae
3238 2664 3549 2720 alternatim
3582 2663 3722 2718 hinc

2100 2777 2275 2817 annos
2298 2759 2631 2833 evangelicae
2662 2757 2928 2825 veritatis,
2970 2757 3125 2813 illinc
3167 2773 3344 2813 annos
3393 2757 3541 2812 falsa:
3571 2754 3733 2828 prio-

2102 2870 2220 2910 rum
2254 2850 2713 2923 computationes,
2758 2857 2817 2904 ut
2858 2864 2970 2904 non
3019 2848 3197 2904 solum
3258 2848 3563 2915 intellectu,
3621 2845 3730 2901 sed
3824 2882 3831 2885 -

2098 2942 2262 2997 etiam
2290 2940 2413 2995 visu
2443 2939 2614 3010 possit
2634 2939 2876 2993 discerni
2906 2938 3108 2994 veritas
3128 2946 3183 2993 et
3214 2937 3442 2993 falsitas.

385 3031 766 3097 dissonantia;
813 3030 942 3085 dum
1007 3029 1097 3084 alii
1139 3029 1444 3085 secundum
1494 3029 1995 3085 considerationem
2026 3063 2076 3130 Ο
2171 3029 2294 3085 CAP.
2354 3028 2491 3083 CLX.
2554 3027 2841 3094 Henricus,
2904 3042 2971 3081 ex
3030 3026 3358 3082 scholastice
3410 3024 3729 3080 Trevirensi

387 3131 720 3193 temporum,
753 3121 821 3175 ad
847 3119 1125 3189 jejunium
1163 3126 1370 3191 quartae
1397 3127 1635 3175 etsextze
1669 3118 1819 3174 feriae
1848 3120 1997 3174 acci-
2029 3114 2075 3130 υ
2101 3119 2398 3191 episcopus
2434 3116 2821 3183 Vercellensis,
2853 3116 3079 3187 scripsit
3112 3116 3311 3170 librum
3336 3114 3440 3171 sub
3485 3128 3732 3185 persona

388 3214 546 3286 piunt
567 3213 688 3268 dies
735 3213 1032 3267 Februarii.
1083 3212 1169 3268 vel
1228 3212 1371 3277 Maii,
1419 3212 1513 3283 vel
1563 3210 1922 3283 Septembris,
1945 3218 2000 3264 et

388 3306 626 3362 Sabbato
672 3306 729 3359 in
784 3305 1043 3360 Kalendis
1101 3304 1462 3376 proveniente
1508 3304 1805 3360 terminant
1842 3303 1996 3372 jeju-

390 3395 539 3451 nium
572 3414 587 3462 ;
618 3396 709 3451 alii
736 3411 865 3451 vero
893 3396 1013 3450 sine
1044 3394 1490 3450 consideratione
1544 3401 1855 3465 temporum
1887 3408 1999 3448 non

382 3487 636 3558 jejunant
666 3488 770 3544 nisi
802 3494 996 3560 quarta
1028 3494 1082 3543 et
1113 3493 1265 3542 sexta
1292 3485 1669 3557 feriajejunii,
1711 3502 1834 3540 cum
1876 3485 1997 3557 ipso

2102 3207 2428 3264 Theoderici
2480 3206 2844 3261 Virdunensis
2878 3206 3152 3275 episc0pi,
3183 3205 3250 3259 ad
3286 3202 3727 3260 llildcbrandum

2102 3305 2217 3360 sive
2248 3302 2568 3377 Gregorium
2601 3301 2911 3373 papam,De
2932 3299 3208 3355 discordia
3265 3298 3420 3370 regni
3454 3305 3510 3353 et
3541 3312 3734 3352 sacer—

2102 3393 2260 3459 dotii,
2295 3408 2405 3448 non
2433 3407 2558 3446 eum
2591 3390 2902 3459 increpans,
2956 3388 3055 3443 sed
3112 3394 3174 3443 ut
3223 3386 3500 3442 seniorem
3555 3384 3731 3440 obse-

2101 3501 2262 3542 crans
2292 3490 2347 3540 et
2368 3484 2603 3549 Patrem,
2629 3490 2685 3538 et
2708 3480 2986 3536 amicabili
3034 3480 3359 3536 inductione
3387 3478 3544 3551 quasi
3585 3476 3730 3533 aite-

1616 3590 1894 3646 AUBERTI
1934 3590 2145 3645 MlR/El
2185 3589 2483 3645 SCHOLIA.

461 3694 606 3765 (845)
637 3693 908 3750 Honorius
940 3693 1022 3759 IV,
1054 3693 1144 3759 Η,
1178 3693 1246 3747 de
1269 3693 1321 3765 S.
1357 3691 1413 3746 E.

458 3762 597 3836 (846)
639 3767 837 3829 Bcrno,
894 3764 1321 3836 exWPrumicnsi
1367 3763 1665 3836 _monacbo
1693 3762 1863 3836 abbas
1897 3763 2007 3836 Au-

386 3832 878 3910 giensistscripsit
933 3835 1133 3910 librum
1194 3836 1268 3910 Dc
1322 3832 1508 3887 ofﬁcio
1546 3833 1749 3910 missa,
1790 3835 1908 3910 sive
1937 3834 2006 3887 de

393 3905 559 3961 rebus
587 3906 654 3959 ad
687 3906 907 3985 missam
942 3905 1369 3985 pertinentibus,
1428 3920 1552 3957 cum
1577 3974 1586 3983 .
1607 3905 2005 3985 ejusdem

395 3975 758 4051 argumentis,
791 3974 1031 4051 Coloniae
1061 3975 1221 4051 1568,
1258 3975 1441 4051 Roma:
1472 3981 1526 4027 et
1576 3974 1629 4027 in
1653 3974 2007 4051 bibliotheca

393 4044 641 4102 veierum
672 4045 1066 4117 Patrumtypis
1098 4044 1379 4100 ex‘cusum.
1420 4046 1478 4099 in
1500 4061 1620 4117 (quo
1652 4046 1792 4101 libro
1824 4063 1941 4117 cap.
1976 4048 2011 4100 2

398 4125 583 4173 narrat
612 4133 671 4171 se
693 4116 910 4187 Henrici
950 4115 1011 4169 'll
1072 4117 1201 4187 imp.
1264 4115 1632 4183 coronationi,
1675 4132 1775 4187 per
1831 4115 2011 4173 Bene-

400 4189 603 4244 dictum
625 4188 739 4242 VllI
798 4186 978 4260 factae,
1016 4203 1163 4243 anno
1197 4187 1513 4260 millesimo
1539 4188 1778 4260 decimo
1818 4198 2012 4260 quarto

403 4259 742 4316 interfuisse.
777 4258 1008 4331 scripsit
1035 4260 1164 4331 item
1195 4258 1437 4331 VitamS.
1476 4258 2011 4331 Udalreci,episcopi

403 4331 725 4413 iiugustani,
759 4346 789 4413 _a
820 4329 979 4411 Surio
1034 4348 1087 4384 ιν
1114 4330 1241 4413 Julii
1291 4330 1515 4384 editam.
1548 4330 1693 4386 Obiit
1720 4329 1868 4387 anno
1889 4329 2018 4386 mil-

404 4401 600 4458 lesimo
628 4401 1053 4473 quadragesimo
1093 4411 1305 4457 octavo.

478 4472 971 4545 (847)7Marbodus,
1014 4472 1359 4528 Bedonensis
1406 4472 1463 4526 in
1501 4473 1782 4545 Britannia
1831 4475 2022 4529 Armo-

408 4544 523 4601 rica
555 4545 854 4615 episcopus
872 4560 1019 4598 anno
1050 4544 1190 4600 1096
1217 4551 1454 4616 creatus,
1487 4544 1707 4599 demum
1732 4553 1857 4616 post
1877 4562 2019 4600 XXVII

410 4614 922 4691 annos’monaclius
978 4616 1253 4691 Andegavi
1296 4615 1364 4691 ad
1418 4614 1486 4691 S._
1527 4614 2019 4691 Albinumufactus,

413 4703 559 4759 anno
581 4688 874 4759 millesimo
904 4686 1206 4741 centesimo
1239 4686 1397 4741 tertio
1438 4686 1622 4741 vivere
1677 4688 1858 4742 desiit.
1896 4689 2023 4759 Ejus

413 4757 649 4829 epistola
704 4758 790 4830 ad
846 4758 907 4830 it.
966 4758 1416 4830 Andegavensem
1477 4759 1800 4829 episcopum
1848 4757 2023 4830 exstat

416 4828 568 4885 temo
595 4829 1009 4885 “Bibliotheca
1067 4828 1301 4885 Patrum.
1360 4828 1602 4884 Marbodi
1630 4828 1883 4884 meminit
1912 4829 2022 4884 Hil-

417 4900 680 4955 debertus
718 4898 880 4970 epist.
938 4901 1008 4955 89
1060 4911 1115 4956 et
1137 4902 1265 4969 200,
1318 4900 1445 4954 item
1500 4898 1772 4955 Goffridus
1802 4900 2023 4956 Vidoci-

414 4971 607 5027 nensis
635 4972 731 5026 lib.
760 4988 820 5036 ιι,
853 4972 1012 5043 epist.
1045 4973 1097 5026 2.

486 5043 635 5115 (848)
663 5044 737 5115 De
765 5043 1031 5115 Eucherio
1059 5043 1305 5115 Gennad.
1339 5058 1462 5113 cap.
1486 5043 1575 5115 16.

487 5111 624 5181 (849)
657 5114 933 5169 Marianus
963 5114 1160 5169 Scotus
1206 5111 1426 5185 scripsit
1490 5114 1664 5168 libros
1693 5119 1803 5168 tres
1836 5111 2023 5185 AChroe

415 5186 663 5243 uicorum
704 5185 955 5240 abiuitio
996 5186 1191 5239 mundi
1258 5183 1433 5255 usque
1483 5185 1549 5238 ad
1585 5201 1789 5239 annum
1824 5183 2021 5239 Christi

416 5258 768 5313 millesimum
790 5256 1185 5329 octogesimum
1218 5256 1461 5329 tertium,
1504 5271 1643 5327 quos
1680 5255 2024 5329 continuavit

415 5329 789 5393 Dodechinus,
816 5326 1003 5399 abbas
1041 5327 1096 5380 S.
1137 5326 1423 5399 Dysibodi,
1483 5326 1657 5399 usque
1700 5328 1768 5399 ad
1817 5343 2020 5380 annum

416 5399 764 5456 millesimum
793 5398 1253 5453 ducentesimum.
1288 5398 1442 5469 Libet
1490 5398 1668 5469 ipsum
1726 5398 2020 5452 Marianum

415 5471 605 5542 audire
621 5472 703 5542 (de
732 5486 793 5542 se
819 5469 1135 5542 loquentem
1168 5470 1222 5524 in
1274 5468 1564 5542 Chronico.
1597 5491 1620 5542 ᾳ
1655 5472 1813 5542 Anno
1841 5469 2026 5523 mille-

416 5540 557 5596 simo
580 5540 849 5598 vicesimo
874 5539 1068 5596 octavo
1114 5555 1218 5610 ego
1268 5540 1434 5594 miser
1481 5539 1755 5610 Marianus
1802 5540 1856 5594 in
1899 5554 2027 5610 peo-

417 5610 554 5683 ca_t_is
578 5611 655 5683 fui
678 5617 840 5668 natus
892 5614 1047 5669 Anno
1115 5609 1415 5683 1052,_ego
1457 5609 1733 5683 Marianurs
1760 5609 2023 5683 saeculum

363 5715 367 5719 ι
418 5680 634 5754 reliqui.
660 5683 819 5738 Anno
851 5683 1005 5750 1056,
1037 5698 1141 5758 ego
1172 5680 1464 5741 Mariaﬁus.
1500 5682 1825 5755 peregrinus
1854 5680 2026 5738 factus

2110 3705 2209 3765 pro
2258 3686 2705 3765 regno_ct_nle_sti_,
2768 3685 2995 3765 patriam
3064 3702 3239 3765 meam
3284 3685 3503 3765 reliqui,
3533 3684 3730 3765 Metgin

2110 3755 2350 3817 Colonia“
2363 3778 2397 3816 v
2426 3755 2867 3832 feria_Kal_endis_
2903 3758 3129 3832 Augusti
3161 3755 3465 3813 monachus
3494 3755 3728 3832 eﬂ‘ectus

2108 3849 2251 3887 sum.
2285 3834 2438 3886 Anno
2462 3830 2621 3895 1058,
2687 3826 3071 3884 Padelbrun‘na
3086 3830 3299 3896 civitas,
3341 3844 3464 3884 cum
3496 3826 3724 3881 duobus

2108 3900 2640 3975 monasteriis,_feria
2670 3918 2721 3955 vr
2754 3907 2881 3955 ante
2925 3901 3161 3975 Palmas,
3194 3902 3321 3975 igne
3362 3899 3726 3975 consumitur.

2112 3976 2171 4030 In
2201 3973 2534 4030 monasterio
2563 3980 2746 4026 autem
2776 3980 2894 4027 erat
2926 3972 3191 4027 Paternus
3219 3972 3486 4036 'nomine,
3520 3984 3727 4024 mona-

2112 4047 2249 4102 chus
2270 4047 2486 4110 Scotus,
2543 4043 2845 4114 multisque
2895 4042 3058 4098 annis
3114 4043 3381 4109 inclusus,
3422 4042 3515 4114 qui
3556 4041 3727 4114 etiam

2030 4090 2551 4174 Dcomvbustionem
2654 4090 3081 4186 praelnuntiabat,
3150 4090 3205 4170 et
3267 4090 3488 4169 ’su‘a
3550 4112 3725 4167 clusa.

2114 4189 2368 4244 ambiens
2427 4185 2747 4258 martyrium
2811 4186 3275 4258 combustusest.
3327 4185 3564 4258 Feriang
3598 4189 3730 4258 post

2120 4266 2339 4317 octavas
2366 4254 2610 4326 Paschaé,
2639 4257 2830 4313 exiens
2870 4258 2929 4313 in
2978 4256 3221 4320 Colonia,
3249 4272 3414 4313 causa
3432 4254 3723 4319 orationis,

2119 4331 2374 4387 eumdem
2408 4331 2590 4384 locum
2618 4329 2855 4398 visitavi,
2910 4329 2983 4384 ob
3022 4328 3167 4384 bona
3188 4344 3309 4398 quae
3336 4336 3626 4398 narrantur
3653 4326 3727 4380 de

2119 4403 2240 4471 ejus
2268 4401 2526 4472 sepulcro
2559 4418 2574 4466 ;
2609 4408 2664 4455 et
2691 4400 2773 4454 sic
2821 4417 2945 4457 cum
2983 4400 3182 4472 abbate
3206 4397 3469 4472 Fuldensi
3499 4397 3724 4472 Fuldam

2118 4468 2266 4529 veni.
2298 4468 2454 4545 A’nno
2485 4471 2795 4545 1059,7ego
2832 4472 3121 4545 Marianas“
3154 4471 3418 4545 indignus
3447 4485 3569 4545 cum
3601 4468 3730 4541 Sig-

2120 4544 2260 4600 frido
2294 4542 2508 4613 (abbate
2545 4541 2821 4612 Fulde'nsi)
2875 4541 3459 4616 apuduVirzebu’rgum
3488 4541 3571 4616 ad
3596 4555 3728 4609 pre-

2119 4616 2457 4687 sbyteratum
2509 4622 2881 4687 consecratus,
2913 4613 3114 4669 ’media
3169 4613 3732 4687 Quadragesimazuu

2124 4682 2250 4742 ldus
2280 4685 2476 4749 Martii,
2527 4694 2582 4741 et
2610 4685 2745 4740 feria
2805 4703 2856 4741 VI
2895 4694 3020 4755 post
3075 4682 3489 4749 Ascensione'm,
3522 4700 3559 4737 ιι
3600 4682 3732 4755 ldus

2123 4758 2265 4818 Maii,
2336 4758 2582 4812 inclusus
2641 4757 2824 4812 Fuldte
2874 4752 2974 4827 per
3027 4772 3206 4812 annos
3255 4773 3309 4811 x.
3350 4759 3505 4827 Anno
3542 4752 3728 4827 71043,

2123 4828 2494 4884 Annuchadus
2540 4829 2733 4883 Scotus
2780 4837 2835 4883 et
2874 4824 3132 4883 inclusus
3186 4828 3326 4883 obiit
3355 4845 3413 4882 ιιι
3462 4824 3735 4880 Kalendas

2122 4900 2404 4955 Februarii
2458 4900 2515 4954 in
2573 4900 2908 4955 monasterio
2991 4900 3268 4955 Fuldensi.
3337 4899 3514 4969 Super
3573 4896 3733 4969 cujus

2122 4973 2436 5043 sepulcrum
2468 4971 2585 5025 visa
2622 4979 2753 5043 sunt
2790 4971 3019 5036 lumina,
3079 4979 3136 5027 et
3190 4968 3495 5043 psalmodia
3522 4968 3731 5043 audita.

2121 5040 2297 5113 Su’per
2327 5058 2492 5113 quem
2522 5057 2625 5113 ego
2666 5042 2939 5097 Marianus
2965 5043 3159 5098 Scotus
3192 5040 3228 5097 Si
3256 5042 3420 5097 annis
3461 5040 3730 5113 inclusus,

2122 5110 2292 5184 super
2322 5110 2492 5183 pedes
2533 5110 2880 5185 ej’usrstans,
2937 5114 3186 5185 quotidie
3244 5113 3461 5185 cantavi
3514 5110 3731 5185 missas.

2123 5181 2279 5257 Anno
2306 5181 2445 5240 {0ta9
2473 5181 2575 5257 ego
2619 5184 2789 5240 miser
2818 5181 3111 5253 Marianus,
3136 5186 3296 5257 jussu
3336 5182 3582 5255 episcopi
3611 5181 3734 5257 illiq-

2122 5256 2472 5330 guntinensis
2500 5252 2554 5311 et
2584 5257 2799 5330 abbatis
2827 5252 3152 5320 Fuldensis,
3175 5256 3311 5312 feria
3448 5252 3578 5330 ante
3611 5252 3735 5330 Pal-

2123 5324 2241 5382 ibas
2293 5328 2464 5382 Nonis
2494 5326 2714 5399 Aprilis,
2766 5335 2891 5399 post
2919 5344 3096 5383 annos
3131 5345 3162 5381 χ
3193 5343 3331 5383 τηρεε
3385 5324 3732 5399 inclusionis,

2123 5399 2334 5474 solutus
2363 5400 2433 5454 de
2457 5395 2679 5474 Iclusain
2715 5395 2903 5474 Eulda,
2940 5399 3009 5453 ad
3044 5400 3382 5474 Moguntiam
3410 5398 3561 5474 veni,
3591 5402 3643 5474 et
3674 5395 3735 5450 in

2124 5469 2419 5542 festivitate
2450 5471 2669 5542 Septem
2714 5470 2977 5542 Fratrum,
3000 5469 3246 5527 secundo
3269 5470 3547 5542 includor.
3571 5469 3735 5542 Anno

2123 5541 2264 5597 1086
2293 5539 2569 5598 Marianas
2597 5542 2792 5597 Scotus
2843 5549 2901 5596 et
2962 5541 3210 5598 inclusus
3253 5541 3354 5611 (ait
3379 5539 3736 5597 Dodechinus

2124 5612 2246 5738 fjtus
2274 5613 2648 5683 continuator)
2687 5612 2848 5681 obiit,
2881 5617 2937 5668 et
2966 5614 3116 5685 apud
3162 5613 3215 5667 S.
3251 5612 3540 5668 Martinum
3575 5625 3738 5682 sepe-

2148 5700 2163 5738 ι
2193 5700 2275 5738 ur.
2309 5704 2335 5735 ι)

2148 5691 2275 5739 itur.
2309 5704 2335 5735 ι)
