3934 6054
403 238 504 297 587

1629 221 1966 276 SIGEBEBTI
2014 219 2526 274 GEMBLACENSIS.

3622 220 3751 276 588

400 364 642 440 eleganti
666 361 890 435 ingenio
917 358 1085 414 multa
1128 356 1370 412 breviter
1417 353 1664 426 quidem,
1696 351 1794 405 sed
1825 348 2017 403 lauda-
2042 351 2094 417 Α
2120 354 2176 402 et
2204 362 2234 401 a
2263 345 2670 401 consuetudine
2723 343 3108 400 Leodiensium
3140 343 3481 399 discordant.
3516 344 3755 399 Descri-

404 463 589 518 biliter
617 456 845 513 metrice
867 454 1111 525 scripsit.

474 550 598 604 CAP.
622 546 835 601 CLXXI.
881 543 1207 618 Sigebertus
1251 541 1417 612 (860),
1448 536 1860 593 Gemblacensis
1902 548 2019 587 mo-

405 639 634 701 nachus,
665 637 834 690 multa
887 632 1108 704 scripsit
1160 630 1429 701 Opuscula
1485 628 1644 681 Motis
1703 625 1915 704 positus
1962 622 2018 675 in

404 731 581 804 prima
612 734 773 784 aetate
815 726 872 780 in
937 724 1174 779 ecclesia
1241 720 1425 775 Sancti
1474 716 1765 778 Vincentii,
1818 692 1907 766 ad‘
1937 712 2020 765 in-

404 801 701 879 struendos
727 833 949 891 pueros.
979 813 1371 886 ScripsiVitam
1393 806 1720 864 Theoderici
1748 801 2019 875 episcopi,

406 912 713 972 conditoris
748 910 927 982 ipsius
955 906 1209 963 ecclesiae
1251 911 1304 958 et
1342 900 1605 965 abbatize,
1628 898 1682 951 in
1711 912 1819 968 qua
1859 894 2020 948 etiam

406 1027 510 1083 per
547 1004 950 1083 digressionem
982 1000 1199 1056 laudem
1242 997 1417 1069 ipsius
1446 994 1601 1050 urbis
1652 991 1871 1045 heroico
1899 1003 2022 1042 me-

406 1107 492 1156 tro
522 1095 846 1154 declamavi.
904 1090 1112 1161 Scripsi
1156 1088 1474 1142 Passionem
1534 1090 1735 1138 sanctae
1818 1077 2022 1142 Luciae,

408 1210 531 1266 qua:
557 1190 632 1248 ibi
664 1185 984 1260 requiescit,
1017 1183 1224 1239 alcaico
1255 1190 1451 1236 metro.
1490 1176 1826 1243 Quibusdam
1861 1172 2024 1225 etiam

410 1262 947 1353 reprehendentibus
977 1275 1124 1329 illam
1177 1278 1382 1327 sanctae
1432 1268 1609 1323 Lucize
1656 1262 2024 1337 prophetiam,

408 1375 688 1432 Annuntio
712 1371 861 1427 vobis
908 1383 1097 1437 pacem
1158 1366 1411 1422 Ecclesia
1449 1365 1545 1418 Dei
1572 1362 1782 1424 datam,
1816 1354 2028 1410 Diocle-

409 1466 562 1523 tiano
600 1463 778 1532 ejecto
817 1460 887 1514 de
949 1471 1119 1532 regno
1185 1469 1305 1520 suo,
1365 1459 1421 1507 et
1475 1449 1803 1505 Maximiano
1861 1443 2024 1499 hodie

411 1564 654 1624 mortuo,
686 1551 946 1625 respondi
973 1550 1269 1624 diligenter
1305 1544 1658 1601 considerata
1717 1548 2026 1608 temporum

2120 441 2203 508 psi
2236 440 2456 493 heroico
2489 446 2659 492 metro
2692 437 3078 503 Ecclesiasten,
3113 452 3276 507 quem
3310 452 3475 507 opere
3497 446 3757 492 stroma-

2122 536 2210 583 teo
2241 528 2531 598 tripliciter
2567 527 2789 598 digessi,
2826 526 2893 579 ad
2950 527 3213 593 litteram,
3256 526 3574 598 allegorice,
3616 542 3763 597 my—

2121 618 2419 691 thologice.
2448 617 2692 670 Imitatus
2721 616 3019 671 Eusebium
3075 616 3369 686 Pamphili,
3404 616 3497 687 qui
3525 616 3756 686 primus

2123 707 2266 776 apud
2302 707 2520 760 Graecos
2568 704 2835 760 Chronica
2887 714 3131 775 tempore
3193 704 3427 761 Abrahae
3487 703 3758 780 digessit,

2125 798 2241 868 ipse
2270 814 2495 868 quoque
2524 814 2555 851 a
2586 797 2709 852 loco
2742 797 3169 851 intermissionis
3196 798 3317 867 ejus
3338 814 3513 869 usque
3543 798 3611 851 ad
3642 813 3766 852 an-

2124 905 2253 943 num
2291 890 2419 943 1111
2467 904 2685 943 omnem
2718 888 3176 959 consequentiam
3208 894 3546 959 temporum,
3580 898 3635 945 et
3669 907 3767 946 re-

2128 1000 2243 1037 rum
2264 990 2566 1057 gestarum,
2598 990 2803 1054 quanta
2827 982 2982 1053 potui
3004 982 3129 1053 styli
3174 984 3562 1054 temperantia,
3593 985 3763 1040 ordi-

2126 1076 2272 1130 navi.
2317 1076 2448 1130 Cum
2473 1075 2770 1149 diligenter
2797 1075 2997 1130 Bedam
3032 1076 3104 1129 De
3134 1076 3475 1146 temporibus
3530 1077 3765 1150 relege-

2128 1180 2262 1230 rem,
2291 1170 2345 1218 et
2370 1164 2438 1218 ab
2457 1180 2523 1219 eo
2564 1173 2749 1219 notam
2777 1163 2968 1218 ironim
3001 1163 3260 1234 Dionysio
3299 1164 3576 1234 cyclorum
3607 1167 3764 1221 scri-

2131 1253 2273 1324 ptori
2297 1252 2472 1327 inﬂigi
2500 1253 2763 1317 viderem,
2798 1251 2927 1323 quia
2961 1252 3101 1306 male
3133 1252 3423 1323 dispositis
3453 1254 3615 1309 annis
3644 1255 3765 1310 Do-

2131 1344 2348 1400 minicze
2390 1343 2692 1415 passionis,
2734 1344 2788 1397 in
2813 1343 3065 1397 terminis
3093 1344 3453 1414 paschalibus
3473 1346 3764 1402 contraire

2130 1450 2226 1505 per
2262 1434 2446 1489 omnia
2472 1432 2755 1488 videretur
2780 1431 3341 1506 EvangelioJoanuis,
3367 1434 3595 1507 dignum
3611 1435 3757 1489 mihi

2127 1527 2305 1582 visum
2328 1534 2428 1593 est,
2462 1526 2624 1581 altius
2641 1525 2967 1596 repetendo,
2984 1540 3205 1579 omnem
3225 1525 3506 1582 dimovere
3540 1528 3754 1582 nubem

413 1653 647 1716 ratione,
678 1655 733 1703 et
761 1660 943 1702 rerum
973 1643 1223 1699 veritate.
1258 1636 1463 1708 Scripsi
1520 1633 1883 1690 nihilominus
1912 1644 2031 1683 ser-
2064 1659 2111 1725 Β
2135 1615 2361 1725 errori?
2387 1622 2437 1676 et
2451 1632 2665 1725 verum,
2683 1613 3042 1725 diligentibus
3067 1614 3359 1668 infundere
3390 1617 3572 1670 lumen
3605 1616 3768 1671 veri-

1872 1722 1880 1725 -
1951 1721 1960 1725 -
2136 1712 2256 1725 1-1--
2350 1721 2461 1725 -A____
2515 1721 2590 1725 -..Α
2674 1704 2893 1725 -..ἒ-η---
2973 1710 3122 1725 Αρι---
3178 1702 3262 1725 --2-
3304 1719 3397 1725 ---Α
3434 1720 3542 1725 μ---
3586 1703 3760 1725 1-*ᾼ--

410 1756 633 1796 monem
676 1739 732 1793 in
759 1737 977 1792 laudem
1000 1732 1182 1804 ipsius
1207 1729 1458 1802 virginis,
1487 1728 1542 1781 in
1573 1741 1684 1798 quo
1716 1721 2034 1780 translatio-

413 1847 514 1887 nes
542 1831 717 1903 ipsius
744 1846 776 1885 a
803 1827 989 1883 Sicilia
1044 1825 1101 1879 in
1155 1820 1478 1885 Corﬁnium,
1515 1818 1800 1873 civitatem
1843 1810 2029 1871 Italiae,

415 1926 472 1976 et
500 1936 530 1974 a
561 1917 797 1975 Corﬁnio
828 1916 885 1970 in
912 1913 1115 1975 Metim,
1150 1910 1345 1965 urbem
1379 1907 1588 1972 Galliae,
1620 1904 1875 1961 ordinata
1895 1907 2036 1954 tem-

418 2026 612 2083 porum
634 2006 1054 2080 consequentia,
1109 2000 1339 2076 digessi.
1403 1997 1609 2068 Scripsi
1658 1996 1833 2050 Vitam
1876 1990 2038 2064 Sige-

419 2078 558 2158 berti
585 2100 749 2176 regis,
802 2078 1106 2154 conditoris
1157 2090 1406 2149 ecclesiae
1451 2099 1507 2145 et
1554 2088 1790 2143 abbatiae
1850 2078 2040 2139 Sancti

420 2194 669 2260 Martini,
698 2197 851 2249 extra
878 2188 1153 2245 civitatem
1207 2187 1505 2240 Metensem
1563 2181 1682 2236 sitae
1730 2180 2032 2249 Regressus

418 2287 489 2345 ad
513 2285 906 2343 monasterium
972 2279 1391 2343 Gemblacense,
1451 2274 1648 2344 scripsi
1710 2270 2033 2326 Passionem

417 2379 804 2445 Thebanorum,
835 2383 1191 2446 patronorum
1248 2376 1581 2432 nostrorum,
1639 2364 1887 2429 heroico,
1915 2378 2035 2417 car-

420 2487 589 2528 mine.
641 2468 845 2540 Scripsi
893 2467 1069 2522 Vitam
1130 2462 1305 2519 sancti
1366 2457 1617 2515 Guiberti
1677 2453 2035 2519 confessoris,

419 2561 732 2618 fundatoris
760 2558 1011 2616 ecclesiae
1068 2563 1269 2611 nostra
1321 2548 1755 2612 Gemblacensis,
1808 2547 1877 2601 de
1931 2561 2040 2616 qua

420 2655 672 2728 excerpsi
700 2653 994 2717 lectiones,
1017 2647 1356 2719 competenti
1384 2645 1579 2700 ordine
1610 2644 1667 2697 in
1708 2641 1829 2712 ejus
1862 2641 2041 2709 depo-

423 2746 625 2804 sitione
649 2762 664 2809 ;
688 2749 803 2798 arte
825 2750 1006 2796 autem
1039 2738 1247 2792 musica
1284 2734 1620 2806 antiphonas
1657 2739 1712 2787 et
1742 2744 2041 2801 responso-

424 2842 505 2898 ria
542 2841 612 2896 de
637 2838 841 2895 sanctis
877 2835 1119 2890 Maclovo
1142 2839 1198 2886 et
1224 2830 1484 2884 Guiberto
1529 2824 1862 2881 melliﬁcavi.
1895 2822 2042 2877 Scri-

425 2934 510 3007 psi
542 2940 597 2988 et
623 2933 784 2987 Gesta
810 2927 1073 2983 abbatum
1107 2920 1583 2978 Gemblacensium
1611 2937 1625 2985 ;
1658 2918 1805 2970 Vitas
1830 2921 2044 2969 sancto-

426 3002 547 3078 rum
571 3018 798 3075 Maclovi
831 3011 1209 3071 etTheodardi
1241 3008 1542 3064 urbaniore
1557 3005 1698 3076 style
1734 3002 2038 3057 melioravi.

427 3110 604 3165 Vitam
632 3122 854 3180 quoque
873 3103 1048 3160 sancti
1080 3100 1356 3156 Lantberti
1390 3114 1512 3153 cum
1538 3096 1592 3150 in
1613 3095 1805 3165 primis
1832 3093 2043 3147 urbane

425 3198 825 3264 meliorassem,
857 3201 1050 3266 postea
1081 3197 1273 3266 rogatu
1328 3187 1545 3242 Henrici
1577 3183 1953 3240 archidiaconi
1987 3190 2042 3237 et

424 3289 621 3346 decani
647 3286 897 3344 ecclesia:
927 3283 1102 3340 sancti
1134 3279 1434 3345 Lantberti,
1475 3275 1734 3331 deﬂoravi
1758 3289 2041 3344 compara-

423 3380 670 3437 tionibus
698 3377 1074 3448 antiquorum,
1137 3372 1289 3441 juxta
1344 3365 1796 3438 consequentiam
1830 3378 2037 3419 rerum.

424 3471 679 3544 quamvis
706 3470 968 3541 priorem,
1002 3472 1191 3536 utpote
1238 3460 1571 3531 simplicem,
1604 3456 1829 3528 quidam
1861 3454 2038 3520 magis

422 3566 842 3638 amplectantur,
875 3568 931 3616 et
985 3556 1257 3614 curiosius
1323 3551 1833 3609 transcribant;est
1885 3546 2032 3602 enim

420 3674 589 3716 sensu
608 3655 851 3729 apertior
879 3662 935 3709 et
963 3651 1149 3707 verbis
1187 3647 1404 3704 clarior.
1449 3645 1656 3716 Rogatu
1675 3642 1839 3695 etiam
1893 3655 2036 3710 pra:-

420 3753 554 3810 dicti
580 3752 705 3815 viri,
735 3748 934 3805 validis
963 3748 1183 3801 Patrum
1245 3737 1587 3815 argumentis
1622 3732 1883 3805 respondi
1915 3732 2034 3803 epi-

417 3847 575 3902 stole
608 3839 961 3897 llildehrandi
1000 3852 1180 3908 papae,
1241 3849 1402 3904 quam
1444 3828 1667 3899 scripsit
1704 3826 1772 3881 ad
1809 3826 2036 3879 Herma-

418 3952 550 3991 num
576 3935 874 3989 Metensem
908 3929 1252 3999 episcOpum,
1310 3925 1363 3978 in
1413 3920 1700 3992 potestatis
1741 3918 1905 3991 regiae
1938 3933 2032 3972 ca-

417 4022 700 4079 lumniam.
739 4019 941 4090 Scripsi
995 4018 1065 4072 ad
1112 4017 1291 4087 ipsum
1353 4011 1644 4067 Henricum
1692 4008 2028 4082 apologiam,

417 4119 609 4169 contra
633 4126 731 4166 eos
761 4109 857 4182 qui
917 4105 1325 4162 calumniantur
1377 4101 1575 4155 missas
1609 4099 2033 4173 conjugatorun

415 4202 782 4258 sacerdotum.
818 4201 941 4270 Ipso
971 4196 1132 4251 etiam
1189 4197 1437 4267 rogante,
1478 4189 1739 4259 respondi
1786 4187 2032 4259 epistola:

414 4289 695 4346 Paschalis
716 4303 894 4360 papae,
926 4285 1022 4358 qui
1056 4282 1420 4338 Leodiensem
1454 4278 1764 4344 ecclesiam,
1794 4292 1952 4347 aeque
1972 4281 2034 4331 ut

413 4380 885 4443 Cameracensem,
917 4394 949 4432 a
980 4376 1217 4432 Roberto
1259 4370 1673 4427 Flandrensium
1705 4369 1906 4425 comite
1937 4367 2029 4436 ju-

411 4472 581 4529 bebat
599 4470 874 4544 perditum
913 4469 998 4524 iri.
1054 4464 1424 4521 Nihilominus
1478 4462 1597 4533 ipso
1632 4467 1899 4532 poscente
1932 4476 2020 4514 re-

408 4564 607 4635 spondi
620 4560 1047 4619 Treverensibus
1075 4558 1145 4612 de
1170 4556 1383 4625 jejunio
1402 4554 1642 4618 Quatuor
1671 4553 2027 4622 Temporum,

409 4656 505 4728 qui
536 4657 754 4732 regulas
798 4652 1082 4723 cujusdam
1134 4649 1419 4715 Bernonis,
1470 4644 1774 4700 secundum
1804 4642 2025 4717 allego-

409 4743 567 4808 riam,
591 4753 651 4799 ut
677 4742 784 4798 sibi
816 4742 1056 4809 videtur,
1103 4739 1246 4794 bene
1295 4735 1676 4800 concinnatas,
1704 4732 2024 4798 observant,

2134 1705 2278 1760 tatis.
2312 1704 2594 1777 Siquidem
2619 1703 2897 1758 Marianus
2929 1703 3146 1768 Scotus,
3178 1702 3263 1757 vir
3301 1719 3402 1758 suo
3433 1720 3548 1760 arvo
3586 1703 3765 1778 longe

2136 1801 2398 1866 disertus,
2429 1800 2535 1856 hoc
2592 1798 2738 1854 idem
2806 1798 3094 1871 ingressus
3147 1806 3286 1862 erat,
3335 1806 3390 1854 et
3425 1799 3763 1855 Chronicam

2137 1910 2291 1949 suam
2324 1898 2513 1947 texens
2539 1907 2570 1946 a
2596 1891 2881 1946 nativitate
2914 1891 3111 1946 Christi
3142 1908 3319 1963 usque
3348 1892 3416 1946 ad
3434 1899 3637 1948 statum
3671 1895 3765 1949 sui

2140 1988 2423 2059 temporis,
2455 1987 2583 2042 hinc
2613 2002 2788 2042 annos
2820 1986 3019 2042 Christi
3067 1986 3223 2056 juxta
3252 1986 3417 2042 ﬁdem
3453 1988 3763 2062 Evangelii.

2141 2080 2271 2135 inde
2298 2097 2329 2134 a
2352 2080 2753 2153 regionejuxta
2783 2078 3104 2144 Dionjsium
3138 2080 3509 2146 ordinaverat,
3545 2088 3604 2136 ut
3628 2081 3767 2137 dili-

2133 2170 2335 2246 gentia;
2363 2170 2585 2226 lectoris
2623 2177 2835 2241 pateret
2893 2176 3160 2241 quantum
3214 2169 3336 2240 ipse
3390 2170 3688 2242 Dionysius
3728 2188 3766 2226 a

2135 2260 2364 2315 veritate
2399 2258 2677 2335 Evangelii
2710 2258 2954 2313 deviaret
3010 2259 3117 2329 Ego
3150 2266 3356 2328 autem,
3390 2260 3765 2316 considerans

2137 2348 2377 2406 fautores
2400 2348 2642 2420 Dionysii
2675 2348 2846 2403 semel
2881 2346 3131 2402 imbibi'ta
3162 2363 3271 2403 non
3307 2349 3499 2404 leviter
3518 2350 3761 2415 descire,

2139 2444 2213 2498 ita
2244 2443 2513 2498 cautelam
2545 2440 2814 2513 ingenioli
2846 2440 2956 2495 mei
3014 2454 3177 2512 aequa
3242 2440 3401 2497 lance
3438 2441 3659 2511 libravi,
3702 2450 3766 2497 ut

2140 2533 2356 2588 medius
2414 2533 2609 2586 horum
2673 2528 2941 2585 incedens
2976 2544 3171 2584 omnes
3216 2545 3392 2585 annos
3445 2530 3513 2585 ab
3547 2531 3774 2607 origine

2142 2623 2335 2680 mundi
2367 2624 2651 2685 decursos,
2675 2623 2762 2677 vel
2789 2622 2843 2676 in
2894 2620 3137 2677 futurum
3176 2621 3531 2688 decursuros,
3565 2623 3775 2679 inscri-

2143 2720 2235 2785 pta
2265 2712 2478 2767 ratione
2512 2712 2665 2779 juxta
2693 2710 3010 2766 Hebraicam
3034 2710 3347 2778 veritatem,
3394 2712 3718 2786 colligerem
3753 2732 3770 2769 :

2142 2805 2354 2862 scilicet
2393 2820 2490 2876 per
2533 2805 2718 2877 cyclos
2758 2805 2998 2868 lunares,
3032 2803 3125 2873 qui
3151 2803 3541 2859 novemdecim
3574 2803 3767 2872 annis,

2143 2905 2199 2954 et
2228 2915 2326 2970 per
2354 2899 2539 2971 cyclos
2580 2899 2812 2965 solares,
2843 2897 2936 2969 qui
2984 2913 3153 2952 xxvm
3197 2897 3358 2952 annis
3400 2896 3764 2963 clauduntur,

2144 2994 2198 3043 et
2221 3004 2321 3059 per
2349 2988 2581 3043 alterum
2637 2986 2985 3056 multiplicati
3038 3001 3298 3060 magnum
3330 2984 3542 3057 eyclum
3585 2987 3767 3057 quin-

2068 3058 2117 3125 C
2144 3058 2433 3151 gentorum
2457 3076 2682 3149 triginta
2712 3076 2946 3131 duorum
2994 3058 3265 3131 anno—rum
3308 3074 3615 3131 conﬁciunt
3645 3093 3659 3129 :
3695 3075 3772 3130 li—

2144 3167 2344 3222 neatim
2381 3166 2655 3222 distinctis
2685 3165 2814 3219 hinc
2842 3164 2973 3219 inde
3003 3166 3166 3219 annis
3205 3163 3357 3230 Adae,
3391 3163 3601 3235 epactis
3624 3178 3768 3219 con-

2141 3259 2491 3315 currentibus
2520 3258 2767 3313 terminis
2805 3256 3177 3327 pasehalibus,
3228 3255 3426 3310 diebus
3457 3256 3764 3311 Dominicis

2143 3348 2380 3416 Paschas,
2404 3349 2598 3402 eadem
2616 3348 2704 3402 via
2735 3347 3001 3402 incedens
3031 3362 3142 3417 qua
3172 3345 3483 3416 Dionysius,
3521 3346 3619 3401 sed
3641 3361 3761 3402 non

2136 3442 2346 3497 eisdem
2377 3441 2640 3514 vestigiis.
2680 3439 2833 3504 Quod
2889 3440 3131 3513 diligens
3161 3439 3332 3494 lector
3379 3438 3538 3494 facile
3594 3438 3761 3495 inve-

2138 3535 2271 3603 niet,
2303 3534 2348 3589 si
2379 3535 2631 3590 curiosus
2682 3531 2865 3587 fuerit.
2908 3532 2970 3586 Et
3005 3531 3135 3603 quia
3166 3532 3359 3587 decem
3415 3531 3629 3603 magnis
3654 3547 3761 3603 cy-

2136 3630 2257 3690 clis,
2312 3629 2403 3700 qui
2459 3626 2662 3700 singuli
2716 3624 3037 3699 quingentis
3088 3640 3237 3678 xxx"
3272 3623 3434 3678 annis
3470 3630 3750 3693 constant,

2137 3737 2276 3793 Opus
2300 3736 2465 3777 omne
2497 3719 2740 3774 distinxi.
2793 3717 2974 3788 ipsum
3039 3715 3241 3770 librum
3271 3716 3377 3771 hoc
3422 3716 3577 3771 titulo
3604 3732 3756 3786 pra:-

2136 3810 2340 3877 notavi,
2366 3820 2423 3865 ut
2446 3805 2977 3864 Decemnovennalis
2995 3815 3239 3860 vocetur.
3267 3804 3555 3880 Prologum
3578 3804 3749 3859 etiam

2136 3904 2411 3958 inmorem
2466 3900 2671 3974 dialogi
2722 3897 3035 3970 anteposui,
3085 3913 3247 3969 quem
3286 3897 3466 3951 tribus
3505 3896 3747 3952 tomellis
3796 3932 3815 3942 ι

2132 3994 2320 4061 divisi,
2370 3992 2640 4057 indicans,
2677 3988 2780 4043 sub
2825 4002 3059 4059 persona
3112 3985 3510 4060 interrogantis
3555 3990 3610 4040 et
3655 4001 3754 4042 re-

2135 4082 2482 4155 spondentis,
2523 4078 2890 4134 intcntionem
2923 4084 2978 4131 et
3001 4075 3289 4131 utilitatem
3329 4074 3505 4145 ipsius
3534 4074 3744 4146 operis,

2137 4186 2191 4233 et
2220 4177 2287 4231 ad
2328 4190 2492 4248 quam
2526 4179 2731 4244 partem
2767 4167 3138 4242 phi1050phia3
3180 4167 3473 4237 pertineat,
3534 4166 3750 4224 scilicet

2135 4272 2201 4326 ad
2227 4270 2534 4342 physicam.
2566 4262 2833 4335 Subjunxi
2885 4261 3049 4317 etiam
3103 4259 3267 4314 utiles
3315 4258 3535 4332 regulas
3589 4257 3747 4313 inve-

2134 4363 2321 4418 niendi
2351 4375 2541 4424 annos,
2574 4364 2628 4412 et
2654 4354 2921 4412 terminos
2961 4359 3014 4408 et
3050 4351 3408 4418 indictiones,
3437 4349 3747 4405 secundum

2131 4451 2524 4524 dispositiones
2556 4446 2751 4518 ἱρείας.
2784 4442 3033 4498 Imitatus
3070 4442 3234 4496 etiam
3279 4440 3664 4511 Hieronymum
3689 4448 3748 4495 et

2132 4540 2497 4601 Gennadium,
2529 4532 2994 4605 scripsiultimum
3040 4531 3197 4585 hunc
3232 4528 3485 4585 libellum
3518 4529 3593 4584 De
3615 4526 3746 4584 illu-

2129 4634 2336 4690 stribus
2355 4631 2504 4693 viris,
2554 4634 2821 4701 quantum
2872 4622 3069 4679 notitia
3113 4637 3249 4678 meae
3299 4619 3746 4693 investigationis

2129 4728 2417 4800 exquirere
2448 4721 2620 4795 potui.

1642 4832 1923 4887 AUBERTI
1962 4832 2172 4888 MlR/El
2212 4826 2508 4884 SCHOLIA.

480 4914 628 4989 (860)
658 4907 1439 4989 Sigebertus,‘Gemb_lacensis
1490 4906 1547 4961 in
1583 4904 1872 4989 Drabaptia
1902 4919 2022 4985 mo-

408 4975 639 5051 nachus,
671 4975 881 5042 oFdinis
914 4975 1315 5047 SXBenedicti,
1355 4978 1531 5049 prima
1554 4983 1714 5051 aetate
1749 4975 1930 5051 Metis,
1963 4976 2019 5029 in

405 5047 668 5116 caanobio
736 5057 791 5113 S.
848 5054 1142 5117 Vincentii,
1203 5047 1406 5107 mullos
1451 5049 1677 5114 erudiit,
1738 5047 2019 5118 multaque

403 5130 645 5201 scripsit,
679 5127 945 5184 Fulcuino
974 5124 1257 5201 _Lobiensi
1283 5121 1468 5201 abbati
1508 5117 1813 5201 familiaris.
1859 5117 2021 5172 Gem-

405 5190 925 5265 blacum'reversus,
957 5198 1176 5252 demum
1207 5200 1365 5265 aetate
1395 5190 1794 5265 grandisdiem
1818 5205 2019 5265 supre-

403 5289 554 5329 mum
577 5273 717 5329 obiit
743 5288 801 5326 ut
831 5260 1016 5326 Nonas
1039 5264 1290 5322 Octobris
1319 5260 1465 5317 anno
1520 5261 1677 5328 1112,
1705 5260 1851 5332 apud
1883 5276 2013 5315 suos

402 5344 680 5400 conditus.
713 5343 871 5398 Notet
897 5339 1232 5412 veroilector
1270 5335 1327 5389 in
1357 5350 1422 5389 ea
1476 5332 2013 5412 incidissetempora

401 5412 987 5489 Sigebertumgquibus
1013 5408 1346 5489 Eccl‘esiaet.
1363 5405 1678 5489 respublica
1707 5403 2014 5489 Christiana

401 5476 639 5541 maxime
668 5476 883 5540 turbata
914 5483 1037 5548 fuit,
1092 5480 1164 5535 ob
1218 5477 1508 5533 dissidium
1542 5477 1684 5530 inter
1738 5476 2011 5548 Romaan

402 5554 695 5626 pontiﬁces
722 5545 1046 5627 Gregorium
1066 5552 1179 5627 Vl_l_,
1200 5548 1476 5627 Urbanum
1486 5549 1602 5627 _llet
1634 5545 1949 5627 Paschal-em
1965 5545 2010 5598 Il

400 5616 467 5696 ex
496 5642 605 5696 una
633 5633 807 5696 parte,
828 5616 903 5681 "et
930 5625 1077 5696 inter
1122 5616 1415 5696 Henricum
1457 5619 1522 5674 ιν
1548 5618 1686 5689 imp.
1727 5634 1790 5696 ex
1818 5616 2008 5696 altera.

400 5695 517 5762 Quo
547 5687 750 5754 factum
778 5687 864 5753 est
889 5702 949 5751 ut
999 5692 1351 5767 imperatoris
1381 5698 1567 5764 partes
1595 5687 1816 5745 secutus
1846 5687 2010 5761 Sige-

2125 4903 2334 4966 bertus,
2370 4893 2874 4969 pontificibusplus
2893 4906 3052 4969 aequo
3082 4888 3248 4969 fuerit
3275 4886 3547 4969 infensior
3584 4886 3743 4944 Unde

2123 4988 2246 5045 quae
2280 4959 2467 5045 contra
2521 4959 2842 5045 Gregorium
2894 4959 3302 5045 “et'P-asch‘alem
3334 4959 3573 5045 scripsit,
3601 4965 3745 5016 utet

2121 5030 2249 5109 alia,
2292 5040 2474 5096 vetita
2504 5030 2966 5109 sunt"lect_ioni_s._
3020 5031 3369 5109 Sigebertum
3416 5030 3741 5087 a-etutarunt

2119 5101 2408 5171 Anselmus
2436 5110 2603 5181 epist.
2660 5108 2730 5181 ad
2772 5101 3125 5181 Guillelmufn
3175 5101 3629 5181 abbatem,"un
3657 5108 3745 5157 est

2121 5199 2353 5242 numero
2392 5172 2582 5238 octava
2609 5197 2623 5243 ;
2656 5177 2999 5235 Baroniusin
3030 5174 3361 5236 Annalibus;
3384 5172 3743 5229 Bellarminus

2119 5259 2175 5313 in
2204 5256 2459 5327 Catalogo
2515 5262 2570 5308 et
2616 5251 2675 5306 in
2738 5243 3648 5327 Controuersiarumhlibris.‘Vide
3678 5251 3740 5327 et

2113 5310 2510 5402 Drolegom'ena
2538 5338 2672 5402 qua!
2707 5319 2918 5393 praefixi
2951 5318 3223 5402 Chronico
3254 5310 3653 5402 Sigevberti,ad
3674 5314 3743 5397 ti-

2114 5402 2239 5456 dem
2266 5386 2592 5472 zi’utograplt'i
2635 5411 2665 5448 a
2704 5386 2793 5448 ine
2830 5396 3187 5472 comparato,
3211 5395 3296 5472 “et
3320 5386 3742 5472 'Vcrdussianis

2114 5473 2260 5555 typis
2287 5457 2605 5555 _AntHerpite
2641 5480 2791 5547 anno
2821 5462 2959 5555 l60t3
2981 5457 3140 5555 edito
3199 5459 3329 5524 Quae
3361 5457 3585 5539 quidem
3619 5458 3743 5541 edi-

2115 5528 2190 5600 ιῖὁ
2220 5546 2336 5600 sola
2366 5548 2450 5597 est
2488 5528 2751 5612 genuina,
2796 5543 2988 5604 utpote
3014 5532 3278 5612 _libera‘a
3310 5528 3473 5612 nugis
3505 5545 3569 5612 ac
3608 5529 3740 5601 qui-

2114 5615 2332 5688 squiliis
2363 5603 2609 5688 Galfi'idt'
2640 5603 3049 5688 Mortumetemt's
3077 5619 3177 5659 seu
3208 5603 3582 5688 Astzphensia,
3613 5616 3738 5673 qum

2114 5673 2178 5743 in
2194 5686 2321 5743 aliis
2351 5673 2611 5742 omnibus
2627 5677 2967 5737 editionibus
2998 5677 3264 5748 inspersa
3296 5673 3575 5746 leguntur.
