3938 6050
285 285 398 344 593

284 418 479 484 mavit,
511 421 564 471 et
599 418 692 472 cui
726 430 896 486 usque

1205 284 1412 340 casm
1451 285 1758 342 ABBATUM
1800 285 2348 342 cennmcsnswu
2387 250 2716 340 nomen:

916 415 988 470 ad
1011 421 1239 490 mortem
1262 418 1376 487 ejus
1419 417 1661 473 adheesit.
1692 423 1764 474 De
1785 433 1909 474 suc-
1930 423 1982 490 Α
2009 419 2208 490 inﬂue
2230 415 2684 490 titulumhabet:
2735 413 2980 490 INCIPIT
3009 413 3354 490 PROLOGUS
3392 415 3626 490 01³61118

3517 281 3626 340 5m

288 503 489 545 cessere
548 490 665 558 ejus
718 489 956 557 Mysacho
1003 487 1214 556 abbate,
1277 503 1380 558 quo
1431 491 1718 558 superstite
1761 495 1910 558 gesta
1930 487 1981 490 “
2009 487 2514 555 SUBSEQUENTIS,
2569 489 2663 558 qui
2721 487 3044 556 subsequens
3107 487 3236 544 olim
3288 500 3419 557 opus
3474 487 3624 559 (871)

288 561 622 628 conscripsit,
651 573 765 614 non
799 561 910 614 nisi
940 574 1119 628 pauca
1159 559 1384 626 addidit,
1423 566 1476 615 et
1531 563 1592 616 in
1644 563 1759 616 Vita
1795 565 1911 630 ejus

287 631 569 699 substitit;
621 645 721 686 nec
769 636 889 699 post
925 631 1131 686 obitum
1181 633 1296 700 ejus
1349 633 1551 700 stylum
1601 635 1906 702 resumpsit.

289 707 551 759 Monstrat
577 703 632 757 id
655 703 782 757 libri
808 704 974 772 ipsius
997 705 1164 770 facies
1183 702 1348 770 (866),
1375 709 1427 758 et
1455 703 1690 758 alterum
1716 719 1908 774 quem-

287 775 416 829 dam
483 776 816 844 scriptorem,
870 775 1198 830 monachum
1267 774 1714 843 Gemblacensem,
1779 778 1911 831 reli-

287 861 398 916 qua
439 845 588 916 (867)
637 847 764 900 Vitte
799 847 1034 914 Mysachi
1083 849 1136 900 et
1179 851 1326 916 gesta
1353 849 1696 916 sequentium
1737 847 1910 902 abba-

291 915 412 972 tum
437 915 580 986 (868)
609 917 894 986 subjecisse
924 917 1136 987 probat.
1176 919 1278 980 Qui
1315 915 1442 973 cum
1487 933 1685 972 nomen
1745 935 1910 974 suum

461 991 676 1057 penitus
715 989 1030 1044 intercidere
1051 989 1296 1054 voluerit,
1335 989 1708 1045 Godescalcum
1741 991 1910 1058 fuisse

289 989 437 1042 haud

290 1065 473 1130 aperte
495 1060 848 1132 intelligimus
878 1059 1054 1131 (869).
1101 1063 1226 1116 Fuit
1253 1062 1318 1127 is,
1345 1066 1410 1115 ut
1455 1060 1522 1114 ab
1565 1063 1674 1130 ipso
1698 1076 1908 1132 compe-

288 1133 484 1197 rimus,
521 1131 782 1203 (Sigeberti
817 1131 1130 1200 discipulus,
1180 1152 1204 1181 α
1252 1147 1399 1186 unus
1439 1146 1508 1186 ex
1555 1135 1744 1200 paucis
1779 1131 1906 1203 quos

284 1209 404 1272 post
424 1217 481 1257 se
497 1202 722 1264 dimisit,
755 1217 882 1258 cum
910 1203 1105 1259 multos
1129 1208 1256 1258 ante
1290 1217 1346 1258 se
1371 1206 1717 1274 praemisisset
1757 1202 1808 1273 »,
1855 1211 1907 1262 et

282 1277 624 1344 praeceptoris
659 1274 906 1342 defuncti
941 1287 1071 1343 opus
1122 1277 1202 1329 ita
1247 1277 1498 1344 suscepit,
1551 1281 1613 1330 ut
1665 1278 1714 1330 ei
1758 1284 1906 1345 gesta

289 1347 548 1414 Mysachi,
599 1346 906 1412 Thietmari,
953 1345 1222 1400 Liethardi
1274 1351 1324 1401 et
1374 1345 1613 1401 Anselmi
1663 1347 1906 1403 addenda

287 1419 652 1472 constitueret.
685 1420 932 1472 Primum
957 1419 1128 1486 igitur
1154 1417 1362 1486 reliqua
1390 1418 1624 1487 Mysachi
1649 1425 1702 1472 et
1735 1421 1908 1474 Vitam

291 1491 544 1544 Tietmarr
581 1491 914 1559 conscripsit,
951 1490 1118 1558 paulo
1153 1494 1271 1558 post
1301 1489 1570 1544 Liethardi
1600 1493 1774 1544 Vitam
1810 1491 1909 1544 ad-

285 1560 459 1628 didit;
502 1567 620 1614 tum
645 1575 770 1616 vero
811 1561 1008 1615 ultima
1045 1561 1315 1614 Liethardi
1343 1566 1467 1614 acta
1505 1561 1628 1615 inde
1669 1575 1703 1614 a
1734 1565 1908 1631 capite

285 1631 357 1685 65
383 1631 610 1701 subjecit
638 1631 816 1688 eodem
842 1633 956 1698 fere
984 1637 1215 1700 tempore
1241 1646 1344 1701 quo
1371 1638 1422 1685 et
1460 1632 1701 1686 Anselmi
1733 1635 1906 1687 Vitam

285 1717 432 1758 anno
461 1703 598 1758 1136
634 1704 882 1771 defuncti
906 1703 1246 1758 scribendam
1281 1705 1607 1771 susciperet;
1649 1718 1748 1758 nec
1773 1705 1904 1759 reli-

285 1789 398 1843 qua
450 1775 690 1830 Anselmi
724 1775 918 1844 quibus
947 1780 1112 1829 totum
1163 1789 1294 1844 cpus
1324 1775 1545 1828 absolvit
1595 1775 1765 1828 multo
1788 1783 1905 1844 post

287 1845 496 1916 addita,
521 1845 611 1900 sed
665 1852 834 1901 totam
869 1847 1166 1902 Godescalci
1208 1861 1337 1916 opus
1389 1848 1541 1900 intra
1580 1860 1752 1902 annos
1789 1849 1904 1913 fere

289 1915 430 1971 1130
458 1923 509 1972 et
540 1919 554 1973 l
575 1916 672 1970 140
691 1920 1054 1986 conscriptum
1081 1915 1248 1982 fuisse
1265 1932 1524 1972 censeam.
1555 1919 1900 1986 Epitaphium

285 1989 473 2042 damni
498 1989 764 2058 Sygeberti
790 1989 972 2043 littera
1003 1990 1207 2043 initiati
1231 1989 1496 2043 distichon
1524 2003 1652 2044 cum
1679 2005 1900 2044 nomine

275 2062 516 2115 auctaris
539 2063 794 2116 continet.
830 2062 1169 2128 Praeceptoris
1204 2063 1294 2115 sui
1319 2060 1388 2114 ad
1424 2063 1731 2129 exemp’um
1753 2064 1892 2116 scri-

266 2134 382 2200 psit
408 2147 528 2200 qute
563 2134 672 2201 ipse
699 2137 949 2200 expertus
985 2133 1171 2200 fuerat
1218 2131 1298 2186 vel
1324 2146 1393 2185 ea:
1431 2132 1761 2186 documentis
1785 2147 1891 2187 au-

273 2203 527 2257 thenticis
569 2206 794 2259 haurire
817 2209 1048 2272 poterat,
1088 2217 1248 2272 eoque
1284 2203 1500 2257 laudem
1543 2205 1691 2257 haud
1717 2207 1893 2259 mino-

269 2287 391 2328 rem
431 2274 693 2343 Sigeberto
739 2281 998 2342 meretur,
1038 2277 1284 2344 quamvis
1319 2275 1475 2328 nulla
1510 2281 1706 2343 praeter
1748 2277 1896 2331 hunc

271 2345 478 2400 librum
501 2349 762 2400 memoria
799 2349 916 2415 ejus
951 2347 1140 2400 relicta
1167 2348 1258 2411 sit,
1304 2351 1356 2400 et
1383 2361 1447 2400 ea
1477 2346 1626 2402 hodie
1652 2349 1894 2416 primum

268 2419 554 2471 reviviscat
601 2422 794 2472 Exstat
817 2420 1058 2486 egregius
1079 2417 1206 2472 libri
1233 2417 1413 2472 eodem.

342 2488 396 2556 1)
433 2488 880 2544 membranaceus
939 2491 1000 2542 in
1033 2489 1128 2556 fol.
1182 2491 1392 2544 minore
1413 2489 1494 2544 vel
1538 2487 1634 2542 8νο
1665 2489 1892 2556 longiori

268 2557 340 2612 78
374 2560 667 2628 foliorum;
717 2563 876 2616 initio
901 2561 1096 2627 folium
1126 2575 1304 2614 unum
1332 2560 1468 2629 quod
1494 2558 1622 2614 olim
1648 2563 1890 2629 primum

264 2635 388 2685 erat
413 2646 530 2686 una
557 2647 686 2687 cum
707 2635 758 2686 ei
783 2632 1106 2696 adluerente,
1138 2632 1339 2686 scilicet
1379 2633 1507 2686 olim
1527 2637 1672 2686 inter
1693 2632 1826 2698 folia
1855 2632 1888 2684 6

261 2707 320 2754 et
347 2703 376 2756 7
409 2704 679 2769 collocato,
728 2706 912 2772 periit,
969 2705 1030 2757 in
1065 2704 1176 2768 ﬁne
1217 2704 1495 2772 complura
1547 2703 1884 2768 exciderunt,

260 2774 345 2826 ita
393 2779 456 2828 ut
491 2775 683 2830 codicis
717 2777 972 2844 primarii
1021 2775 1242 2829 nonnisi
1291 2776 1666 2843 fragmentum
1704 2777 1886 2842 majus

253 2847 506 2912 supersit.
535 2849 674 2900 Sunt
699 2860 881 2901 omnes
901 2847 1014 2912 fere
1027 2849 1404 2914 quaterniones
1425 2845 1593 2915 (870),
1620 2847 1710 2900 sed
1734 2846 1885 2899 nullo

251 2916 338 2968 vel
383 2931 608 2972 numero
658 2919 740 2972 vel
769 2919 949 2972 littera
999 2919 1222 2986 signati,
1273 2919 1500 2986 exceptis
1537 2917 1885 2986 quinionibus

252 2987 369 3052 foll.
402 2987 536 3042 7-15
567 2993 727 3057 atque
754 2987 923 3042 24-33
949 2993 1000 3042 et
1045 2989 1342 3044 duernione
1393 2989 1506 3056 foll.
1563 2987 1724 3042 58-61
1779 3003 1883 3057 quo

249 3061 616 3129 Panegyricus
653 3060 860 3115 libellus
899 3061 1223 3116 continetur.
1267 3061 1474 3116 Folium
1516 3060 1773 3115 ultimum
1811 3059 1880 3114 78

2007 561 2264 617 excidisse
2309 559 2524 632 probat.
2572 564 2640 614 In
2680 559 2864 629 prima
2903 561 3113 632 pagina
3151 561 3378 628 vestigia
3423 560 3627 632 chara;

2006 633 2292 701 cujusdam
2311 628 2644 698 cernuntur,
2685 628 2867 684 manu
2893 631 3080 684 saeculi
3104 645 3180 683 xu
3210 631 3454 685 exarata
3480 628 3623 700 (872)

2005 709 2058 758 et
2084 705 2276 760 titulus
2302 702 2456 773 (873)
2485 703 2680 773 swculo
2717 716 2808 756 xw
2840 702 3134 770 inscriptus
3162 701 3328 756 codici
3354 704 3470 761 iam
3493 707 3627 773 tunc

2007 777 2254 844 temporis
2291 771 2566 830 anteriora
2588 843 2591 844 ν
2617 772 2852 844 abscissa
2873 773 3042 844 fuisse
3054 773 3256 844 prodit.
3286 773 3427 828 Folio
3460 771 3562 844 tj-i
3572 772 3626 827 3’

2010 841 2123 902 Vita
2159 846 2419 913 Wieberti,
2449 845 2526 912 fol
2573 842 2779 901 t3’-39’
2799 847 2954 900 Gesta
2973 842 3236 898 abbatum
3259 859 3436 898 manu
3463 841 3621 911 Sige-

2005 917 2142 988 berti
2178 917 2321 988 (874)
2367 919 2568 986 scripta
2603 919 2755 982 sunt,
2803 915 3102 972 Godescalci
3135 916 3476 988 continuatio
3504 915 3622 982 foll.

1989 985 2211 1046 39'-57.
2253 985 2633 1058 Panegyricus,
2681 1001 2840 1057 quem
2883 989 3170 1056 quominus
3218 986 3388 1058 eidem
3413 987 3627 1041 auctori

2008 1060 2314 1116 tribuamus
2343 1057 2482 1115 nihil
2513 1059 2722 1114 obstare
2755 1058 2986 1124 videtur,
3039 1057 3152 1126 foll.
3197 1057 3364 1114 58-61
3399 1058 3576 1126 explet
3602 1073 3621 1125 ,'

2004 1132 2118 1198 foll.
2151 1131 2312 1187 62-78
2347 1135 2521 1187 Vitam
2550 1129 2790 1185 Maclovii
2821 1131 3128 1185 Thietmaro
3179 1129 3372 1184 abbate
3401 1133 3627 1198 rogante

2006 1218 2040 1257 a
2091 1203 2358 1271 Sigeberto
2405 1205 2666 1271 scriptam
2715 1200 2958 1271 praebent
3007 1199 3178 1270 (875).
3239 1201 3445 1256 Ultimis
3501 1201 3626 1255 Vita:

2012 1275 2255 1330 Wicberti
2303 1273 2570 1344 capitibus
2609 1275 2669 1326 in
2717 1275 2967 1340 margine
2998 1273 3218 1327 numeri
3263 1275 3308 1338 l,
3353 1272 3620 1344 11571113

2006 1347 2153 1412 1111',
2245 1349 2322 1399 γε.
2413 1349 2516 1410 για,
2602 1347 2734 1410 ma,
2812 1347 2949 1397 rura
3024 1344 3315 1398 lectionum
3381 1343 3622 1410 scilicet,

2005 1419 2229 1486 ascripti
2250 1421 2402 1482 sunt,
2429 1430 2563 1485 quas
2599 1429 2654 1469 se
2681 1416 2999 1484 competenti
3025 1413 3209 1470 ordine
3227 1417 3288 1468 in
3307 1414 3626 1486 depositione

2013 1483 2257 1542 Wicberti
2309 1483 2628 1556 excerpsisse
2669 1483 2969 1554 Sigebertus
3023 1487 3235 1554 scripsit
3290 1483 3448 1556 (876).
3499 1487 3626 1540 Cor-

2005 1564 2255 1626 recturae,
2300 1573 2511 1613 rasurae
2563 1557 2630 1612 ab
2679 1559 2914 1612 auctoris
2958 1571 3130 1610 manu
3153 1557 3406 1624 profectae
3430 1569 3624 1610 curam

2006 1631 2140 1684 libro
2167 1633 2488 1700 impensam,
2519 1645 2548 1685 e
2575 1634 2764 1684 contra
2786 1634 2928 1684 nota:
2949 1633 3004 1682 et
3045 1632 3362 1700 correcturae
3387 1631 3624 1700 recentes

2005 1701 2208 1756 librum
2255 1702 2450 1757 saeculo
2473 1703 2700 1769 fortasse
2723 1716 2830 1754 xvn
2877 1704 3176 1754 tractatum
3222 1699 3303 1752 vel
3329 1699 3624 1766 perlectum

1931 1737 1980 1804 Β
2002 1737 2171 1840 fuisse
2223 1737 2740 1828 testanturfNCoden
2786 1771 3054 1827 Gernblaci
3102 1770 3198 1824 diu
3225 1737 3531 1824 asse'rvatus
3567 1775 3620 1824 et

2001 1845 2248 1899 incendio
2275 1859 2376 1914 quo
2395 1845 2788 1898 monasterium
2811 1857 2937 1898 cum
2965 1841 3277 1914 bibliotheca
3291 1841 3484 1914 saeculo
3510 1855 3619 1894 xvu

1999 1911 2375 1984 conflagravit,
2397 1917 2618 1984 periisse
2642 1916 2810 1980 visus,
2843 1928 2991 1967 anno
3026 1913 3244 1984 demum
3276 1911 3417 1984 1714
3461 1915 3620 1982 Hagas

2001 1987 2137 2058 (877)
2175 1983 2526 2042 Comitis’sub
2548 1988 2708 2058 lui-sta
2729 1986 2920 2050 veniit,
2947 1991 2998 2038 et
3025 1983 3092 2037 ab
3121 1983 3451 2058 Uffenbachio
3475 1999 3618 2058 com-

1989 2055 2221 2127 paratus
2241 2064 2423 2128 postea
2448 2060 2508 2112 in
2539 2057 2906 2128 bibliothecam
2931 2061 3150 2110 senatus
3169 2057 3449 2122 Lipsiensis
3465 2055 3619 2110 deve—

1993 2133 2099 2195 nit,
2133 2131 2225 2184 ubi
2242 2127 2377 2185 eum
2401 2145 2453 2184 a.
2513 2127 2646 2184 1825
2675 2128 2870 2192 evolvi;
2897 2141 3048 2180 nunc
3075 2130 3260 2180 autem
3299 2127 3486 2192 favore
3531 2141 3614 2180 se-

1994 2205 2161 2256 natus
2196 2203 2516 2271 amplissimi
2561 2205 2792 2256 curante
2835 2203 2886 2252 V.
2945 2197 3019 2271 Cl.
3086 2202 3380 2271 Naumann
3427 2197 3614 2271 biblio-

1997 2275 2229 2328 thecario
2255 2269 2318 2328 de
2345 2288 2404 2328 re
2439 2277 2626 2327 nostra
2677 2271 2807 2325 bene
2832 2270 3024 2324 merito
3064 2269 3201 2322 mihi
3229 2270 3611 2322 transmissum

1993 2347 2267 2414 exscripsi.
2323 2349 2450 2398 Jam
2499 2345 2668 2412 igitur
2728 2343 2844 2397 Vita
2901 2339 3158 2414 Wicberti
3205 2340 3521 2394 authentica
3554 2345 3610 2414 et

1987 2411 2181 2483 prima
2205 2419 2319 2470 vice
2374 2411 2586 2484 integra
2613 2419 2766 2468 Gesta
2801 2412 3085 2484 prodeunt,
3103 2483 3113 2484 ί
3132 2424 3362 2479 quorum
3389 2411 3612 2484 nonnisi

1991 2479 2239 2557 excerpta
2266 2489 2411 2540 vitiis
2440 2479 2554 2553 fere
2603 2479 3018 2557 incredibilibus
3030 2481 3374 2557 dehonestata
3399 2483 3606 2557 hucus-

1989 2573 2091 2627 que
2142 2552 2207 2612 in
2231 2552 2478 2613 Dacherii
2503 2558 2778 2625 Spicilegio
2809 2553 2955 2627 (878)
3000 2553 3333 2627 legebantur.
3381 2557 3448 2607 Et
3467 2552 3606 2627 dum

1989 2623 2327 2699 autographa
2383 2623 2638 2698 Sigeberti
2700 2623 2753 2682 et
2817 2623 3120 2699 ‘Godescatci
3175 2625 3408 2680 evolvere
3461 2623 3604 2699 licet,

1988 2697 2272 2756 editibnem
2327 2697 2734 2756 accuratissime
2782 2697 2852 2751 ad
2901 2710 3088 2752 eorum
3132 2711 3384 2750 normam
3433 2697 3602 2763 exegi,

1982 2778 2181 2840 praeter
2207 2773 2344 2841 quod
2370 2787 2549 2840 pauca
2591 2787 2722 2826 casu
2773 2771 2969 2824 omissa
3017 2767 3276 2841 supplevi,
3332 2781 3380 2822 θ.
3429 2783 3482 2834 g.
3515 2781 3606 2821 ac-

1985 2839 2204 2899 centum
2217 2839 2614 2913 prcep’ositioni
2641 2857 2671 2895 ιι
2703 2848 2816 2895 tam
2845 2855 2950 2913 (per
2961 2839 3296 2913 Sigebertum
3318 2852 3485 2908 quam
3507 2851 3606 2913 per

1983 2908 2356 2970 Godescalcuni
2402 2915 2528 2968 addi
2561 2914 2782 2968 solitum
2833 2908 2981 2982 (879)
3027 2915 3080 2964 et
3108 2911 3384 2964 rarissime
3417 2908 3601 2978 negle-

1982 2992 2150 3042 ctum.
2185 2992 2364 3041 Vocem
2395 2991 2594 3056 praeter
2643 2989 2833 3038 auctor
2883 2987 3104 3056 uterque
3149 2987 3292 3056 pter,
3325 2985 3603 3056 praeteret

1983 3067 2169 3128 preter
2190 3051 2465 3114 scribendo
2507 3057 2744 3126 corripit.
2779 3058 2847 3110 At
2891 3055 2952 3109 in
2995 3053 3117 3108 aliis
3143 3051 3212 3106 ab
3236 3053 3467 3108 invicem
3489 3051 3600 3107 dis-

1817 3156 2026 3212 NOTAE.

346 3250 470 3322 866)
503 3250 616 3307 F01.
648 3252 756 3307 39'.

343 3323 471 3396 867)
506 3322 637 3396 Eae.
679 3323 750 3382 48
775 3332 830 3396 ει
857 3323 1092 3396 reliqua.

326 3394 468 3460 (868)
509 3395 834 3462 Thietmari,
889 3394 1166 3451 Liethardi
1211 3402 1266 3452 et
1302 3396 1549 3452 Anselmi
1603 3396 1753 3454 Vitas
1807 3397 1876 3451 ab

258 3465 459 3540 eodem
493 3464 768 3540 profectas
788 3482 943 3540 esse,
959 3477 1158 3539 praeter
1185 3467 1480 3523 scribentis
1500 3483 1875 3540 manumque

257 3537 377 3618 ipse
395 3551 555 3620 capp.
581 3537 670 3600 59,
705 3537 796 3604 68,
837 3537 974 3621 dicit
1010 3541 1410 3610 comprobant;
1451 3546 1640 3595 contra
1668 3537 1874 3594 Olberti

255 3609 432 3662 Vitam
473 3607 760 3666 Steeberto
791 3609 980 3665 tribuit
1005 3627 1053 3666 c.
1085 3611 1174 3666 63.

301 3625 432 3662 nam
473 3625 760 3665 διεθοθινιο
791 3625 980 3665 ινιοιιιι
1005 3627 1053 3665 ϐ.
1085 3625 1174 3665 δῦ.

330 3625 432 3662 tam
473 3625 760 3681 mgenerto
791 3625 980 3665 trtnuu
1005 3627 1053 3666 c.
1085 3625 1174 3666 on.

330 3678 478 3750 (869)
509 3681 848 3756 Anselmum,
885 3681 1158 3756 Sigebertj
1189 3687 1244 3736 et
1285 3681 1341 3736 in
1386 3681 1655 3756 Chronico
1697 3681 1877 3756 conti-

259 3759 548 3824 nuatorem
589 3767 712 3806 esse
739 3751 976 3823 primum
1007 3753 1318 3824 suspicatus
1343 3770 1514 3821 eram,
1541 3753 1641 3809 sed
1685 3753 1876 3809 codice

257 3822 502 3893 perlecta
523 3823 636 3893 jam
667 3822 872 3878 certam
904 3840 1018 3879 rem
1051 3822 1270 3880 edicere
1297 3825 1444 3880 licet.
1641 3851 1646 3858 ·

329 3894 474 3962 (870)
505 3894 634 3948 Foll.
674 3895 787 3958 1-6,
827 3895 982 3962 7-15,
1013 3897 1197 3952 exciso
1237 3896 1375 3952 tolio
1419 3897 1562 3952 inter
1599 3895 1693 3952 fol.
1728 3895 1796 3952 13
1825 3902 1880 3951 et

258 3967 348 4031 14,
391 3965 582 4032 16-23,
625 3964 818 4034 34-41,
875 3967 946 4022 42
973 3983 1122 4040 sqq.,
1187 3969 1258 4024 50
1307 3984 1456 4041 sqq.,
1503 3968 1573 4023 62
1618 3984 1768 4040 sqq.,
1809 3968 1879 4021 70

256 4054 380 4092 SUO.

287 4053 476 4178 “iam
515 4109 770 4166 Fortasse
796 4110 969 4165 Vitam
991 4110 1321 4166 Theodardi.

331 4178 666 4260 (872)__Rata
697 4190 782 4236 est
826 4197 859 4236 a
893 4181 1164 4238 Willelmo
1194 4181 1434 4254 quodam
1480 4197 1604 4238 cum
1639 4183 1878 4258 conjuge

257 4260 315 4306 et
335 4250 448 4305 filio
481 4251 702 4307 Hillino.

331 4321 475 4392 (873)
523 4326 638 4378 Vita
672 4327 852 4379 sancti
877 4325 1091 4394 guberti
1117 4327 1260 4380 edita
1297 4343 1332 4380 a
1362 4325 1645 4382 reverendo
1675 4327 1882 4382 doctore

253 4394 525 4466 sygeberto
545 4397 808 4451 monacho
835 4400 1152 4454 monasterii
1169 4399 1570 4466 gemblacensis.

329 4465 472 4534 (874)
503 4465 691 4530 Qualis
724 4466 782 4520 in
809 4467 907 4540 (SS.
946 4468 1008 4540 Ῑ.
1035 4467 1146 4540 -ιγ,
1177 4465 1379 4540 tab}
1427 4470 1569 4540 (Vita
1606 4467 1880 4524 Brunonis

253 4552 456 4592 manus
497 4538 822 4606 correctoris)
856 4548 912 4594 et
943 4539 1000 4592 Τ.
1034 4538 1122 4605 VI,
1164 4539 1273 4594 tab.
1311 4539 1404 4606 Ill,
1436 4538 1530 4599 Ἰν,
1563 4540 1875 4594 exhibetur.

1902 3258 1952 3326 Ο
1977 3259 2286 3326 contractu,
2339 3251 2689 3326 meliorarem
2743 3249 2902 3326 illam
2939 3246 3431 3326 quantulacunque
3476 3261 3601 3326 ser-

1977 3325 2158 3398 monis
2188 3317 2358 3398 cul'tu.
2403 3324 2514 3398 Ego
2550 3323 2644 3394 qui
2667 3319 2906 3390 jussioni
2945 3317 3232 3398 contraire
3260 3317 3597 3398 nonhabui,

1977 3412 2119 3466 opus
2144 3389 2681 3466 injunctum"exs'ecu
2690 3401 2778 3466 tus
2797 3407 2940 3466 sum,
2962 3405 3076 3446 non
3101 3389 3326 3466 quidem
3345 3397 3406 3444 ut
3425 3389 3596 3466 volui,

1977 3459 2077 3522 sed
2094 3459 2374 3539 quomodo
2399 3481 2505 3539 pro
2537 3464 2744 3539 ingenii
2777 3461 3046 3539 tenuitate
3071 3459 3243 3539 valui.
3271 3459 3422 3539 more
3448 3460 3596 3516 enim

1978 3530 2242 3593 rusticani
2275 3530 2420 3592 fabri'
2457 3537 2551 3606 qui
2587 3530 3123 3606 follibus_suftlando
3151 3540 3206 3586 et
3229 3530 3444 3606 malleis
3468 3539 3600 3606 tun-

1977 3609 2160 3665 dendo
2185 3608 2333 3664 elicit
2361 3601 2592 3662 scoriam
2625 3607 2695 3661 de
2728 3604 2850 3660 rudi
2890 3619 3064 3675 massa
3097 3601 3335 3675 preciosi
3366 3603 3594 3672 metalli,

1977 3688 2041 3736 ut
2061 3680 2301 3751 paratior
2321 3679 2585 3734 reddatur
2610 3675 2829 3751 operosi
2859 3673 3328 3751 artiﬁcis'manui,
3361 3675 3598 3731 ostendo

1979 3744 2102 3806 aliis
2129 3751 2482 3823 splendorem
2515 3744 2785 3823 materiei,
2821 3753 2882 3802 ut
2921 3745 2968 3802 si
2995 3745 3120 3823 quis
3176 3744 3312 3802 velit
3339 3760 3596 3802 exercere

1980 3823 2089 3878 vim
2143 3817 2227 3878 sui
2270 3820 2510 3884 artiﬁcii.
2552 3819 2812 3881 inveniat
2852 3817 3163 3888 materiam;
3195 3823 3458 3888 paratam
3494 3833 3596 3874 suo

1983 3895 2152 3952 usui..
2187 3895 2324 3966 Ergo
2358 3893 2504 3966 quod
2535 3891 2696 3948 facile
2716 3889 2873 3966 tactu
2899 3889 3118 3966 videtur
3140 3886 3600 3966 faciamuscilicet

1981 3977 2039 4022 ut
2079 3957 2647 4037 superﬁ'ua'demam,
2680 3962 2878 4018 vitiosa
2915 3961 3208 4037 corrigam,
3249 3957 3478 4037 confusa
3506 3976 3599 4037 or-

1979 4037 2096 4092 dini
2124 4031 2375 4104 reddam,
2405 4053 2437 4092 a
2470 4031 2701 4092 veritate
2740 4040 2922 4104 tamen
2952 4031 3208 4104 hysforiaa
3240 4031 3392 4088 nullo
3433 4032 3599 4090 modo

1979 4110 2256 4175 recedam,
2309 4116 2368 4164 ut
2430 4107 2566 4163 nihil
2615 4105 2742 4162 novi
2796 4103 3002 4161 fecisse
3048 4103 3222 4175 dicar,
3263 4119 3386 4160 cum
3434 4112 3598 4160 vetus

1980 4189 2189 4236 tantum
2210 4179 2456 4236 limando
2487 4189 2543 4234 et
2571 4177 2819 4233 fricando
2847 4190 3142 4232 renovasse
3165 4174 3374 4230 videar.
3411 4195 3434 4226 ι

2051 4253 2300 4324 Capitula
2339 4250 2908 4324 7,78,79,Amen_loratu
2939 4246 3119 4324 digna
3143 4246 3452 4324 continent.
3485 4247 3598 4324 sci-

1979 4317 2140 4386 licet'
2163 4324 2310 4396 quod
2345 4321 2661 4396 AMaclovius
2719 4317 3250 4396 Brendan't'abbatis
3275 4317 3600 4396 discipulus

1981 4412 2104 4450 cum
2136 4387 2203 4450 e6
2243 4401 2298 4450 et
2337 4393 2512 4449 ferme
2555 4400 2779 4462 centum
2811 4388 3092 4462 octoginta
3135 4387 3464 4462 hominibus
3496 4387 3598 4445 Fe-

1979 4467 2202 4522 licitatis
2242 4465 2478 4540 insulam
2519 4461 2852 4540 quaesiturus
2897 4457 3327 4540 navigavit,_qui
3371 4457 3596 4540 demum

1979 4545 2191 4607 septem
2220 4537 2382 4592 annis
2406 4537 2460 4590 in
2476 4532 2918 4607 peregrinatione
2943 4532 3250 4588 consumtis
3276 4532 3334 4584 in
3364 4532 3593 4601 patriam

331 4607 472 4690 (875)
512 4609 642 4690 Cum
682 4609 880 4690 eodem
925 4608 1040 4665 fere
1069 4617 1316 4690 tempore
1353 4626 1430 4690 ac
1461 4611 1579 4666 Vita
1608 4609 1879 4690 )Vicbcrtj
1897 4621 1955 4690 D
1980 4609 2234 4690 redeunt:

257 4687 316 4804 ﬁt
352 4681 514 4804 Gestla
552 4680 822 4736 abbatu‘m
861 4681 1165 4754 composita
1189 4680 1303 4750 "sit,
1353 4681 1563 4738 litteras
1606 4681 1875 4755 Sigeberti

305 4766 356 4804 Ic
385 4766 462 4804 srs
489 4767 652 4804 Imus.

305 4758 356 4804 lc
385 4758 652 4808 sistimus.

334 4845 354 4869 ε
405 4819 1011 4878 ΙΝΟΙΡΙΤἘΡΙΞΤΟΕΑ
1063 4823 1405 4880 SIGEBERTI
1451 4824 1545 4879 .AD
1603 4823 1879 4879 ΤΙΕΤΜΑ-

257 4892 396 4967 (τεοΜ
468 4893 795 4967 ᾼΒΒΑΤΕΜ,
853 4895 970 4950 Vita
1010 4895 1242 4967 piissimi
1293 4895 1632 4953 confessoris
1681 4895 1879 4951 Christi

256 4963 510 5032 Maclovi,
570 4963 665 5041 qui
714 4966 878 5041 etiam
916 4963 1159 5041 Macutes
1211 4969 1394 5024 dictus
1440 4973 1552 5041 est,
1585 4967 1882 5041 diligenter

257 5043 526 5107 quantum
574 5036 643 5090 ad
693 5037 978 5110 veritatem
1037 5039 1280 5096 historia}
1339 5036 1716 5110 antiquorum—
1748 5039 1878 5110 stilo

260 5114 377 5162 erat
413 5114 678 5186 exarata;
709 5109 810 5186 sed
852 5110 984 5186 quia
1013 5110 1196 5186 minus
1227 5107 1878 5186 ordinate—digesta,’mi-

261 5179 711 5252 nuscompos‘ite
735 5179 1034 5252 descripta,
1058 5183 1126 5237 ad
1157 5183 1276 5237 hinc
1306 5179 1660 5236 barbarismis
1689 5191 1746 5238 et
1779 5195 1878 5238 so-

264 5249 747 5326 loecismisnimis
807 5249 1231 5326 crat—confusa,
1281 5253 1455 5326 longo
1499 5253 1794 5326 oblivionis
1830 5259 1884 5326 et

264 5319 618 5396 negligentiae
643 5322 750 5396 situ
782 5323 922 5379 adeo
953 5325 1156 5380 latebat
1185 5319 1442 5396 obducta,
1476 5332 1536 5380 ut
1575 5325 1728 5395 quasi
1760 5324 1882 5379 nul-

265 5391 634 5470 lius_a'uril_)us
672 5393 875 5470 digna,_
901 5395 1014 5465 jam
1049 5397 1116 5451 ab
1159 5395 1406 5470 omnium
1447 5391 1737 5470 recesserit
1767 5413 1883 5470 me-

265 5464 460 5538 moria.
495 5465 634 5538 gSed
687 5464 1034 5523 considerato
1093 5467 1222 5538 quia
1265 5483 1378 5521 non
1436 5466 1663 5521 omnino
1707 5466 1885 5538 perdit

265 5536 676 5610 estimationem
717 5539 890 5609 precii
934 5536 1245 5610 preciosum
1294 5536 1883 5610 metallum,quamvis

259 5607 444 5676 jaceat
476 5609 680 5664 rudere
719 5607 879 5666 terrae
917 5607 1210 5677 infossum,
1259 5609 1342 5666 vel
1373 5607 1698 5664 scabredinc
1740 5609 1885 5663 rubi-

267 5678 416 5754 ginis
445 5679 846 5754 decoloratum,
877 5683 1102 5753 placuit,
1133 5699 1166 5740 ο
1197 5679 1532 5738 venerabilis
1563 5687 1715 5754 pater
1737 5679 1881 5754 Τιρι-

269 5751 442 5826 fruare,
474 5756 582 5826 tuae
607 5751 942 5826 paternitaii,
973 5761 1032 5810 ιιι
1062 5751 1288 5826 juberes
1327 5768 1462 5808 mete
1489 5751 1794 5826 pusillitati,
1827 5757 1884 5805 ut

270 5821 525 5893 inspecto
548 5822 808 5895 hystorias
828 5830 996 5894 textu,
1031 5821 1082 5883 et
1112 5826 1216 5900 pro
1243 5841 1404 5897 posse
1443 5821 1599 5880 eraso
1625 5825 1880 5880 vitiorum

2222 4681 2296 4760 D_c
2313 4678 2459 4760 viris
2489 4674 2813 4760 illustribus.

2050 4743 2196 4823 (877)
2256 4751 2314 4805 In
2383 4747 2632 4823 cataIOgo
2693 4743 3036 4823 CllrisntLVan
3094 4743 3224 4800 Lom
3277 4751 3334 4802 et
3378 4745 3596 4823 Butgeri

1979 4814 2190 4878 Albers'
2220 4837 2345 4894 pag.
2384 4819 2505 4884 128,
2554 4814 2780 4894 nurnero
2825 4814 2931 4871 660
2967 4814 3598 4894 signat_us__;_manu:8i-

1979 4894 2189 4964 geberti
2221 4887 2524 4964 'ei'aratum
2573 4888 2965 4964 praedicarunt,
3005 4887 3154 4964 quod
3205 4887 3600 4964 Uﬁ'enbachius

1979 4957 2086 5022 sibi
2129 4962 2450 5035 persuaderi
2503 4957 2652 5032 haud
2686 4975 2880 5033 passus
2919 4966 3002 5015 est
3025 4957 3162 5033 '(fol.
3212 4961 3268 5030 1,
3317 4969 3448 5019 nota
3477 4961 3599 5031 ejus

1981 5037 2195 5176 milii)
2227 5105 2416 5179 r.__vr,
2450 5123 2504 5179 p.
2539 5105 2646 5162 sos
2673 5120 2842 5179 sqq.,_
2863 5112 2970 5179 ett
3029 5107 3096 5179 ιι,
3129 5121 3184 5177 ρ.
3217 5102 3459 5160 759-769
3497 5101 3594 5159 fol.

1985 5180 2169 5234 Editor
2197 5177 2951 5249 codicem‘nunquam’vidit,
2977 5177 3077 5234 sed
3107 5183 3363 5248 excerpta
3387 5180 3600 5231 tantum

1982 5251 2075 5306 illa
2106 5257 2320 5317 nactus,
2353 5263 2425 5304 ne
2455 5247 2522 5305 de
2553 5247 2774 5304 auctore
2826 5249 3054 5320 quidem
3084 5247 3400 5320 certusiest,
3431 5261 3600 5318 quem

1987 5339 2156 5378 unum
2193 5337 2316 5376 esse
2359 5328 2515 5390 putat
2545 5321 2787 5392 ideoque
2828 5318 3172 5392 Sigebertum
3210 5318 3384 5392 fuisse
3414 5325 3598 5392 negat.

1983 5395 2186 5450 Textus
2212 5389 2622 5462 corruptionem
2645 5389 2757 5460 ja‘m
2792 5411 2845 5463 p.
2879 5389 2984 5449 790
3011 5409 3075 5448 ex
3107 5389 3361 5445 distichis
3389 5389 3604 5463 discis-

1984 5468 2060 5521 sis
2085 5465 2331 5536 judicare
2363 5464 2510 5520 licet.
2547 5465 2607 5519 Et
2633 5462 2864 5536 dimidia
2891 5464 3016 5518 libri
3060 5479 3186 5536 pars
3223 5462 3427 5536 excidit
3463 5463 3606 5536 apo-

1984 5533 2251 5620 graphum
2277 5552 2417 5618 _quo
2449 5535 2770 5620 poenarias
2799 5553 2932 5620 usus
2973 5533 3075 5620 est,
3129 5535 3293 5620 hodie
3321 5534 3408 5620 “inn
3463 5533 3601 5620 bibl.

1985 5605 2138 5682 regia
2173 5605 2463 5662 Parisiensi
2505 5609 2699 5690 Residu
2735 5605 2799 5662 de
2831 5611 3294 5676 Satnt-Germain,
3321 5606 3412 5663 90.
3459 5623 3514 5661 n.
3545 5605 3605 5673 ι,

1985 5681 2041 5736 3.
2082 5686 2418 5736 asservatur:
2451 5694 2503 5733 ν.
2537 5679 2748 5734 Λιοὴιν.
2774 5677 2912 5736 VIII.
2939 5677 3064 5736 315.

2159 5694 2418 5738 ςοιονιιιιινξ
2451 5694 2503 5733 ν.
2537 5694 2748 5734 ΛΙὌΠΝ.
2781 5694 2912 5738 γιιι.
2939 5694 3064 5736 ὄιῧ.

2025 5725 2041 5749 ,
2082 5695 2418 5747 asservatur;
2451 5695 2503 5733 ν.
2537 5695 2748 5734 Λιοιιιγ.
2782 5695 2912 5738 nu,
2939 5695 2999 5734 et

2058 5751 2204 5820 (879)
2236 5749 2300 5806 Ut
2330 5751 2385 5806 in
2418 5749 2684 5806 Chronico
2715 5749 3004 5824 Sigeberti.
