3934 6054
247 249 356 307 597

1325 249 1538 304 GESTA
1579 249 1888 306 ABBATUM
1933 249 2501 305 GEMBLACENSIUM.

3477 265 3585 322 598

243 378 497 446 fervoris,
529 380 843 448 alacritatis,
877 380 932 436 in
962 379 1215 441 advenis,
1251 379 1307 434 in
1338 395 1644 451 pauperum
1685 385 1860 434 cater-
1892 383 1937 450 Α
1965 378 2129 446 Quem
2155 394 2389 448 praesens
2414 396 2616 451 parcus
2643 383 2818 450 fuerit
2841 389 3108 456 potusque
3132 389 3344 460 cibique

240 471 346 528 vis.
377 473 524 528 Sane
557 489 654 544 pro
695 473 906 528 meritis
933 472 1215 548 condigna
1273 471 1582 543 rependere
1622 479 1868 541 noverat,

242 560 593 632 simplicibus
622 561 992 617 misteriorum
1057 559 1461 632 profunditates
1517 560 1866 633 depromere,

247 652 306 708 in
335 654 621 710 solvendis
641 670 704 710 ac
723 653 1074 725 opponendis
1103 669 1268 729 sagax
1299 653 1727 710 assertionibus.
1759 655 1863 710 Ad-

243 761 438 802 versus
463 746 826 820 malignorum
854 745 1127 818 procellas
1156 747 1350 820 vigens
1386 762 1451 803 ac
1502 747 1738 814 solidus,
1769 764 1863 804 re-

240 837 349 894 bus
379 839 436 894 in
460 838 707 895 adversis
733 839 1062 896 submittere
1099 840 1296 896 nolens
1339 842 1610 907 animum,
1640 841 1860 897 sobrius

243 946 348 1002 per
372 932 526 1002 pacis
545 948 826 1004 prospera.
865 932 1229 989 Redundabat
1263 949 1420 990 amor
1475 939 1530 988 et
1587 932 1752 988 timor
1801 932 1856 986 in

246 1019 510 1086 subditis,
527 1021 726 1092 dogma
755 1020 1040 1077 redolebat
1068 1021 1124 1076 in
1147 1021 1410 1088 alumnis,
1444 1022 1506 1076 At
1532 1035 1662 1076 vero
1691 1036 1856 1093 quem

247 1113 400 1169 nulla
439 1113 734 1186 quiverunt
753 1114 990 1170 adversa
1020 1130 1261 1180 movere,
1320 1113 1446 1170 licet
1477 1128 1778 1170 concussus
1806 1121 1862 1169 et

237 1204 476 1273 jactatus
502 1205 573 1260 sit
608 1203 876 1260 molestiis
923 1203 1158 1268 acerbis,
1201 1201 1485 1258 contendit
1525 1202 1727 1275 iugiter
1751 1201 1859 1256 vir-

243 1299 420 1348 tutum
451 1293 714 1364 gradibus
747 1292 995 1364 polorum
1019 1291 1288 1348 scandere
1317 1306 1503 1365 regna.
1536 1288 1858 1346 Novitenim

243 1383 394 1455 quod
433 1383 652 1438 felicem
709 1383 1004 1455 tranquilla
1058 1397 1170 1437 non
1199 1381 1425 1447 faciant,
1481 1395 1670 1434 verum
1701 1394 1860 1434 mens

239 1473 348 1528 sibi
380 1473 527 1530 bene
547 1473 770 1529 conscia
799 1482 1004 1545 quanto
1045 1472 1220 1548 magis
1248 1471 1520 1537 atteritur,
1553 1476 1706 1524 tanto
1739 1484 1860 1522 am-

238 1562 390 1633 plius
413 1562 775 1634 splendescit.
820 1562 1027 1618 Gaudia
1056 1576 1280 1633 quoque
1313 1559 1508 1614 lubrici
1540 1557 1713 1612 seculi
1745 1571 1856 1627 quo

242 1652 419 1722 magis
442 1651 726 1706 vernando
757 1650 827 1685 ⁷⁰⁴
885 1651 1092 1722 pollent
1123 1658 1179 1704 et
1233 1648 1434 1719 amplis
1461 1663 1523 1702 se
1553 1645 1855 1716 spaciando

243 1742 470 1796 trahunt
533 1739 866 1807 incessibus,
925 1741 1031 1795 hoc
1077 1737 1317 1810 amplius
1379 1736 1556 1792 noctis
1608 1741 1853 1790 tartareae

235 1832 482 1888 subeunt
501 1833 826 1904 penetralia,
883 1831 1216 1902 sublatoque
1247 1828 1456 1884 lumine
1491 1835 1656 1883 ruunt
1683 1833 1857 1882 morte

236 1925 546 1997 perimente
565 1923 848 1996 pestifera.
885 1924 1027 1986 Sane
1058 1933 1351 1994 patronum
1383 1936 1550 1992 supra
1581 1934 1854 1974 memora-

236 2023 352 2068 tum
395 2013 557 2069 laude
587 2012 977 2086 dignissimum
1000 2029 1125 2068 cum
1167 2013 1416 2067 clausum
1435 2019 1590 2080 septa
1612 2009 1852 2065 cmnobii

237 2112 495 2161 tenerent
522 2106 906 2162 absconditum
946 2105 1175 2170 mundo,
1201 2119 1391 2160 verum
1413 2111 1680 2160 vernante
1704 2102 1850 2173 polo,

235 2199 430 2264 utpote
457 2193 610 2250 sidus
631 2195 1048 2265 splendilluum,
1094 2194 1255 2250 dictis
1294 2181 1498 2265 pariter
1553 2201 1607 2248 et
1637 2191 1851 2246 actibus

235 2285 454 2357 pollens
484 2285 954 2358 radiabatubique
987 2305 1002 2353 ;
1034 2285 1490 2342 monachisetiam
1521 2285 1849 2339 clericorum

235 2378 592 2433 contionibus
621 2379 847 2433 formam
876 2379 1000 2434 vitae
1065 2395 1236 2450 super
1287 2386 1432 2433 astra
1463 2377 1689 2432 ferentis
1719 2376 1851 2432 totis

234 2470 450 2526 nisibus
477 2471 662 2526 celebs
693 2472 1038 2534 ostendebat,
1063 2481 1118 2526 et
1145 2472 1212 2526 ad
1245 2471 1485 2525 caelestis
1505 2467 1844 2524 consortium

235 2559 574 2614 Hierusalem
605 2559 675 2614 de
731 2560 906 2616 noctis
970 2561 1112 2614 valle
1169 2566 1415 2626 vocatos,
1449 2574 1559 2630 quo
1589 2557 1849 2612 virtutum

231 2651 502 2727 gradibus
558 2652 695 2707 lucis
723 2651 989 2706 scandere
1059 2651 1255 2706 itinera
1311 2659 1610 2707 certarent.
1667 2649 1854 2704 multis

235 2744 418 2800 modis
456 2744 794 2800 hortabatur.
839 2744 1050 2800 Talium
1083 2743 1387 2814 siquidem
1429 2742 1658 2798 ﬂoribus
1699 2742 1851 2796 redi-

235 2835 404 2892 mitus
427 2837 731 2893 studiorum
778 2837 900 2892 vita:
959 2837 1262 2908 perbennis
1320 2837 1533 2892 semina
1587 2838 1853 2890 humana—

232 2945 356 2984 rum
392 2929 656 2984 mentium
689 2946 878 2986 serens
910 2930 1250 3001 praecordiis,
1287 2928 1721 2983 innumcrahiles
1749 2928 1850 2983 hov

2047 466 2292 524 Ostendit
2314 471 2492 524 sancti
2513 471 2631 526 vita
2655 472 2888 541 probata
2909 475 3040 531 viri.

1969 557 2236 613 Esuriem
2263 561 2360 628 qui
2387 563 2498 614 tam
2525 562 2676 615 tenui
2701 563 3052 631 suspenderat
3067 581 3222 636 (esca,

2040 649 2152 716 Quo
2187 650 2412 716 frenata
2428 654 2606 720 magis
2635 669 2798 723 quam
2824 660 3077 713 saturata
3095 661 3276 728 foret;

1963 739 2035 793 Ei
2069 741 2196 794 sitis
2231 738 2480 795 ardorem
2496 742 2710 798 modica
2733 743 3033 802 dimoverat
3059 748 3228 804 unda.

2033 829 2114 884 Ne
2139 832 2250 883 tam
2277 832 2521 884 extincta
2538 833 2684 898 foret
2710 847 2874 902 quam
2901 838 3168 905 tepefacta
3185 839 3376 908 jacens

1965 919 2106 974 Illud
2121 922 2183 974 in
2207 935 2297 974 ore
2319 936 2515 976 canens
2535 923 2779 993 illudque
2793 926 2856 979 in
2884 927 3046 982 corde
3065 927 3337 996 volutans,

2034 1011 2178 1064 Pane
2201 1013 2344 1081 quod
2373 1015 2434 1066 in
2455 1015 2566 1068 solo
2592 1029 2700 1070 non
2730 1015 2858 1070 bene
2889 1019 3021 1072 vivit
3041 1019 3216 1074 homo.

1961 1100 2068 1156 Sed
2093 1103 2297 1156 virtute
2319 1106 2502 1170 magis
2534 1105 2688 1159 verbi
2715 1121 2865 1161 mens
2883 1110 3152 1178 pascitur,
3180 1125 3248 1164 ea:
3277 1119 3381 1182 Quo

2034 1194 2316 1262 Perpetua:
2345 1195 2479 1249 lucis
2504 1197 2714 1262 gaudia
2736 1201 2854 1254 vita
2864 1202 3028 1270 capit.

1959 1282 2228 1338 Insomnes
2255 1287 2431 1337 noctes
2458 1287 2544 1339 hic
2581 1285 2652 1319 ⁷⁰⁶
2677 1288 2876 1342 ducere
2897 1304 3018 1360 sepe
3054 1296 3254 1360 suetus,

2032 1371 2290 1427 Pulsabat
2321 1374 2440 1427 cceli
2459 1373 2671 1441 ﬂetibus
2699 1381 2850 1430 astra
2869 1380 3003 1446 piis.

1959 1460 2221 1527 Pervigili
2252 1476 2388 1515 curu
2419 1464 2586 1528 fortes
2607 1463 2830 1532 aptabat
2851 1465 3105 1522 habenas.

2030 1551 2272 1622 Spiritui
2299 1569 2488 1624 cogens
2515 1556 2739 1610 menbra
2767 1557 2994 1613 subacta
3029 1559 3181 1627 dare,

1955 1642 2242 1700 Mundicia
2271 1651 2332 1700 ut
2351 1648 2532 1702 cordis
2561 1662 2861 1718 superoque
2896 1650 3093 1706 ardore
3118 1655 3348 1708 calentes

2024 1736 2249 1791 Arceret
2263 1739 2530 1804 flammas,
2561 1741 2821 1794 carnisab
2851 1743 2978 1808 igne
2999 1743 3177 1798 datas.

1963 1828 2133 1898 thue
2158 1831 2372 1884 animus
2401 1833 2525 1886 caelo
2535 1831 2748 1901 jugiter
2765 1848 3054 1902 suspensus
3091 1836 3306 1903 inesset,

2026 1918 2108 1972 Ac
2135 1921 2293 1973 terris
2320 1923 2530 1989 positus
2553 1921 2676 1989 jam
2706 1936 2869 1991 super
2898 1923 3013 1978 alta
3032 1925 3200 1993 foret,

1953 2007 2185 2063 Calestis
2216 2010 2365 2064 verbi
2383 2011 2706 2065 meditamen
2725 2013 2784 2066 in
2810 2027 2898 2067 ore
2929 2014 3162 2080 tenebat,

2023 2099 2300 2153 Justitiam
2339 2103 2604 2167 esuriens,
2629 2101 2912 2172 justitiam
2939 2105 3150 2160 sitiens.

2023 2187 2074 2240 4.
2103 2187 2194 2242 His
2220 2189 2436 2244 vivendi
2469 2189 2816 2250 documentis
2871 2209 2982 2248 non
3039 2199 3250 2249 tantum
3295 2195 3562 2262 initiatus,

1949 2277 2044 2332 sed
2077 2279 2145 2334 ad
2175 2280 2574 2350 plenitudinem
2607 2299 2782 2356 usque
2835 2285 3132 2352 institutus,
3167 2285 3302 2340 vixit
3365 2287 3420 2341 in
3452 2287 3565 2343 cle-

1953 2369 2134 2422 ricalis
2179 2371 2390 2424 ordinis
2421 2372 2606 2426 habitu
2651 2391 2813 2445 quam
2873 2375 3050 2444 potuit
3100 2375 3436 2431 laudabilius
3465 2377 3560 2432 ’¹⁰⁷.

1950 2460 2054 2513 Sed
2083 2461 2214 2530 quia
2245 2462 2362 2531 ipse
2385 2463 2648 2518 Dominus
2697 2481 2822 2534 pars
2870 2466 3192 2521 hereditatis
3237 2474 3323 2522 est
3347 2467 3564 2524 clericis

1953 2561 2258 2616 secundum
2289 2578 2493 2617 nomen
2523 2580 2680 2620 suum
2705 2564 2852 2636 (892}
2885 2565 2938 2618 in
2971 2572 3174 2621 sortem
3207 2566 3424 2622 Domini
3449 2567 3568 2623 ele-

1952 2651 2076 2717 ctis,
2106 2644 2383 2708 ambiebat
2403 2655 2694 2729 sagaciter,
2711 2664 2770 2711 ut
2787 2657 2944 2711 funes
2963 2656 3286 2714 hereditatis
3300 2659 3567 2716 caderent

1953 2743 2058 2798 sibi
2091 2746 2144 2800 in
2175 2746 2472 2816 praeclaris.
2506 2747 2634 2803 Ideo
2653 2747 2950 2819 proﬁciens
2988 2750 3057 2804 de
3089 2749 3290 2804 virtute
3317 2751 3371 2804 in
3394 2751 3566 2807 virtu-

1957 2848 2087 2906 tem,
2121 2840 2187 2894 de
2227 2840 2505 2896 canonicae
2529 2842 2732 2916 regulae
2761 2843 2933 2918 gradu
2986 2843 3053 2898 ad
3081 2844 3415 2900 monachica
3440 2844 3565 2901 vitae

1955 2929 2204 2983 ascendit
2235 2929 2654 2984 sublimitatem.
2689 2931 2791 2986 Ubi
2844 2947 2954 2988 non
3004 2932 3164 2988 aliter
3217 2933 3348 2989 vixit
3399 2950 3563 3005 quam

231 3024 448 3079 minum
478 3026 778 3098 phalanges
808 3027 1365 3097 prOpriisinstituens
1386 3025 1852 3098 exemplismoxia
1882 3060 1930 3129 Ο
1956 3019 2095 3074 alios
2133 3019 2316 3074 vivere
2347 3019 2534 3074 docuit
2567 3037 2579 3073 :
2621 3037 2761 3092 quos
2798 3037 2898 3076 suo
2931 3022 3183 3092 exemplo
3215 3021 3284 3076 ad
3310 3021 3561 3090 ejusdem

235 3119 431 3174 mundi
458 3119 747 3191 despicere
773 3127 828 3177 et
858 3120 1078 3176 salubre
1116 3121 1340 3178 vivendi
1370 3119 1718 3192 propositum
1751 3119 1856 3176 do-

233 3211 354 3268 cuit
378 3211 553 3266 adire.

305 3303 362 3358 3.
394 3303 515 3358 Haec
545 3304 616 3358 de
645 3303 974 3359 rudimentis
1000 3304 1125 3359 vitae
1155 3311 1210 3359 et
1236 3303 1618 3359 conversionis
1649 3302 1855 3356 Erluini

236 3394 457 3450 abbatis
481 3395 835 3465 supradictus
864 3395 1101 3467 scriptor
1129 3395 1186 3450 in
1204 3396 1324 3466 ipso
1343 3394 1572 3450 rationis
1604 3391 1856 3465 proemio

236 3497 338 3554 per
364 3483 824 3553 anticipationem
839 3483 1188 3546 declamavit,
1205 3493 1424 3552 tempus
1439 3499 1582 3553 quoq
1592 3498 1658 3537 ue
1676 3497 1854 3553 quan-

235 3571 310 3626 do
340 3569 537 3625 claruit
567 3569 623 3623 in
655 3575 832 3625 textus
861 3571 944 3625 sui
978 3571 1168 3624 limine
1223 3570 1405 3625 statim
1438 3569 1759 3633 insinuavit,
1801 3576 1856 3624 et

233 3660 493 3714 virtutem
519 3669 736 3713 actuum
769 3659 888 3728 ejus
921 3657 1170 3714 iterando
1189 3658 1435 3730 apertius
1461 3658 1809 3714 confirmavit
1837 3675 1852 3724 ;

236 3750 316 3804 ita
346 3763 606 3803 exorsus:

237 3840 448 3898 Ottonis
475 3841 590 3908 fuit
619 3839 694 3894 ad
721 3842 926 3910 tempus
956 3839 1044 3894 hic
1073 3843 1214 3908 regis
1250 3841 1311 3895 in
1349 3841 1497 3895 aula.

317 3931 625 3998 Terrigenis
642 3930 930 4000 speculum,
965 3931 1062 3985 lucc
1092 3935 1142 3986 et
1170 3933 1349 3998 imago
1390 3932 1488 3986 Dei

239 4022 347 4076 Ast
375 4021 472 4074 ubi
509 4022 728 4076 devotus
746 4022 878 4090 ﬁdei
897 4025 1129 4092 sumpsit
1166 4023 1506 4087 documenta,

313 4109 530 4164 Sincera
561 4113 847 4166 Dominum
869 4112 1024 4165 corde
1057 4115 1212 4181 sequi
1241 4113 1472 4166 studuit.

240 4197 416 4265 Quam
432 4200 654 4267 patiens
684 4203 734 4252 et
761 4215 923 4268 quam
961 4199 1134 4252 dulcis
1175 4204 1544 4269 quantumque
1573 4201 1851 4269 benignus.

315 4286 524 4357 Jupiter
551 4291 810 4355 extiterit,
843 4290 963 4358 quis
992 4304 1287 4344 memorare
1307 4292 1517 4360 queat?

242 4380 386 4436 Nam
409 4378 658 4448 ptacidus
677 4379 870 4448 degens
892 4380 1094 4435 lenibat
1115 4381 1280 4435 corda
1291 4382 1573 4447 furentum

317 4469 379 4523 In
406 4484 576 4524 mores
595 4473 744 4540 pacis
774 4469 840 4524 de
872 4472 1092 4538 feritate
1118 4486 1334 4526 vocans.

244 4561 504 4630 Alloquio
535 4561 790 4629 blandus,
818 4565 961 4618 mira
987 4566 1262 4631 gravitate
1286 4563 1576 4631 modestus,

317 4658 440 4714 Non
475 4673 654 4730 asper,
680 4675 786 4714 non
817 4667 964 4726 trum,
986 4659 1368 4715 nonviolentus
1395 4663 1528 4714 erat.

244 4749 400 4826 Mitis
428 4752 547 4802 erat
587 4751 814 4813 cunctis,
846 4751 1052 4816 suavis,
1078 4751 1206 4818 pius
1237 4754 1402 4820 atque
1433 4749 1712 4818 benignus.

323 4839 542 4906 Gratus,
563 4840 941 4910 blandiloquus
980 4843 1411 4911 compatiensque
1435 4842 1621 4895 bonus.

245 4929 412 4995 Quem
435 4933 664 4983 mestum
682 4929 842 4995 vidit,
872 4945 1026 4999 quem
1053 4931 1259 4984 tristem
1284 4945 1548 5000 quemque
1575 4929 1857 4994 dolentem,

315 5020 534 5090 Aﬁ'ectu
558 5024 738 5091 patris
768 5021 1112 5076 subveniebat
1147 5025 1217 5074 ei.

244 5115 446 5186 Aﬁ'atu
473 5116 622 5170 dulci
648 5118 909 5171 merentia
935 5120 1155 5185 pectora
1183 5117 1432 5170 mulcens.

317 5205 591 5272 Anyorem
613 5208 812 5276 pressit
848 5205 938 5272 τοῦ,
968 5205 1176 5275 gaudia
1204 5205 1329 5260 lceta
1365 5204 1532 5260 dedit.

1958 3109 2434 3181 propositijugum
2465 3109 2881 3180 suscipiendum
2914 3111 3156 3176 attraxit,
3206 3110 3391 3167 sciens
3412 3111 3566 3182 juxta

1958 3202 2292 3256 dominicam
2323 3217 2536 3268 vocem,
2567 3201 2698 3272 quia
2747 3207 2840 3272 qui
2867 3203 3139 3258 dominica
3164 3203 3430 3258 mandata
3457 3203 3567 3259 sol-

1956 3297 2036 3348 vit
2061 3299 2110 3349 et
2137 3295 2271 3347 (dies
2301 3311 2366 3347 ne
2393 3295 2602 3348 solvant
2631 3294 2800 3359 docet,
2832 3297 3089 3348 minimus
3127 3298 3185 3349 in
3212 3311 3373 3362 regno
3410 3295 3566 3349 calo-

1958 3403 2076 3441 rum
2107 3388 2288 3441 voca-ri
2312 3387 2472 3440 habet
2497 3386 2696 3452 (Matth
2747 3402 2798 3450 v,
2824 3386 2933 3451 ~19).
2966 3386 3312 3456 Quapropter
3345 3386 3491 3440 bona
3509 3389 3568 3440 et

1957 3477 2174 3551 agendo
2206 3485 2260 3530 et
2287 3476 2538 3530 docendo
2595 3491 2827 3548 magnus
2880 3474 2938 3528 in
2980 3490 3150 3546 regno
3179 3475 3474 3540 cuzlorum,
3506 3477 3561 3529 in

1957 3571 2212 3643 przescnti
2242 3571 2454 3626 scilicet
2477 3569 2745 3630 mcclesia,
2799 3567 2992 3625 merito
3041 3575 3128 3623 est
3152 3575 3394 3623 vocatus.
3437 3568 3566 3624 Tam

1955 3660 2250 3731 multiplici
2272 3676 2482 3714 morum
2514 3660 2803 3714 honestate
2829 3672 3229 3730 usquequaque
3282 3672 3568 3713 commen-

1957 3755 2134 3818 datus,
2161 3753 2472 3808 habebatur
2499 3751 2714 3808 cunctis
2727 3751 3065 3806 reverendus
3103 3757 3157 3806 et
3187 3750 3282 3806 Dei
3312 3748 3566 3806 timorem

1959 3843 2354 3915 appetentibus
2387 3859 2482 3912 per
2503 3842 2689 3898 omnia
2719 3842 3036 3897 imitandus.
3067 3841 3393 3898 Multietiam
3427 3855 3569 3913 quos
3631 3847 3642 3851 ’

1959 3932 2221 3988 secularis
2247 3929 2552 3986 adornabat
2573 3931 2819 4002 potentia
2839 3946 2965 3986 eum
2992 3929 3223 4005 dignum
3247 3929 3569 4000 iudicabant

1958 4039 2056 4077 sua
2082 4019 2346 4086 amicitia,
2377 4035 2473 4090 pro
2505 4034 2572 4074 eo
2597 4019 2747 4092 quod
2779 4020 2834 4074 in
2873 4019 2968 4076 illo
2995 4020 3278 4076 eminebat
3305 4019 3572 4076 sanctita-

1959 4114 2030 4168 tis
2071 4111 2398 4178 revercntia,
2429 4112 2647 4166 consilii
2678 4112 2900 4186 vigebat
2929 4112 3243 4183 prudentia.
3273 4117 3330 4167 et
3356 4111 3572 4166 animas

1956 4202 2067 4258 Deo
2096 4203 2344 4258 lucrandi
2374 4201 2667 4276 singularis
2687 4201 2737 4257 ei
2769 4201 3035 4256 divinitus
3071 4201 3270 4257 collata
3309 4208 3427 4255 erat
3446 4215 3572 4276 gra-

1959 4289 2052 4345 tia.
2082 4289 2174 4344 Cui
2209 4291 2352 4345 inter
2372 4299 2568 4345 caetera
2590 4291 2694 4346 hoc
2719 4304 2941 4360 quoque
2969 4288 3183 4343 addidit
3221 4287 3568 4358 dispensatio

1881 4400 1942 4470 D
1964 4379 2168 4445 divina,
2198 4389 2258 4435 ut
2287 4379 2610 4435 nobilissimi
2639 4377 2785 4448 apud
2839 4378 3086 4432 seculum
3146 4382 3202 4430 et
3229 4375 3572 4431 devotissimi

1963 4475 2110 4546 apud
2138 4476 2308 4530 Deum
2335 4473 2635 4545 Wichpcrti
2665 4471 2942 4527 frueretur
2978 4469 3241 4535 amicitia,
3274 4467 3348 4524 ita
3375 4477 3434 4524 ut
3457 4483 3572 4522 mu-

1964 4577 2066 4624 tua:
2105 4566 2348 4622 karitatis
2397 4565 2540 4620 inter
2569 4561 2975 4620 seindivisibili
3025 4561 3306 4628 coniuncti
3343 4559 3562 4635 glutino

1964 4677 2132 4717 unum
2164 4659 2370 4714 vellent
2395 4667 2449 4712 et
2480 4673 2648 4711 unum
2711 4656 2918 4711 nollent
2959 4654 3018 4708 in
3074 4653 3331 4721 Domino,
3392 4659 3448 4708 et
3479 4652 3574 4708 ubi

1963 4761 2072 4808 tam
2100 4752 2186 4822 pia
2215 4760 2330 4805 erat
2360 4748 2736 4804 unanimitatis
2776 4745 3086 4818 inspiratio,
3121 4745 3272 4800 nulla
3340 4760 3570 4816 prorsus

1962 4849 2176 4912 poterat
2217 4840 2519 4909 subrepere
2579 4835 2984 4892 contrarietatis
3048 4835 3408 4906 conspiratio.
3461 4834 3571 4890 Sed

1962 4934 2210 5004 profecto
2259 4929 2521 4985 credebat
2578 4929 2808 4983 multum
2857 4927 3053 4982 deesse
3102 4926 3232 4993 sibi,
3281 4941 3405 4982 cum
3452 4925 3577 4996 ipse

1961 5027 2112 5082 solus
2141 5022 2423 5077 retraxerit
2446 5021 2643 5092 pedem
2663 5036 2694 5074 a
2724 5019 2962 5074 vanitate
2979 5018 3175 5079 seculi,
3207 5017 3355 5089 quod
3387 5015 3574 5070 adhuc

1964 5131 2090 5186 pars
2126 5113 2294 5166 altera
2330 5111 2527 5167 animae
2557 5125 2690 5177 suae,
2726 5109 3010 5180 piissimus
3049 5107 3260 5164 scilicet
3291 5103 3580 5174 Wicbper-

1965 5211 2052 5258 tus
2082 5204 2300 5257 hereret
2329 5198 2529 5254 inﬁxus
2565 5199 2619 5253 in
2659 5198 2790 5254 limo
2821 5197 3087 5253 mundani
3148 5192 3426 5266 profundi.
3474 5191 3578 5248 Cu-

1591 5343 1814 5397 νΛΒΙΛΞ
1851 5342 2231 5398 LECTIONES.

322 5448 393 5484 7""
433 5465 552 5506 ern.
596 5465 624 5506 e
671 5465 810 5506 corr.
844 5467 929 5508 rec
958 5467 1172 5507 manus.
1233 5451 1302 5486 7°“
1325 5453 1506 5522 primo
1535 5451 1854 5522 expressit?
1918 5453 1987 5486 τυδ
2021 5453 2146 5506 hinc
2177 5467 2316 5506 corr.
2353 5451 2459 5506 hic.
2528 5449 2595 5483 ⁷⁰⁷
2625 5448 2940 5504 Laudabilis
2967 5463 3107 5502 corr.
3147 5449 3226 5502 u'.
3259 5447 3321 5502 in
3349 5448 3522 5502 testu.

1819 5581 2027 5652 nam.

336 5697 485 5766 (892)
527 5697 656 5752 Scil.
691 5687 900 5768 κλῆρος.
