  <div class='ocr_page' id='page_1' title='image "/cluster/home/n/w/nwhite01/storage/ocr_20150623/160/hvd.32044054760186/305.png"; bbox 0 0 3934 6054; ppageno 0'>
   <div class='ocr_carea' id='block_1_1' title="bbox 383 239 488 294">
    <p class='ocr_par' dir='ltr' id='par_1_1' title="bbox 383 239 488 294">
     <span class='ocr_line' id='line_1_1' title="bbox 383 239 488 294; baseline -0.01 0"><span class='ocrx_word' id='word_1_1' title='bbox 383 239 488 294; x_wconf 75' lang='grc'><strong>599</strong></span> 
     </span>
    </p>
   </div>
   <div class='ocr_carea' id='block_1_2' title="bbox 1597 227 2512 286">
    <p class='ocr_par' dir='ltr' id='par_1_2' title="bbox 1597 227 2512 286">
     <span class='ocr_line' id='line_1_2' title="bbox 1597 227 2512 286; baseline -0.001 -1"><span class='ocrx_word' id='word_1_2' title='bbox 1597 229 1940 286; x_wconf 81' lang='lat' dir='ltr'><strong>SIGEBERTI</strong></span> <span class='ocrx_word' id='word_1_3' title='bbox 1999 227 2512 286; x_wconf 84' lang='lat' dir='ltr'><strong>GEMBLACENSIS.</strong></span> 
     </span>
    </p>
   </div>
   <div class='ocr_carea' id='block_1_3' title="bbox 3628 235 3751 292">
    <p class='ocr_par' dir='ltr' id='par_1_3' title="bbox 3628 235 3751 292">
     <span class='ocr_line' id='line_1_3' title="bbox 3628 235 3751 292; baseline 0 0"><span class='ocrx_word' id='word_1_4' title='bbox 3628 235 3751 292; x_wconf 77' lang='lat'><strong>600</strong></span> 
     </span>
    </p>
   </div>
   <div class='ocr_carea' id='block_1_4' title="bbox 386 359 3757 444">
    <p class='ocr_par' dir='ltr' id='par_1_4' title="bbox 386 359 3757 444">
     <span class='ocr_line' id='line_1_4' title="bbox 386 359 3757 444; baseline -0.002 -17"><span class='ocrx_word' id='word_1_5' title='bbox 386 371 548 444; x_wconf 89' lang='lat' dir='ltr'><strong>piens</strong></span> <span class='ocrx_word' id='word_1_6' title='bbox 575 379 707 439; x_wconf 81' lang='lat' dir='ltr'><strong>ergo</strong></span> <span class='ocrx_word' id='word_1_7' title='bbox 751 365 1074 437; x_wconf 88' lang='lat' dir='ltr'><strong>supradicto</strong></span> <span class='ocrx_word' id='word_1_8' title='bbox 1113 365 1290 420; x_wconf 89' lang='lat' dir='ltr'><strong>amico</strong></span> <span class='ocrx_word' id='word_1_9' title='bbox 1315 378 1418 421; x_wconf 86' lang='lat' dir='ltr'><strong>suo</strong></span> <span class='ocrx_word' id='word_1_10' title='bbox 1447 363 1766 435; x_wconf 84' lang='lat' dir='ltr'><strong>Wichperto</strong></span> <span class='ocrx_word' id='word_1_11' title='bbox 1797 359 2005 418; x_wconf 85' lang='lat' dir='ltr'><strong>veraci-</strong></span> <span class='ocrx_word' id='word_1_12' title='bbox 2033 363 2084 432; x_wconf 84' lang='grc' dir='ltr'>Α</span> <span class='ocrx_word' id='word_1_13' title='bbox 2111 363 2234 419; x_wconf 86' lang='lat' dir='ltr'><strong>Otto</strong></span> <span class='ocrx_word' id='word_1_14' title='bbox 2263 363 2456 418; x_wconf 88' lang='lat' dir='ltr'><strong>divina</strong></span> <span class='ocrx_word' id='word_1_15' title='bbox 2499 364 2718 430; x_wconf 79' lang='lat' dir='ltr'><strong>favente</strong></span> <span class='ocrx_word' id='word_1_16' title='bbox 2767 361 3048 418; x_wconf 83' lang='lat' dir='ltr'><strong>clementia</strong></span> <span class='ocrx_word' id='word_1_17' title='bbox 3089 377 3190 418; x_wconf 78' lang='lat' dir='ltr'><strong>rea:</strong></span> <span class='ocrx_word' id='word_1_18' title='bbox 3227 364 3644 422; x_wconf 84' lang='lat' dir='ltr'><strong>Lotharensium</strong></span> <span class='ocrx_word' id='word_1_19' title='bbox 3698 372 3757 424; x_wconf 84' lang='lat' dir='ltr'><strong>et</strong></span> 
     </span>
    </p>
   </div>
   <div class='ocr_carea' id='block_1_5' title="bbox 385 449 2004 527">
    <p class='ocr_par' dir='ltr' id='par_1_5' title="bbox 385 449 2004 527">
     <span class='ocr_line' id='line_1_5' title="bbox 385 449 2004 527; baseline -0.007 -13"><span class='ocrx_word' id='word_1_20' title='bbox 385 466 468 514; x_wconf 90' lang='lat' dir='ltr'><strong>ter</strong></span> <span class='ocrx_word' id='word_1_21' title='bbox 497 463 552 512; x_wconf 89' lang='lat' dir='ltr'><strong>et</strong></span> <span class='ocrx_word' id='word_1_22' title='bbox 568 453 964 527; x_wconf 87' lang='lat' dir='ltr'><strong>perpetualiter</strong></span> <span class='ocrx_word' id='word_1_23' title='bbox 1015 453 1118 508; x_wconf 76' lang='lat' dir='ltr'><strong>frui</strong></span> <span class='ocrx_word' id='word_1_24' title='bbox 1146 453 1202 508; x_wconf 92' lang='lat' dir='ltr'><strong>in</strong></span> <span class='ocrx_word' id='word_1_25' title='bbox 1235 452 1488 520; x_wconf 88' lang='lat' dir='ltr'><strong>Domino,</strong></span> <span class='ocrx_word' id='word_1_26' title='bbox 1535 460 1650 508; x_wconf 92' lang='lat' dir='ltr'><strong>toto</strong></span> <span class='ocrx_word' id='word_1_27' title='bbox 1680 449 1887 506; x_wconf 90' lang='lat' dir='ltr'><strong>mentis</strong></span> <span class='ocrx_word' id='word_1_28' title='bbox 1914 465 2004 504; x_wconf 86' lang='lat' dir='ltr'><strong>ar-</strong></span> 
     </span>
    </p>
   </div>
   <div class='ocr_carea' id='block_1_6' title="bbox 383 543 2000 618">
    <p class='ocr_par' dir='ltr' id='par_1_6' title="bbox 383 543 2000 618">
     <span class='ocr_line' id='line_1_6' title="bbox 383 543 2000 618; baseline -0.006 -12"><span class='ocrx_word' id='word_1_29' title='bbox 383 551 549 606; x_wconf 88' lang='lat' dir='ltr'><strong>debat</strong></span> <span class='ocrx_word' id='word_1_30' title='bbox 569 547 872 612; x_wconf 85' lang='lat' dir='ltr'><strong>desiderio,</strong></span> <span class='ocrx_word' id='word_1_31' title='bbox 902 552 961 602; x_wconf 91' lang='lat' dir='ltr'><strong>ut</strong></span> <span class='ocrx_word' id='word_1_32' title='bbox 989 561 1115 602; x_wconf 89' lang='lat' dir='ltr'><strong>eum</strong></span> <span class='ocrx_word' id='word_1_33' title='bbox 1171 552 1383 618; x_wconf 88' lang='lat' dir='ltr'><strong>posset,</strong></span> <span class='ocrx_word' id='word_1_34' title='bbox 1413 545 1611 601; x_wconf 89' lang='lat' dir='ltr'><strong>lucrari</strong></span> <span class='ocrx_word' id='word_1_35' title='bbox 1654 543 1908 610; x_wconf 89' lang='lat' dir='ltr'><strong>Domino,</strong></span> <span class='ocrx_word' id='word_1_36' title='bbox 1949 550 2000 597; x_wconf 91' lang='lat' dir='ltr'><strong>et</strong></span> 
     </span>
    </p>
   </div>
   <div class='ocr_carea' id='block_1_7' title="bbox 383 635 2003 713">
    <p class='ocr_par' dir='ltr' id='par_1_7' title="bbox 383 635 2003 713">
     <span class='ocr_line' id='line_1_7' title="bbox 383 635 2003 713; baseline -0.006 -14"><span class='ocrx_word' id='word_1_37' title='bbox 383 656 605 700; x_wconf 87' lang='lat' dir='ltr'><strong>omnem</strong></span> <span class='ocrx_word' id='word_1_38' title='bbox 642 639 875 713; x_wconf 67' lang='lat' dir='ltr'><strong>gratiam</strong></span> <span class='ocrx_word' id='word_1_39' title='bbox 913 637 1193 706; x_wconf 67' lang='lat' dir='ltr'><strong>amicitiae,</strong></span> <span class='ocrx_word' id='word_1_40' title='bbox 1249 653 1361 711; x_wconf 85' lang='lat' dir='ltr'><strong>qua</strong></span> <span class='ocrx_word' id='word_1_41' title='bbox 1412 637 1560 708; x_wconf 90' lang='lat' dir='ltr'><strong>apud</strong></span> <span class='ocrx_word' id='word_1_42' title='bbox 1607 636 1849 692; x_wconf 81' lang='lat' dir='ltr'><strong>animum</strong></span> <span class='ocrx_word' id='word_1_43' title='bbox 1882 635 2003 703; x_wconf 87' lang='lat' dir='ltr'><strong>ejus</strong></span> 
     </span>
    </p>
   </div>
   <div class='ocr_carea' id='block_1_8' title="bbox 382 731 2000 806">
    <p class='ocr_par' dir='ltr' id='par_1_8' title="bbox 382 731 2000 806">
     <span class='ocr_line' id='line_1_8' title="bbox 382 731 2000 806; baseline -0.006 -12"><span class='ocrx_word' id='word_1_44' title='bbox 382 745 492 794; x_wconf 78' lang='lat' dir='ltr'><strong>tam</strong></span> <span class='ocrx_word' id='word_1_45' title='bbox 521 733 828 792; x_wconf 87' lang='lat' dir='ltr'><strong>efﬁcaciter</strong></span> <span class='ocrx_word' id='word_1_46' title='bbox 852 739 1085 806; x_wconf 79' lang='lat' dir='ltr'><strong>poterat,</strong></span> <span class='ocrx_word' id='word_1_47' title='bbox 1118 733 1186 790; x_wconf 93' lang='lat' dir='ltr'><strong>ad</strong></span> <span class='ocrx_word' id='word_1_48' title='bbox 1213 734 1445 789; x_wconf 81' lang='lat' dir='ltr'><strong>salutem</strong></span> <span class='ocrx_word' id='word_1_49' title='bbox 1473 733 1670 788; x_wconf 83' lang='lat' dir='ltr'><strong>animae</strong></span> <span class='ocrx_word' id='word_1_50' title='bbox 1704 731 2000 786; x_wconf 88' lang='lat' dir='ltr'><strong>illiuscon-</strong></span> 
     </span>
    </p>
   </div>
   <div class='ocr_carea' id='block_1_9' title="bbox 382 822 1998 900">
    <p class='ocr_par' dir='ltr' id='par_1_9' title="bbox 382 822 1998 900">
     <span class='ocr_line' id='line_1_9' title="bbox 382 822 1998 900; baseline -0.005 -18"><span class='ocrx_word' id='word_1_51' title='bbox 382 832 598 882; x_wconf 78' lang='lat' dir='ltr'><strong>vertere</strong></span> <span class='ocrx_word' id='word_1_52' title='bbox 638 823 925 900; x_wconf 75' lang='lat' dir='ltr'><strong>gestiebat.</strong></span> <span class='ocrx_word' id='word_1_53' title='bbox 981 823 1093 878; x_wconf 86' lang='lat' dir='ltr'><strong>Nec</strong></span> <span class='ocrx_word' id='word_1_54' title='bbox 1137 823 1290 894; x_wconf 90' lang='lat' dir='ltr'><strong>prius</strong></span> <span class='ocrx_word' id='word_1_55' title='bbox 1331 822 1562 888; x_wconf 88' lang='lat' dir='ltr'><strong>destitit,</strong></span> <span class='ocrx_word' id='word_1_56' title='bbox 1620 837 1783 894; x_wconf 88' lang='lat' dir='ltr'><strong>quam</strong></span> <span class='ocrx_word' id='word_1_57' title='bbox 1874 835 1998 874; x_wconf 90' lang='lat' dir='ltr'><strong>eum</strong></span> 
     </span>
    </p>
   </div>
   <div class='ocr_carea' id='block_1_10' title="bbox 383 911 2000 975">
    <p class='ocr_par' dir='ltr' id='par_1_10' title="bbox 383 911 2000 975">
     <span class='ocr_line' id='line_1_10' title="bbox 383 911 2000 975; baseline -0.006 0"><span class='ocrx_word' id='word_1_58' title='bbox 383 919 554 975; x_wconf 84' lang='lat' dir='ltr'><strong>artius</strong></span> <span class='ocrx_word' id='word_1_59' title='bbox 579 915 807 973; x_wconf 82' lang='lat' dir='ltr'><strong>inﬁxum</strong></span> <span class='ocrx_word' id='word_1_60' title='bbox 835 916 891 970; x_wconf 89' lang='lat' dir='ltr'><strong>in</strong></span> <span class='ocrx_word' id='word_1_61' title='bbox 919 916 1038 971; x_wconf 91' lang='lat' dir='ltr'><strong>lacu</strong></span> <span class='ocrx_word' id='word_1_62' title='bbox 1067 915 1309 970; x_wconf 66' lang='lat' dir='ltr'><strong>miseria)</strong></span> <span class='ocrx_word' id='word_1_63' title='bbox 1355 911 1651 970; x_wconf 64' lang='lat' dir='ltr'><strong>mundanae</strong></span> <span class='ocrx_word' id='word_1_64' title='bbox 1684 921 1740 969; x_wconf 89' lang='lat' dir='ltr'><strong>et</strong></span> <span class='ocrx_word' id='word_1_65' title='bbox 1777 913 1896 968; x_wconf 88' lang='lat' dir='ltr'><strong>luto</strong></span> <span class='ocrx_word' id='word_1_66' title='bbox 1917 927 2000 966; x_wconf 89' lang='lat' dir='ltr'><strong>se-</strong></span> 
     </span>
    </p>
   </div>
   <div class='ocr_carea' id='block_1_11' title="bbox 385 1001 2005 1078">
    <p class='ocr_par' dir='ltr' id='par_1_11' title="bbox 385 1001 2005 1078">
     <span class='ocr_line' id='line_1_11' title="bbox 385 1001 2005 1078; baseline -0.005 -14"><span class='ocrx_word' id='word_1_67' title='bbox 385 1007 588 1064; x_wconf 89' lang='lat' dir='ltr'><strong>cularis</strong></span> <span class='ocrx_word' id='word_1_68' title='bbox 624 1005 907 1078; x_wconf 56' lang='lat' dir='ltr'><strong>potentia,</strong></span> <span class='ocrx_word' id='word_1_69' title='bbox 949 1003 1166 1059; x_wconf 81' lang='lat' dir='ltr'><strong>fortiter</strong></span> <span class='ocrx_word' id='word_1_70' title='bbox 1204 1003 1404 1072; x_wconf 88' lang='lat' dir='ltr'><strong>injecta</strong></span> <span class='ocrx_word' id='word_1_71' title='bbox 1437 1019 1603 1058; x_wconf 88' lang='lat' dir='ltr'><strong>manu</strong></span> <span class='ocrx_word' id='word_1_72' title='bbox 1671 1001 1920 1067; x_wconf 79' lang='lat' dir='ltr'><strong>extraxit,</strong></span> <span class='ocrx_word' id='word_1_73' title='bbox 1949 1010 2005 1056; x_wconf 87' lang='lat' dir='ltr'><strong>et</strong></span> 
     </span>
    </p>
   </div>
   <div class='ocr_carea' id='block_1_12' title="bbox 386 1090 2006 1170">
    <p class='ocr_par' dir='ltr' id='par_1_12' title="bbox 386 1090 2006 1170">
     <span class='ocr_line' id='line_1_12' title="bbox 386 1090 2006 1170; baseline -0.006 -18"><span class='ocrx_word' id='word_1_74' title='bbox 386 1113 614 1170; x_wconf 79' lang='lat' dir='ltr'><strong>ymnum</strong></span> <span class='ocrx_word' id='word_1_75' title='bbox 643 1109 849 1152; x_wconf 87' lang='lat' dir='ltr'><strong>novum</strong></span> <span class='ocrx_word' id='word_1_76' title='bbox 871 1093 1071 1148; x_wconf 65' lang='lat' dir='ltr'><strong>divinae</strong></span> <span class='ocrx_word' id='word_1_77' title='bbox 1102 1091 1438 1148; x_wconf 84' lang='lat' dir='ltr'><strong>laudationis</strong></span> <span class='ocrx_word' id='word_1_78' title='bbox 1487 1093 1541 1146; x_wconf 91' lang='lat' dir='ltr'><strong>in</strong></span> <span class='ocrx_word' id='word_1_79' title='bbox 1583 1108 1646 1147; x_wconf 88' lang='lat' dir='ltr'><strong>os</strong></span> <span class='ocrx_word' id='word_1_80' title='bbox 1674 1091 1796 1160; x_wconf 83' lang='lat' dir='ltr'><strong>ejus</strong></span> <span class='ocrx_word' id='word_1_81' title='bbox 1821 1090 2006 1144; x_wconf 90' lang='lat' dir='ltr'><strong>immi-</strong></span> 
     </span>
    </p>
   </div>
   <div class='ocr_carea' id='block_1_13' title="bbox 388 1179 2003 1251">
    <p class='ocr_par' dir='ltr' id='par_1_13' title="bbox 388 1179 2003 1251">
     <span class='ocr_line' id='line_1_13' title="bbox 388 1179 2003 1251; baseline -0.004 -9"><span class='ocrx_word' id='word_1_82' title='bbox 388 1187 479 1242; x_wconf 83' lang='lat' dir='ltr'><strong>sit.</strong></span> <span class='ocrx_word' id='word_1_83' title='bbox 510 1183 720 1240; x_wconf 89' lang='lat' dir='ltr'><strong>Deinde</strong></span> <span class='ocrx_word' id='word_1_84' title='bbox 746 1181 911 1237; x_wconf 91' lang='lat' dir='ltr'><strong>etiam</strong></span> <span class='ocrx_word' id='word_1_85' title='bbox 945 1179 999 1234; x_wconf 87' lang='lat' dir='ltr'><strong>in</strong></span> <span class='ocrx_word' id='word_1_86' title='bbox 1018 1180 1320 1237; x_wconf 69' lang='lat' dir='ltr'><strong>totiusvitaz</strong></span> <span class='ocrx_word' id='word_1_87' title='bbox 1341 1196 1454 1236; x_wconf 68' lang='lat' dir='ltr'><strong>suae</strong></span> <span class='ocrx_word' id='word_1_88' title='bbox 1477 1180 2003 1251; x_wconf 86' lang='lat' dir='ltr'><strong>tenoreexequendo</strong></span> 
     </span>
    </p>
   </div>
   <div class='ocr_carea' id='block_1_14' title="bbox 386 1268 2004 1340">
    <p class='ocr_par' dir='ltr' id='par_1_14' title="bbox 386 1268 2004 1340">
     <span class='ocr_line' id='line_1_14' title="bbox 386 1268 2004 1340; baseline -0.006 -9"><span class='ocrx_word' id='word_1_89' title='bbox 386 1282 645 1331; x_wconf 75' lang='lat' dir='ltr'><strong>strenuus</strong></span> <span class='ocrx_word' id='word_1_90' title='bbox 697 1271 750 1328; x_wconf 89' lang='lat' dir='ltr'><strong>ei</strong></span> <span class='ocrx_word' id='word_1_91' title='bbox 797 1270 901 1327; x_wconf 89' lang='lat' dir='ltr'><strong>fuit</strong></span> <span class='ocrx_word' id='word_1_92' title='bbox 956 1269 1224 1337; x_wconf 82' lang='lat' dir='ltr'><strong>eruditor,</strong></span> <span class='ocrx_word' id='word_1_93' title='bbox 1284 1268 1428 1324; x_wconf 84' lang='lat' dir='ltr'><strong>fidus</strong></span> <span class='ocrx_word' id='word_1_94' title='bbox 1477 1276 1532 1324; x_wconf 92' lang='lat' dir='ltr'><strong>et</strong></span> <span class='ocrx_word' id='word_1_95' title='bbox 1572 1269 2004 1340; x_wconf 89' lang='lat' dir='ltr'><strong>circumspectus</strong></span> 
     </span>
    </p>
   </div>
   <div class='ocr_carea' id='block_1_15' title="bbox 387 1361 2004 1434">
    <p class='ocr_par' dir='ltr' id='par_1_15' title="bbox 387 1361 2004 1434">
     <span class='ocr_line' id='line_1_15' title="bbox 387 1361 2004 1434; baseline -0.004 -12"><span class='ocrx_word' id='word_1_96' title='bbox 387 1363 730 1430; x_wconf 73' lang='lat' dir='ltr'><strong>consﬂiator,</strong></span> <span class='ocrx_word' id='word_1_97' title='bbox 799 1371 854 1417; x_wconf 89' lang='lat' dir='ltr'><strong>ct</strong></span> <span class='ocrx_word' id='word_1_98' title='bbox 911 1369 1200 1434; x_wconf 88' lang='lat' dir='ltr'><strong>promptus</strong></span> <span class='ocrx_word' id='word_1_99' title='bbox 1274 1361 1329 1415; x_wconf 89' lang='lat' dir='ltr'><strong>in</strong></span> <span class='ocrx_word' id='word_1_100' title='bbox 1392 1377 1573 1415; x_wconf 88' lang='lat' dir='ltr'><strong>rerum</strong></span> <span class='ocrx_word' id='word_1_101' title='bbox 1631 1361 2004 1431; x_wconf 84' lang='lat' dir='ltr'><strong>Oportunitate</strong></span> 
     </span>
    </p>
   </div>
   <div class='ocr_carea' id='block_1_16' title="bbox 385 1449 2003 1526">
    <p class='ocr_par' dir='ltr' id='par_1_16' title="bbox 385 1449 2003 1526">
     <span class='ocr_line' id='line_1_16' title="bbox 385 1449 2003 1526; baseline -0.004 -16"><span class='ocrx_word' id='word_1_102' title='bbox 385 1455 625 1526; x_wconf 80' lang='lat' dir='ltr'><strong>adjutor.</strong></span> <span class='ocrx_word' id='word_1_103' title='bbox 659 1451 772 1507; x_wconf 81' lang='lat' dir='ltr'><strong>Hoc</strong></span> <span class='ocrx_word' id='word_1_104' title='bbox 809 1449 1072 1522; x_wconf 82' lang='lat' dir='ltr'><strong>denique</strong></span> <span class='ocrx_word' id='word_1_105' title='bbox 1111 1449 1403 1505; x_wconf 74' lang='lat' dir='ltr'><strong>inec-tore</strong></span> <span class='ocrx_word' id='word_1_106' title='bbox 1462 1449 1751 1504; x_wconf 88' lang='lat' dir='ltr'><strong>basilicam</strong></span> <span class='ocrx_word' id='word_1_107' title='bbox 1785 1450 1894 1504; x_wconf 87' lang='lat' dir='ltr'><strong>Deo</strong></span> <span class='ocrx_word' id='word_1_108' title='bbox 1947 1456 2003 1504; x_wconf 89' lang='lat' dir='ltr'><strong>et</strong></span> 
     </span>
    </p>
   </div>
   <div class='ocr_carea' id='block_1_17' title="bbox 384 1541 2004 1613">
    <p class='ocr_par' dir='ltr' id='par_1_17' title="bbox 384 1541 2004 1613">
     <span class='ocr_line' id='line_1_17' title="bbox 384 1541 2004 1613; baseline -0.005 -11"><span class='ocrx_word' id='word_1_109' title='bbox 384 1553 574 1602; x_wconf 88' lang='lat' dir='ltr'><strong>sancto</strong></span> <span class='ocrx_word' id='word_1_110' title='bbox 602 1544 764 1599; x_wconf 87' lang='lat' dir='ltr'><strong>Petro</strong></span> <span class='ocrx_word' id='word_1_111' title='bbox 793 1551 1094 1613; x_wconf 84' lang='lat' dir='ltr'><strong>sanctoque</strong></span> <span class='ocrx_word' id='word_1_112' title='bbox 1121 1541 1394 1612; x_wconf 87' lang='lat' dir='ltr'><strong>Exuperio</strong></span> <span class='ocrx_word' id='word_1_113' title='bbox 1413 1541 1724 1608; x_wconf 61' lang='lat' dir='ltr'><strong>aediﬁcavit,</strong></span> <span class='ocrx_word' id='word_1_114' title='bbox 1753 1541 2004 1596; x_wconf 87' lang='lat' dir='ltr'><strong>ofﬁcinas</strong></span> 
     </span>
    </p>
   </div>
   <div class='ocr_carea' id='block_1_18' title="bbox 385 1635 2004 1709">
    <p class='ocr_par' dir='ltr' id='par_1_18' title="bbox 385 1635 2004 1709">
     <span class='ocr_line' id='line_1_18' title="bbox 385 1635 2004 1709; baseline -0.004 -12"><span class='ocrx_word' id='word_1_115' title='bbox 385 1639 639 1697; x_wconf 82' lang='lat' dir='ltr'><strong>claustris</strong></span> <span class='ocrx_word' id='word_1_116' title='bbox 669 1635 1008 1692; x_wconf 71' lang='lat' dir='ltr'><strong>monachicae</strong></span> <span class='ocrx_word' id='word_1_117' title='bbox 1060 1635 1348 1709; x_wconf 76' lang='lat' dir='ltr'><strong>religionis</strong></span> <span class='ocrx_word' id='word_1_118' title='bbox 1377 1636 1446 1670; x_wconf 75' lang='grc'><strong>⁷0⁸</strong></span> <span class='ocrx_word' id='word_1_119' title='bbox 1503 1646 1887 1707; x_wconf 84' lang='lat' dir='ltr'><strong>competentes</strong></span> <span class='ocrx_word' id='word_1_120' title='bbox 1927 1653 2004 1690; x_wconf 73' lang='lat' dir='ltr'><strong>ae-</strong></span> 
     </span>
    </p>
   </div>
   <div class='ocr_carea' id='block_1_19' title="bbox 2111 455 3753 531">
    <p class='ocr_par' dir='ltr' id='par_1_19' title="bbox 2111 455 3753 531">
     <span class='ocr_line' id='line_1_19' title="bbox 2111 455 3753 531; baseline 0.004 -21"><span class='ocrx_word' id='word_1_121' title='bbox 2111 457 2528 524; x_wconf 87' lang='lat' dir='ltr'><strong>Francigenam.</strong></span> <span class='ocrx_word' id='word_1_122' title='bbox 2563 455 2839 526; x_wconf 82' lang='lat' dir='ltr'><strong>Quicquid</strong></span> <span class='ocrx_word' id='word_1_123' title='bbox 2877 455 3318 512; x_wconf 87' lang='lat' dir='ltr'><strong>Germanensium</strong></span> <span class='ocrx_word' id='word_1_124' title='bbox 3369 460 3468 514; x_wconf 90' lang='lat' dir='ltr'><strong>sub</strong></span> <span class='ocrx_word' id='word_1_125' title='bbox 3516 462 3753 531; x_wconf 83' lang='lat' dir='ltr'><strong>imperii</strong></span> 
     </span>
    </p>
   </div>
   <div class='ocr_carea' id='block_1_20' title="bbox 2101 545 3746 612">
    <p class='ocr_par' dir='ltr' id='par_1_20' title="bbox 2101 545 3746 612">
     <span class='ocr_line' id='line_1_20' title="bbox 2101 545 3746 612; baseline 0.004 -13"><span class='ocrx_word' id='word_1_126' title='bbox 2101 548 2276 600; x_wconf 79' lang='lat' dir='ltr'><strong>nostri</strong></span> <span class='ocrx_word' id='word_1_127' title='bbox 2315 545 2518 600; x_wconf 82' lang='lat' dir='ltr'><strong>dttione</strong></span> <span class='ocrx_word' id='word_1_128' title='bbox 2542 561 2605 600; x_wconf 88' lang='lat' dir='ltr'><strong>ac</strong></span> <span class='ocrx_word' id='word_1_129' title='bbox 2633 545 2914 612; x_wconf 78' lang='lat' dir='ltr'><strong>religionis</strong></span> <span class='ocrx_word' id='word_1_130' title='bbox 2944 547 3044 600; x_wconf 89' lang='lat' dir='ltr'><strong>Dei</strong></span> <span class='ocrx_word' id='word_1_131' title='bbox 3070 550 3211 600; x_wconf 87' lang='lat' dir='ltr'><strong>nutu</strong></span> <span class='ocrx_word' id='word_1_132' title='bbox 3237 562 3272 601; x_wconf 81' lang='grc' dir='ltr'><em>α</em></span> <span class='ocrx_word' id='word_1_133' title='bbox 3326 549 3746 606; x_wconf 79' lang='lat' dir='ltr'><strong>uenerabilibus</strong></span> 
     </span>
    </p>
   </div>
   <div class='ocr_carea' id='block_1_21' title="bbox 2103 635 3748 702">
    <p class='ocr_par' dir='ltr' id='par_1_21' title="bbox 2103 635 3748 702">
     <span class='ocr_line' id='line_1_21' title="bbox 2103 635 3748 702; baseline 0.004 -13"><span class='ocrx_word' id='word_1_134' title='bbox 2103 651 2165 689; x_wconf 91' lang='lat' dir='ltr'><strong>ac</strong></span> <span class='ocrx_word' id='word_1_135' title='bbox 2189 637 2288 690; x_wconf 89' lang='lat' dir='ltr'><strong>Dei</strong></span> <span class='ocrx_word' id='word_1_136' title='bbox 2314 635 2591 689; x_wconf 88' lang='lat' dir='ltr'><strong>timoratis</strong></span> <span class='ocrx_word' id='word_1_137' title='bbox 2620 636 2809 702; x_wconf 88' lang='lat' dir='ltr'><strong>agitur</strong></span> <span class='ocrx_word' id='word_1_138' title='bbox 2835 635 2996 700; x_wconf 87' lang='lat' dir='ltr'><strong>viris,</strong></span> <span class='ocrx_word' id='word_1_139' title='bbox 3025 639 3208 690; x_wconf 87' lang='lat' dir='ltr'><strong>ratum</strong></span> <span class='ocrx_word' id='word_1_140' title='bbox 3247 636 3498 692; x_wconf 76' lang='lat' dir='ltr'><strong>ducimus</strong></span> <span class='ocrx_word' id='word_1_141' title='bbox 3525 641 3748 695; x_wconf 78' lang='lat' dir='ltr'><strong>nostris</strong></span> 
     </span>
    </p>
   </div>
   <div class='ocr_carea' id='block_1_22' title="bbox 2101 729 3747 803">
    <p class='ocr_par' dir='ltr' id='par_1_22' title="bbox 2101 729 3747 803">
     <span class='ocr_line' id='line_1_22' title="bbox 2101 729 3747 803; baseline 0.003 -19"><span class='ocrx_word' id='word_1_142' title='bbox 2101 730 2439 786; x_wconf 78' lang='lat' dir='ltr'><strong>corroborari</strong></span> <span class='ocrx_word' id='word_1_143' title='bbox 2467 729 2875 796; x_wconf 81' lang='lat' dir='ltr'><strong>assertionibus,</strong></span> <span class='ocrx_word' id='word_1_144' title='bbox 2909 731 3114 786; x_wconf 81' lang='lat' dir='ltr'><strong>scilicet</strong></span> <span class='ocrx_word' id='word_1_145' title='bbox 3143 735 3204 786; x_wconf 86' lang='lat' dir='ltr'><strong>ut</strong></span> <span class='ocrx_word' id='word_1_146' title='bbox 3239 736 3428 787; x_wconf 90' lang='lat' dir='ltr'><strong>nostra</strong></span> <span class='ocrx_word' id='word_1_147' title='bbox 3472 735 3747 803; x_wconf 76' lang='lat' dir='ltr'><strong>ﬁrmitate</strong></span> 
     </span>
    </p>
   </div>
   <div class='ocr_carea' id='block_1_23' title="bbox 2101 822 3746 888">
    <p class='ocr_par' dir='ltr' id='par_1_23' title="bbox 2101 822 3746 888">
     <span class='ocr_line' id='line_1_23' title="bbox 2101 822 3746 888; baseline 0.003 -13"><span class='ocrx_word' id='word_1_148' title='bbox 2101 837 2164 877; x_wconf 93' lang='lat' dir='ltr'><strong>ac</strong></span> <span class='ocrx_word' id='word_1_149' title='bbox 2193 822 2544 888; x_wconf 73' lang='lat' dir='ltr'><strong>clefensionne</strong></span> <span class='ocrx_word' id='word_1_150' title='bbox 2583 823 2805 876; x_wconf 83' lang='lat' dir='ltr'><strong>valeant</strong></span> <span class='ocrx_word' id='word_1_151' title='bbox 2853 825 3043 876; x_wconf 87' lang='lat' dir='ltr'><strong>contra</strong></span> <span class='ocrx_word' id='word_1_152' title='bbox 3072 822 3453 888; x_wconf 80' lang='lat' dir='ltr'><strong>infestantium</strong></span> <span class='ocrx_word' id='word_1_153' title='bbox 3483 825 3746 880; x_wconf 86' lang='lat' dir='ltr'><strong>incursus</strong></span> 
     </span>
    </p>
   </div>
   <div class='ocr_carea' id='block_1_24' title="bbox 2101 909 3743 982">
    <p class='ocr_par' dir='ltr' id='par_1_24' title="bbox 2101 909 3743 982">
     <span class='ocr_line' id='line_1_24' title="bbox 2101 909 3743 982; baseline 0.009 -26"><span class='ocrx_word' id='word_1_154' title='bbox 2101 909 2171 944; x_wconf 71' lang='grc' dir='ltr'><strong>ἰιι</strong></span> <span class='ocrx_word' id='word_1_155' title='bbox 2209 913 2370 965; x_wconf 64' lang='lat' dir='ltr'><strong>tum.</strong></span> <span class='ocrx_word' id='word_1_156' title='bbox 2431 911 2777 981; x_wconf 82' lang='lat' dir='ltr'><strong>Quapropter</strong></span> <span class='ocrx_word' id='word_1_157' title='bbox 2817 915 3076 978; x_wconf 85' lang='lat' dir='ltr'><strong>agnoscat</strong></span> <span class='ocrx_word' id='word_1_158' title='bbox 3122 912 3374 982; x_wconf 80' lang='lat' dir='ltr'><strong>ﬁdelium</strong></span> <span class='ocrx_word' id='word_1_159' title='bbox 3420 919 3743 982; x_wconf 85' lang='lat' dir='ltr'><strong>conventus,</strong></span> 
     </span>
    </p>
   </div>
   <div class='ocr_carea' id='block_1_25' title="bbox 2105 1000 3748 1074">
    <p class='ocr_par' dir='ltr' id='par_1_25' title="bbox 2105 1000 3748 1074">
     <span class='ocr_line' id='line_1_25' title="bbox 2105 1000 3748 1074; baseline 0.004 -20"><span class='ocrx_word' id='word_1_160' title='bbox 2105 1000 2250 1070; x_wconf 89' lang='lat' dir='ltr'><strong>quod</strong></span> <span class='ocrx_word' id='word_1_161' title='bbox 2269 1000 2496 1070; x_wconf 88' lang='lat' dir='ltr'><strong>quidam</strong></span> <span class='ocrx_word' id='word_1_162' title='bbox 2524 1001 2769 1071; x_wconf 76' lang='lat' dir='ltr'><strong>Wiclipei</strong></span> <span class='ocrx_word' id='word_1_163' title='bbox 2783 1005 2868 1056; x_wconf 90' lang='lat' dir='ltr'><strong>tus</strong></span> <span class='ocrx_word' id='word_1_164' title='bbox 2888 1003 3120 1067; x_wconf 84' lang='lat' dir='ltr'><strong>nomine,</strong></span> <span class='ocrx_word' id='word_1_165' title='bbox 3153 1018 3188 1055; x_wconf 92' lang='lat' dir='ltr'><strong>a</strong></span> <span class='ocrx_word' id='word_1_166' title='bbox 3207 1003 3543 1058; x_wconf 85' lang='lat' dir='ltr'><strong>secutoribus</strong></span> <span class='ocrx_word' id='word_1_167' title='bbox 3571 1004 3748 1074; x_wconf 85' lang='lat' dir='ltr'><strong>hujus</strong></span> 
     </span>
    </p>
   </div>
   <div class='ocr_carea' id='block_1_26' title="bbox 2103 1089 3748 1160">
    <p class='ocr_par' dir='ltr' id='par_1_26' title="bbox 2103 1089 3748 1160">
     <span class='ocr_line' id='line_1_26' title="bbox 2103 1089 3748 1160; baseline 0.005 -20"><span class='ocrx_word' id='word_1_168' title='bbox 2103 1089 2230 1142; x_wconf 74' lang='lat' dir='ltr'><strong>vitae</strong></span> <span class='ocrx_word' id='word_1_169' title='bbox 2258 1089 2582 1143; x_wconf 84' lang='lat' dir='ltr'><strong>tumultibus</strong></span> <span class='ocrx_word' id='word_1_170' title='bbox 2610 1091 2880 1156; x_wconf 80' lang='lat' dir='ltr'><strong>recedens,</strong></span> <span class='ocrx_word' id='word_1_171' title='bbox 2911 1094 3288 1160; x_wconf 84' lang='lat' dir='ltr'><strong>contempnens</strong></span> <span class='ocrx_word' id='word_1_172' title='bbox 3326 1095 3656 1148; x_wconf 76' lang='lat' dir='ltr'><strong>transitoria</strong></span> <span class='ocrx_word' id='word_1_173' title='bbox 3681 1098 3748 1148; x_wconf 87' lang='lat' dir='ltr'><strong>ut</strong></span> 
     </span>
    </p>
   </div>
   <div class='ocr_carea' id='block_1_27' title="bbox 2106 1180 3747 1252">
    <p class='ocr_par' dir='ltr' id='par_1_27' title="bbox 2106 1180 3747 1252">
     <span class='ocr_line' id='line_1_27' title="bbox 2106 1180 3747 1252; baseline 0.004 -21"><span class='ocrx_word' id='word_1_174' title='bbox 2106 1181 2462 1232; x_wconf 83' lang='lat' dir='ltr'><strong>commutaret</strong></span> <span class='ocrx_word' id='word_1_175' title='bbox 2509 1183 2732 1245; x_wconf 70' lang='lat' dir='ltr'><strong>(eterna,</strong></span> <span class='ocrx_word' id='word_1_176' title='bbox 2765 1181 2927 1234; x_wconf 81' lang='lat' dir='ltr'><strong>vertit</strong></span> <span class='ocrx_word' id='word_1_177' title='bbox 2956 1195 3010 1234; x_wconf 90' lang='lat' dir='ltr'><strong>se</strong></span> <span class='ocrx_word' id='word_1_178' title='bbox 3040 1180 3114 1234; x_wconf 88' lang='lat' dir='ltr'><strong>ad</strong></span> <span class='ocrx_word' id='word_1_179' title='bbox 3157 1184 3468 1236; x_wconf 69' lang='lat' dir='ltr'><strong>monasticae</strong></span> <span class='ocrx_word' id='word_1_180' title='bbox 3493 1183 3747 1252; x_wconf 85' lang='lat' dir='ltr'><strong>regulam</strong></span> 
     </span>
    </p>
   </div>
   <div class='ocr_carea' id='block_1_28' title="bbox 2105 1268 3750 1339">
    <p class='ocr_par' dir='ltr' id='par_1_28' title="bbox 2105 1268 3750 1339">
     <span class='ocr_line' id='line_1_28' title="bbox 2105 1268 3750 1339; baseline 0.005 -19"><span class='ocrx_word' id='word_1_181' title='bbox 2105 1268 2229 1320; x_wconf 63' lang='lat' dir='ltr'><strong>vita:</strong></span> <span class='ocrx_word' id='word_1_182' title='bbox 2259 1269 2464 1321; x_wconf 84' lang='lat' dir='ltr'><strong>sincero</strong></span> <span class='ocrx_word' id='word_1_183' title='bbox 2493 1271 2687 1323; x_wconf 88' lang='lat' dir='ltr'><strong>mentis</strong></span> <span class='ocrx_word' id='word_1_184' title='bbox 2717 1270 2960 1335; x_wconf 87' lang='lat' dir='ltr'><strong>cogitans</strong></span> <span class='ocrx_word' id='word_1_185' title='bbox 2986 1268 3204 1338; x_wconf 77' lang='lat' dir='ltr'><strong>affectu,</strong></span> <span class='ocrx_word' id='word_1_186' title='bbox 3233 1271 3470 1339; x_wconf 82' lang='lat' dir='ltr'><strong>qualiter</strong></span> <span class='ocrx_word' id='word_1_187' title='bbox 3489 1287 3524 1325; x_wconf 90' lang='lat' dir='ltr'><strong>a</strong></span> <span class='ocrx_word' id='word_1_188' title='bbox 3547 1275 3750 1328; x_wconf 84' lang='lat' dir='ltr'><strong>semet-</strong></span> 
     </span>
    </p>
   </div>
   <div class='ocr_carea' id='block_1_29' title="bbox 2107 1360 3740 1434">
    <p class='ocr_par' dir='ltr' id='par_1_29' title="bbox 2107 1360 3740 1434">
     <span class='ocr_line' id='line_1_29' title="bbox 2107 1360 3740 1434; baseline 0.004 -22"><span class='ocrx_word' id='word_1_189' title='bbox 2107 1360 2245 1428; x_wconf 88' lang='lat' dir='ltr'><strong>ipso,</strong></span> <span class='ocrx_word' id='word_1_190' title='bbox 2273 1365 2444 1429; x_wconf 87' lang='lat' dir='ltr'><strong>prout</strong></span> <span class='ocrx_word' id='word_1_191' title='bbox 2473 1362 2812 1430; x_wconf 77' lang='lat' dir='ltr'><strong>possibilitas</strong></span> <span class='ocrx_word' id='word_1_192' title='bbox 2838 1361 2947 1415; x_wconf 86' lang='lat' dir='ltr'><strong>sibi</strong></span> <span class='ocrx_word' id='word_1_193' title='bbox 2970 1361 3200 1428; x_wconf 87' lang='lat' dir='ltr'><strong>adesset,</strong></span> <span class='ocrx_word' id='word_1_194' title='bbox 3235 1363 3438 1432; x_wconf 71' lang='lat' dir='ltr'><strong>deifica:</strong></span> <span class='ocrx_word' id='word_1_195' title='bbox 3464 1363 3740 1434; x_wconf 81' lang='lat' dir='ltr'><strong>majesta-</strong></span> 
     </span>
    </p>
   </div>
   <div class='ocr_carea' id='block_1_30' title="bbox 2107 1450 3739 1518">
    <p class='ocr_par' dir='ltr' id='par_1_30' title="bbox 2107 1450 3739 1518">
     <span class='ocr_line' id='line_1_30' title="bbox 2107 1450 3739 1518; baseline 0.004 -17"><span class='ocrx_word' id='word_1_196' title='bbox 2107 1450 2177 1502; x_wconf 89' lang='lat' dir='ltr'><strong>tis</strong></span> <span class='ocrx_word' id='word_1_197' title='bbox 2233 1455 2680 1516; x_wconf 84' lang='lat' dir='ltr'><strong>augmentaretur</strong></span> <span class='ocrx_word' id='word_1_198' title='bbox 2720 1452 3042 1518; x_wconf 81' lang='lat' dir='ltr'><strong>famulatus,</strong></span> <span class='ocrx_word' id='word_1_199' title='bbox 3077 1457 3390 1506; x_wconf 72' lang='lat' dir='ltr'><strong>construere</strong></span> <span class='ocrx_word' id='word_1_200' title='bbox 3417 1453 3739 1509; x_wconf 81' lang='lat' dir='ltr'><strong>&#39;basilicam</strong></span> 
     </span>
    </p>
   </div>
   <div class='ocr_carea' id='block_1_31' title="bbox 2103 1540 3738 1608">
    <p class='ocr_par' dir='ltr' id='par_1_31' title="bbox 2103 1540 3738 1608">
     <span class='ocr_line' id='line_1_31' title="bbox 2103 1540 3738 1608; baseline 0.005 -18"><span class='ocrx_word' id='word_1_201' title='bbox 2103 1553 2229 1591; x_wconf 76' lang='lat' dir='ltr'><strong>mea:</strong></span> <span class='ocrx_word' id='word_1_202' title='bbox 2289 1541 2448 1608; x_wconf 72' lang='lat' dir='ltr'><strong>capit</strong></span> <span class='ocrx_word' id='word_1_203' title='bbox 2503 1542 2563 1593; x_wconf 88' lang='lat' dir='ltr'><strong>in</strong></span> <span class='ocrx_word' id='word_1_204' title='bbox 2620 1540 2730 1594; x_wconf 89' lang='lat' dir='ltr'><strong>loco</strong></span> <span class='ocrx_word' id='word_1_205' title='bbox 2807 1541 3091 1597; x_wconf 87' lang='lat' dir='ltr'><strong>Gemblaus</strong></span> <span class='ocrx_word' id='word_1_206' title='bbox 3157 1544 3218 1597; x_wconf 86' lang='lat' dir='ltr'><strong>in</strong></span> <span class='ocrx_word' id='word_1_207' title='bbox 3278 1545 3474 1600; x_wconf 77' lang='lat' dir='ltr'><strong>honore</strong></span> <span class='ocrx_word' id='word_1_208' title='bbox 3545 1545 3738 1600; x_wconf 84' lang='lat' dir='ltr'><strong>sancti</strong></span> 
     </span>
    </p>
   </div>
   <div class='ocr_carea' id='block_1_32' title="bbox 2105 1627 3743 1699">
    <p class='ocr_par' dir='ltr' id='par_1_32' title="bbox 2105 1627 3743 1699">
     <span class='ocr_line' id='line_1_32' title="bbox 2105 1627 3743 1699; baseline 0.004 -19"><span class='ocrx_word' id='word_1_209' title='bbox 2105 1627 2394 1680; x_wconf 83' lang='lat' dir='ltr'><strong>salvatoris</strong></span> <span class='ocrx_word' id='word_1_210' title='bbox 2440 1628 2649 1682; x_wconf 88' lang='lat' dir='ltr'><strong>domini</strong></span> <span class='ocrx_word' id='word_1_211' title='bbox 2675 1631 2848 1683; x_wconf 83' lang='lat' dir='ltr'><strong>nostri</strong></span> <span class='ocrx_word' id='word_1_212' title='bbox 2872 1631 2997 1683; x_wconf 85' lang='lat' dir='ltr'><strong>Jesu</strong></span> <span class='ocrx_word' id='word_1_213' title='bbox 3027 1629 3249 1686; x_wconf 82' lang='lat' dir='ltr'><strong>Christi.</strong></span> <span class='ocrx_word' id='word_1_214' title='bbox 3289 1631 3438 1685; x_wconf 87' lang='lat' dir='ltr'><strong>Talis</strong></span> <span class='ocrx_word' id='word_1_215' title='bbox 3485 1647 3610 1699; x_wconf 88' lang='lat' dir='ltr'><strong>ergo</strong></span> <span class='ocrx_word' id='word_1_216' title='bbox 3639 1632 3743 1686; x_wconf 82' lang='lat' dir='ltr'><strong>de-</strong></span> 
     </span>
    </p>
   </div>
   <div class='ocr_carea' id='block_1_33' title="bbox 387 1695 1999 1798">
    <p class='ocr_par' dir='ltr' id='par_1_33' title="bbox 387 1695 1999 1798">
     <span class='ocr_line' id='line_1_33' title="bbox 387 1695 1999 1798; baseline -0.002 -13"><span class='ocrx_word' id='word_1_217' title='bbox 387 1695 648 1796; x_wconf 60' lang='lat' dir='ltr'><strong>diﬁcarit,</strong></span> <span class='ocrx_word' id='word_1_218' title='bbox 682 1743 769 1781; x_wconf 88' lang='lat' dir='ltr'><strong>res</strong></span> <span class='ocrx_word' id='word_1_219' title='bbox 805 1741 933 1781; x_wconf 82' lang='lat' dir='ltr'><strong>suas</strong></span> <span class='ocrx_word' id='word_1_220' title='bbox 982 1695 1320 1782; x_wconf 47' lang='lat' dir='ltr'><strong>hereditario</strong></span> <span class='ocrx_word' id='word_1_221' title='bbox 1358 1726 1483 1795; x_wconf 88' lang='lat' dir='ltr'><strong>jure</strong></span> <span class='ocrx_word' id='word_1_222' title='bbox 1538 1695 1649 1780; x_wconf 78' lang='lat' dir='ltr'><strong>Deo</strong></span> <span class='ocrx_word' id='word_1_223' title='bbox 1709 1727 1999 1798; x_wconf 66' lang='lat' dir='ltr'><strong>delegavit.</strong></span> 
     </span>
    </p>
   </div>
   <div class='ocr_carea' id='block_1_34' title="bbox 2099 1695 3739 1798">
    <p class='ocr_par' dir='ltr' id='par_1_34' title="bbox 2109 1718 3739 1794">
     <span class='ocr_line' id='line_1_34' title="bbox 2109 1718 3739 1794; baseline 0.005 -23"><span class='ocrx_word' id='word_1_224' title='bbox 2109 1718 2297 1771; x_wconf 83' lang='lat' dir='ltr'><strong>siderii</strong></span> <span class='ocrx_word' id='word_1_225' title='bbox 2317 1719 2666 1774; x_wconf 78' lang='lat' dir='ltr'><strong>karissimum</strong></span> <span class='ocrx_word' id='word_1_226' title='bbox 2705 1726 2946 1789; x_wconf 76' lang='lat' dir='ltr'><strong>nepotem</strong></span> <span class='ocrx_word' id='word_1_227' title='bbox 2974 1736 3154 1787; x_wconf 90' lang='lat' dir='ltr'><strong>suum,</strong></span> <span class='ocrx_word' id='word_1_228' title='bbox 3191 1720 3566 1792; x_wconf 86' lang='lat' dir='ltr'><strong>Wichpertum</strong></span> <span class='ocrx_word' id='word_1_229' title='bbox 3587 1738 3739 1794; x_wconf 63' lang='lat' dir='ltr'><strong>prai-</strong></span> 
     </span>
    </p>
   </div>
   <div class='ocr_carea' id='block_1_35' title="bbox 389 1816 2008 1891">
    <p class='ocr_par' dir='ltr' id='par_1_35' title="bbox 389 1816 2008 1891">
     <span class='ocr_line' id='line_1_35' title="bbox 389 1816 2008 1891; baseline -0.002 -15"><span class='ocrx_word' id='word_1_230' title='bbox 389 1820 581 1876; x_wconf 87' lang='lat' dir='ltr'><strong>fratres</strong></span> <span class='ocrx_word' id='word_1_231' title='bbox 607 1820 676 1874; x_wconf 88' lang='lat' dir='ltr'><strong>ad</strong></span> <span class='ocrx_word' id='word_1_232' title='bbox 699 1819 832 1891; x_wconf 76' lang='lat' dir='ltr'><strong>juge</strong></span> <span class='ocrx_word' id='word_1_233' title='bbox 860 1818 957 1874; x_wconf 88' lang='lat' dir='ltr'><strong>Dei</strong></span> <span class='ocrx_word' id='word_1_234' title='bbox 988 1816 1328 1872; x_wconf 87' lang='lat' dir='ltr'><strong>famulicium</strong></span> <span class='ocrx_word' id='word_1_235' title='bbox 1389 1817 1624 1872; x_wconf 87' lang='lat' dir='ltr'><strong>idoneos</strong></span> <span class='ocrx_word' id='word_1_236' title='bbox 1689 1818 1827 1872; x_wconf 91' lang='lat' dir='ltr'><strong>inibi</strong></span> <span class='ocrx_word' id='word_1_237' title='bbox 1873 1835 2008 1874; x_wconf 85' lang='lat' dir='ltr'><strong>con-</strong></span> 
     </span>
    </p>
   </div>
   <div class='ocr_carea' id='block_1_36' title="bbox 388 1910 2010 1989">
    <p class='ocr_par' dir='ltr' id='par_1_36' title="bbox 388 1910 2010 1989">
     <span class='ocr_line' id='line_1_36' title="bbox 388 1910 2010 1989; baseline -0.001 -21"><span class='ocrx_word' id='word_1_238' title='bbox 388 1912 657 1989; x_wconf 71' lang='lat' dir='ltr'><strong>gregavit,</strong></span> <span class='ocrx_word' id='word_1_239' title='bbox 680 1927 852 1983; x_wconf 86' lang='lat' dir='ltr'><strong>seque</strong></span> <span class='ocrx_word' id='word_1_240' title='bbox 873 1925 1112 1981; x_wconf 89' lang='lat' dir='ltr'><strong>suosque</strong></span> <span class='ocrx_word' id='word_1_241' title='bbox 1169 1925 1381 1981; x_wconf 89' lang='lat' dir='ltr'><strong>suaque</strong></span> <span class='ocrx_word' id='word_1_242' title='bbox 1413 1911 1598 1964; x_wconf 88' lang='lat' dir='ltr'><strong>omnia</strong></span> <span class='ocrx_word' id='word_1_243' title='bbox 1632 1910 1699 1964; x_wconf 91' lang='lat' dir='ltr'><strong>ad</strong></span> <span class='ocrx_word' id='word_1_244' title='bbox 1753 1911 1873 1979; x_wconf 90' lang='lat' dir='ltr'><strong>ejus</strong></span> <span class='ocrx_word' id='word_1_245' title='bbox 1904 1928 2010 1966; x_wconf 89' lang='lat' dir='ltr'><strong>nu-</strong></span> 
     </span>
    </p>
   </div>
   <div class='ocr_carea' id='block_1_37' title="bbox 387 2000 2010 2075">
    <p class='ocr_par' dir='ltr' id='par_1_37' title="bbox 387 2000 2010 2075">
     <span class='ocr_line' id='line_1_37' title="bbox 387 2000 2010 2075; baseline -0.003 -13"><span class='ocrx_word' id='word_1_246' title='bbox 387 2012 502 2062; x_wconf 86' lang='lat' dir='ltr'><strong>tum</strong></span> <span class='ocrx_word' id='word_1_247' title='bbox 524 2003 856 2059; x_wconf 87' lang='lat' dir='ltr'><strong>obedienter</strong></span> <span class='ocrx_word' id='word_1_248' title='bbox 882 2000 1158 2058; x_wconf 77' lang='lat' dir='ltr'><strong>ordinavit</strong></span> <span class='ocrx_word' id='word_1_249' title='bbox 1237 2000 1592 2071; x_wconf 87' lang='lat' dir='ltr'><strong>Perpendens</strong></span> <span class='ocrx_word' id='word_1_250' title='bbox 1640 2001 1825 2073; x_wconf 89' lang='lat' dir='ltr'><strong>itaque</strong></span> <span class='ocrx_word' id='word_1_251' title='bbox 1871 2021 2010 2075; x_wconf 70' lang='lat' dir='ltr'><strong>prai-</strong></span> 
     </span>
    </p>
   </div>
   <div class='ocr_carea' id='block_1_38' title="bbox 387 2091 2000 2166">
    <p class='ocr_par' dir='ltr' id='par_1_38' title="bbox 387 2091 2000 2166">
     <span class='ocr_line' id='line_1_38' title="bbox 387 2091 2000 2166; baseline -0.001 -14"><span class='ocrx_word' id='word_1_252' title='bbox 387 2097 532 2152; x_wconf 89' lang='lat' dir='ltr'><strong>fatus</strong></span> <span class='ocrx_word' id='word_1_253' title='bbox 561 2095 909 2166; x_wconf 85' lang='lat' dir='ltr'><strong>Wichpertus</strong></span> <span class='ocrx_word' id='word_1_254' title='bbox 930 2093 1078 2148; x_wconf 86' lang='lat' dir='ltr'><strong>hunc</strong></span> <span class='ocrx_word' id='word_1_255' title='bbox 1105 2091 1280 2148; x_wconf 88' lang='lat' dir='ltr'><strong>virum</strong></span> <span class='ocrx_word' id='word_1_256' title='bbox 1306 2091 1422 2147; x_wconf 91' lang='lat' dir='ltr'><strong>suis</strong></span> <span class='ocrx_word' id='word_1_257' title='bbox 1461 2093 1806 2164; x_wconf 86' lang='lat' dir='ltr'><strong>temporibus</strong></span> <span class='ocrx_word' id='word_1_258' title='bbox 1831 2112 1861 2150; x_wconf 90' lang='lat' dir='ltr'><strong>a</strong></span> <span class='ocrx_word' id='word_1_259' title='bbox 1891 2097 2000 2152; x_wconf 92' lang='lat' dir='ltr'><strong>Deo</strong></span> 
     </span>
    </p>
   </div>
   <div class='ocr_carea' id='block_1_39' title="bbox 387 2184 2001 2256">
    <p class='ocr_par' dir='ltr' id='par_1_39' title="bbox 387 2184 2001 2256">
     <span class='ocr_line' id='line_1_39' title="bbox 387 2184 2001 2256; baseline -0.001 -13"><span class='ocrx_word' id='word_1_260' title='bbox 387 2187 723 2243; x_wconf 87' lang='lat' dir='ltr'><strong>destinatum</strong></span> <span class='ocrx_word' id='word_1_261' title='bbox 757 2185 823 2239; x_wconf 87' lang='lat' dir='ltr'><strong>ad</strong></span> <span class='ocrx_word' id='word_1_262' title='bbox 855 2185 1066 2239; x_wconf 88' lang='lat' dir='ltr'><strong>animas</strong></span> <span class='ocrx_word' id='word_1_263' title='bbox 1097 2184 1409 2250; x_wconf 86' lang='lat' dir='ltr'><strong>lucrandas,</strong></span> <span class='ocrx_word' id='word_1_264' title='bbox 1441 2191 1496 2238; x_wconf 86' lang='lat' dir='ltr'><strong>et</strong></span> <span class='ocrx_word' id='word_1_265' title='bbox 1533 2185 1678 2239; x_wconf 90' lang='lat' dir='ltr'><strong>bene</strong></span> <span class='ocrx_word' id='word_1_266' title='bbox 1741 2193 2001 2256; x_wconf 85' lang='lat' dir='ltr'><strong>expertus</strong></span> 
     </span>
    </p>
   </div>
   <div class='ocr_carea' id='block_1_40' title="bbox 387 2273 2001 2350">
    <p class='ocr_par' dir='ltr' id='par_1_40' title="bbox 387 2273 2001 2350">
     <span class='ocr_line' id='line_1_40' title="bbox 387 2273 2001 2350; baseline 0 -19"><span class='ocrx_word' id='word_1_267' title='bbox 387 2276 548 2350; x_wconf 81' lang='lat' dir='ltr'><strong>dirigi</strong></span> <span class='ocrx_word' id='word_1_268' title='bbox 575 2291 607 2330; x_wconf 89' lang='lat' dir='ltr'><strong>a</strong></span> <span class='ocrx_word' id='word_1_269' title='bbox 637 2274 867 2331; x_wconf 92' lang='lat' dir='ltr'><strong>Domino</strong></span> <span class='ocrx_word' id='word_1_270' title='bbox 907 2290 1005 2345; x_wconf 90' lang='lat' dir='ltr'><strong>per</strong></span> <span class='ocrx_word' id='word_1_271' title='bbox 1033 2273 1220 2328; x_wconf 89' lang='lat' dir='ltr'><strong>omnia</strong></span> <span class='ocrx_word' id='word_1_272' title='bbox 1274 2273 1424 2326; x_wconf 89' lang='lat' dir='ltr'><strong>illius</strong></span> <span class='ocrx_word' id='word_1_273' title='bbox 1476 2273 1615 2340; x_wconf 85' lang='lat' dir='ltr'><strong>vias,</strong></span> <span class='ocrx_word' id='word_1_274' title='bbox 1665 2289 1762 2344; x_wconf 89' lang='lat' dir='ltr'><strong>pro</strong></span> <span class='ocrx_word' id='word_1_275' title='bbox 1803 2275 2001 2332; x_wconf 86' lang='lat' dir='ltr'><strong>collato</strong></span> 
     </span>
    </p>
   </div>
   <div class='ocr_carea' id='block_1_41' title="bbox 387 2363 2005 2440">
    <p class='ocr_par' dir='ltr' id='par_1_41' title="bbox 387 2363 2005 2440">
     <span class='ocr_line' id='line_1_41' title="bbox 387 2363 2005 2440; baseline -0.001 -16"><span class='ocrx_word' id='word_1_276' title='bbox 387 2366 494 2424; x_wconf 87' lang='lat' dir='ltr'><strong>sibi</strong></span> <span class='ocrx_word' id='word_1_277' title='bbox 515 2365 735 2423; x_wconf 70' lang='lat' dir='ltr'><strong>cialitus</strong></span> <span class='ocrx_word' id='word_1_278' title='bbox 770 2363 1022 2420; x_wconf 89' lang='lat' dir='ltr'><strong>subsidio</strong></span> <span class='ocrx_word' id='word_1_279' title='bbox 1063 2363 1406 2418; x_wconf 87' lang='lat' dir='ltr'><strong>incessantcs</strong></span> <span class='ocrx_word' id='word_1_280' title='bbox 1463 2364 1742 2419; x_wconf 89' lang='lat' dir='ltr'><strong>Divinitati</strong></span> <span class='ocrx_word' id='word_1_281' title='bbox 1807 2367 2005 2440; x_wconf 79' lang='lat' dir='ltr'><strong>agebat</strong></span> 
     </span>
    </p>
   </div>
   <div class='ocr_carea' id='block_1_42' title="bbox 387 2455 2006 2534">
    <p class='ocr_par' dir='ltr' id='par_1_42' title="bbox 387 2455 2006 2534">
     <span class='ocr_line' id='line_1_42' title="bbox 387 2455 2006 2534; baseline 0 -18"><span class='ocrx_word' id='word_1_282' title='bbox 387 2461 610 2534; x_wconf 79' lang='lat' dir='ltr'><strong>gratias.</strong></span> <span class='ocrx_word' id='word_1_283' title='bbox 645 2457 798 2513; x_wconf 89' lang='lat' dir='ltr'><strong>Unde</strong></span> <span class='ocrx_word' id='word_1_284' title='bbox 863 2457 1071 2512; x_wconf 88' lang='lat' dir='ltr'><strong>salubri</strong></span> <span class='ocrx_word' id='word_1_285' title='bbox 1122 2455 1363 2512; x_wconf 91' lang='lat' dir='ltr'><strong>directus</strong></span> <span class='ocrx_word' id='word_1_286' title='bbox 1401 2457 1659 2524; x_wconf 88' lang='lat' dir='ltr'><strong>consilio,</strong></span> <span class='ocrx_word' id='word_1_287' title='bbox 1709 2466 1877 2514; x_wconf 90' lang='lat' dir='ltr'><strong>totum</strong></span> <span class='ocrx_word' id='word_1_288' title='bbox 1943 2477 2006 2516; x_wconf 88' lang='lat' dir='ltr'><strong>se</strong></span> 
     </span>
    </p>
   </div>
   <div class='ocr_carea' id='block_1_43' title="bbox 387 2545 2006 2622">
    <p class='ocr_par' dir='ltr' id='par_1_43' title="bbox 387 2545 2006 2622">
     <span class='ocr_line' id='line_1_43' title="bbox 387 2545 2006 2622; baseline -0.001 -18"><span class='ocrx_word' id='word_1_289' title='bbox 387 2549 506 2618; x_wconf 88' lang='lat' dir='ltr'><strong>ejus</strong></span> <span class='ocrx_word' id='word_1_290' title='bbox 545 2547 800 2602; x_wconf 89' lang='lat' dir='ltr'><strong>submisit</strong></span> <span class='ocrx_word' id='word_1_291' title='bbox 825 2545 1164 2620; x_wconf 83' lang='lat' dir='ltr'><strong>magisterio,</strong></span> <span class='ocrx_word' id='word_1_292' title='bbox 1222 2561 1465 2618; x_wconf 89' lang='lat' dir='ltr'><strong>eumque</strong></span> <span class='ocrx_word' id='word_1_293' title='bbox 1494 2546 1750 2601; x_wconf 87' lang='lat' dir='ltr'><strong>abbatem</strong></span> <span class='ocrx_word' id='word_1_294' title='bbox 1797 2547 2006 2622; x_wconf 79' lang='lat' dir='ltr'><strong>delegit</strong></span> 
     </span>
    </p>
   </div>
   <div class='ocr_carea' id='block_1_44' title="bbox 387 2640 2004 2715">
    <p class='ocr_par' dir='ltr' id='par_1_44' title="bbox 387 2640 2004 2715">
     <span class='ocr_line' id='line_1_44' title="bbox 387 2640 2004 2715; baseline 0 -17"><span class='ocrx_word' id='word_1_295' title='bbox 387 2650 443 2700; x_wconf 87' lang='lat' dir='ltr'><strong>et</strong></span> <span class='ocrx_word' id='word_1_296' title='bbox 473 2642 723 2714; x_wconf 59' lang='lat' dir='ltr'><strong>praefecit</strong></span> <span class='ocrx_word' id='word_1_297' title='bbox 746 2641 851 2697; x_wconf 91' lang='lat' dir='ltr'><strong>sibi</strong></span> <span class='ocrx_word' id='word_1_298' title='bbox 881 2640 1221 2712; x_wconf 88' lang='lat' dir='ltr'><strong>fratrumque</strong></span> <span class='ocrx_word' id='word_1_299' title='bbox 1246 2656 1470 2696; x_wconf 87' lang='lat' dir='ltr'><strong>suorum</strong></span> <span class='ocrx_word' id='word_1_300' title='bbox 1485 2642 1744 2715; x_wconf 78' lang='lat' dir='ltr'><strong>collegio,</strong></span> <span class='ocrx_word' id='word_1_301' title='bbox 1767 2644 2004 2710; x_wconf 91' lang='lat' dir='ltr'><strong>ut,omni</strong></span> 
     </span>
    </p>
   </div>
   <div class='ocr_carea' id='block_1_45' title="bbox 387 2731 2004 2806">
    <p class='ocr_par' dir='ltr' id='par_1_45' title="bbox 387 2731 2004 2806">
     <span class='ocr_line' id='line_1_45' title="bbox 387 2731 2004 2806; baseline 0 -16"><span class='ocrx_word' id='word_1_302' title='bbox 387 2735 681 2790; x_wconf 63' lang='lat' dir='ltr'><strong>mundanae</strong></span> <span class='ocrx_word' id='word_1_303' title='bbox 741 2731 1132 2789; x_wconf 89' lang='lat' dir='ltr'><strong>sollicitudinis</strong></span> <span class='ocrx_word' id='word_1_304' title='bbox 1187 2747 1357 2788; x_wconf 87' lang='lat' dir='ltr'><strong>onere</strong></span> <span class='ocrx_word' id='word_1_305' title='bbox 1389 2733 1667 2804; x_wconf 85' lang='lat' dir='ltr'><strong>deposito,</strong></span> <span class='ocrx_word' id='word_1_306' title='bbox 1701 2735 1818 2806; x_wconf 89' lang='lat' dir='ltr'><strong>ipse</strong></span> <span class='ocrx_word' id='word_1_307' title='bbox 1849 2752 2004 2790; x_wconf 89' lang='lat' dir='ltr'><strong>secu-</strong></span> 
     </span>
    </p>
   </div>
   <div class='ocr_carea' id='block_1_46' title="bbox 384 2824 2002 2900">
    <p class='ocr_par' dir='ltr' id='par_1_46' title="bbox 384 2824 2002 2900">
     <span class='ocr_line' id='line_1_46' title="bbox 384 2824 2002 2900; baseline 0.001 -18"><span class='ocrx_word' id='word_1_308' title='bbox 384 2827 502 2884; x_wconf 91' lang='lat' dir='ltr'><strong>rius</strong></span> <span class='ocrx_word' id='word_1_309' title='bbox 530 2833 586 2883; x_wconf 91' lang='lat' dir='ltr'><strong>et</strong></span> <span class='ocrx_word' id='word_1_310' title='bbox 613 2824 878 2882; x_wconf 89' lang='lat' dir='ltr'><strong>intentius</strong></span> <span class='ocrx_word' id='word_1_311' title='bbox 905 2825 1346 2896; x_wconf 82' lang='lat' dir='ltr'><strong>contemplativae</strong></span> <span class='ocrx_word' id='word_1_312' title='bbox 1383 2825 1509 2881; x_wconf 79' lang='lat' dir='ltr'><strong>vitae</strong></span> <span class='ocrx_word' id='word_1_313' title='bbox 1542 2827 2002 2900; x_wconf 80' lang='lat' dir='ltr'><strong>invigilaretpro-</strong></span> 
     </span>
    </p>
   </div>
   <div class='ocr_carea' id='block_1_47' title="bbox 385 2917 584 2989">
    <p class='ocr_par' dir='ltr' id='par_1_47' title="bbox 385 2917 584 2989">
     <span class='ocr_line' id='line_1_47' title="bbox 385 2917 584 2989; baseline -0.015 -15"><span class='ocrx_word' id='word_1_314' title='bbox 385 2917 584 2989; x_wconf 86' lang='lat' dir='ltr'><strong>posito.</strong></span> 
     </span>
    </p>
   </div>
   <div class='ocr_carea' id='block_1_48' title="bbox 2109 1811 3749 1883">
    <p class='ocr_par' dir='ltr' id='par_1_48' title="bbox 2109 1811 3749 1883">
     <span class='ocr_line' id='line_1_48' title="bbox 2109 1811 3749 1883; baseline 0.006 -22"><span class='ocrx_word' id='word_1_315' title='bbox 2109 1811 2310 1877; x_wconf 84' lang='lat' dir='ltr'><strong>fatum,</strong></span> <span class='ocrx_word' id='word_1_316' title='bbox 2339 1811 2515 1865; x_wconf 86' lang='lat' dir='ltr'><strong>calore</strong></span> <span class='ocrx_word' id='word_1_317' title='bbox 2543 1814 2796 1866; x_wconf 80' lang='lat' dir='ltr'><strong>succendi</strong></span> <span class='ocrx_word' id='word_1_318' title='bbox 2821 1815 3150 1883; x_wconf 79' lang='lat' dir='ltr'><strong>conspiciens</strong></span> <span class='ocrx_word' id='word_1_319' title='bbox 3172 1817 3303 1869; x_wconf 87' lang='lat' dir='ltr'><strong>avia</strong></span> <span class='ocrx_word' id='word_1_320' title='bbox 3341 1831 3442 1869; x_wconf 89' lang='lat' dir='ltr'><strong>sua</strong></span> <span class='ocrx_word' id='word_1_321' title='bbox 3471 1816 3626 1871; x_wconf 85' lang='lat' dir='ltr'><strong>Gisla</strong></span> <span class='ocrx_word' id='word_1_322' title='bbox 3645 1831 3749 1871; x_wconf 89' lang='lat' dir='ltr'><strong>no-</strong></span> 
     </span>
    </p>
   </div>
   <div class='ocr_carea' id='block_1_49' title="bbox 2110 1903 3751 1972">
    <p class='ocr_par' dir='ltr' id='par_1_49' title="bbox 2110 1903 3751 1972">
     <span class='ocr_line' id='line_1_49' title="bbox 2110 1903 3751 1972; baseline 0.004 -18"><span class='ocrx_word' id='word_1_323' title='bbox 2110 1903 2343 1966; x_wconf 86' lang='lat' dir='ltr'><strong>minata,</strong></span> <span class='ocrx_word' id='word_1_324' title='bbox 2381 1903 2643 1972; x_wconf 72' lang='lat' dir='ltr'><strong>praesidio</strong></span> <span class='ocrx_word' id='word_1_325' title='bbox 2699 1907 3114 1962; x_wconf 85' lang='lat' dir='ltr'><strong>constructionis</strong></span> <span class='ocrx_word' id='word_1_326' title='bbox 3165 1905 3402 1972; x_wconf 80' lang='lat' dir='ltr'><strong>ejusdem</strong></span> <span class='ocrx_word' id='word_1_327' title='bbox 3460 1907 3751 1962; x_wconf 64' lang='lat' dir='ltr'><strong>Gemblaw</strong></span> 
     </span>
    </p>
   </div>
   <div class='ocr_carea' id='block_1_50' title="bbox 2112 1995 3748 2066">
    <p class='ocr_par' dir='ltr' id='par_1_50' title="bbox 2112 1995 3748 2066">
     <span class='ocr_line' id='line_1_50' title="bbox 2112 1995 3748 2066; baseline 0.005 -21"><span class='ocrx_word' id='word_1_328' title='bbox 2112 1996 2282 2047; x_wconf 84' lang='lat' dir='ltr'><strong>censis</strong></span> <span class='ocrx_word' id='word_1_329' title='bbox 2307 1997 2529 2048; x_wconf 70' lang='grc' dir='ltr'><strong>ρωποι)ίί</strong></span> <span class='ocrx_word' id='word_1_330' title='bbox 2566 2010 2652 2047; x_wconf 85' lang='lat' dir='ltr'><strong>res</strong></span> <span class='ocrx_word' id='word_1_331' title='bbox 2688 1995 2862 2048; x_wconf 84' lang='lat' dir='ltr'><strong>eidem</strong></span> <span class='ocrx_word' id='word_1_332' title='bbox 2891 1998 3076 2065; x_wconf 83' lang='lat' dir='ltr'><strong>nepoti</strong></span> <span class='ocrx_word' id='word_1_333' title='bbox 3101 2011 3214 2056; x_wconf 83' lang='lat' dir='ltr'><strong>suo</strong></span> <span class='ocrx_word' id='word_1_334' title='bbox 3243 1997 3410 2066; x_wconf 87' lang='lat' dir='ltr'><strong>legali</strong></span> <span class='ocrx_word' id='word_1_335' title='bbox 3446 1998 3748 2053; x_wconf 85' lang='lat' dir='ltr'><strong>traditione</strong></span> 
     </span>
    </p>
   </div>
   <div class='ocr_carea' id='block_1_51' title="bbox 2101 2089 3742 2168">
    <p class='ocr_par' dir='ltr' id='par_1_51' title="bbox 2101 2089 3742 2168">
     <span class='ocr_line' id='line_1_51' title="bbox 2101 2089 3742 2168; baseline 0.005 -29"><span class='ocrx_word' id='word_1_336' title='bbox 2101 2089 2332 2142; x_wconf 80' lang='lat' dir='ltr'><strong>contulit</strong></span> <span class='ocrx_word' id='word_1_337' title='bbox 2363 2089 2748 2168; x_wconf 69' lang='lat' dir='ltr'><strong>hereditarios,</strong></span> <span class='ocrx_word' id='word_1_338' title='bbox 2789 2104 2925 2158; x_wconf 86' lang='lat' dir='ltr'><strong>quas</strong></span> <span class='ocrx_word' id='word_1_339' title='bbox 2951 2090 3058 2144; x_wconf 85' lang='lat' dir='ltr'><strong>sibi</strong></span> <span class='ocrx_word' id='word_1_340' title='bbox 3102 2091 3191 2144; x_wconf 89' lang='lat' dir='ltr'><strong>vir</strong></span> <span class='ocrx_word' id='word_1_341' title='bbox 3219 2105 3349 2144; x_wconf 90' lang='lat' dir='ltr'><strong>suus</strong></span> <span class='ocrx_word' id='word_1_342' title='bbox 3391 2094 3608 2146; x_wconf 80' lang='lat' dir='ltr'><strong>nomine</strong></span> <span class='ocrx_word' id='word_1_343' title='bbox 3635 2094 3742 2147; x_wconf 80' lang='lat' dir='ltr'><strong>Ro-</strong></span> 
     </span>
    </p>
   </div>
   <div class='ocr_carea' id='block_1_52' title="bbox 2104 2182 3748 2250">
    <p class='ocr_par' dir='ltr' id='par_1_52' title="bbox 2104 2182 3748 2250">
     <span class='ocr_line' id='line_1_52' title="bbox 2104 2182 3748 2250; baseline 0.002 -14"><span class='ocrx_word' id='word_1_344' title='bbox 2104 2182 2320 2249; x_wconf 86' lang='lat' dir='ltr'><strong>thingus</strong></span> <span class='ocrx_word' id='word_1_345' title='bbox 2361 2182 2626 2250; x_wconf 80' lang='lat' dir='ltr'><strong>impendit</strong></span> <span class='ocrx_word' id='word_1_346' title='bbox 2679 2182 2821 2236; x_wconf 85' lang='lat' dir='ltr'><strong>dotis</strong></span> <span class='ocrx_word' id='word_1_347' title='bbox 2871 2185 3059 2249; x_wconf 86' lang='lat' dir='ltr'><strong>gratia</strong></span> <span class='ocrx_word' id='word_1_348' title='bbox 3115 2184 3173 2238; x_wconf 87' lang='lat' dir='ltr'><strong>in</strong></span> <span class='ocrx_word' id='word_1_349' title='bbox 3223 2187 3483 2238; x_wconf 87' lang='lat' dir='ltr'><strong>comitatu</strong></span> <span class='ocrx_word' id='word_1_350' title='bbox 3535 2186 3748 2240; x_wconf 79' lang='lat' dir='ltr'><strong>scilicet</strong></span> 
     </span>
    </p>
   </div>
   <div class='ocr_carea' id='block_1_53' title="bbox 2102 2275 3739 2345">
    <p class='ocr_par' dir='ltr' id='par_1_53' title="bbox 2102 2275 3739 2345">
     <span class='ocr_line' id='line_1_53' title="bbox 2102 2275 3739 2345; baseline 0.002 -17"><span class='ocrx_word' id='word_1_351' title='bbox 2102 2275 2415 2328; x_wconf 86' lang='lat' dir='ltr'><strong>Lomacensi</strong></span> <span class='ocrx_word' id='word_1_352' title='bbox 2445 2279 2604 2344; x_wconf 86' lang='lat' dir='ltr'><strong>atque</strong></span> <span class='ocrx_word' id='word_1_353' title='bbox 2631 2276 2956 2340; x_wconf 87' lang='lat' dir='ltr'><strong>Darnuensi,</strong></span> <span class='ocrx_word' id='word_1_354' title='bbox 2974 2275 3419 2345; x_wconf 65' lang='lat' dir='ltr'><strong>villamjvidelicet</strong></span> <span class='ocrx_word' id='word_1_355' title='bbox 3447 2277 3739 2334; x_wconf 83' lang='lat' dir='ltr'><strong>Gemblaus</strong></span> 
     </span>
    </p>
   </div>
   <div class='ocr_carea' id='block_1_54' title="bbox 2105 2366 3736 2440">
    <p class='ocr_par' dir='ltr' id='par_1_54' title="bbox 2105 2366 3736 2440">
     <span class='ocr_line' id='line_1_54' title="bbox 2105 2366 3736 2440; baseline 0.002 -20"><span class='ocrx_word' id='word_1_356' title='bbox 2105 2381 2223 2420; x_wconf 87' lang='lat' dir='ltr'><strong>cum</strong></span> <span class='ocrx_word' id='word_1_357' title='bbox 2262 2366 2508 2421; x_wconf 89' lang='lat' dir='ltr'><strong>omnibus</strong></span> <span class='ocrx_word' id='word_1_358' title='bbox 2547 2367 2624 2420; x_wconf 83' lang='lat' dir='ltr'><strong>ad</strong></span> <span class='ocrx_word' id='word_1_359' title='bbox 2652 2367 2873 2422; x_wconf 85' lang='lat' dir='ltr'><strong>eandem</strong></span> <span class='ocrx_word' id='word_1_360' title='bbox 2899 2369 3318 2436; x_wconf 84' lang='lat' dir='ltr'><strong>pertinentibus.</strong></span> <span class='ocrx_word' id='word_1_361' title='bbox 3349 2369 3416 2423; x_wconf 87' lang='lat' dir='ltr'><strong>In</strong></span> <span class='ocrx_word' id='word_1_362' title='bbox 3443 2370 3736 2440; x_wconf 79' lang='lat' dir='ltr'><strong>eodemque</strong></span> 
     </span>
    </p>
   </div>
   <div class='ocr_carea' id='block_1_55' title="bbox 2101 2463 3744 2534">
    <p class='ocr_par' dir='ltr' id='par_1_55' title="bbox 2101 2463 3744 2534">
     <span class='ocr_line' id='line_1_55' title="bbox 2101 2463 3744 2534; baseline 0.003 -19"><span class='ocrx_word' id='word_1_363' title='bbox 2101 2478 2246 2533; x_wconf 81' lang='lat' dir='ltr'><strong>pago</strong></span> <span class='ocrx_word' id='word_1_364' title='bbox 2275 2463 2464 2516; x_wconf 83' lang='lat' dir='ltr'><strong>villam</strong></span> <span class='ocrx_word' id='word_1_365' title='bbox 2489 2463 2688 2532; x_wconf 83' lang='lat' dir='ltr'><strong>Buﬁols</strong></span> <span class='ocrx_word' id='word_1_366' title='bbox 2717 2464 2920 2517; x_wconf 82' lang='lat' dir='ltr'><strong>dictam</strong></span> <span class='ocrx_word' id='word_1_367' title='bbox 2950 2479 3069 2517; x_wconf 88' lang='lat' dir='ltr'><strong>cum</strong></span> <span class='ocrx_word' id='word_1_368' title='bbox 3113 2464 3453 2534; x_wconf 84' lang='lat' dir='ltr'><strong>appenditiis</strong></span> <span class='ocrx_word' id='word_1_369' title='bbox 3497 2467 3635 2520; x_wconf 80' lang='lat' dir='ltr'><strong>suis.</strong></span> <span class='ocrx_word' id='word_1_370' title='bbox 3667 2467 3744 2520; x_wconf 84' lang='lat' dir='ltr'><strong>Et</strong></span> 
     </span>
    </p>
   </div>
   <div class='ocr_carea' id='block_1_56' title="bbox 2106 2551 3749 2624">
    <p class='ocr_par' dir='ltr' id='par_1_56' title="bbox 2106 2551 3749 2624">
     <span class='ocr_line' id='line_1_56' title="bbox 2106 2551 3749 2624; baseline 0.002 -20"><span class='ocrx_word' id='word_1_371' title='bbox 2106 2553 2162 2604; x_wconf 87' lang='lat' dir='ltr'><strong>in</strong></span> <span class='ocrx_word' id='word_1_372' title='bbox 2187 2551 2609 2619; x_wconf 81' lang='lat' dir='ltr'><strong>villaAsnatgia</strong></span> <span class='ocrx_word' id='word_1_373' title='bbox 2647 2551 2910 2621; x_wconf 81' lang='lat' dir='ltr'><strong>quicquid</strong></span> <span class='ocrx_word' id='word_1_374' title='bbox 2931 2554 3046 2621; x_wconf 87' lang='lat' dir='ltr'><strong>ipse</strong></span> <span class='ocrx_word' id='word_1_375' title='bbox 3057 2553 3189 2621; x_wconf 86' lang='lat' dir='ltr'><strong>jure</strong></span> <span class='ocrx_word' id='word_1_376' title='bbox 3217 2555 3394 2608; x_wconf 86' lang='lat' dir='ltr'><strong>tenuit</strong></span> <span class='ocrx_word' id='word_1_377' title='bbox 3417 2554 3502 2608; x_wconf 89' lang='lat' dir='ltr'><strong>vel</strong></span> <span class='ocrx_word' id='word_1_378' title='bbox 3526 2555 3587 2608; x_wconf 88' lang='lat' dir='ltr'><strong>hi</strong></span> <span class='ocrx_word' id='word_1_379' title='bbox 3606 2570 3749 2624; x_wconf 78' lang='lat' dir='ltr'><strong>quos</strong></span> 
     </span>
    </p>
   </div>
   <div class='ocr_carea' id='block_1_57' title="bbox 2099 2639 3751 2709">
    <p class='ocr_par' dir='ltr' id='par_1_57' title="bbox 2099 2639 3751 2709">
     <span class='ocr_line' id='line_1_57' title="bbox 2099 2639 3751 2709; baseline 0.004 -17"><span class='ocrx_word' id='word_1_380' title='bbox 2099 2641 2347 2709; x_wconf 87' lang='lat' dir='ltr'><strong>propriis</strong></span> <span class='ocrx_word' id='word_1_381' title='bbox 2379 2639 2466 2693; x_wconf 88' lang='lat' dir='ltr'><strong>hic</strong></span> <span class='ocrx_word' id='word_1_382' title='bbox 2497 2643 2685 2692; x_wconf 86' lang='lat' dir='ltr'><strong>notare</strong></span> <span class='ocrx_word' id='word_1_383' title='bbox 2721 2639 3036 2694; x_wconf 86' lang='lat' dir='ltr'><strong>studuimus</strong></span> <span class='ocrx_word' id='word_1_384' title='bbox 3065 2641 3418 2696; x_wconf 83' lang='lat' dir='ltr'><strong>nominibus:</strong></span> <span class='ocrx_word' id='word_1_385' title='bbox 3477 2642 3751 2698; x_wconf 82' lang='lat' dir='ltr'><strong>Robertus</strong></span> 
     </span>
    </p>
   </div>
   <div class='ocr_carea' id='block_1_58' title="bbox 2105 2729 3735 2802">
    <p class='ocr_par' dir='ltr' id='par_1_58' title="bbox 2105 2729 3735 2802">
     <span class='ocr_line' id='line_1_58' title="bbox 2105 2729 3735 2802; baseline 0.004 -18"><span class='ocrx_word' id='word_1_386' title='bbox 2105 2731 2372 2796; x_wconf 69' lang='lat' dir='ltr'><strong>videlicet,</strong></span> <span class='ocrx_word' id='word_1_387' title='bbox 2428 2733 2700 2798; x_wconf 83' lang='lat' dir='ltr'><strong>Angerus,</strong></span> <span class='ocrx_word' id='word_1_388' title='bbox 2751 2732 3059 2796; x_wconf 86' lang='lat' dir='ltr'><strong>Fulcoldus,</strong></span> <span class='ocrx_word' id='word_1_389' title='bbox 3119 2729 3329 2797; x_wconf 85' lang='lat' dir='ltr'><strong>Emme,</strong></span> <span class='ocrx_word' id='word_1_390' title='bbox 3393 2735 3735 2802; x_wconf 82' lang='lat' dir='ltr'><strong>Herieindis,</strong></span> 
     </span>
    </p>
   </div>
   <div class='ocr_carea' id='block_1_59' title="bbox 2099 2823 3740 2894">
    <p class='ocr_par' dir='ltr' id='par_1_59' title="bbox 2099 2823 3740 2894">
     <span class='ocr_line' id='line_1_59' title="bbox 2099 2823 3740 2894; baseline 0.004 -18"><span class='ocrx_word' id='word_1_391' title='bbox 2099 2829 2298 2894; x_wconf 76' lang='lat' dir='ltr'><strong>praeter</strong></span> <span class='ocrx_word' id='word_1_392' title='bbox 2325 2823 2614 2878; x_wconf 85' lang='lat' dir='ltr'><strong>dimidium</strong></span> <span class='ocrx_word' id='word_1_393' title='bbox 2632 2837 2879 2878; x_wconf 87' lang='lat' dir='ltr'><strong>mansum</strong></span> <span class='ocrx_word' id='word_1_394' title='bbox 2909 2823 3054 2893; x_wconf 85' lang='lat' dir='ltr'><strong>quod</strong></span> <span class='ocrx_word' id='word_1_395' title='bbox 3082 2827 3259 2878; x_wconf 86' lang='lat' dir='ltr'><strong>sorori</strong></span> <span class='ocrx_word' id='word_1_396' title='bbox 3295 2839 3406 2880; x_wconf 73' lang='lat' dir='ltr'><strong>suae</strong></span> <span class='ocrx_word' id='word_1_397' title='bbox 3427 2840 3526 2894; x_wconf 86' lang='lat' dir='ltr'><strong>pro</strong></span> <span class='ocrx_word' id='word_1_398' title='bbox 3554 2825 3740 2882; x_wconf 85' lang='lat' dir='ltr'><strong>salute</strong></span> 
     </span>
    </p>
   </div>
   <div class='ocr_carea' id='block_1_60' title="bbox 2103 2914 3731 2986">
    <p class='ocr_par' dir='ltr' id='par_1_60' title="bbox 2103 2914 3731 2986">
     <span class='ocr_line' id='line_1_60' title="bbox 2103 2914 3731 2986; baseline 0.001 -15"><span class='ocrx_word' id='word_1_399' title='bbox 2103 2916 2328 2971; x_wconf 83' lang='lat' dir='ltr'><strong>contulit</strong></span> <span class='ocrx_word' id='word_1_400' title='bbox 2355 2917 2550 2969; x_wconf 67' lang='lat' dir='ltr'><strong>animm</strong></span> <span class='ocrx_word' id='word_1_401' title='bbox 2576 2929 2700 2968; x_wconf 65' lang='lat' dir='ltr'><strong>sua.</strong></span> <span class='ocrx_word' id='word_1_402' title='bbox 2748 2917 2818 2968; x_wconf 89' lang='lat' dir='ltr'><strong>Et</strong></span> <span class='ocrx_word' id='word_1_403' title='bbox 2845 2914 2997 2984; x_wconf 86' lang='lat' dir='ltr'><strong>apud</strong></span> <span class='ocrx_word' id='word_1_404' title='bbox 3039 2915 3266 2970; x_wconf 86' lang='lat' dir='ltr'><strong>eundem</strong></span> <span class='ocrx_word' id='word_1_405' title='bbox 3291 2930 3494 2986; x_wconf 84' lang='lat' dir='ltr'><strong>pagum</strong></span> <span class='ocrx_word' id='word_1_406' title='bbox 3531 2917 3731 2972; x_wconf 83' lang='lat' dir='ltr'><strong>villam</strong></span> 
     </span>
    </p>
   </div>
   <div class='ocr_carea' id='block_1_61' title="bbox 453 3002 3730 3091">
    <p class='ocr_par' dir='ltr' id='par_1_61' title="bbox 453 3002 3730 3091">
     <span class='ocr_line' id='line_1_61' title="bbox 453 3002 3730 3091; baseline 0.002 -31"><span class='ocrx_word' id='word_1_407' title='bbox 453 3006 509 3060; x_wconf 75' lang='lat'><strong>5.</strong></span> <span class='ocrx_word' id='word_1_408' title='bbox 538 3003 729 3076; x_wconf 85' lang='lat' dir='ltr'><strong>Itaque</strong></span> <span class='ocrx_word' id='word_1_409' title='bbox 751 3003 836 3060; x_wconf 86' lang='lat' dir='ltr'><strong>vir</strong></span> <span class='ocrx_word' id='word_1_410' title='bbox 881 3002 1004 3060; x_wconf 67' lang='lat' dir='ltr'><strong>vitia</strong></span> <span class='ocrx_word' id='word_1_411' title='bbox 1053 3003 1433 3059; x_wconf 89' lang='lat' dir='ltr'><strong>memorabilis</strong></span> <span class='ocrx_word' id='word_1_412' title='bbox 1473 3003 1733 3060; x_wconf 87' lang='lat' dir='ltr'><strong>Erluinus</strong></span> <span class='ocrx_word' id='word_1_413' title='bbox 1761 3004 1830 3040; x_wconf 67' lang='lat'><strong>7°”</strong></span> <span class='ocrx_word' id='word_1_414' title='bbox 1886 3020 1996 3060; x_wconf 91' lang='lat' dir='ltr'><strong>non</strong></span> <span class='ocrx_word' id='word_1_415' title='bbox 2021 3022 2069 3091; x_wconf 69' lang='grc' dir='ltr'><strong>ρ</strong></span> <span class='ocrx_word' id='word_1_416' title='bbox 2093 3012 2432 3074; x_wconf 82' lang='lat' dir='ltr'><strong>salvenerias</strong></span> <span class='ocrx_word' id='word_1_417' title='bbox 2449 3023 2567 3062; x_wconf 89' lang='lat' dir='ltr'><strong>cum</strong></span> <span class='ocrx_word' id='word_1_418' title='bbox 2590 3008 2733 3062; x_wconf 86' lang='lat' dir='ltr'><strong>inibi</strong></span> <span class='ocrx_word' id='word_1_419' title='bbox 2751 3009 3159 3078; x_wconf 88' lang='lat' dir='ltr'><strong>aspicientibus,</strong></span> <span class='ocrx_word' id='word_1_420' title='bbox 3173 3024 3451 3081; x_wconf 86' lang='lat' dir='ltr'><strong>unumque</strong></span> <span class='ocrx_word' id='word_1_421' title='bbox 3472 3025 3730 3067; x_wconf 81' lang='lat' dir='ltr'><strong>mansum</strong></span> 
     </span>
    </p>
   </div>
   <div class='ocr_carea' id='block_1_62' title="bbox 385 3099 1992 3172">
    <p class='ocr_par' dir='ltr' id='par_1_62' title="bbox 385 3099 1992 3172">
     <span class='ocr_line' id='line_1_62' title="bbox 385 3099 1992 3172; baseline 0 -17"><span class='ocrx_word' id='word_1_422' title='bbox 385 3101 650 3155; x_wconf 88' lang='lat' dir='ltr'><strong>honorem</strong></span> <span class='ocrx_word' id='word_1_423' title='bbox 675 3099 771 3154; x_wconf 89' lang='lat' dir='ltr'><strong>sed</strong></span> <span class='ocrx_word' id='word_1_424' title='bbox 800 3114 942 3155; x_wconf 76' lang='lat' dir='ltr'><strong>onus</strong></span> <span class='ocrx_word' id='word_1_425' title='bbox 989 3099 1297 3170; x_wconf 72' lang='lat' dir='ltr'><strong>suscipiens</strong></span> <span class='ocrx_word' id='word_1_426' title='bbox 1351 3099 1641 3154; x_wconf 77' lang='lat' dir='ltr'><strong>monastici</strong></span> <span class='ocrx_word' id='word_1_427' title='bbox 1685 3099 1992 3172; x_wconf 74' lang='lat' dir='ltr'><strong>regiminis,</strong></span> 
     </span>
    </p>
   </div>
   <div class='ocr_carea' id='block_1_63' title="bbox 385 3191 1996 3264">
    <p class='ocr_par' dir='ltr' id='par_1_63' title="bbox 385 3191 1996 3264">
     <span class='ocr_line' id='line_1_63' title="bbox 385 3191 1996 3264; baseline 0.001 -17"><span class='ocrx_word' id='word_1_428' title='bbox 385 3207 452 3248; x_wconf 91' lang='lat' dir='ltr'><strong>eo</strong></span> <span class='ocrx_word' id='word_1_429' title='bbox 483 3191 784 3247; x_wconf 81' lang='lat' dir='ltr'><strong>ferventius</strong></span> <span class='ocrx_word' id='word_1_430' title='bbox 835 3191 1008 3264; x_wconf 66' lang='lat' dir='ltr'><strong>caepit</strong></span> <span class='ocrx_word' id='word_1_431' title='bbox 1063 3191 1322 3246; x_wconf 84' lang='lat' dir='ltr'><strong>insudare</strong></span> <span class='ocrx_word' id='word_1_432' title='bbox 1374 3191 1640 3264; x_wconf 79' lang='lat' dir='ltr'><strong>regularis</strong></span> <span class='ocrx_word' id='word_1_433' title='bbox 1687 3191 1996 3263; x_wconf 69' lang='lat' dir='ltr'><strong>disciplina:</strong></span> 
     </span>
    </p>
   </div>
   <div class='ocr_carea' id='block_1_64' title="bbox 383 3285 1993 3358">
    <p class='ocr_par' dir='ltr' id='par_1_64' title="bbox 383 3285 1993 3358">
     <span class='ocr_line' id='line_1_64' title="bbox 383 3285 1993 3358; baseline 0 -18"><span class='ocrx_word' id='word_1_434' title='bbox 383 3285 598 3346; x_wconf 88' lang='lat' dir='ltr'><strong>studiis.</strong></span> <span class='ocrx_word' id='word_1_435' title='bbox 641 3300 750 3358; x_wconf 91' lang='lat' dir='ltr'><strong>quo</strong></span> <span class='ocrx_word' id='word_1_436' title='bbox 778 3285 987 3341; x_wconf 89' lang='lat' dir='ltr'><strong>sciebat</strong></span> <span class='ocrx_word' id='word_1_437' title='bbox 1049 3301 1111 3339; x_wconf 90' lang='lat' dir='ltr'><strong>se</strong></span> <span class='ocrx_word' id='word_1_438' title='bbox 1140 3286 1252 3340; x_wconf 88' lang='lat' dir='ltr'><strong>Deo</strong></span> <span class='ocrx_word' id='word_1_439' title='bbox 1307 3285 1573 3340; x_wconf 89' lang='lat' dir='ltr'><strong>rationem</strong></span> <span class='ocrx_word' id='word_1_440' title='bbox 1625 3285 1993 3354; x_wconf 89' lang='lat' dir='ltr'><strong>redditurum,</strong></span> 
     </span>
    </p>
   </div>
   <div class='ocr_carea' id='block_1_65' title="bbox 383 3372 1994 3443">
    <p class='ocr_par' dir='ltr' id='par_1_65' title="bbox 383 3372 1994 3443">
     <span class='ocr_line' id='line_1_65' title="bbox 383 3372 1994 3443; baseline -0.001 -13"><span class='ocrx_word' id='word_1_441' title='bbox 383 3390 495 3430; x_wconf 84' lang='lat' dir='ltr'><strong>non</strong></span> <span class='ocrx_word' id='word_1_442' title='bbox 534 3380 746 3432; x_wconf 85' lang='lat' dir='ltr'><strong>tantum</strong></span> <span class='ocrx_word' id='word_1_443' title='bbox 784 3373 856 3430; x_wconf 92' lang='lat' dir='ltr'><strong>de</strong></span> <span class='ocrx_word' id='word_1_444' title='bbox 885 3373 1022 3439; x_wconf 91' lang='lat' dir='ltr'><strong>suis,</strong></span> <span class='ocrx_word' id='word_1_445' title='bbox 1064 3373 1164 3428; x_wconf 89' lang='lat' dir='ltr'><strong>sed</strong></span> <span class='ocrx_word' id='word_1_446' title='bbox 1194 3372 1360 3427; x_wconf 91' lang='lat' dir='ltr'><strong>etiam</strong></span> <span class='ocrx_word' id='word_1_447' title='bbox 1393 3373 1462 3428; x_wconf 88' lang='lat' dir='ltr'><strong>de</strong></span> <span class='ocrx_word' id='word_1_448' title='bbox 1487 3373 1591 3428; x_wconf 91' lang='lat' dir='ltr'><strong>sibi</strong></span> <span class='ocrx_word' id='word_1_449' title='bbox 1618 3373 1994 3443; x_wconf 87' lang='lat' dir='ltr'><strong>subjectorum</strong></span> 
     </span>
    </p>
   </div>
   <div class='ocr_carea' id='block_1_66' title="bbox 385 3464 1998 3539">
    <p class='ocr_par' dir='ltr' id='par_1_66' title="bbox 385 3464 1998 3539">
     <span class='ocr_line' id='line_1_66' title="bbox 385 3464 1998 3539; baseline -0.001 -17"><span class='ocrx_word' id='word_1_450' title='bbox 385 3467 710 3524; x_wconf 87' lang='lat' dir='ltr'><strong>ratiociniis.</strong></span> <span class='ocrx_word' id='word_1_451' title='bbox 745 3467 820 3521; x_wconf 90' lang='lat' dir='ltr'><strong>De</strong></span> <span class='ocrx_word' id='word_1_452' title='bbox 846 3466 1004 3537; x_wconf 87' lang='lat' dir='ltr'><strong>cujus</strong></span> <span class='ocrx_word' id='word_1_453' title='bbox 1033 3465 1156 3522; x_wconf 67' lang='lat' dir='ltr'><strong>vitae</strong></span> <span class='ocrx_word' id='word_1_454' title='bbox 1183 3464 1518 3521; x_wconf 88' lang='lat' dir='ltr'><strong>insinuando</strong></span> <span class='ocrx_word' id='word_1_455' title='bbox 1541 3473 1825 3534; x_wconf 87' lang='lat' dir='ltr'><strong>statu,non</strong></span> <span class='ocrx_word' id='word_1_456' title='bbox 1857 3483 1998 3539; x_wconf 86' lang='lat' dir='ltr'><strong>Opus</strong></span> 
     </span>
    </p>
   </div>
   <div class='ocr_carea' id='block_1_67' title="bbox 383 3557 2001 3634">
    <p class='ocr_par' dir='ltr' id='par_1_67' title="bbox 383 3557 2001 3634">
     <span class='ocr_line' id='line_1_67' title="bbox 383 3557 2001 3634; baseline -0.003 -16"><span class='ocrx_word' id='word_1_457' title='bbox 383 3568 468 3618; x_wconf 71' lang='lat' dir='ltr'><strong>est</strong></span> <span class='ocrx_word' id='word_1_458' title='bbox 506 3576 670 3634; x_wconf 83' lang='lat' dir='ltr'><strong>agere</strong></span> <span class='ocrx_word' id='word_1_459' title='bbox 697 3558 872 3615; x_wconf 88' lang='lat' dir='ltr'><strong>multo</strong></span> <span class='ocrx_word' id='word_1_460' title='bbox 913 3557 1208 3614; x_wconf 88' lang='lat' dir='ltr'><strong>verborum</strong></span> <span class='ocrx_word' id='word_1_461' title='bbox 1241 3557 1472 3619; x_wconf 82' lang='lat' dir='ltr'><strong>ambitu.</strong></span> <span class='ocrx_word' id='word_1_462' title='bbox 1509 3559 1578 3614; x_wconf 92' lang='lat' dir='ltr'><strong>de</strong></span> <span class='ocrx_word' id='word_1_463' title='bbox 1619 3574 1728 3631; x_wconf 91' lang='lat' dir='ltr'><strong>quo</strong></span> <span class='ocrx_word' id='word_1_464' title='bbox 1784 3566 2001 3614; x_wconf 87' lang='lat' dir='ltr'><strong>constat</strong></span> 
     </span>
    </p>
   </div>
   <div class='ocr_carea' id='block_1_68' title="bbox 381 3650 1996 3727">
    <p class='ocr_par' dir='ltr' id='par_1_68' title="bbox 381 3650 1996 3727">
     <span class='ocr_line' id='line_1_68' title="bbox 381 3650 1996 3727; baseline -0.003 -19"><span class='ocrx_word' id='word_1_465' title='bbox 381 3669 492 3710; x_wconf 89' lang='lat' dir='ltr'><strong>non</strong></span> <span class='ocrx_word' id='word_1_466' title='bbox 515 3653 623 3709; x_wconf 88' lang='lat' dir='ltr'><strong>alia</strong></span> <span class='ocrx_word' id='word_1_467' title='bbox 651 3652 835 3727; x_wconf 82' lang='lat' dir='ltr'><strong>egisse</strong></span> <span class='ocrx_word' id='word_1_468' title='bbox 859 3651 962 3706; x_wconf 90' lang='lat' dir='ltr'><strong>nisi</strong></span> <span class='ocrx_word' id='word_1_469' title='bbox 1002 3667 1124 3722; x_wconf 63' lang='lat' dir='ltr'><strong>qum</strong></span> <span class='ocrx_word' id='word_1_470' title='bbox 1152 3651 1351 3722; x_wconf 87' lang='lat' dir='ltr'><strong>placita</strong></span> <span class='ocrx_word' id='word_1_471' title='bbox 1388 3659 1574 3706; x_wconf 90' lang='lat' dir='ltr'><strong>essent</strong></span> <span class='ocrx_word' id='word_1_472' title='bbox 1609 3651 1666 3705; x_wconf 89' lang='lat' dir='ltr'><strong>in</strong></span> <span class='ocrx_word' id='word_1_473' title='bbox 1698 3651 1813 3704; x_wconf 68' lang='lat' dir='ltr'><strong>veri</strong></span> <span class='ocrx_word' id='word_1_474' title='bbox 1836 3650 1996 3717; x_wconf 87' lang='lat' dir='ltr'><strong>judi-</strong></span> 
     </span>
    </p>
   </div>
   <div class='ocr_carea' id='block_1_69' title="bbox 382 3743 2001 3818">
    <p class='ocr_par' dir='ltr' id='par_1_69' title="bbox 382 3743 2001 3818">
     <span class='ocr_line' id='line_1_69' title="bbox 382 3743 2001 3818; baseline -0.003 -16"><span class='ocrx_word' id='word_1_475' title='bbox 382 3747 461 3802; x_wconf 84' lang='lat' dir='ltr'><strong>cis</strong></span> <span class='ocrx_word' id='word_1_476' title='bbox 513 3754 834 3817; x_wconf 90' lang='lat' dir='ltr'><strong>conspectu.</strong></span> <span class='ocrx_word' id='word_1_477' title='bbox 893 3745 1005 3800; x_wconf 87' lang='lat' dir='ltr'><strong>Nec</strong></span> <span class='ocrx_word' id='word_1_478' title='bbox 1057 3745 1286 3798; x_wconf 88' lang='lat' dir='ltr'><strong>dubium</strong></span> <span class='ocrx_word' id='word_1_479' title='bbox 1339 3745 1433 3816; x_wconf 91' lang='lat' dir='ltr'><strong>qui</strong></span> <span class='ocrx_word' id='word_1_480' title='bbox 1491 3751 1596 3798; x_wconf 92' lang='lat' dir='ltr'><strong>tam</strong></span> <span class='ocrx_word' id='word_1_481' title='bbox 1654 3744 1891 3818; x_wconf 79' lang='lat' dir='ltr'><strong>gratuito</strong></span> <span class='ocrx_word' id='word_1_482' title='bbox 1930 3743 2001 3778; x_wconf 76' lang='lat'><strong>“0</strong></span> 
     </span>
    </p>
   </div>
   <div class='ocr_carea' id='block_1_70' title="bbox 384 3835 1995 3910">
    <p class='ocr_par' dir='ltr' id='par_1_70' title="bbox 384 3835 1995 3910">
     <span class='ocr_line' id='line_1_70' title="bbox 384 3835 1995 3910; baseline -0.002 -15"><span class='ocrx_word' id='word_1_483' title='bbox 384 3842 496 3895; x_wconf 87' lang='lat' dir='ltr'><strong>Deo</strong></span> <span class='ocrx_word' id='word_1_484' title='bbox 527 3839 778 3910; x_wconf 86' lang='lat' dir='ltr'><strong>placebat</strong></span> <span class='ocrx_word' id='word_1_485' title='bbox 799 3852 898 3908; x_wconf 83' lang='lat' dir='ltr'><strong>pro</strong></span> <span class='ocrx_word' id='word_1_486' title='bbox 930 3837 1091 3892; x_wconf 80' lang='lat' dir='ltr'><strong>bonae</strong></span> <span class='ocrx_word' id='word_1_487' title='bbox 1119 3835 1638 3903; x_wconf 82' lang='lat' dir='ltr'><strong>intentionisoculo,</strong></span> <span class='ocrx_word' id='word_1_488' title='bbox 1662 3836 1810 3907; x_wconf 89' lang='lat' dir='ltr'><strong>quod</strong></span> <span class='ocrx_word' id='word_1_489' title='bbox 1834 3836 1995 3892; x_wconf 85' lang='lat' dir='ltr'><strong>etiam</strong></span> 
     </span>
    </p>
   </div>
   <div class='ocr_carea' id='block_1_71' title="bbox 383 3926 1992 3998">
    <p class='ocr_par' dir='ltr' id='par_1_71' title="bbox 383 3926 1992 3998">
     <span class='ocr_line' id='line_1_71' title="bbox 383 3926 1992 3998; baseline 0 -14"><span class='ocrx_word' id='word_1_490' title='bbox 383 3931 476 3985; x_wconf 89' lang='lat' dir='ltr'><strong>Dei</strong></span> <span class='ocrx_word' id='word_1_491' title='bbox 506 3928 846 3986; x_wconf 87' lang='lat' dir='ltr'><strong>amatoribus</strong></span> <span class='ocrx_word' id='word_1_492' title='bbox 878 3927 1143 3998; x_wconf 88' lang='lat' dir='ltr'><strong>placuerit</strong></span> <span class='ocrx_word' id='word_1_493' title='bbox 1169 3943 1266 3996; x_wconf 90' lang='lat' dir='ltr'><strong>pro</strong></span> <span class='ocrx_word' id='word_1_494' title='bbox 1315 3926 1475 3980; x_wconf 70' lang='lat' dir='ltr'><strong>bona:</strong></span> <span class='ocrx_word' id='word_1_495' title='bbox 1507 3927 1739 3981; x_wconf 86' lang='lat' dir='ltr'><strong>actionis</strong></span> <span class='ocrx_word' id='word_1_496' title='bbox 1768 3927 1952 3984; x_wconf 83' lang='lat' dir='ltr'><strong>studio</strong></span> <span class='ocrx_word' id='word_1_497' title='bbox 1979 3945 1992 3996; x_wconf 92' lang='lat'><strong>;</strong></span> 
     </span>
    </p>
   </div>
   <div class='ocr_carea' id='block_1_72' title="bbox 381 4018 1990 4095">
    <p class='ocr_par' dir='ltr' id='par_1_72' title="bbox 381 4018 1990 4095">
     <span class='ocr_line' id='line_1_72' title="bbox 381 4018 1990 4095; baseline -0.002 -16"><span class='ocrx_word' id='word_1_498' title='bbox 381 4031 436 4079; x_wconf 85' lang='lat' dir='ltr'><strong>et</strong></span> <span class='ocrx_word' id='word_1_499' title='bbox 474 4023 567 4095; x_wconf 82' lang='lat' dir='ltr'><strong>qui</strong></span> <span class='ocrx_word' id='word_1_500' title='bbox 611 4020 774 4076; x_wconf 87' lang='lat' dir='ltr'><strong>bonis</strong></span> <span class='ocrx_word' id='word_1_501' title='bbox 793 4026 910 4075; x_wconf 89' lang='lat' dir='ltr'><strong>erat</strong></span> <span class='ocrx_word' id='word_1_502' title='bbox 937 4027 1150 4074; x_wconf 85' lang='lat' dir='ltr'><strong>amatus</strong></span> <span class='ocrx_word' id='word_1_503' title='bbox 1179 4025 1232 4073; x_wconf 89' lang='lat' dir='ltr'><strong>et</strong></span> <span class='ocrx_word' id='word_1_504' title='bbox 1259 4018 1616 4086; x_wconf 77' lang='lat' dir='ltr'><strong>reverendus,</strong></span> <span class='ocrx_word' id='word_1_505' title='bbox 1649 4035 1760 4075; x_wconf 90' lang='lat' dir='ltr'><strong>non</strong></span> <span class='ocrx_word' id='word_1_506' title='bbox 1791 4020 1990 4076; x_wconf 89' lang='lat' dir='ltr'><strong>mirum</strong></span> 
     </span>
    </p>
   </div>
   <div class='ocr_carea' id='block_1_73' title="bbox 383 4113 1994 4188">
    <p class='ocr_par' dir='ltr' id='par_1_73' title="bbox 383 4113 1994 4188">
     <span class='ocr_line' id='line_1_73' title="bbox 383 4113 1994 4188; baseline -0.002 -17"><span class='ocrx_word' id='word_1_507' title='bbox 383 4115 532 4188; x_wconf 86' lang='lat' dir='ltr'><strong>quod</strong></span> <span class='ocrx_word' id='word_1_508' title='bbox 565 4113 852 4169; x_wconf 89' lang='lat' dir='ltr'><strong>contrariis</strong></span> <span class='ocrx_word' id='word_1_509' title='bbox 911 4113 976 4146; x_wconf 76' lang='lat'><strong>7“</strong></span> <span class='ocrx_word' id='word_1_510' title='bbox 1041 4113 1153 4168; x_wconf 89' lang='lat' dir='ltr'><strong>Deo</strong></span> <span class='ocrx_word' id='word_1_511' title='bbox 1192 4117 1310 4166; x_wconf 91' lang='lat' dir='ltr'><strong>erat</strong></span> <span class='ocrx_word' id='word_1_512' title='bbox 1337 4121 1630 4180; x_wconf 74' lang='lat' dir='ltr'><strong>susliectus</strong></span> <span class='ocrx_word' id='word_1_513' title='bbox 1669 4119 1724 4166; x_wconf 87' lang='lat' dir='ltr'><strong>et</strong></span> <span class='ocrx_word' id='word_1_514' title='bbox 1770 4121 1994 4168; x_wconf 87' lang='lat' dir='ltr'><strong>contra—</strong></span> 
     </span>
    </p>
   </div>
   <div class='ocr_carea' id='block_1_74' title="bbox 383 4205 2002 4280">
    <p class='ocr_par' dir='ltr' id='par_1_74' title="bbox 383 4205 2002 4280">
     <span class='ocr_line' id='line_1_74' title="bbox 383 4205 2002 4280; baseline 0 -18"><span class='ocrx_word' id='word_1_515' title='bbox 383 4207 513 4262; x_wconf 91' lang='lat' dir='ltr'><strong>rius.</strong></span> <span class='ocrx_word' id='word_1_516' title='bbox 549 4205 783 4261; x_wconf 91' lang='lat' dir='ltr'><strong>Interius</strong></span> <span class='ocrx_word' id='word_1_517' title='bbox 812 4221 944 4280; x_wconf 83' lang='lat' dir='ltr'><strong>ergo</strong></span> <span class='ocrx_word' id='word_1_518' title='bbox 975 4205 1281 4260; x_wconf 89' lang='lat' dir='ltr'><strong>animarum</strong></span> <span class='ocrx_word' id='word_1_519' title='bbox 1341 4205 1642 4261; x_wconf 89' lang='lat' dir='ltr'><strong>consulens</strong></span> <span class='ocrx_word' id='word_1_520' title='bbox 1680 4207 1865 4271; x_wconf 89' lang='lat' dir='ltr'><strong>saluti,</strong></span> <span class='ocrx_word' id='word_1_521' title='bbox 1903 4225 2002 4262; x_wconf 84' lang='lat' dir='ltr'><strong>ex-</strong></span> 
     </span>
    </p>
   </div>
   <div class='ocr_carea' id='block_1_75' title="bbox 385 4295 1999 4369">
    <p class='ocr_par' dir='ltr' id='par_1_75' title="bbox 385 4295 1999 4369">
     <span class='ocr_line' id='line_1_75' title="bbox 385 4295 1999 4369; baseline 0.001 -17"><span class='ocrx_word' id='word_1_522' title='bbox 385 4297 552 4353; x_wconf 89' lang='lat' dir='ltr'><strong>terius</strong></span> <span class='ocrx_word' id='word_1_523' title='bbox 579 4303 763 4352; x_wconf 89' lang='lat' dir='ltr'><strong>autem</strong></span> <span class='ocrx_word' id='word_1_524' title='bbox 795 4311 1085 4367; x_wconf 86' lang='lat' dir='ltr'><strong>corporum</strong></span> <span class='ocrx_word' id='word_1_525' title='bbox 1113 4295 1412 4352; x_wconf 90' lang='lat' dir='ltr'><strong>intendens</strong></span> <span class='ocrx_word' id='word_1_526' title='bbox 1470 4297 1616 4364; x_wconf 91' lang='lat' dir='ltr'><strong>usui,</strong></span> <span class='ocrx_word' id='word_1_527' title='bbox 1644 4306 1703 4351; x_wconf 92' lang='lat' dir='ltr'><strong>ut</strong></span> <span class='ocrx_word' id='word_1_528' title='bbox 1753 4297 1999 4369; x_wconf 82' lang='lat' dir='ltr'><strong>prudens</strong></span> 
     </span>
    </p>
   </div>
   <div class='ocr_carea' id='block_1_76' title="bbox 382 4387 1996 4462">
    <p class='ocr_par' dir='ltr' id='par_1_76' title="bbox 382 4387 1996 4462">
     <span class='ocr_line' id='line_1_76' title="bbox 382 4387 1996 4462; baseline -0.003 -15"><span class='ocrx_word' id='word_1_529' title='bbox 382 4396 436 4447; x_wconf 90' lang='lat' dir='ltr'><strong>et</strong></span> <span class='ocrx_word' id='word_1_530' title='bbox 467 4388 645 4446; x_wconf 88' lang='lat' dir='ltr'><strong>ﬁdelis</strong></span> <span class='ocrx_word' id='word_1_531' title='bbox 695 4387 1086 4461; x_wconf 84' lang='lat' dir='ltr'><strong>paterfamilias</strong></span> <span class='ocrx_word' id='word_1_532' title='bbox 1141 4387 1431 4460; x_wconf 90' lang='lat' dir='ltr'><strong>utriusque</strong></span> <span class='ocrx_word' id='word_1_533' title='bbox 1488 4388 1730 4443; x_wconf 86' lang='lat' dir='ltr'><strong>hominis</strong></span> <span class='ocrx_word' id='word_1_534' title='bbox 1775 4389 1996 4462; x_wconf 82' lang='lat' dir='ltr'><strong>prOSpi-</strong></span> 
     </span>
    </p>
   </div>
   <div class='ocr_carea' id='block_1_77' title="bbox 381 4481 1996 4552">
    <p class='ocr_par' dir='ltr' id='par_1_77' title="bbox 381 4481 1996 4552">
     <span class='ocr_line' id='line_1_77' title="bbox 381 4481 1996 4552; baseline -0.002 -12"><span class='ocrx_word' id='word_1_535' title='bbox 381 4484 562 4540; x_wconf 89' lang='lat' dir='ltr'><strong>ciebat</strong></span> <span class='ocrx_word' id='word_1_536' title='bbox 586 4482 828 4539; x_wconf 88' lang='lat' dir='ltr'><strong>utilitati.</strong></span> <span class='ocrx_word' id='word_1_537' title='bbox 861 4481 960 4548; x_wconf 85' lang='lat' dir='ltr'><strong>Qui</strong></span> <span class='ocrx_word' id='word_1_538' title='bbox 987 4481 1168 4538; x_wconf 89' lang='lat' dir='ltr'><strong>sciens</strong></span> <span class='ocrx_word' id='word_1_539' title='bbox 1223 4481 1576 4536; x_wconf 88' lang='lat' dir='ltr'><strong>insolentiam</strong></span> <span class='ocrx_word' id='word_1_540' title='bbox 1605 4483 1869 4537; x_wconf 85' lang='lat' dir='ltr'><strong>secularis</strong></span> <span class='ocrx_word' id='word_1_541' title='bbox 1902 4497 1996 4552; x_wconf 79' lang='lat' dir='ltr'><strong>po-</strong></span> 
     </span>
    </p>
   </div>
   <div class='ocr_carea' id='block_1_78' title="bbox 380 4573 1998 4646">
    <p class='ocr_par' dir='ltr' id='par_1_78' title="bbox 380 4573 1998 4646">
     <span class='ocr_line' id='line_1_78' title="bbox 380 4573 1998 4646; baseline -0.002 -15"><span class='ocrx_word' id='word_1_542' title='bbox 380 4576 566 4631; x_wconf 78' lang='lat' dir='ltr'><strong>tentiae</strong></span> <span class='ocrx_word' id='word_1_543' title='bbox 585 4575 762 4630; x_wconf 87' lang='lat' dir='ltr'><strong>solere</strong></span> <span class='ocrx_word' id='word_1_544' title='bbox 793 4573 1072 4628; x_wconf 84' lang='lat' dir='ltr'><strong>adversari</strong></span> <span class='ocrx_word' id='word_1_545' title='bbox 1101 4573 1505 4628; x_wconf 68' lang='lat' dir='ltr'><strong>aacclesiasticze</strong></span> <span class='ocrx_word' id='word_1_546' title='bbox 1554 4574 1748 4646; x_wconf 86' lang='lat' dir='ltr'><strong>quieti,</strong></span> <span class='ocrx_word' id='word_1_547' title='bbox 1810 4574 1998 4629; x_wconf 90' lang='lat' dir='ltr'><strong>omnia</strong></span> 
     </span>
    </p>
   </div>
   <div class='ocr_carea' id='block_1_79' title="bbox 381 4665 1996 4740">
    <p class='ocr_par' dir='ltr' id='par_1_79' title="bbox 381 4665 1996 4740">
     <span class='ocr_line' id='line_1_79' title="bbox 381 4665 1996 4740; baseline 0 -20"><span class='ocrx_word' id='word_1_548' title='bbox 381 4681 502 4738; x_wconf 71' lang='lat' dir='ltr'><strong>quae</strong></span> <span class='ocrx_word' id='word_1_549' title='bbox 530 4667 722 4721; x_wconf 85' lang='lat' dir='ltr'><strong>beatus</strong></span> <span class='ocrx_word' id='word_1_550' title='bbox 753 4665 1102 4736; x_wconf 85' lang='lat' dir='ltr'><strong>Wichpcrtus</strong></span> <span class='ocrx_word' id='word_1_551' title='bbox 1144 4665 1306 4740; x_wconf 74' lang='lat' dir='ltr'><strong>legali</strong></span> <span class='ocrx_word' id='word_1_552' title='bbox 1345 4671 1675 4720; x_wconf 79' lang='lat' dir='ltr'><strong>testamento</strong></span> <span class='ocrx_word' id='word_1_553' title='bbox 1703 4665 1996 4739; x_wconf 75' lang='lat' dir='ltr'><strong>delegave-</strong></span> 
     </span>
    </p>
   </div>
   <div class='ocr_carea' id='block_1_80' title="bbox 383 4751 1996 4828">
    <p class='ocr_par' dir='ltr' id='par_1_80' title="bbox 383 4751 1996 4828">
     <span class='ocr_line' id='line_1_80' title="bbox 383 4751 1996 4828; baseline 0 -16"><span class='ocrx_word' id='word_1_554' title='bbox 383 4766 465 4812; x_wconf 89' lang='lat' dir='ltr'><strong>rat</strong></span> <span class='ocrx_word' id='word_1_555' title='bbox 502 4751 808 4812; x_wconf 68' lang='lat' dir='ltr'><strong>commissa:</strong></span> <span class='ocrx_word' id='word_1_556' title='bbox 825 4757 929 4812; x_wconf 89' lang='lat' dir='ltr'><strong>sibi</strong></span> <span class='ocrx_word' id='word_1_557' title='bbox 969 4757 1233 4813; x_wconf 71' lang='lat' dir='ltr'><strong>:ecclesize</strong></span> <span class='ocrx_word' id='word_1_558' title='bbox 1263 4757 1381 4822; x_wconf 88' lang='lat' dir='ltr'><strong>Dei,</strong></span> <span class='ocrx_word' id='word_1_559' title='bbox 1428 4755 1730 4828; x_wconf 88' lang='lat' dir='ltr'><strong>imperialis</strong></span> <span class='ocrx_word' id='word_1_560' title='bbox 1769 4763 1822 4810; x_wconf 91' lang='lat' dir='ltr'><strong>et</strong></span> <span class='ocrx_word' id='word_1_561' title='bbox 1860 4772 1996 4828; x_wconf 85' lang='lat' dir='ltr'><strong>apo-</strong></span> 
     </span>
    </p>
   </div>
   <div class='ocr_carea' id='block_1_81' title="bbox 381 4844 1995 4916">
    <p class='ocr_par' dir='ltr' id='par_1_81' title="bbox 381 4844 1995 4916">
     <span class='ocr_line' id='line_1_81' title="bbox 381 4844 1995 4916; baseline -0.001 -16"><span class='ocrx_word' id='word_1_562' title='bbox 381 4845 588 4901; x_wconf 67' lang='lat' dir='ltr'><strong>stolicae</strong></span> <span class='ocrx_word' id='word_1_563' title='bbox 615 4862 812 4900; x_wconf 76' lang='lat' dir='ltr'><strong>manus</strong></span> <span class='ocrx_word' id='word_1_564' title='bbox 863 4845 1250 4916; x_wconf 89' lang='lat' dir='ltr'><strong>astipulatione</strong></span> <span class='ocrx_word' id='word_1_565' title='bbox 1292 4845 1419 4900; x_wconf 86' lang='lat' dir='ltr'><strong>fecit</strong></span> <span class='ocrx_word' id='word_1_566' title='bbox 1451 4844 1848 4916; x_wconf 85' lang='lat' dir='ltr'><strong>perpetualitcr</strong></span> <span class='ocrx_word' id='word_1_567' title='bbox 1872 4860 1995 4899; x_wconf 89' lang='lat' dir='ltr'><strong>cor-</strong></span> 
     </span>
    </p>
   </div>
   <div class='ocr_carea' id='block_1_82' title="bbox 382 4933 1996 5007">
    <p class='ocr_par' dir='ltr' id='par_1_82' title="bbox 382 4933 1996 5007">
     <span class='ocr_line' id='line_1_82' title="bbox 382 4933 1996 5007; baseline -0.001 -17"><span class='ocrx_word' id='word_1_568' title='bbox 382 4936 650 4992; x_wconf 89' lang='lat' dir='ltr'><strong>roborari.</strong></span> <span class='ocrx_word' id='word_1_569' title='bbox 683 4936 827 5001; x_wconf 84' lang='lat' dir='ltr'><strong>Quas</strong></span> <span class='ocrx_word' id='word_1_570' title='bbox 853 4941 1030 4991; x_wconf 86' lang='lat' dir='ltr'><strong>cartas</strong></span> <span class='ocrx_word' id='word_1_571' title='bbox 1071 4951 1179 4991; x_wconf 89' lang='lat' dir='ltr'><strong>non</strong></span> <span class='ocrx_word' id='word_1_572' title='bbox 1213 4934 1398 5007; x_wconf 79' lang='lat' dir='ltr'><strong>pigeat</strong></span> <span class='ocrx_word' id='word_1_573' title='bbox 1420 4933 1790 4998; x_wconf 83' lang='lat' dir='ltr'><strong>liicinserere,</strong></span> <span class='ocrx_word' id='word_1_574' title='bbox 1825 4941 1996 4989; x_wconf 88' lang='lat' dir='ltr'><strong>uteas</strong></span> 
     </span>
    </p>
   </div>
   <div class='ocr_carea' id='block_1_83' title="bbox 383 5029 1998 5102">
    <p class='ocr_par' dir='ltr' id='par_1_83' title="bbox 383 5029 1998 5102">
     <span class='ocr_line' id='line_1_83' title="bbox 383 5029 1998 5102; baseline -0.003 -13"><span class='ocrx_word' id='word_1_575' title='bbox 383 5031 648 5089; x_wconf 87' lang='lat' dir='ltr'><strong>tenaciter</strong></span> <span class='ocrx_word' id='word_1_576' title='bbox 677 5040 1023 5102; x_wconf 89' lang='lat' dir='ltr'><strong>pusterorum</strong></span> <span class='ocrx_word' id='word_1_577' title='bbox 1064 5030 1522 5086; x_wconf 89' lang='lat' dir='ltr'><strong>commendemus</strong></span> <span class='ocrx_word' id='word_1_578' title='bbox 1561 5029 1862 5085; x_wconf 74' lang='lat' dir='ltr'><strong>memoriae.</strong></span> <span class='ocrx_word' id='word_1_579' title='bbox 1897 5030 1998 5084; x_wconf 89' lang='lat' dir='ltr'><strong>lm-</strong></span> 
     </span>
    </p>
   </div>
   <div class='ocr_carea' id='block_1_84' title="bbox 380 5125 1443 5201">
    <p class='ocr_par' dir='ltr' id='par_1_84' title="bbox 380 5125 1443 5201">
     <span class='ocr_line' id='line_1_84' title="bbox 380 5125 1443 5201; baseline -0.001 -20"><span class='ocrx_word' id='word_1_580' title='bbox 380 5127 603 5198; x_wconf 89' lang='lat' dir='ltr'><strong>pcrialis</strong></span> <span class='ocrx_word' id='word_1_581' title='bbox 631 5141 763 5201; x_wconf 81' lang='lat' dir='ltr'><strong>ergo</strong></span> <span class='ocrx_word' id='word_1_582' title='bbox 797 5132 945 5181; x_wconf 87' lang='lat' dir='ltr'><strong>carta</strong></span> <span class='ocrx_word' id='word_1_583' title='bbox 973 5132 1055 5181; x_wconf 89' lang='lat' dir='ltr'><strong>est</strong></span> <span class='ocrx_word' id='word_1_584' title='bbox 1081 5125 1399 5196; x_wconf 84' lang='lat' dir='ltr'><strong>liujusmodi</strong></span> <span class='ocrx_word' id='word_1_585' title='bbox 1430 5143 1443 5180; x_wconf 94' lang='lat'>:</span> 
     </span>
    </p>
   </div>
   <div class='ocr_carea' id='block_1_85' title="bbox 449 5219 1990 5275">
    <p class='ocr_par' dir='ltr' id='par_1_85' title="bbox 449 5219 1990 5275">
     <span class='ocr_line' id='line_1_85' title="bbox 449 5219 1990 5275; baseline -0.003 -2"><span class='ocrx_word' id='word_1_586' title='bbox 449 5220 503 5274; x_wconf 86' lang='lat'><strong>6.</strong></span> <span class='ocrx_word' id='word_1_587' title='bbox 561 5221 628 5275; x_wconf 85' lang='lat' dir='ltr'><strong>In</strong></span> <span class='ocrx_word' id='word_1_588' title='bbox 663 5220 873 5274; x_wconf 87' lang='lat' dir='ltr'><strong>nomine</strong></span> <span class='ocrx_word' id='word_1_589' title='bbox 931 5219 1138 5273; x_wconf 87' lang='lat' dir='ltr'><strong>domini</strong></span> <span class='ocrx_word' id='word_1_590' title='bbox 1176 5220 1276 5273; x_wconf 90' lang='lat' dir='ltr'><strong>Dei</strong></span> <span class='ocrx_word' id='word_1_591' title='bbox 1319 5223 1368 5272; x_wconf 88' lang='lat' dir='ltr'><strong>et</strong></span> <span class='ocrx_word' id='word_1_592' title='bbox 1433 5219 1733 5274; x_wconf 82' lang='lat' dir='ltr'><strong>Saluatoris</strong></span> <span class='ocrx_word' id='word_1_593' title='bbox 1785 5219 1990 5272; x_wconf 70' lang='lat' dir='ltr'><strong>mter-ni.</strong></span> 
     </span>
    </p>
   </div>
   <div class='ocr_carea' id='block_1_86' title="bbox 2095 3101 3747 3178">
    <p class='ocr_par' dir='ltr' id='par_1_86' title="bbox 2095 3101 3747 3178">
     <span class='ocr_line' id='line_1_86' title="bbox 2095 3101 3747 3178; baseline -0.002 -16"><span class='ocrx_word' id='word_1_594' title='bbox 2095 3107 2240 3178; x_wconf 85' lang='lat' dir='ltr'><strong>quod</strong></span> <span class='ocrx_word' id='word_1_595' title='bbox 2278 3105 2407 3157; x_wconf 87' lang='lat' dir='ltr'><strong>emit</strong></span> <span class='ocrx_word' id='word_1_596' title='bbox 2435 3101 2692 3156; x_wconf 86' lang='lat' dir='ltr'><strong>vocabulo</strong></span> <span class='ocrx_word' id='word_1_597' title='bbox 2718 3103 2885 3167; x_wconf 80' lang='lat' dir='ltr'><strong>Buoz,</strong></span> <span class='ocrx_word' id='word_1_598' title='bbox 2920 3101 3258 3172; x_wconf 88' lang='lat' dir='ltr'><strong>alterumque</strong></span> <span class='ocrx_word' id='word_1_599' title='bbox 3313 3117 3560 3158; x_wconf 85' lang='lat' dir='ltr'><strong>mansum</strong></span> <span class='ocrx_word' id='word_1_600' title='bbox 3587 3106 3747 3174; x_wconf 73' lang='lat' dir='ltr'><strong>ﬁsca-</strong></span> 
     </span>
    </p>
   </div>
   <div class='ocr_carea' id='block_1_87' title="bbox 2096 3199 3736 3270">
    <p class='ocr_par' dir='ltr' id='par_1_87' title="bbox 2096 3199 3736 3270">
     <span class='ocr_line' id='line_1_87' title="bbox 2096 3199 3736 3270; baseline -0.003 -10"><span class='ocrx_word' id='word_1_601' title='bbox 2096 3207 2196 3260; x_wconf 92' lang='lat' dir='ltr'><strong>lem</strong></span> <span class='ocrx_word' id='word_1_602' title='bbox 2209 3205 2266 3257; x_wconf 89' lang='lat' dir='ltr'><strong>in</strong></span> <span class='ocrx_word' id='word_1_603' title='bbox 2289 3203 2397 3256; x_wconf 86' lang='lat' dir='ltr'><strong>loco</strong></span> <span class='ocrx_word' id='word_1_604' title='bbox 2421 3201 2519 3270; x_wconf 87' lang='lat' dir='ltr'><strong>qui</strong></span> <span class='ocrx_word' id='word_1_605' title='bbox 2555 3200 2765 3253; x_wconf 85' lang='lat' dir='ltr'><strong>dicitur</strong></span> <span class='ocrx_word' id='word_1_606' title='bbox 2799 3199 2974 3255; x_wconf 83' lang='lat' dir='ltr'><strong>Vilers</strong></span> <span class='ocrx_word' id='word_1_607' title='bbox 3007 3201 3314 3269; x_wconf 78' lang='lat' dir='ltr'><strong>antiquitus</strong></span> <span class='ocrx_word' id='word_1_608' title='bbox 3344 3201 3736 3270; x_wconf 81' lang='lat' dir='ltr'><strong>appendentem</strong></span> 
     </span>
    </p>
   </div>
   <div class='ocr_carea' id='block_1_88' title="bbox 2097 3290 3724 3359">
    <p class='ocr_par' dir='ltr' id='par_1_88' title="bbox 2097 3290 3724 3359">
     <span class='ocr_line' id='line_1_88' title="bbox 2097 3290 3724 3359; baseline -0.002 -9"><span class='ocrx_word' id='word_1_609' title='bbox 2097 3295 2172 3349; x_wconf 86' lang='lat' dir='ltr'><strong>ad</strong></span> <span class='ocrx_word' id='word_1_610' title='bbox 2195 3295 2369 3348; x_wconf 86' lang='lat' dir='ltr'><strong>altare</strong></span> <span class='ocrx_word' id='word_1_611' title='bbox 2389 3291 2566 3345; x_wconf 86' lang='lat' dir='ltr'><strong>sancti</strong></span> <span class='ocrx_word' id='word_1_612' title='bbox 2586 3291 2729 3343; x_wconf 87' lang='lat' dir='ltr'><strong>Petri</strong></span> <span class='ocrx_word' id='word_1_613' title='bbox 2754 3290 3028 3359; x_wconf 87' lang='lat' dir='ltr'><strong>principis</strong></span> <span class='ocrx_word' id='word_1_614' title='bbox 3068 3290 3454 3358; x_wconf 85' lang='lat' dir='ltr'><strong>apostolorum.</strong></span> <span class='ocrx_word' id='word_1_615' title='bbox 3509 3291 3724 3346; x_wconf 78' lang='lat' dir='ltr'><strong>Simili-</strong></span> 
     </span>
    </p>
   </div>
   <div class='ocr_carea' id='block_1_89' title="bbox 2100 3378 3730 3452">
    <p class='ocr_par' dir='ltr' id='par_1_89' title="bbox 2100 3378 3730 3452">
     <span class='ocr_line' id='line_1_89' title="bbox 2100 3378 3730 3452; baseline -0.001 -14"><span class='ocrx_word' id='word_1_616' title='bbox 2100 3389 2182 3438; x_wconf 87' lang='lat' dir='ltr'><strong>ter</strong></span> <span class='ocrx_word' id='word_1_617' title='bbox 2202 3387 2259 3438; x_wconf 88' lang='lat' dir='ltr'><strong>in</strong></span> <span class='ocrx_word' id='word_1_618' title='bbox 2278 3397 2420 3452; x_wconf 86' lang='lat' dir='ltr'><strong>pago</strong></span> <span class='ocrx_word' id='word_1_619' title='bbox 2437 3380 2650 3435; x_wconf 83' lang='lat' dir='ltr'><strong>Asbain</strong></span> <span class='ocrx_word' id='word_1_620' title='bbox 2680 3378 2819 3450; x_wconf 86' lang='lat'><strong>(893)</strong></span> <span class='ocrx_word' id='word_1_621' title='bbox 2846 3379 2996 3448; x_wconf 85' lang='lat' dir='ltr'><strong>apud</strong></span> <span class='ocrx_word' id='word_1_622' title='bbox 3013 3380 3204 3434; x_wconf 90' lang='lat' dir='ltr'><strong>villam</strong></span> <span class='ocrx_word' id='word_1_623' title='bbox 3232 3378 3454 3434; x_wconf 83' lang='lat' dir='ltr'><strong>Hcrines</strong></span> <span class='ocrx_word' id='word_1_624' title='bbox 3475 3397 3730 3437; x_wconf 81' lang='lat' dir='ltr'><strong>mansum</strong></span> 
     </span>
    </p>
   </div>
   <div class='ocr_carea' id='block_1_90' title="bbox 2100 3469 3740 3541">
    <p class='ocr_par' dir='ltr' id='par_1_90' title="bbox 2100 3469 3740 3541">
     <span class='ocr_line' id='line_1_90' title="bbox 2100 3469 3740 3541; baseline 0 -14"><span class='ocrx_word' id='word_1_625' title='bbox 2100 3489 2288 3537; x_wconf 84' lang='lat' dir='ltr'><strong>unum,</strong></span> <span class='ocrx_word' id='word_1_626' title='bbox 2323 3470 2468 3541; x_wconf 86' lang='lat' dir='ltr'><strong>quod</strong></span> <span class='ocrx_word' id='word_1_627' title='bbox 2495 3469 2798 3535; x_wconf 82' lang='lat' dir='ltr'><strong>Rothingus</strong></span> <span class='ocrx_word' id='word_1_628' title='bbox 2820 3471 2871 3522; x_wconf 86' lang='lat' dir='ltr'><strong>et</strong></span> <span class='ocrx_word' id='word_1_629' title='bbox 2899 3469 3141 3538; x_wconf 78' lang='lat' dir='ltr'><strong>conjuna-</strong></span> <span class='ocrx_word' id='word_1_630' title='bbox 3167 3469 3283 3538; x_wconf 87' lang='lat' dir='ltr'><strong>ejus</strong></span> <span class='ocrx_word' id='word_1_631' title='bbox 3303 3474 3555 3524; x_wconf 84' lang='lat' dir='ltr'><strong>emerunt.</strong></span> <span class='ocrx_word' id='word_1_632' title='bbox 3594 3473 3740 3528; x_wconf 71' lang='lat' dir='ltr'><strong>Vita</strong></span> 
     </span>
    </p>
   </div>
   <div class='ocr_carea' id='block_1_91' title="bbox 2100 3559 3733 3631">
    <p class='ocr_par' dir='ltr' id='par_1_91' title="bbox 2100 3559 3733 3631">
     <span class='ocr_line' id='line_1_91' title="bbox 2100 3559 3733 3631; baseline 0.001 -14"><span class='ocrx_word' id='word_1_633' title='bbox 2100 3563 2331 3631; x_wconf 80' lang='lat' dir='ltr'><strong>denique</strong></span> <span class='ocrx_word' id='word_1_634' title='bbox 2373 3561 2684 3614; x_wconf 70' lang='lat' dir='ltr'><strong>monasticae</strong></span> <span class='ocrx_word' id='word_1_635' title='bbox 2715 3574 2959 3613; x_wconf 84' lang='lat' dir='ltr'><strong>normam</strong></span> <span class='ocrx_word' id='word_1_636' title='bbox 3002 3562 3094 3628; x_wconf 86' lang='lat' dir='ltr'><strong>pio</strong></span> <span class='ocrx_word' id='word_1_637' title='bbox 3115 3559 3482 3630; x_wconf 78' lang='lat' dir='ltr'><strong>multiplicare</strong></span> <span class='ocrx_word' id='word_1_638' title='bbox 3509 3577 3733 3618; x_wconf 84' lang='lat' dir='ltr'><strong>cernens</strong></span> 
     </span>
    </p>
   </div>
   <div class='ocr_carea' id='block_1_92' title="bbox 2098 3651 3740 3724">
    <p class='ocr_par' dir='ltr' id='par_1_92' title="bbox 2098 3651 3740 3724">
     <span class='ocr_line' id='line_1_92' title="bbox 2098 3651 3740 3724; baseline 0 -15"><span class='ocrx_word' id='word_1_639' title='bbox 2098 3658 2302 3710; x_wconf 71' lang='lat' dir='ltr'><strong>intuitu</strong></span> <span class='ocrx_word' id='word_1_640' title='bbox 2328 3655 2559 3724; x_wconf 77' lang='lat' dir='ltr'><strong>pissima</strong></span> <span class='ocrx_word' id='word_1_641' title='bbox 2585 3651 2737 3706; x_wconf 87' lang='lat' dir='ltr'><strong>Gisla</strong></span> <span class='ocrx_word' id='word_1_642' title='bbox 2757 3666 2930 3720; x_wconf 84' lang='lat' dir='ltr'><strong>supra</strong></span> <span class='ocrx_word' id='word_1_643' title='bbox 2947 3657 3261 3718; x_wconf 83' lang='lat' dir='ltr'><strong>memorata,</strong></span> <span class='ocrx_word' id='word_1_644' title='bbox 3293 3667 3412 3707; x_wconf 77' lang='lat' dir='ltr'><strong>vere</strong></span> <span class='ocrx_word' id='word_1_645' title='bbox 3432 3653 3564 3721; x_wconf 78' lang='lat' dir='ltr'><strong>ﬁdei</strong></span> <span class='ocrx_word' id='word_1_646' title='bbox 3591 3654 3740 3710; x_wconf 88' lang='lat' dir='ltr'><strong>divi-</strong></span> 
     </span>
    </p>
   </div>
   <div class='ocr_carea' id='block_1_93' title="bbox 2099 3741 3733 3811">
    <p class='ocr_par' dir='ltr' id='par_1_93' title="bbox 2099 3741 3733 3811">
     <span class='ocr_line' id='line_1_93' title="bbox 2099 3741 3733 3811; baseline 0.001 -14"><span class='ocrx_word' id='word_1_647' title='bbox 2099 3746 2247 3797; x_wconf 85' lang='lat' dir='ltr'><strong>nitus</strong></span> <span class='ocrx_word' id='word_1_648' title='bbox 2278 3743 2473 3795; x_wconf 84' lang='lat' dir='ltr'><strong>ardore</strong></span> <span class='ocrx_word' id='word_1_649' title='bbox 2499 3756 2774 3807; x_wconf 88' lang='lat' dir='ltr'><strong>succensa,</strong></span> <span class='ocrx_word' id='word_1_650' title='bbox 2816 3741 2969 3794; x_wconf 83' lang='lat' dir='ltr'><strong>dedit</strong></span> <span class='ocrx_word' id='word_1_651' title='bbox 3007 3743 3383 3796; x_wconf 82' lang='lat' dir='ltr'><strong>amantissimo</strong></span> <span class='ocrx_word' id='word_1_652' title='bbox 3421 3744 3605 3811; x_wconf 81' lang='lat' dir='ltr'><strong>nepoti</strong></span> <span class='ocrx_word' id='word_1_653' title='bbox 3633 3758 3733 3798; x_wconf 86' lang='lat' dir='ltr'><strong>suo</strong></span> 
     </span>
    </p>
   </div>
   <div class='ocr_carea' id='block_1_94' title="bbox 2108 3831 3732 3903">
    <p class='ocr_par' dir='ltr' id='par_1_94' title="bbox 2108 3831 3732 3903">
     <span class='ocr_line' id='line_1_94' title="bbox 2108 3831 3732 3903; baseline -0.001 -14"><span class='ocrx_word' id='word_1_654' title='bbox 2108 3836 2390 3902; x_wconf 64' lang='lat' dir='ltr'><strong>Via/aperto</strong></span> <span class='ocrx_word' id='word_1_655' title='bbox 2417 3833 2598 3886; x_wconf 86' lang='lat' dir='ltr'><strong>crebro</strong></span> <span class='ocrx_word' id='word_1_656' title='bbox 2625 3835 2912 3886; x_wconf 87' lang='lat' dir='ltr'><strong>memorato</strong></span> <span class='ocrx_word' id='word_1_657' title='bbox 2933 3833 3115 3885; x_wconf 83' lang='lat' dir='ltr'><strong>omnia</strong></span> <span class='ocrx_word' id='word_1_658' title='bbox 3139 3832 3238 3886; x_wconf 89' lang='lat' dir='ltr'><strong>sub</strong></span> <span class='ocrx_word' id='word_1_659' title='bbox 3261 3847 3323 3886; x_wconf 87' lang='lat' dir='ltr'><strong>ea</strong></span> <span class='ocrx_word' id='word_1_660' title='bbox 3335 3831 3556 3887; x_wconf 72' lang='lat' dir='ltr'><strong>(latione</strong></span> <span class='ocrx_word' id='word_1_661' title='bbox 3579 3834 3732 3903; x_wconf 82' lang='lat' dir='ltr'><strong>quic-</strong></span> 
     </span>
    </p>
   </div>
   <div class='ocr_carea' id='block_1_95' title="bbox 2097 3929 3732 4003">
    <p class='ocr_par' dir='ltr' id='par_1_95' title="bbox 2097 3929 3732 4003">
     <span class='ocr_line' id='line_1_95' title="bbox 2097 3929 3732 4003; baseline 0 -18"><span class='ocrx_word' id='word_1_662' title='bbox 2097 3933 2233 4002; x_wconf 76' lang='lat' dir='ltr'><strong>quid</strong></span> <span class='ocrx_word' id='word_1_663' title='bbox 2263 3933 2535 4003; x_wconf 78' lang='lat' dir='ltr'><strong>prrefatus</strong></span> <span class='ocrx_word' id='word_1_664' title='bbox 2566 3933 2654 3984; x_wconf 82' lang='lat' dir='ltr'><strong>vir</strong></span> <span class='ocrx_word' id='word_1_665' title='bbox 2718 3929 3014 3997; x_wconf 82' lang='lat' dir='ltr'><strong>Rothingus</strong></span> <span class='ocrx_word' id='word_1_666' title='bbox 3055 3930 3202 3984; x_wconf 83' lang='lat' dir='ltr'><strong>datis</strong></span> <span class='ocrx_word' id='word_1_667' title='bbox 3258 3931 3442 3998; x_wconf 86' lang='lat' dir='ltr'><strong>gratia</strong></span> <span class='ocrx_word' id='word_1_668' title='bbox 3481 3930 3732 3998; x_wconf 87' lang='lat' dir='ltr'><strong>legaliter</strong></span> 
     </span>
    </p>
   </div>
   <div class='ocr_carea' id='block_1_96' title="bbox 2095 4020 3732 4082">
    <p class='ocr_par' dir='ltr' id='par_1_96' title="bbox 2095 4020 3732 4082">
     <span class='ocr_line' id='line_1_96' title="bbox 2095 4020 3732 4082; baseline 0.001 -8"><span class='ocrx_word' id='word_1_669' title='bbox 2095 4023 2390 4075; x_wconf 67' lang='lat' dir='ltr'><strong>donaverat</strong></span> <span class='ocrx_word' id='word_1_670' title='bbox 2445 4023 2505 4074; x_wconf 87' lang='lat' dir='ltr'><strong>in</strong></span> <span class='ocrx_word' id='word_1_671' title='bbox 2565 4021 2823 4074; x_wconf 85' lang='lat' dir='ltr'><strong>comitatu</strong></span> <span class='ocrx_word' id='word_1_672' title='bbox 2890 4020 3225 4082; x_wconf 81' lang='lat' dir='ltr'><strong>Wastenaco,</strong></span> <span class='ocrx_word' id='word_1_673' title='bbox 3290 4021 3456 4074; x_wconf 85' lang='lat' dir='ltr'><strong>villas</strong></span> <span class='ocrx_word' id='word_1_674' title='bbox 3521 4021 3732 4075; x_wconf 75' lang='lat' dir='ltr'><strong>scilicet</strong></span> 
     </span>
    </p>
   </div>
   <div class='ocr_carea' id='block_1_97' title="bbox 2101 4113 3732 4182">
    <p class='ocr_par' dir='ltr' id='par_1_97' title="bbox 2101 4113 3732 4182">
     <span class='ocr_line' id='line_1_97' title="bbox 2101 4113 3732 4182; baseline -0.002 -9"><span class='ocrx_word' id='word_1_675' title='bbox 2101 4119 2290 4173; x_wconf 81' lang='lat' dir='ltr'><strong>Naslei</strong></span> <span class='ocrx_word' id='word_1_676' title='bbox 2319 4122 2368 4170; x_wconf 88' lang='lat' dir='ltr'><strong>et</strong></span> <span class='ocrx_word' id='word_1_677' title='bbox 2407 4116 2639 4178; x_wconf 67' lang='lat' dir='ltr'><strong>(Porbeis,</strong></span> <span class='ocrx_word' id='word_1_678' title='bbox 2672 4120 2721 4169; x_wconf 90' lang='lat' dir='ltr'><strong>et</strong></span> <span class='ocrx_word' id='word_1_679' title='bbox 2757 4116 3058 4182; x_wconf 75' lang='lat' dir='ltr'><strong>Avoncurt,</strong></span> <span class='ocrx_word' id='word_1_680' title='bbox 3093 4121 3143 4168; x_wconf 89' lang='lat' dir='ltr'><strong>et</strong></span> <span class='ocrx_word' id='word_1_681' title='bbox 3174 4113 3411 4171; x_wconf 87' lang='lat' dir='ltr'><strong>Curceles</strong></span> <span class='ocrx_word' id='word_1_682' title='bbox 3447 4130 3732 4170; x_wconf 88' lang='lat' dir='ltr'><strong>mansum-</strong></span> 
     </span>
    </p>
   </div>
   <div class='ocr_carea' id='block_1_98' title="bbox 2103 4203 3730 4276">
    <p class='ocr_par' dir='ltr' id='par_1_98' title="bbox 2103 4203 3730 4276">
     <span class='ocr_line' id='line_1_98' title="bbox 2103 4203 3730 4276; baseline -0.001 -16"><span class='ocrx_word' id='word_1_683' title='bbox 2103 4223 2205 4276; x_wconf 86' lang='lat' dir='ltr'><strong>quc</strong></span> <span class='ocrx_word' id='word_1_684' title='bbox 2233 4220 2398 4260; x_wconf 88' lang='lat' dir='ltr'><strong>unum</strong></span> <span class='ocrx_word' id='word_1_685' title='bbox 2428 4206 2500 4258; x_wconf 88' lang='lat' dir='ltr'><strong>ad</strong></span> <span class='ocrx_word' id='word_1_686' title='bbox 2529 4208 2727 4258; x_wconf 88' lang='lat' dir='ltr'><strong>curtem</strong></span> <span class='ocrx_word' id='word_1_687' title='bbox 2758 4206 3010 4260; x_wconf 83' lang='lat' dir='ltr'><strong>Romenci</strong></span> <span class='ocrx_word' id='word_1_688' title='bbox 3036 4203 3256 4270; x_wconf 86' lang='lat' dir='ltr'><strong>dictam,</strong></span> <span class='ocrx_word' id='word_1_689' title='bbox 3290 4204 3581 4272; x_wconf 82' lang='lat' dir='ltr'><strong>villamque</strong></span> <span class='ocrx_word' id='word_1_690' title='bbox 3609 4204 3730 4258; x_wconf 77' lang='lat' dir='ltr'><strong>Mo-</strong></span> 
     </span>
    </p>
   </div>
   <div class='ocr_carea' id='block_1_99' title="bbox 2103 4299 3730 4368">
    <p class='ocr_par' dir='ltr' id='par_1_99' title="bbox 2103 4299 3730 4368">
     <span class='ocr_line' id='line_1_99' title="bbox 2103 4299 3730 4368; baseline -0.002 -13"><span class='ocrx_word' id='word_1_691' title='bbox 2103 4303 2210 4356; x_wconf 80' lang='lat' dir='ltr'><strong>lins</strong></span> <span class='ocrx_word' id='word_1_692' title='bbox 2275 4301 2563 4353; x_wconf 81' lang='lat' dir='ltr'><strong>vocitatam</strong></span> <span class='ocrx_word' id='word_1_693' title='bbox 2617 4299 2917 4368; x_wconf 89' lang='lat' dir='ltr'><strong>silvamque</strong></span> <span class='ocrx_word' id='word_1_694' title='bbox 2971 4300 3236 4366; x_wconf 86' lang='lat' dir='ltr'><strong>Boisotgis</strong></span> <span class='ocrx_word' id='word_1_695' title='bbox 3291 4299 3604 4361; x_wconf 84' lang='lat' dir='ltr'><strong>vocitatam,</strong></span> <span class='ocrx_word' id='word_1_696' title='bbox 3675 4301 3730 4352; x_wconf 87' lang='lat' dir='ltr'><strong>et</strong></span> 
     </span>
    </p>
   </div>
   <div class='ocr_carea' id='block_1_100' title="bbox 2095 4387 3729 4452">
    <p class='ocr_par' dir='ltr' id='par_1_100' title="bbox 2095 4387 3729 4452">
     <span class='ocr_line' id='line_1_100' title="bbox 2095 4387 3729 4452; baseline -0.002 -8"><span class='ocrx_word' id='word_1_697' title='bbox 2095 4391 2283 4445; x_wconf 87' lang='lat' dir='ltr'><strong>villam</strong></span> <span class='ocrx_word' id='word_1_698' title='bbox 2313 4388 2508 4442; x_wconf 84' lang='lat' dir='ltr'><strong>Ailant</strong></span> <span class='ocrx_word' id='word_1_699' title='bbox 2533 4393 2582 4442; x_wconf 88' lang='lat' dir='ltr'><strong>et</strong></span> <span class='ocrx_word' id='word_1_700' title='bbox 2607 4389 2750 4443; x_wconf 85' lang='lat' dir='ltr'><strong>Urei.</strong></span> <span class='ocrx_word' id='word_1_701' title='bbox 2791 4391 2862 4443; x_wconf 88' lang='lat' dir='ltr'><strong>Et</strong></span> <span class='ocrx_word' id='word_1_702' title='bbox 2887 4404 3134 4443; x_wconf 86' lang='lat' dir='ltr'><strong>mansum</strong></span> <span class='ocrx_word' id='word_1_703' title='bbox 3169 4387 3337 4444; x_wconf 79' lang='lat' dir='ltr'><strong>unum</strong></span> <span class='ocrx_word' id='word_1_704' title='bbox 3363 4391 3423 4452; x_wconf 80' lang='lat' dir='ltr'><strong>in</strong></span> <span class='ocrx_word' id='word_1_705' title='bbox 3460 4387 3601 4442; x_wconf 88' lang='lat' dir='ltr'><strong>villa</strong></span> <span class='ocrx_word' id='word_1_706' title='bbox 3627 4387 3729 4442; x_wconf 85' lang='lat' dir='ltr'><strong>Ai-</strong></span> 
     </span>
    </p>
   </div>
   <div class='ocr_carea' id='block_1_101' title="bbox 2096 4477 3728 4547">
    <p class='ocr_par' dir='ltr' id='par_1_101' title="bbox 2096 4477 3728 4547">
     <span class='ocr_line' id='line_1_101' title="bbox 2096 4477 3728 4547; baseline -0.002 -14"><span class='ocrx_word' id='word_1_707' title='bbox 2096 4481 2231 4534; x_wconf 88' lang='lat' dir='ltr'><strong>lant.</strong></span> <span class='ocrx_word' id='word_1_708' title='bbox 2265 4478 2336 4531; x_wconf 89' lang='lat' dir='ltr'><strong>Et</strong></span> <span class='ocrx_word' id='word_1_709' title='bbox 2381 4477 2748 4531; x_wconf 85' lang='lat' dir='ltr'><strong>molendinum</strong></span> <span class='ocrx_word' id='word_1_710' title='bbox 2777 4492 2945 4532; x_wconf 89' lang='lat' dir='ltr'><strong>unum</strong></span> <span class='ocrx_word' id='word_1_711' title='bbox 2975 4492 3138 4547; x_wconf 85' lang='lat' dir='ltr'><strong>super</strong></span> <span class='ocrx_word' id='word_1_712' title='bbox 3163 4480 3400 4546; x_wconf 78' lang='lat' dir='ltr'><strong>ﬂuvium</strong></span> <span class='ocrx_word' id='word_1_713' title='bbox 3436 4477 3728 4532; x_wconf 86' lang='lat' dir='ltr'><strong>Fontlaine</strong></span> 
     </span>
    </p>
   </div>
   <div class='ocr_carea' id='block_1_102' title="bbox 2094 4565 3728 4638">
    <p class='ocr_par' dir='ltr' id='par_1_102' title="bbox 2094 4565 3728 4638">
     <span class='ocr_line' id='line_1_102' title="bbox 2094 4565 3728 4638; baseline -0.001 -17"><span class='ocrx_word' id='word_1_714' title='bbox 2094 4569 2154 4622; x_wconf 87' lang='lat' dir='ltr'><strong>in</strong></span> <span class='ocrx_word' id='word_1_715' title='bbox 2191 4569 2448 4621; x_wconf 85' lang='lat' dir='ltr'><strong>comitatu</strong></span> <span class='ocrx_word' id='word_1_716' title='bbox 2487 4567 2762 4621; x_wconf 83' lang='lat' dir='ltr'><strong>Lazensis.</strong></span> <span class='ocrx_word' id='word_1_717' title='bbox 2801 4569 2870 4620; x_wconf 88' lang='lat' dir='ltr'><strong>Et</strong></span> <span class='ocrx_word' id='word_1_718' title='bbox 2907 4567 3179 4622; x_wconf 83' lang='lat' dir='ltr'><strong>clibanum</strong></span> <span class='ocrx_word' id='word_1_719' title='bbox 3216 4567 3485 4638; x_wconf 86' lang='lat' dir='ltr'><strong>quendam</strong></span> <span class='ocrx_word' id='word_1_720' title='bbox 3511 4567 3568 4619; x_wconf 88' lang='lat' dir='ltr'><strong>in</strong></span> <span class='ocrx_word' id='word_1_721' title='bbox 3593 4565 3728 4620; x_wconf 81' lang='lat' dir='ltr'><strong>civi-</strong></span> 
     </span>
    </p>
   </div>
   <div class='ocr_carea' id='block_1_103' title="bbox 2097 4655 3726 4726">
    <p class='ocr_par' dir='ltr' id='par_1_103' title="bbox 2097 4655 3726 4726">
     <span class='ocr_line' id='line_1_103' title="bbox 2097 4655 3726 4726; baseline -0.002 -14"><span class='ocrx_word' id='word_1_722' title='bbox 2097 4662 2206 4712; x_wconf 84' lang='lat' dir='ltr'><strong>tate</strong></span> <span class='ocrx_word' id='word_1_723' title='bbox 2235 4657 2367 4712; x_wconf 87' lang='lat' dir='ltr'><strong>Scns</strong></span> <span class='ocrx_word' id='word_1_724' title='bbox 2393 4659 2732 4725; x_wconf 87' lang='lat' dir='ltr'><strong>nuncupata,</strong></span> <span class='ocrx_word' id='word_1_725' title='bbox 2787 4671 2889 4726; x_wconf 86' lang='lat' dir='ltr'><strong>per</strong></span> <span class='ocrx_word' id='word_1_726' title='bbox 2926 4671 3095 4711; x_wconf 90' lang='lat' dir='ltr'><strong>annos</strong></span> <span class='ocrx_word' id='word_1_727' title='bbox 3143 4657 3428 4712; x_wconf 84' lang='lat' dir='ltr'><strong>solventem</strong></span> <span class='ocrx_word' id='word_1_728' title='bbox 3479 4655 3726 4723; x_wconf 77' lang='lat' dir='ltr'><strong>singulos</strong></span> 
     </span>
    </p>
   </div>
   <div class='ocr_carea' id='block_1_104' title="bbox 2096 4744 3725 4804">
    <p class='ocr_par' dir='ltr' id='par_1_104' title="bbox 2096 4744 3725 4804">
     <span class='ocr_line' id='line_1_104' title="bbox 2096 4744 3725 4804; baseline -0.001 -2"><span class='ocrx_word' id='word_1_729' title='bbox 2096 4749 2166 4802; x_wconf 87' lang='lat'><strong>30</strong></span> <span class='ocrx_word' id='word_1_730' title='bbox 2195 4747 2394 4802; x_wconf 87' lang='lat' dir='ltr'><strong>solidos</strong></span> <span class='ocrx_word' id='word_1_731' title='bbox 2415 4761 2776 4801; x_wconf 85' lang='lat' dir='ltr'><strong>nummorum.</strong></span> <span class='ocrx_word' id='word_1_732' title='bbox 2807 4749 2879 4802; x_wconf 90' lang='lat' dir='ltr'><strong>Et</strong></span> <span class='ocrx_word' id='word_1_733' title='bbox 2915 4751 3112 4802; x_wconf 88' lang='lat' dir='ltr'><strong>cortem</strong></span> <span class='ocrx_word' id='word_1_734' title='bbox 3143 4745 3414 4804; x_wconf 85' lang='lat' dir='ltr'><strong>Herhardi</strong></span> <span class='ocrx_word' id='word_1_735' title='bbox 3450 4751 3506 4802; x_wconf 90' lang='lat' dir='ltr'><strong>et</strong></span> <span class='ocrx_word' id='word_1_736' title='bbox 3539 4744 3725 4800; x_wconf 86' lang='lat' dir='ltr'><strong>Cade-</strong></span> 
     </span>
    </p>
   </div>
   <div class='ocr_carea' id='block_1_105' title="bbox 2095 4837 3728 4910">
    <p class='ocr_par' dir='ltr' id='par_1_105' title="bbox 2095 4837 3728 4910">
     <span class='ocr_line' id='line_1_105' title="bbox 2095 4837 3728 4910; baseline -0.001 -16"><span class='ocrx_word' id='word_1_737' title='bbox 2095 4844 2261 4895; x_wconf 87' lang='lat' dir='ltr'><strong>raita.</strong></span> <span class='ocrx_word' id='word_1_738' title='bbox 2291 4839 2560 4896; x_wconf 86' lang='lat' dir='ltr'><strong>Similiter</strong></span> <span class='ocrx_word' id='word_1_739' title='bbox 2587 4837 2932 4908; x_wconf 51' lang='lat' dir='ltr'><strong>inﬁcomitatu</strong></span> <span class='ocrx_word' id='word_1_740' title='bbox 2959 4839 3239 4910; x_wconf 89' lang='lat' dir='ltr'><strong>Stampais</strong></span> <span class='ocrx_word' id='word_1_741' title='bbox 3262 4841 3454 4896; x_wconf 86' lang='lat' dir='ltr'><strong>villam</strong></span> <span class='ocrx_word' id='word_1_742' title='bbox 3483 4840 3728 4904; x_wconf 63' lang='lat' dir='ltr'><strong>Maison,</strong></span> 
     </span>
    </p>
   </div>
   <div class='ocr_carea' id='block_1_106' title="bbox 2097 4929 3728 5006">
    <p class='ocr_par' dir='ltr' id='par_1_106' title="bbox 2097 4929 3728 5006">
     <span class='ocr_line' id='line_1_106' title="bbox 2097 4929 3728 5006; baseline 0.004 -21"><span class='ocrx_word' id='word_1_743' title='bbox 2097 4931 2319 4995; x_wconf 88' lang='lat' dir='ltr'><strong>dictam,</strong></span> <span class='ocrx_word' id='word_1_744' title='bbox 2344 4933 2394 4982; x_wconf 88' lang='lat' dir='ltr'><strong>et</strong></span> <span class='ocrx_word' id='word_1_745' title='bbox 2412 4929 2600 4982; x_wconf 89' lang='lat' dir='ltr'><strong>villam</strong></span> <span class='ocrx_word' id='word_1_746' title='bbox 2629 4930 2847 4997; x_wconf 82' lang='lat' dir='ltr'><strong>Algeldi</strong></span> <span class='ocrx_word' id='word_1_747' title='bbox 2891 4929 3040 4986; x_wconf 78' lang='lat' dir='ltr'><strong>Gisia</strong></span> <span class='ocrx_word' id='word_1_748' title='bbox 3060 4935 3181 5000; x_wconf 85' lang='lat' dir='ltr'><strong>post</strong></span> <span class='ocrx_word' id='word_1_749' title='bbox 3210 4931 3320 4987; x_wconf 67' lang='lat' dir='ltr'><strong>haec</strong></span> <span class='ocrx_word' id='word_1_750' title='bbox 3348 4947 3520 5004; x_wconf 84' lang='lat' dir='ltr'><strong>supra</strong></span> <span class='ocrx_word' id='word_1_751' title='bbox 3541 4939 3728 5006; x_wconf 86' lang='lat' dir='ltr'><strong>sepius</strong></span> 
     </span>
    </p>
   </div>
   <div class='ocr_carea' id='block_1_107' title="bbox 2094 5021 3724 5098">
    <p class='ocr_par' dir='ltr' id='par_1_107' title="bbox 2094 5021 3724 5098">
     <span class='ocr_line' id='line_1_107' title="bbox 2094 5021 3724 5098; baseline 0.004 -19"><span class='ocrx_word' id='word_1_752' title='bbox 2094 5027 2388 5079; x_wconf 82' lang='lat' dir='ltr'><strong>memorata</strong></span> <span class='ocrx_word' id='word_1_753' title='bbox 2417 5021 2620 5078; x_wconf 71' lang='lat' dir='ltr'><strong>divinae</strong></span> <span class='ocrx_word' id='word_1_754' title='bbox 2657 5025 3039 5093; x_wconf 88' lang='lat' dir='ltr'><strong>inspirationis</strong></span> <span class='ocrx_word' id='word_1_755' title='bbox 3067 5027 3128 5079; x_wconf 90' lang='lat' dir='ltr'><strong>in</strong></span> <span class='ocrx_word' id='word_1_756' title='bbox 3152 5041 3215 5079; x_wconf 87' lang='lat' dir='ltr'><strong>ea</strong></span> <span class='ocrx_word' id='word_1_757' title='bbox 3243 5029 3415 5095; x_wconf 88' lang='lat' dir='ltr'><strong>magis</strong></span> <span class='ocrx_word' id='word_1_758' title='bbox 3453 5043 3517 5082; x_wconf 88' lang='lat' dir='ltr'><strong>ac</strong></span> <span class='ocrx_word' id='word_1_759' title='bbox 3543 5032 3724 5098; x_wconf 87' lang='lat' dir='ltr'><strong>magis</strong></span> 
     </span>
    </p>
   </div>
   <div class='ocr_carea' id='block_1_108' title="bbox 2095 5110 3725 5184">
    <p class='ocr_par' dir='ltr' id='par_1_108' title="bbox 2095 5110 3725 5184">
     <span class='ocr_line' id='line_1_108' title="bbox 2095 5110 3725 5184; baseline 0.004 -16"><span class='ocrx_word' id='word_1_760' title='bbox 2095 5115 2356 5168; x_wconf 88' lang='lat' dir='ltr'><strong>crescente</strong></span> <span class='ocrx_word' id='word_1_761' title='bbox 2383 5110 2665 5166; x_wconf 71' lang='lat' dir='ltr'><strong>clementia</strong></span> <span class='ocrx_word' id='word_1_762' title='bbox 2707 5114 3089 5168; x_wconf 82' lang='lat' dir='ltr'><strong>monachorum</strong></span> <span class='ocrx_word' id='word_1_763' title='bbox 3133 5115 3499 5184; x_wconf 85' lang='lat' dir='ltr'><strong>multiplicare</strong></span> <span class='ocrx_word' id='word_1_764' title='bbox 3533 5117 3725 5174; x_wconf 86' lang='lat' dir='ltr'><strong>videns</strong></span> 
     </span>
    </p>
   </div>
   <div class='ocr_carea' id='block_1_109' title="bbox 2095 5209 3725 5282">
    <p class='ocr_par' dir='ltr' id='par_1_109' title="bbox 2095 5209 3725 5282">
     <span class='ocr_line' id='line_1_109' title="bbox 2095 5209 3725 5282; baseline -0.001 -14"><span class='ocrx_word' id='word_1_765' title='bbox 2095 5218 2366 5269; x_wconf 87' lang='lat' dir='ltr'><strong>catervam</strong></span> <span class='ocrx_word' id='word_1_766' title='bbox 2395 5255 2410 5280; x_wconf 91' lang='lat'><strong>,</strong></span> <span class='ocrx_word' id='word_1_767' title='bbox 2449 5225 2608 5282; x_wconf 83' lang='lat' dir='ltr'><strong>seque</strong></span> <span class='ocrx_word' id='word_1_768' title='bbox 2642 5209 2828 5264; x_wconf 88' lang='lat' dir='ltr'><strong>divino</strong></span> <span class='ocrx_word' id='word_1_769' title='bbox 2886 5212 3204 5280; x_wconf 88' lang='lat' dir='ltr'><strong>mancipans</strong></span> <span class='ocrx_word' id='word_1_770' title='bbox 3259 5210 3532 5282; x_wconf 86' lang='lat' dir='ltr'><strong>obsequio,</strong></span> <span class='ocrx_word' id='word_1_771' title='bbox 3570 5212 3725 5269; x_wconf 87' lang='lat' dir='ltr'><strong>dedit</strong></span> 
     </span>
    </p>
   </div>
   <div class='ocr_carea' id='block_1_110' title="bbox 1732 5323 2364 5382">
    <p class='ocr_par' dir='ltr' id='par_1_110' title="bbox 1732 5323 2364 5382">
     <span class='ocr_line' id='line_1_110' title="bbox 1732 5323 2364 5382; baseline -0.008 0"><span class='ocrx_word' id='word_1_772' title='bbox 1732 5327 1951 5382; x_wconf 62' lang='lat' dir='ltr'><strong>VARIIE</strong></span> <span class='ocrx_word' id='word_1_773' title='bbox 1985 5323 2364 5380; x_wconf 83' lang='lat' dir='ltr'><strong>LECTIONES.</strong></span> 
     </span>
    </p>
   </div>
   <div class='ocr_carea' id='block_1_111' title="bbox 451 5423 596 5479">
    <p class='ocr_par' dir='ltr' id='par_1_111' title="bbox 451 5423 596 5479">
     <span class='ocr_line' id='line_1_111' title="bbox 451 5423 596 5479; baseline 0.014 -22"><span class='ocrx_word' id='word_1_774' title='bbox 451 5423 522 5459; x_wconf 68' lang='lat'><strong>703</strong></span> <span class='ocrx_word' id='word_1_775' title='bbox 549 5440 596 5479; x_wconf 49' lang='grc' dir='ltr'><strong>δ’</strong></span> 
     </span>
    </p>
   </div>
   <div class='ocr_carea' id='block_1_112' title="bbox 385 5495 517 5550">
    <p class='ocr_par' dir='ltr' id='par_1_112' title="bbox 385 5495 517 5550">
     <span class='ocr_line' id='line_1_112' title="bbox 385 5495 517 5550; baseline -0.008 -1"><span class='ocrx_word' id='word_1_776' title='bbox 385 5495 517 5550; x_wconf 88' lang='lat' dir='ltr'><strong>add.</strong></span> 
     </span>
    </p>
   </div>
   <div class='ocr_carea' id='block_1_113' title="bbox 647 5422 1678 5494">
    <p class='ocr_par' dir='ltr' id='par_1_113' title="bbox 647 5422 1678 5494">
     <span class='ocr_line' id='line_1_113' title="bbox 647 5422 1678 5494; baseline -0.001 -16"><span class='ocrx_word' id='word_1_777' title='bbox 647 5425 768 5494; x_wconf 84' lang='lat' dir='ltr'><strong>jam</strong></span> <span class='ocrx_word' id='word_1_778' title='bbox 807 5441 1019 5480; x_wconf 84' lang='lat' dir='ltr'><strong>erasum</strong></span> <span class='ocrx_word' id='word_1_779' title='bbox 1059 5427 1155 5480; x_wconf 87' lang='lat' dir='ltr'><strong>est.</strong></span> <span class='ocrx_word' id='word_1_780' title='bbox 1234 5423 1303 5458; x_wconf 77' lang='grc'><strong>⁷⁰⁹</strong></span> <span class='ocrx_word' id='word_1_781' title='bbox 1340 5422 1593 5479; x_wconf 88' lang='lat' dir='ltr'><strong>Elluinus</strong></span> <span class='ocrx_word' id='word_1_782' title='bbox 1631 5440 1678 5478; x_wconf 90' lang='lat' dir='ltr'><strong>c.</strong></span> 
     </span>
    </p>
   </div>
   <div class='ocr_carea' id='block_1_114' title="bbox 1759 5418 2656 5496">
    <p class='ocr_par' dir='ltr' id='par_1_114' title="bbox 1759 5418 2656 5496">
     <span class='ocr_line' id='line_1_114' title="bbox 1759 5418 2656 5496; baseline -0.001 -23"><span class='ocrx_word' id='word_1_783' title='bbox 1759 5423 1830 5457; x_wconf 72' lang='lat' dir='ltr'><strong>7t&quot;</strong></span> <span class='ocrx_word' id='word_1_784' title='bbox 1868 5423 2110 5496; x_wconf 81' lang='lat' dir='ltr'><strong>gratuito</strong></span> <span class='ocrx_word' id='word_1_785' title='bbox 2149 5435 2289 5476; x_wconf 88' lang='lat' dir='ltr'><strong>corr.</strong></span> <span class='ocrx_word' id='word_1_786' title='bbox 2333 5418 2570 5491; x_wconf 79' lang='lat' dir='ltr'><strong>gratuito</strong></span> <span class='ocrx_word' id='word_1_787' title='bbox 2612 5435 2656 5473; x_wconf 94' lang='lat' dir='ltr'><strong>c.</strong></span> 
     </span>
    </p>
   </div>
   <div class='ocr_carea' id='block_1_115' title="bbox 2737 5414 3723 5488">
    <p class='ocr_par' dir='ltr' id='par_1_115' title="bbox 2737 5414 3723 5488">
     <span class='ocr_line' id='line_1_115' title="bbox 2737 5414 3723 5488; baseline 0.001 -18"><span class='ocrx_word' id='word_1_788' title='bbox 2737 5417 2800 5449; x_wconf 72' lang='lat'><strong>7“</strong></span> <span class='ocrx_word' id='word_1_789' title='bbox 2843 5414 3167 5471; x_wconf 86' lang='lat' dir='ltr'><strong>contrarius.</strong></span> <span class='ocrx_word' id='word_1_790' title='bbox 3246 5415 3316 5450; x_wconf 80' lang='grc'>⁷¹²</span> <span class='ocrx_word' id='word_1_791' title='bbox 3355 5415 3409 5471; x_wconf 90' lang='lat' dir='ltr'><strong>in</strong></span> <span class='ocrx_word' id='word_1_792' title='bbox 3450 5418 3510 5472; x_wconf 89' lang='lat' dir='ltr'><strong>in</strong></span> <span class='ocrx_word' id='word_1_793' title='bbox 3545 5433 3723 5488; x_wconf 87' lang='lat' dir='ltr'><strong>marg.</strong></span> 
     </span>
    </p>
   </div>
   <div class='ocr_carea' id='block_1_116' title="bbox 1941 5590 2147 5646">
    <p class='ocr_par' dir='ltr' id='par_1_116' title="bbox 1941 5590 2147 5646">
     <span class='ocr_line' id='line_1_116' title="bbox 1941 5590 2147 5646; baseline 0.01 -2"><span class='ocrx_word' id='word_1_794' title='bbox 1941 5590 2147 5646; x_wconf 69' lang='lat' dir='ltr'><strong>NOTIE.</strong></span> 
     </span>
    </p>
   </div>
   <div class='ocr_carea' id='block_1_117' title="bbox 456 5692 950 5764">
    <p class='ocr_par' dir='ltr' id='par_1_117' title="bbox 456 5692 950 5764">
     <span class='ocr_line' id='line_1_117' title="bbox 456 5692 950 5764; baseline -0.004 -16"><span class='ocrx_word' id='word_1_795' title='bbox 456 5693 607 5764; x_wconf 85' lang='lat'><strong>(893)</strong></span> <span class='ocrx_word' id='word_1_796' title='bbox 655 5692 950 5748; x_wconf 82' lang='lat' dir='ltr'><strong>llasbanio.</strong></span> 
     </span>
    </p>
   </div>
  </div>
