3938 6050
244 256 351 314 601
1339 258 1543 315 GESTA
1585 259 1891 316 ABBATUM
1933 260 2503 318 GEMBLACENSIUM.
3481 265 3587 323 602

156 416 163 420 ι
244 396 669 462 θεὶαηι,’ρνιειεν
693 404 758 447 ea
786 407 906 462 quae
948 397 1072 463 jam
1096 407 1263 462 supra
1291 398 1617 463 notavimus,
1658 409 1727 450 ea:
1744 411 1874 465 pro-
1899 398 1947 468 Α
1972 396 2188 453 condita
2214 404 2345 453 sunt
2371 400 2567 454 honore
2589 400 2869 454 salventur
2896 375 3137 469 ;Deoq.ue
3150 401 3489 467 famulantes
3519 408 3587 462 ab

158 508 165 511 η
238 484 373 553 pria
402 481 695 536 hereditate
720 484 781 536 in
808 484 1066 537 comitatu
1089 484 1328 539 videlicet
1376 488 1596 551 Maisou,
1654 488 1714 539 in
1739 486 1871 540 villa
1971 489 2121 542 omni
2141 494 2498 557 protegantur
2525 489 2865 556 adversitate,
2896 489 3184 557 nullusque
3218 488 3367 544 nobis
3406 507 3587 547 succe-

246 586 375 643 quae
399 572 602 626 dz‘citur
637 573 860 638 Masuic,
890 573 1168 643 quandam
1197 579 1354 629 teme
1382 581 1617 644 partem,
1650 577 1870 645 compli-

246 679 471 734 cemque
494 665 724 719 navium
745 677 844 733 per
866 680 1038 721 annos
1061 667 1345 722 solventem
1372 668 1609 736 singulos
1633 671 1870 738 quinque

241 757 436 813 solidos
477 757 863 828 denariorum.
921 763 987 813 In
1032 759 1311 830 eodemque
1365 763 1625 816 comitatu
1684 761 1872 816 villam

242 867 372 921 qua:
397 851 600 907 dicitur
621 853 852 906 Biettine
876 854 939 907 in
992 869 1101 923 qua
1157 854 1385 909 habetur
1446 856 1703 924 (ecclesia,
1754 869 1867 911 me-

244 945 449 999 dietate
470 942 685 1014 quidem
732 951 941 1012 nostra,
980 960 1207 1001 mansus
1253 947 1692 1017 indominicatus,
1749 965 1867 1005 mo-

248 1037 556 1105 tendinum,
590 1038 802 1105 camba,
835 1044 1168 1109 captumque
1223 1042 1473 1109 piscium.
1502 1044 1565 1094 In
1607 1045 1865 1098 comitatu

244 1144 370 1186 vero
401 1134 601 1193 Bewers
625 1132 814 1185 villam
841 1132 1077 1187 Malivort
1131 1134 1331 1187 dictam
1384 1149 1510 1188 cum
1540 1135 1676 1188 inibi
1697 1139 1866 1204 perti-

244 1220 521 1287 nentibus,
562 1236 628 1275 ac
646 1222 706 1274 in
733 1223 971 1291 quadam
996 1222 1127 1277 villa
1156 1223 1393 1293 ejusdem
1417 1228 1705 1279 comitatus
1743 1229 1868 1279 Ber—

244 1324 376 1378 gam
401 1312 695 1364 vocitatam
722 1324 881 1380 super
915 1314 1147 1377 fluvium
1176 1311 1548 1383 Rimzvineam
1584 1315 1861 1369 obtima-m.

244 1408 483 1458 Domnus
508 1404 715 1457 interea
740 1406 1005 1472 praefatus
1064 1408 1385 1476 Wichpcrtus
1431 1408 1496 1462 de
1515 1412 1758 1477 paternis
1788 1409 1867 1463 vel
1891 1401 1898 1407 ’

245 1498 511 1550 maternis
555 1495 712 1551 rebus
760 1497 864 1551 sibi
905 1502 1033 1567 jure
1088 1499 1395 1553 hereditatis
1420 1500 1610 1568 legales
1659 1503 1865 1567 faciens

247 1588 584 1655 traditiones,
615 1589 757 1643 dedit
794 1591 1044 1658 quicquid
1081 1593 1301 1659 jurium
1352 1595 1497 1647 visus
1542 1599 1618 1648 est
1674 1594 1868 1648 habere

1968 578 2097 632 dens
2124 592 2222 632 rex
2246 580 2307 631 in
2334 583 2599 632 ceternum
2624 578 2839 647 aliquod
2884 579 3084 633 audeat
3144 592 3213 633 ea:
3257 579 3436 634 eodem
3481 581 3590 638 loco

1971 674 2214 737 expetere
2239 670 2467 723 sortium
2507 674 2707 737 praeter
2758 671 2959 723 munia
2987 670 3316 735 orationum,
3361 669 3429 723 ab
3471 685 3589 726 om-

1969 745 2133 828 nique
2167 758 2509 828 subjectionis
2529 773 2783 814 excussus
2814 772 2971 813 onere
2992 757 3061 793 7“
3088 772 3278 827 regum
3327 767 3589 830 perpetua

1968 856 2218 921 ﬁrmetur
2247 858 2475 910 tuitione
2500 871 2518 923 ;
2551 870 2647 910 nec
2674 858 2857 925 quovis
2910 853 3061 911 modo
3098 855 3291 924 aliquis
3321 858 3589 927 episcopus

1967 947 2026 999 in
2054 948 2212 1015 cujus
2236 945 2430 1000 diocesi
2452 946 2591 1000 idem
2616 948 2801 1000 existit
2817 946 2960 1001 locus
3006 944 3248 1014 aliquam
3272 948 3382 999 vim
3400 952 3590 1001 contra

1964 1039 2299 1094 voluntatem
2324 1037 2532 1092 abbatis
2563 1039 2777 1105 habeat,
2810 1053 2909 1093 nec
2931 1039 3195 1107 synodum
3211 1052 3590 1108 peragere,nec

1968 1128 2141 1183 ullam
2169 1129 2386 1181 omnino
2415 1143 2531 1183 rem
2546 1143 2828 1188 exornare.
2856 1130 2966 1183 nisi
2990 1129 3364 1183 tantummodo
3390 1144 3586 1184 mona-

1968 1221 2087 1274 chos
2114 1218 2352 1288 ejusdem
2404 1217 2612 1273 abbatis
2668 1219 2919 1274 ordinare
2946 1236 2964 1287 ;
2994 1225 3112 1289 post
3166 1225 3498 1289 mortemque
3519 1217 3588 1253 ηδ

1967 1319 2082 1385 ejus
2112 1316 2402 1368 accersitus
2424 1316 2593 1383 juxta
2632 1315 2878 1383 regulam
2905 1319 3084 1370 sancti
3128 1316 3397 1371 Benedicti
3415 1316 3590 1371 consi-

1968 1406 2037 1462 lio
2062 1408 2452 1461 monachorum
2473 1411 2892 1477 ca’terorumque
2921 1408 3452 1477 comprovincialium
3481 1423 3585 1464 no-

1964 1513 2091 1553 men
2119 1500 2213 1551 Dei
2241 1499 2571 1563 timentium,
2596 1499 2919 1568 imperioque
2941 1500 3079 1568 regis
3119 1500 3346 1555 electum
3373 1500 3589 1555 benedi-

1968 1596 2057 1647 cat
2085 1588 2333 1643 abbatem
2356 1606 2375 1656 ;
2396 1591 2577 1658 sicque
2604 1591 2811 1644 nullius
2836 1593 3079 1645 muneris
3110 1597 3323 1661 accepto
3377 1595 3590 1646 servitio

242 1685 403 1735 extra
432 1681 676 1746 fratrum
699 1696 922 1736 suorum
948 1685 1254 1737 societatem
1288 1686 1401 1753 sub;
1428 1689 1646 1740 nomine
1695 1692 1787 1743 Dei
1813 1698 1864 1745 et

1971 1688 2160 1752 praeter
2184 1683 2536 1736 constitutam
2562 1680 2909 1751 praebendam
2936 1686 3096 1752 panis
3131 1685 3311 1738 sancti
3352 1684 3593 1740 Salvato-

243 1769 542 1826 Salvatoris
566 1773 737 1825 nostri
770 1774 1050 1841 sanctique
1078 1776 1223 1827 Petri
1284 1779 1438 1844 regni
1467 1779 1721 1833 caelorum
1750 1780 1861 1834 cla-

1964 1778 2058 1842 ris,
2091 1774 2161 1828 ad
2173 1780 2358 1828 satum
2384 1774 2563 1828 redeat
2601 1778 2834 1845 propria:
2874 1776 3027 1830 sedis.
3063 1780 3127 1830 Et
3172 1778 3302 1846 quia
3351 1777 3451 1830 sub
3480 1792 3583 1832 no-

239 1862 431 1928 vigeri,
459 1860 724 1925 fratribus
749 1863 810 1914 in
840 1860 1017 1916 eodem
1048 1862 1154 1918 loco
1184 1864 1464 1920 Gemblaus
1495 1868 1593 1921 sub
1623 1871 1864 1937 regulari
1960 1870 2076 1919 stra
2102 1865 2343 1918 consistit
2375 1864 2597 1932 ditione,
2631 1866 2931 1918 annuimus
2969 1864 3154 1918 abbati
3202 1865 3590 1921 cancellarium

239 1953 543 2007 viventibus
570 1953 873 2022 disciplina,
922 1969 1047 2023 quos
1086 1956 1280 2010 ibidem
1333 1960 1423 2012 Dei
1461 1960 1863 2016 coadunaverat
1963 1958 2068 2014 sibi
2097 1960 2420 2013 constituere
2440 1973 2841 2027 quemcumque
2868 1960 3093 2014 voluerit
3137 1974 3205 2014 ea:
3226 1962 3357 2015 suis.
3388 1960 3590 2014 Simili-

237 2045 608 2110 miseratione,
634 2045 695 2098 in
723 2048 983 2100 comitatu
1010 2048 1210 2101 scilicet
1251 2049 1504 2103 Dreibaut
1534 2053 1595 2104 in
1621 2052 1730 2106 loco
1757 2056 1866 2109 Me-
1972 2057 2052 2105 ter
2074 2055 2398 2116 mercatum,
2436 2064 2822 2119 percussuram
2848 2055 3094 2117 monetw,
3146 2052 3472 2105 matheriam
3496 2050 3587 2105 τίθ.

241 2134 325 2187 lin
353 2134 667 2201 wcclesiam,
692 2150 950 2189 mansum
1010 2138 1464 2193 indominicatum
1503 2156 1630 2195 cum
1664 2158 1870 2213 appen—

240 2224 390 2277 ditiis
417 2227 551 2289 suis,
582 2224 851 2292 cumbam,
905 2226 1298 2293 molendinum,
1356 2235 1408 2283 et
1445 2232 1726 2286 culturam
1763 2238 1868 2288 Ar-

242 2316 456 2385 nulphi.
486 2321 552 2370 Et
586 2317 765 2372 decem
785 2334 1001 2384 mansos
1052 2321 1116 2375 de
1142 2323 1415 2389 Lietzinis,
1481 2339 1607 2392 quos
1636 2326 1748 2390 ﬁlio
1772 2342 1868 2383 suo

243 2409 529 2464 karissimo
559 2409 859 2479 Wichperto
918 2419 1095 2466 mater
1146 2415 1472 2470 solummodo
1516 2433 1643 2471 cum
1693 2421 1869 2485 fratre

241 2513 342 2553 suo
373 2500 580 2553 Oidoldo
606 2500 848 2568 legaliter
878 2502 1117 2556 tradidit.
1176 2508 1242 2557 Et
1293 2520 1467 2558 unam
1520 2508 1761 2561 insulam
1808 2513 1866 2562 in

245 2588 432 2642 eadem
452 2589 602 2643 villa.
632 2593 699 2642 Et
725 2590 870 2658 apud
893 2591 1125 2645 eundem
1146 2609 1352 2661 pagum
1372 2596 1711 2651 medietatem
1762 2599 1862 2652 vil-

243 2682 313 2735 ιω
338 2682 560 2747 Putiau,
610 2679 1055 2751 medietate-mque
1103 2687 1360 2739 Beurene.
1409 2690 1473 2739 In
1503 2691 1867 2758 comitataque

242 2774 550 2827 Darnuensi
571 2771 906 2826 medietatem
937 2774 1079 2827 villa:
1119 2777 1315 2851 Curtils
1352 2777 1528 2847 dictis,
1567 2795 1631 2834 ac
1668 2781 1864 2836 medie-

244 2868 414 2916 tatem
430 2862 569 2915 villaz
604 2858 892 2915 Walaham
908 2862 1081 2932 dictae,
1112 2866 1554 2938 medietatemque
1594 2870 1866 2925 Wasmont

244 2956 307 3007 in
330 2967 467 3024 pago
486 2951 708 3007 Asbain.
738 2955 1008 3023 Siqmdem
1034 2960 1087 3008 et
1141 2959 1202 3010 in
1253 2958 1349 3013 hoc
1378 2959 1570 3014 habuit
1596 2960 1866 3017 doctorem

241 3054 297 3103 et
314 3053 613 3118 patronum
635 3049 904 3118 quendam
928 3051 1284 3106 venerabilem
1341 3056 1523 3108 virum
1546 3055 1858 3123 Erluinum,

244 3144 341 3212 qui
363 3148 413 3196 et
430 3144 540 3211 ipse
566 3145 907 3211 canonicam,
929 3159 1032 3212 quo
1056 3145 1285 3213 vivebat,
1308 3148 1555 3215 regulam
1580 3151 1777 3202 avertit
1795 3149 1865 3202 ad

244 3239 606 3291 monasticam
629 3240 820 3292 vitam.
873 3240 1056 3309 Ipsum
1105 3255 1323 3310 prorsus
1354 3244 1396 3296 is
1433 3244 1698 3312 praefatus
1756 3244 1863 3299 Wi-

248 3329 498 3399 chpertus
548 3336 666 3400 post
739 3331 1066 3396 aediﬁcatam
1140 3335 1437 3388 (ecclesiam
1511 3343 1561 3389 et
1613 3337 1860 3402 ofﬁcinas

1968 2147 2070 2196 Nec
2082 2155 2182 2210 per
2230 2155 2426 2209 gyrum
2464 2140 2630 2209 ipsius
2678 2138 2945 2192 abbathice
2995 2138 3241 2207 quislibet
3268 2154 3438 2195 comes
3481 2142 3592 2195 sive

1968 2231 2177 2299 legatus
2202 2229 2505 2285 dominicus
2544 2228 2656 2282 ulla
2705 2232 2899 2281 utatur
2940 2232 3199 2296 potestate
3224 2229 3343 2281 sine
3358 2228 3590 2295 permis-

1968 2324 2115 2376 sione
2176 2321 2387 2375 abbatis
2413 2326 2463 2374 et
2502 2318 2763 2373 advocati.
2821 2318 3092 2386 Isdemque
3142 2316 3285 2371 locus
3313 2315 3588 2372 absolutus

1966 2419 2037 2472 sit
2066 2415 2132 2469 ab
2157 2417 2306 2470 omni
2342 2413 2574 2468 theloneo
2597 2429 2616 2480 ;
2654 2426 2752 2465 nec
2780 2413 2840 2465 in
2877 2413 3112 2477 civitate,
3141 2423 3240 2464 nec
3268 2411 3325 2463 in
3351 2408 3583 2473 castello,

1967 2523 2067 2562 nec
2098 2510 2157 2561 in
2184 2507 2335 2571 villa,
2366 2520 2465 2559 nec
2490 2518 2650 2573 super
2675 2519 2865 2573 aquas,
2889 2517 2988 2557 nec
3008 2504 3068 2555 in
3095 2500 3364 2569 pontibus,
3394 2516 3493 2556 nec
3528 2503 3590 2556 in

1968 2600 2134 2655 ullius
2160 2599 2372 2667 imperii
2395 2599 2569 2651 nostri
2592 2597 2698 2650 loco
2726 2596 2993 2649 tributum
3019 2595 3251 2649 solvant.
3276 2591 3368 2663 {Et
3398 2594 3590 2663 hujus-

1963 2690 2109 2745 modi
2127 2703 2225 2758 per
2251 2686 2592 2742 succedentia
2622 2691 2858 2753 tempora
2895 2685 3039 2739 locus
3090 2684 3179 2737 ille
3204 2696 3395 2751 regum
3433 2687 3590 2735 tuea-

1967 2791 2058 2837 tur
2099 2782 2360 2849 regimine
2388 2794 2453 2833 ac
2475 2778 2800 2844 defensione,
2860 2782 2921 2830 ut
2964 2782 3015 2830 et
3040 2790 3133 2830 nos
3160 2781 3209 2829 et
3252 2773 3590 2829 succedentes

1964 2887 2109 2941 reges
2123 2885 2308 2926 eorum
2331 2874 2683 2938 protegamur
2733 2868 2993 2920 oratione.
3050 2870 3213 2920 Porro
3242 2865 3336 2919 hoc
3364 2866 3449 2920 uti
3467 2880 3584 2919 ma-

1965 2968 2094 3017 neat
2111 2947 2301 3015 ratum
2324 2966 2375 3015 et
2401 2973 2493 3028 per
2515 2956 2855 3012 succedentia
2902 2963 3138 3026 tempora
3182 2956 3585 3024 inconvulsum,

1963 3052 2122 3105 anuli
2141 3053 2313 3106 nostri
2336 3049 2680 3119 impressione
2724 3047 2957 3116 sigillari
2977 3049 3245 3115 jussimus
3296 3060 3362 3100 ac
3410 3059 3587 3099 manu

1963 3149 2149 3199 nostra
2174 3143 2362 3197 subtus
2400 3142 2760 3207 ﬁrmavimus.

1997 3238 2261 3304 ‘Signum
2288 3234 2409 3288 dom
2438 3232 2515 3304 (L.
2564 3232 2651 3297 M.)
2693 3233 2755 3285 ni
2803 3234 3005 3287 Ottonis
3051 3218 3382 3286 serenissimi
3427 3232 3585 3300 regis.

1963 3329 2117 3380 Brun
2144 3323 2501 3379 cancellarius
2533 3320 2603 3374 ad
2647 3322 2819 3374 vicem
2849 3321 3118 3375 Fridurici
3166 3321 3590 3390 archicapellani

246 3422 494 3488 claustri,
525 3436 659 3490 quas
685 3423 851 3476 simul
890 3430 1329 3492 construxerant,
1378 3427 1483 3479 sibi
1510 3427 1666 3495 elegit
1696 3426 1862 3481 abba-
1960 3414 2263 3481 recognovi-

251 3517 376 3579 tem,
429 3517 481 3566 et
533 3526 589 3566 se
636 3528 762 3566 cum
818 3513 1063 3568 omnibus
1140 3531 1266 3583 quos
1344 3520 1665 3571 accersierat
1747 3532 1861 3571 mo-

248 3605 436 3658 nachis
487 3606 751 3659 commisit
812 3607 1106 3674 regendum
1132 3648 1147 3670 ,
1216 3609 1297 3662 illi
1350 3612 1526 3677 potius
1585 3624 1641 3663 se
1698 3624 1863 3679 quam

246 3694 461 3749 sibimet
526 3696 628 3763 ipsi
708 3695 945 3750 credens.
1048 3697 1220 3764 Igitur
1306 3700 1436 3765 quia
1512 3698 1658 3753 bonis
1721 3699 1867 3753 debo-

248 3801 371 3840 mus
430 3788 844 3841 amminiculari
903 3790 1055 3855 viris,
1115 3796 1177 3843 ut
1232 3796 1417 3844 nostra
1476 3791 1697 3844 valeant
1762 3794 1874 3846 tui-

248 3882 391 3934 tione
407 3879 639 3947 defendi,
670 3883 819 3948 regia
867 3883 1275 3950 magniﬁcentia
1325 3898 1389 3938 ac
1442 3885 1643 3937 virtute
1682 3890 1866 3939 nostra

249 3973 561 4029 roboramus
618 3977 961 4042 auctoritate,
1029 3977 1282 4045 quicquid
1346 3980 1455 4046 ipse
1505 3978 1735 4032 contulit
1786 3979 1868 4032 illi

248 4064 497 4117 azcclesiw
514 4063 754 4118 videlicet
807 4065 868 4116 in
919 4064 1220 4130 Gemblaus,
1263 4081 1327 4119 ac
1387 4067 1640 4135 quicquid
1674 4067 1869 4122 exinde

248 4155 640 4211 venerabilium
661 4159 904 4212 virorum
943 4158 1229 4225 largitione
1264 4163 1365 4213 Deo
1392 4161 1561 4226 fuerit
1590 4167 1869 4215 annuente

251 4262 576 4316 concessum,
599 4255 660 4303 ut
688 4250 872 4304 nullus
902 4250 1203 4313 inﬁdelium
1226 4250 1307 4305 vel
1335 4251 1529 4319 aliquis
1559 4255 1673 4320 ejus
1718 4253 1865 4306 here-

250 4343 386 4395 dum
410 4341 593 4408 aliqua
617 4342 916 4394 temeritate
953 4340 1255 4407 infringere
1290 4342 1508 4408 audeat,
1565 4342 1656 4396 sed
1689 4345 1866 4412 potius

250 4429 627 4484 inconvulsum
654 4443 859 4497 semper
884 4436 1202 4498 permaneat
1230 4429 1300 4463 ⁷¹³
1344 4431 1589 4485 [lubeant
1617 4446 1749 4485 sane
1769 4448 1863 4500 po-

253 4523 517 4583 testatcm,
542 4521 684 4573 sicut
708 4521 814 4587 ipsi
841 4534 873 4572 a
903 4519 1052 4573 nobis
1079 4522 1437 4588 eapetierunt,
1461 4521 1690 4590 eligendi
1708 4536 1866 4590 regu-

249 4610 422 4664 larem
447 4612 530 4664 vel
558 4612 617 4664 in
642 4611 730 4666 illo
756 4610 863 4665 loco
890 4612 971 4664 vel
1000 4611 1323 4681 ubicumque
1353 4614 1427 4667 eis
1456 4614 1644 4667 melius
1690 4616 1871 4668 visum

252 4702 421 4765 fuerit
436 4699 684 4754 abbatem
712 4706 763 4754 et
782 4701 1119 4767 advocatum,
1160 4704 1255 4770 qui
1309 4701 1445 4755 inibi
1472 4701 1629 4757 datas
1654 4716 1736 4755 res
1762 4703 1871 4770 lege

251 4789 489 4843 detineat
540 4795 725 4843 nostra
771 4791 853 4842 vel
903 4793 1161 4844 comitum
1190 4796 1498 4846 nostrorum
1544 4791 1869 4857 defensione.

254 4882 452 4945 Quibus
466 4882 645 4937 eodem
660 4885 920 4951 jussionis
969 4898 1102 4937 mea?
1140 4886 1362 4953 imperio
1412 4883 1651 4952 faciendi
1687 4883 1873 4937 castel-

255 4972 370 5026 lum
394 4972 719 5027 concedatur
769 4977 1019 5041 potestas,
1052 4989 1085 5026 a
1131 4975 1285 5039 falsis
1312 4976 1571 5043 quatinus
1610 4974 1869 5028 christia-

254 5067 339 5119 nis
390 5066 471 5119 vel
494 5068 726 5135 paganis
758 5068 989 5135 pignora
1039 5074 1241 5122 sanctm
1258 5084 1350 5121 um
1387 5085 1506 5138 qua:
1534 5069 1671 5125 inibi
1710 5069 1871 5138 digno

1889 4472 1943 4538 D

2032 3508 2171 3558 Data
2201 3500 2290 3556 12.
2322 3501 2435 3554 Kal.
2468 3499 2720 3554 Octobris.
2756 3500 2961 3553 Actum
2986 3513 3133 3553 anno
3189 3500 3587 3554 incarnationis

1962 3597 2175 3651 Domini
2210 3593 2335 3661 946,
2370 3593 2661 3647 indictione
2691 3592 2741 3646 1.
2771 3591 2840 3626 ⁷¹⁷
2871 3606 3018 3646 αηηο
3045 3591 3230 3645 domui
3260 3594 3464 3646 Ottonis
3500 3593 3584 3648 11.

1972 3688 2241 3742 Actumin
2270 3685 2467 3741 Leodio.
2502 3686 2571 3747 (S.
2605 3682 2690 3753 Β.)
2719 3681 2882 3754 (894).
3476 3688 3489 3705 ‘

2044 3779 2100 3849 7)
2129 3778 2457 3849 Apostolica:
2478 3781 2660 3831 autem
2692 3774 3031 3831 auctoritatis
3060 3781 3208 3830 carta
3235 3775 3357 3830 hzec
3378 3782 3463 3829 est
3495 3788 3512 3831 :

2044 3871 2084 3938 1'
2137 3869 2449 3924 Benedictus
2502 3870 2771 3939 episcopus
2824 3882 3008 3923 servus
3061 3882 3334 3923 servoru-m
3370 3870 3464 3922 Dei
3516 3865 3587 3901 ἰο

1966 3960 2206 4028 religioso
2234 3959 2417 4013 abbati
2444 3959 2739 4014 venerabili
2765 3958 2834 3993 ⁷¹⁹
2866 3961 3182 4014 monasterii
3203 3961 3382 4015 sancti
3403 3960 3586 4015 salva-

1970 4052 2096 4105 toris
2131 4051 2337 4104 domini
2362 4052 2535 4104 nostri
2582 4054 2732 4105 Jesus
2763 4051 2958 4104 Christi
2994 4066 3060 4105 ac
3115 4053 3295 4105 sancti
3319 4054 3463 4105 Petri
3490 4063 3587 4105 no-

1965 4147 2105 4198 viter
2131 4144 2205 4197 ibi
2231 4146 2531 4214 constituti,
2585 4148 2802 4213 suisque
2835 4144 3223 4200 successoribus
3297 4147 3358 4198 in
3399 4157 3588 4215 perpe-

1969 4242 2143 4290 tuum.
2177 4239 2311 4289 Cum
2338 4252 2542 4305 magna
2569 4236 2718 4291 nobis
2780 4238 3139 4292 sollicitudine
3197 4239 3399 4292 insistit
3454 4252 3589 4291 cura

1963 4343 2059 4397 pro
2110 4330 2373 4382 universis
2433 4330 2526 4381 Dei
2570 4329 2818 4383 (ecclesiis
2851 4344 2935 4383 -ac
2953 4331 3061 4398 piis
3116 4330 3243 4383 locis
3282 4330 3590 4397 invigilan-

1967 4420 2098 4472 dum
2126 4417 2217 4486 πθ,
2257 4434 2327 4473 ne
2354 4420 2538 4487 aliqua
2566 4422 2880 4473 necessitate
2928 4422 3211 4489 jacturam
3255 4421 3586 4488 sustineant,

1967 4510 2057 4564 sed
2080 4514 2253 4579 magis
2272 4513 2503 4579 propria:
2532 4512 2786 4565 utilitatis
2841 4511 3108 4579 stipendia
3148 4518 3584 4579 consequantur:

1970 4604 2082 4660 ideo
2109 4606 2356 4659 convenit
2379 4618 2473 4658 nos
2527 4610 2638 4658 tota
2686 4605 2974 4673 pastoralis
3027 4606 3226 4658 mentis
3276 4606 3591 4673 integritate

1969 4694 2261 4749 eorundem
2281 4693 2674 4748 uenerabilium
2700 4695 2940 4749 locorum
2952 4697 3197 4749 maxime
3223 4696 3591 4763 integritatem

1970 4791 2023 4839 et
2048 4785 2399 4839 stabilitatem
2418 4800 2731 4854 procurare,
2765 4791 2814 4839 et
2839 4786 3018 4841 sedule
3044 4801 3231 4841 eorum
3260 4786 3589 4841 utilitatibus

1969 4874 2207 4930 subsidia
2237 4875 2348 4929 illic
2383 4876 2644 4941 conferre,
2674 4881 2737 4929 ut
2791 4880 2891 4931 Deo
2943 4883 3121 4933 nostro
3158 4879 3511 4947 omnipotenti
3537 4878 3592 4931 id

1971 4970 2110 5039 quod
2132 4986 2229 5040 pro
2257 4974 2370 5040 ejus
2394 4973 2573 5026 sancti
2601 4973 2834 5027 nominis
2860 4974 3054 5028 honore
3077 4976 3245 5028 etiam
3281 4973 3351 5027 ad
3374 4972 3591 5026 laudem

1971 5073 2132 5136 atque
2155 5068 2384 5137 gloriam
2423 5071 2536 5138 ejus
2576 5067 2773 5121 divina:
2808 5071 3106 5140 majestatis
3158 5083 3283 5125 cum
3310 5066 3590 5123 venerabi-

1605 5196 1825 5253 VARUE
1852 5194 2229 5251 LECTIONES.

323 5288 646 5369 τ¹³χηδηςξι
670 5306 811 5369 corr.
846 5308 1020 5369 perm.
1086 5293 1169 5369 ,Ψ
1201 5293 1413 5350 honore
1432 5311 1799 5369 compilare.
1824 5297 2207 5369 il‘Krpprtem
2237 5312 2376 5351 corr.
2407 5301 2772 5369 mortemque.
2851 5298 2921 5333 ⁷¹⁶
2939 5313 3042 5353 rec.
3076 5311 3269 5369 manus
3299 5294 3589 5369 addita.-

256 5359 465 5422 ciendi,
558 5359 626 5394 7”
658 5365 765 5417 alia
796 5359 963 5435 manu
992 5367 1050 5419 in
1080 5364 1188 5420 loco
1217 5381 1358 5421 raso.

255 5436 687 5502 transpunctum.

1455 5367 1523 5400 “8
1551 5367 1615 5422 ΙΝ
1647 5367 2046 5424 PERPETUUM
2073 5371 2315 5438 primum
2339 5370 2546 5439 scripta
2575 5367 2768 5428 deinde
2796 5386 2972 5426 erasa.

3074 5368 3141 5403 7"
3190 5371 3271 5423 ita
3300 5382 3346 5423 ο.
3431 5365 3588 5423 min

1816 5510 2027 5567 ΝΟΤΑΞ.

322 5603 472 5690 (δεμ)
513 5605 766 5689 Diploma
805 5607 879 5662 ita
916 5606 1185 5690 scribitur
1229 5615 1289 5666 ut
1327 5608 1706 5666 authenticum
1734 5626 1849 5681 prae
1903 5611 2078 5668 oculis
2124 5609 2296 5668 fuisse
2344 5610 2623 5669 videatur.
2665 5611 3077 5686 Monogramma
3133 5617 3190 5668 ct
3245 5612 3466 5690 signum
3498 5628 3591 5669 re-

254 5677 592 5751 cognitionis
630 5678 804 5737 minio
834 5680 1039 5752 scripta
1066 5686 1210 5737 sunt.
