3938 6050
348 217 455 275 603

1558 229 1902 288 διωςθεῆτι
1942 230 2451 290 ΕΕΗΒιΛΟΕΝΒλϐ.

3567 241 3678 297 604

351 344 490 438 libus
516 358 611 399 nos
637 350 947 438 certum-est
994 350 1280 438 contulisse
1326 350 1451 408 locis
1496 358 1567 410 sit
1620 358 1960 429 acceptabile,
1988 364 2041 432 Α
2063 358 2215 415 ribus
2237 364 2511 415 mercatus
2538 366 2765 429 aeterna,
2790 364 2899 431 egit
2944 378 3065 433 quae
3108 368 3211 420 Deo
3260 373 3417 422 erant
3451 369 3677 438 placita.

351 432 601 501 nobisque
628 433 695 486 ab
750 437 865 505 ejus
920 437 1332 506 locupletissima
1373 445 1739 502 misericordia
1794 448 1962 517 digna

350 524 656 592 hujusmodi
706 526 786 594 pii
834 530 1002 595 operis
1039 532 1100 583 in
1153 531 1366 588 sidereis
1404 537 1720 602 conferatur
1746 540 1962 596 arcibus

348 619 732 672 remuneratio.
760 621 936 688 Igitur
986 624 1116 691 quia
1144 622 1209 657 ⁷²¹
1262 627 1547 695 postulatis
1568 646 1603 684 a
1640 632 1791 688 nobis
1813 650 1959 704 qua-

353 709 499 761 tinus
516 723 618 777 pro
646 712 737 763 Dei
781 716 1157 784 omnipotentis
1210 735 1393 775 amore
1439 737 1504 777 ac
1538 723 1724 779 damni
1758 729 1961 783 Ottonis

346 800 824 867 praecellentissimi
870 803 1226 878 limperatoris
1289 815 1563 883 nostrique
1623 816 1801 872 dilecti
1859 819 1963 883 ﬁlii

351 891 751 949 concederemus
776 901 936 965 algae
962 901 1407 966 conﬁrmaremus
1462 905 1611 962 nobis
1658 908 1961 985 predictum

350 991 740 1043 monasterium
768 992 828 1045 in
850 994 1045 1050 honore
1092 1000 1271 1053 sancti
1330 1000 1619 1056 Saluatoris
1673 1019 1739 1058 ac
1785 1007 1965 1060 sancti

353 1080 497 1131 Petri
532 1085 921 1151 constructum,
989 1101 1116 1141 cum
1169 1089 1417 1145 omnibus
1471 1091 1627 1147 rebus
1679 1094 1962 1151 mobilibus

350 1176 510 1240 atque
538 1175 895 1232 immobilibus
947 1194 1067 1248 quae
1114 1181 1213 1235 sub
1241 1182 1419 1238 eodem
1456 1189 1778 1242 monasterio
1802 1188 1962 1258 adja-

350 1278 466 1318 cere
489 1280 554 1320 ac
576 1269 847 1335 pertinere
869 1271 1139 1338 videntur,
1197 1278 1311 1327 tam
1355 1278 1562 1331 mansis
1591 1292 1758 1346 quam
1794 1282 1962 1335 etiam

347 1356 557 1419 castris,
585 1357 722 1411 villis
752 1364 913 1427 atque
938 1361 1227 1428 casalibus,
1262 1368 1375 1417 tam
1402 1367 1498 1433 qui
1519 1373 1805 1435 praesentes
1831 1375 1962 1423 sunt

346 1461 612 1516 quamque
637 1452 802 1503 etiam
831 1465 996 1521 usque
1023 1456 1081 1506 in
1118 1455 1285 1519 ﬁnem
1329 1470 1438 1511 esse
1482 1457 1766 1526 debebunt,
1792 1464 1960 1531 posito

346 1540 405 1591 in
434 1539 542 1593 loco
564 1543 658 1608 qui
680 1548 904 1596 vocatur
958 1542 1251 1613 Gemblaos,
1283 1549 1620 1605 concedimus
1650 1557 1810 1621 atque
1833 1568 1961 1608 con-

343 1626 629 1690 ﬁrmamus
658 1632 942 1699 apostolica
983 1637 1306 1691 auctoritate
1343 1642 1405 1691 ut
1454 1637 1519 1693 de
1555 1640 1663 1695 alio
1691 1648 1962 1699 monaste-

344 1717 425 1770 rio
450 1716 614 1772 abbas
643 1719 719 1772 ibi
744 1736 854 1774 non
878 1726 1265 1789 constituatur,
1295 1725 1384 1780 sed
1434 1730 1537 1796 ipsi
1584 1732 1725 1783 servi
1751 1729 1837 1784 dei
1874 1746 1959 1786 se-

348 1808 589 1862 cundum
608 1810 855 1879 regulam
877 1816 1056 1867 sancti
1079 1815 1348 1869 Benedicti
1364 1817 1682 1872 viventerex
1707 1834 1809 1874 sua
1833 1836 1959 1890 pro-

345 1899 470 1965 pria
498 1903 904 1968 congregatione
951 1907 1278 1970 potestatem
1320 1905 1549 1973 eligendi
1585 1907 1833 1963 abbatem
1860 1912 1958 1965 ha-

350 1992 528 2046 beant.
558 1994 729 2049 Abbas
752 1997 1044 2065 privilegiis
1071 1999 1206 2054 sedis
1258 2003 1553 2069 apostolicaz
1597 2005 1787 2072 infulis
1811 2006 1963 2063 deco-

350 2088 529 2149 ratur,
583 2090 644 2137 ut
695 2086 794 2140 sub
835 2090 1213 2156 jurisdictione
1261 2099 1465 2147 sancta:
1520 2101 1718 2149 nostrae
1745 2101 1837 2153 cui
1863 2104 1963 2155 Deo

350 2177 569 2227 auctore
595 2174 917 2231 deseruimus
955 2180 1203 2234 (ecclesia:
1244 2178 1599 2239 constitutum
1653 2188 1859 2242 nullius
1881 2189 1963 2242 al-

351 2267 516 2319 terius
553 2268 779 2322 ecclesiu:
825 2272 1270 2339 jurisdicionibus
1311 2276 1686 2344 submittatur,
1746 2285 1799 2334 et
1851 2282 1964 2338 ideo

349 2357 632 2425 cujuslibet
659 2360 901 2416 (ecclesia:
924 2365 1228 2434 episcOpum
1256 2368 1316 2420 in
1367 2370 1598 2435 prwfato
1641 2376 1965 2427 monasterio

347 2450 571 2506 dicionis
596 2456 888 2521 quamlibet
938 2459 1131 2513 habere
1176 2465 1555 2517 auctoritatem
1603 2466 1962 2533 prohibemus,

350 2543 459 2595 nisi
487 2547 705 2597 tantum
733 2545 1074 2602 benedicendi
1104 2550 1298 2604 habeat
1326 2552 1637 2619 licentiam;
1667 2558 1963 2608 statuentes

350 2636 635 2703 apostolica
663 2653 891 2694 censura
917 2648 1077 2712 atque
1100 2650 1422 2702 auctoritate
1467 2648 1611 2703 beati
1635 2652 1779 2704 Petri
1825 2665 1959 2718 apo-

348 2726 606 2781 stolorum
632 2732 911 2801 principis,
940 2734 1039 2788 sub
1066 2735 1239 2790 divini
1275 2738 1475 2806 judicii
1509 2739 1856 2796 obtestatione
1897 2756 1964 2795 ac

348 2815 539 2870 validis
564 2824 724 2887 atque
750 2823 1092 2878 atrotioribus
1148 2828 1514 2881 anathematis
1571 2830 1963 2884 interdictioni-

351 2907 447 2963 bus
476 2916 536 2964 ut
572 2911 756 2965 nullus
784 2928 1026 2982 unquam
1054 2922 1361 2972 nostrorum
1392 2934 1760 2975 successorum
1787 2924 1963 2990 ponti-

2060 454 2332 524 Siquidem
2349 458 2512 524 jussu
2539 456 2891 511 illustrissimi
2931 457 3140 515 abbatis
3186 463 3276 516 sui
3310 462 3545 529 Erluini,
3573 478 3678 518 cu-

2052 550 2148 616 jus
2175 547 2350 602 locum
2376 562 2591 602 omnem
2631 548 2732 605 sub
2759 552 3020 618 regimine
3047 554 3470 621 commendarat,
3498 558 3681 625 preci?)

2061 636 2427 692 meclesiastico
2450 639 2757 707 impetravit
2776 640 2835 691 in
2874 654 3008 708 pago
3035 644 3245 708 Masau,
3279 643 3519 697 mediam
3538 659 3679 713 par-

2064 734 2172 783 tem
2193 730 2441 784 cecclesiae
2467 744 2635 799 quam
2660 744 2773 785 non
2795 731 3007 786 tenebat
3048 731 3141 788 ⁷³³.
3197 738 3331 788 Erat
3374 737 3523 789 enim
3558 738 3679 805 ipsa

2062 821 2177 876 edes
2216 821 2531 890 supradicta
2571 825 2872 877 communis
2918 825 3063 879 inter
3112 828 3291 882 locum
3335 834 3583 883 nostrum
3624 836 3683 885 et

2061 909 2333 979 quendam
2376 909 2607 965 nobilem
2659 912 2842 965 virum
2885 911 3258 966 Lantbertum.
3308 916 3528 981 Accepto
3554 927 3680 981 ergo

2051 999 2249 1067 preeio,
2281 1003 2344 1052 ut
2363 1012 2527 1067 supra
2556 998 2816 1066 diximus,
2866 999 3007 1053 idem
3050 1004 3149 1073 Deo
3171 1006 3419 1056 sacratus
3448 1001 3679 1055 contulit

2054 1091 2294 1159 pretium
2317 1094 2368 1144 et
2397 1092 2617 1158 expetiit
2661 1096 2877 1159 partem
2910 1091 3184 1146 residuam
3234 1092 3419 1161 templi
3439 1089 3681 1163 [vidente

2059 1183 2170 1248 ﬁlio
2218 1186 2334 1252 ejus
2386 1183 2653 1251 Ansfrido.
2716 1190 2850 1238 Nam
2889 1185 3029 1239 idem
3057 1186 3368 1241 Lambertus
3421 1186 3679 1242 advocato

2058 1286 2181 1326 eam
2210 1272 2453 1338 tradidit,
2484 1277 2644 1341 atque
2696 1276 2773 1327 ita
2819 1275 3184 1343 consolidavit,
3239 1281 3301 1329 ut
3352 1277 3571 1344 penitus
3618 1278 3680 1329 in
3756 1262 3759 1263 ν

2059 1379 2217 1419 eoum
2267 1380 2377 1420 non
2418 1369 2582 1434 possit
2628 1370 2856 1421 mutari.
2889 1367 2987 1422 Sed
3038 1382 3106 1423 ne
3156 1371 3273 1437 ipsa
3325 1370 3680 1423 commutatio

2060 1458 2373 1524 auferretur
2453 1458 2513 1510 in
2572 1471 2730 1511 evu-m
2789 1460 2955 1526 ipsius
3011 1458 3287 1514 Lantberti
3337 1461 3399 1513 in
3459 1459 3678 1514 cartula

2059 1544 2253 1600 exinde
2273 1550 2495 1613 peracta
2527 1547 2782 1614 imposuit
2804 1548 3041 1615 signum.

2131 1634 2185 1690 9.
2211 1634 2366 1690 Carta
2391 1635 2461 1689 de
2498 1635 2708 1707 praedio
2740 1636 2796 1691 in
2823 1638 2951 1692 villa
2984 1638 3149 1710 Dorp,
3191 1637 3340 1710 quod
3369 1637 3678 1711 Fulquinus

2062 1726 2286 1798 quidam
2315 1733 2504 1783 sancto
2536 1727 2695 1782 Petro
2724 1728 2971 1796 tradidit,
3012 1736 3067 1784 ct
3094 1730 3164 1785 ad
3217 1729 3540 1784 memoriam
3570 1745 3679 1801 po-

2060 1824 2329 1871 sterorum
2363 1815 2561 1872 litteris
2603 1818 2816 1873 exarari
2861 1834 3081 1873 causam
3138 1818 3311 1890 ipsam
3342 1818 3491 1874 fecit.
3524 1823 3679 1884 Quis-

2059 1911 2178 1978 quis
2206 1909 2336 1964 bene
2364 1910 2624 1979 possideat
2647 1925 2730 1965 res
2760 1912 2820 1964 in
2854 1914 3107 1981 presenti
3154 1912 3329 1967 seculo
3360 1912 3680 1981 adguisitas,

2064 2001 2153 2056 ille
2173 2003 2355 2071 utique
2383 2004 2577 2071 optime
2596 2004 2844 2071 possidet,
2870 2006 2965 2073 qui
2987 2004 3051 2058 de
3087 2007 3312 2060 terrenis
3350 2019 3415 2060 ac
3464 2005 3683 2060 caducis

2062 2093 2166 2148 sibi
2187 2099 2462 2148 mereatur
2485 2100 2706 2149 eterna.
2761 2098 2933 2159 Quam
2981 2096 3044 2151 ob
3073 2111 3187 2151 rem
3238 2111 3330 2164 ego
3385 2099 3445 2151 in
3473 2099 3686 2152 Deino~

2062 2191 2212 2242 mine
2227 2187 2524 2257 Fulquinus
2567 2205 2694 2245 cum
2748 2192 2967 2245 consilio
3011 2191 3093 2245 vel
3119 2206 3289 2246 suasu
3312 2191 3685 2260 benignissimi

2067 2279 2345 2335 Faraberti
2370 2283 2597 2350 episcopi
2617 2296 2717 2351 pro
2760 2283 2938 2337 salute
2985 2285 3187 2337 animae
3222 2282 3390 2338 beatae
3412 2286 3686 2338 memoria

2066 2376 2303 2429 Richarii
2329 2378 2575 2445 episcOpi,
2605 2378 2772 2445 ipsius
2820 2379 2988 2432 etiam
3039 2378 3339 2445 Faraberti,
3388 2393 3484 2447 pro
3510 2379 3689 2433 salute
3782 2446 3797 2453 ι

2064 2465 2445 2520 nichilominus
2497 2468 2701 2520 animie
2750 2481 2884 2521 mea:
2941 2468 3285 2536 filiorumque
3339 2482 3405 2522 ac
3440 2469 3689 2534 fratrum

2063 2570 2326 2624 meorum,
2369 2560 2481 2613 sive
2532 2573 2737 2628 quoque
2804 2562 2986 2627 gratia
3036 2559 3161 2613 Oilte
3210 2560 3404 2613 salutis
3453 2559 3607 2613 trado
3633 2564 3690 2614 et

2057 2645 2442 2713 perpetualiter
2489 2646 2666 2701 tribuo
2712 2646 2956 2701 (ecclesias
3009 2652 3213 2702 sanctae
3257 2650 3349 2702 Dei
3406 2650 3685 2716 genitricis

2063 2737 2243 2788 Maria:
2280 2734 2523 2804 beatique
2580 2738 2725 2790 Petri
2778 2737 3000 2804 apostoli
3020 2737 3378 2806 apostolorum
3415 2739 3683 2806 principis

2063 2827 2223 2892 atque
2256 2825 2436 2878 sancti
2484 2824 2763 2893 Exuperii,
2818 2827 2879 2878 in
2923 2826 3030 2879 loco
3079 2825 3333 2880 vocabulo
3392 2825 3680 2880 Gemblaus

2063 2913 2156 2969 ubi
2188 2929 2408 2983 prceesse
2460 2915 2760 2970 dinoscitur
2814 2917 3040 2972 illustris
3093 2916 3258 2971 abbas
3303 2917 3555 2971 Elluinus
3613 2916 3684 2950 ⁷³⁸

350 2999 517 3065 ﬁcum
542 3000 623 3053 vel
648 3003 763 3055 alia
786 3018 805 3071 ι
828 3019 959 3058 arva
980 3022 1285 3077 magnaque
1293 3024 1522 3079 persona
1547 3012 1754 3081 aliquid
1781 3013 1845 3067 de
1874 3029 1963 3068 re—
1994 3016 2041 3084 (ζ
2062 3010 2327 3078 quoddam
2346 3012 2492 3080 juris
2520 3015 2627 3066 mei
2681 3012 2950 3082 praedium
2991 3015 3051 3067 in
3100 3026 3235 3081 pago
3271 3012 3593 3066 Braimbant
3624 3014 3686 3066 in

353 3090 449 3145 bus
484 3093 567 3145 vel
592 3096 998 3160 possessionibus
1036 3099 1105 3152 ad
1140 3100 1281 3154 idem
1321 3103 1717 3171 pertinentibus
1770 3121 1960 3160 mona-

350 3183 577 3236 sterium
601 3186 819 3250 auferre
836 3188 917 3241 vel
944 3190 1183 3245 alienare
1205 3201 1521 3261 prcesumat.
1538 3198 1595 3249 Si
1612 3198 1730 3265 quis
1754 3203 1958 3264 autem,

348 3277 487 3344 quod
512 3292 623 3332 non
642 3280 927 3350 credimus,
948 3287 1157 3351 nefario
1172 3304 1312 3343 ausu
1328 3305 1499 3359 parva
1524 3307 1829 3363 magnaque
1843 3309 1960 3363 per-

346 3381 479 3422 sona
520 3376 710 3425 contra
753 3374 848 3428 hoc
900 3382 1146 3431 nostrum
1223 3382 1567 3449 apostolicum
1612 3387 1961 3454 privilegium

345 3473 501 3527 agere
527 3466 881 3531 temptaverit,
920 3470 1057 3522 sciat
1100 3484 1156 3524 se
1192 3473 1565 3529 anathamatis
1614 3477 1831 3532 vinculo
1852 3491 1962 3532 esse

344 3555 686 3625 innodatum,
719 3573 785 3614 ac
812 3576 845 3613 a
873 3575 1035 3630 regno
1058 3567 1151 3618 Dei
1178 3565 1422 3620 alienum
1445 3583 1511 3622 ac
1555 3584 1684 3623 cum
1712 3569 1961 3625 omnibus

346 3649 523 3716 impiis
568 3655 765 3706 (eterna
802 3654 1039 3709 incendii
1081 3658 1341 3727 supplicio
1392 3660 1863 3731 condempnatum.
1894 3665 1962 3716 At

346 3753 468 3794 vero
512 3744 606 3810 qui
646 3742 947 3800 observator
996 3751 1234 3802 extiterit
1270 3755 1541 3821 praecepti,
1607 3755 1847 3821 gratiam
1898 3768 1963 3807 ac

348 3829 769 3885 misericordiam
795 3835 1068 3902 vitamque
1111 3842 1375 3892 aeternam
1398 3855 1432 3893 a
1474 3842 1964 3896 misericordissima

350 3919 565 3974 domino
591 3925 690 3976 Deo
716 3924 1088 3992 multipliciter
1137 3936 1513 3998 consequatur.
1545 3933 1816 4001 Scriptum
1864 3948 1965 4002 per

352 4026 587 4067 manum
635 4017 903 4082 Bonifacii
952 4022 1158 4073 notarii
1222 4025 1518 4089 regionarii
1568 4039 1634 4078 ac
1686 4027 1966 4080 scriniarii

352 4106 566 4156 sanctae
589 4106 842 4158 Romana:
860 4108 1126 4175 (ecclesite,
1157 4111 1218 4163 in
1244 4124 1427 4166 mense
1456 4116 1662 4179 Martio,
1708 4114 1967 4170 inditione

355 4190 660 4245 undecima.
690 4196 828 4248 Bene
861 4196 1049 4250 valete.
1084 4198 1124 4265 -ὶ-
1165 4202 1359 4252 Datum
1398 4199 1448 4254 8.
1484 4201 1745 4256 Kalendas
1799 4205 1962 4272 Apri-

357 4281 422 4335 lis
474 4296 571 4350 per
620 4299 820 4339 manus
866 4284 1127 4356 Stephani
1188 4292 1416 4359 episcopi
1465 4306 1531 4346 ac
1583 4293 1972 4349 bibliothecarii

361 4381 564 4430 sancta:
611 4378 745 4432 sedis
792 4382 1109 4448 apostolicae,
1173 4399 1319 4438 anno
1372 4385 1720 4453 pontiﬁcatus
1786 4385 1971 4439 domni

366 4472 537 4522 nostri
560 4471 829 4525 Benedicti
848 4476 1179 4528 sanctissimi
1230 4478 1443 4545 septimi
1486 4491 1643 4545 papae
1668 4491 1827 4543 nono,
1859 4479 1970 4530 im-

364 4567 591 4628 perante
613 4563 803 4618 domno
828 4570 1007 4619 nostro
1046 4569 1229 4621 Ottone
1274 4584 1308 4621 a
1348 4571 1450 4623 Deo
1502 4574 1755 4623 coronato
1780 4583 1977 4637 magno

368 4667 434 4707 ac
481 4655 703 4721 paciﬁca
756 4658 1075 4725 imperatore
1124 4675 1272 4714 anno
1322 4660 1415 4715 46°
1467 4663 1528 4714 in
1585 4675 1767 4715 mense
1810 4676 1977 4730 supra

365 4748 561 4813 scripto
582 4760 648 4800 ac
685 4746 950 4804 iudicione
978 4751 1261 4805 undecima
1292 4750 1407 4822 (an.
1445 4752 1591 4822 988.)

435 4836 488 4890 8.
523 4834 784 4893 Prefatus
838 4847 1180 4899 constructor
1218 4843 1682 4899 Gemmelacensis
1734 4845 1975 4901 coenobii

368 4926 501 4981 emit
533 4926 883 4984 medietatem
937 4933 1200 4989 ecclesia:
1257 4936 1311 4990 in
1357 4936 1485 4991 villa
1546 4936 1779 5000 Bictine,
1820 4936 1977 5004 cujus

366 5020 588 5074 alteram
623 5022 991 5087 medietatem,
1025 5042 1149 5098 quae
1178 5044 1278 5083 sua
1298 5027 1496 5095 fuerat,
1520 5029 1977 5085 nostraetradide-

366 5116 447 5163 rat
506 5109 791 5175 (ecclesiae,
850 5119 910 5168 ut
969 5122 1183 5170 constat
1247 5130 1313 5170 ex
1372 5116 1749 5189 descriptione
1812 5118 1975 5188 hujus

364 5207 526 5255 curtae
552 5216 565 5254 2

433 5296 472 5361 -ι-
496 5295 773 5363 Agnoscat
817 5294 889 5330 ’³⁸
942 5312 1327 5367 quemcumque
1378 5302 1471 5354 Dei
1520 5301 1747 5370 possidet
1794 5305 1973 5369 timor,

361 5391 491 5456 quia
518 5389 748 5446 domnus
781 5392 1101 5461 Wichpertus
1129 5397 1229 5448 Deo
1263 5393 1490 5461 deditus,
1532 5398 1742 5451 amissis
1765 5396 1975 5451 secula-

2062 3103 2171 3156 loco
2194 3104 2287 3171 qui
2310 3102 2512 3157 dicitur
2565 3108 2701 3172 Dorp
2750 3119 2877 3158 cum
2932 3105 3159 3158 dimidia
3187 3104 3444 3170 (ecclesia,
3473 3109 3676 3158 etcum

2060 3209 2175 3247 una
2201 3194 2413 3261 cumba,
2442 3201 2494 3249 et
2517 3196 2742 3250 sedecim
2788 3198 3015 3259 mansis,
3070 3200 3122 3249 et
3171 3211 3298 3251 cum
3324 3195 3555 3265 quodam
3584 3196 3681 3249 ho-

2059 3285 2207 3338 mine
2233 3285 2451 3338 nomine
2474 3287 2601 3349 Iser,
2632 3298 2727 3339 seu
2752 3300 2879 3338 cum
2906 3284 3155 3338 omnibus
3187 3284 3381 3338 ibidem
3407 3285 3680 3351 aspicien-

2062 3375 2222 3441 tibus,
2243 3390 2368 3430 cum
2391 3375 2632 3430 domibus
2679 3381 2731 3430 et
2781 3376 3038 3442 aediﬁciis,
3096 3378 3319 3444 campis,
3372 3377 3528 3441 terris
3559 3381 3677 3428 tam

2060 3467 2218 3521 cultis
2246 3468 2662 3537 quamincultis,
2691 3469 2859 3535 silvis,
2887 3470 3083 3537 pratis,
3130 3469 3347 3536 pascuis
3375 3469 3683 3522 communi-

2062 3558 2159 3613 bus
2183 3565 2235 3614 et
2258 3563 2472 3629 perviis,
2513 3562 2667 3630 aquis
2717 3574 3053 3629 aquarumve
3098 3559 3427 3628 decursibus,
3467 3558 3683 3613 mobili-

2063 3645 2159 3701 bus
2186 3654 2238 3702 et
2268 3647 2645 3713 immobilibus,
2698 3649 2980 3718 praesidiis,
3031 3649 3276 3717 peculiis,
3328 3650 3512 3703 omnia
3531 3652 3584 3701 et
3615 3661 3687 3701 ex

2062 3744 2309 3799 omnibus
2329 3744 2585 3812 quicquid
2635 3747 2694 3797 in
2744 3747 2853 3813 ipso
2882 3745 2991 3801 loco
3037 3750 3223 3799 nostra
3247 3744 3459 3797 videtur
3479 3758 3684 3812 posses—

2061 3838 2141 3890 sio
2172 3834 2255 3889 vel
2285 3835 2598 3902 dominatio,
2652 3851 2766 3890 rem
2815 3839 3141 3906 exquisitam
3188 3842 3239 3891 et
3266 3838 3681 3905 inexquisitam,

2066 3934 2238 3983 totum
2265 3934 2315 3983 et
2337 3927 2406 3983 ad
2430 3930 2700 3996 integrum
2728 3934 2843 3982 tam
2869 3928 2932 3983 de
2962 3930 3114 3985 alodo
3142 3928 3211 3963 ⁷²⁶
3239 3944 3402 3998 quam
3426 3929 3490 3982 de
3519 3943 3669 3983 com-

2061 4023 2255 4087 parato
2271 4032 2366 4072 seu
2385 4015 2449 4071 de
2461 4016 2691 4085 quolibet
2719 4022 3035 4083 attrectatu,
3058 4018 3129 4072 ad
3163 4031 3258 4072 nos
3294 4018 3488 4071 ibidem
3516 4016 3675 4072 dino-

2063 4112 2235 4164 scitur
2258 4111 2576 4179 pervenisse,
2631 4108 2694 4162 de
2740 4114 2919 4164 nostro
2936 4114 3066 4179 jure
3094 4116 3145 4165 et
3168 4110 3534 4165 dominatione
3559 4112 3685 4178 jam

2066 4199 2204 4255 dicto
2230 4190 2554 4255 monasterio
2588 4214 2682 4270 per
2724 4202 2867 4254 hanc
2919 4201 3193 4257 cartalam
3237 4201 3542 4257 donationis
3570 4203 3684 4254 sive

2065 4310 2163 4363 per
2201 4297 2467 4362 festucam
2520 4302 2677 4363 atque
2704 4296 3032 4365 andelagum
3077 4296 3148 4350 ad
3190 4312 3322 4365 opus
3367 4301 3683 4350 sanctorum

2068 4398 2297 4452 quorum
2316 4387 2641 4439 mentionem
2662 4399 2832 4453 supra
2880 4387 3108 4452 fecimus
3134 4401 3168 4439 a
3191 4386 3277 4439 die
3311 4387 3565 4454 prcesenti
3583 4385 3683 4439 do-

2075 4490 2293 4541 namus,
2308 4475 2572 4529 tradimus
2587 4481 2747 4544 atque
2758 4476 3143 4544 perpetualiter
3154 4478 3214 4530 in
3232 4475 3479 4531 omnibus
3493 4481 3682 4529 trans-

2074 4566 2395 4630 ﬁrmamus,’
2415 4578 2478 4617 ea
2518 4578 2639 4618 vero
2684 4567 2896 4619 ratione
2949 4571 3012 4619 ut
3057 4571 3398 4634 prceceptores
3447 4564 3689 4634 pradicti

2074 4655 2388 4707 monasterii
2402 4652 2468 4706 ab
2494 4655 2595 4707 hac
2621 4653 2705 4707 die
2732 4655 2827 4708 hoc
2845 4653 3098 4721 habeant,
3133 4660 3351 4708 teneant
3370 4660 3537 4721 atque
3558 4668 3685 4722 pos-

2073 4743 2305 4809 sideant,
2362 4744 2443 4797 vel
2486 4742 2738 4812 quicquid
2789 4743 2913 4797 inde
2960 4746 3139 4812 facere
3166 4745 3433 4799 voluerint
3459 4743 3687 4798 liberam

2076 4852 2141 4892 ac
2165 4840 2536 4902 ﬁrmissimam
2559 4840 2760 4892 Christo
2802 4841 3029 4908 propitio
3070 4841 3127 4892 in
3159 4839 3406 4893 omnibus
3450 4838 3687 4892 habeant

2072 4932 2403 4994 potestatem.
2460 4930 2523 4979 Et
2568 4928 2617 4980 si
2669 4930 2787 4995 quis
2816 4928 3079 4996 deinceps,
3128 4927 3265 4997 quod
3292 4929 3551 4993 futurum
3579 4941 3689 4981 esse

2073 5031 2185 5071 non
2202 5017 2373 5082 credo,
2404 5020 2452 5071 si
2473 5032 2565 5085 ego
2590 5019 2717 5086 ipse,
2746 5021 2883 5087 quod
2903 5020 3061 5087 absit,
3085 5025 3183 5073 aut
3211 5021 3497 5087 quisquam
3525 5017 3591 5071 de
3603 5018 3690 5070 he-

2073 5104 2284 5159 redibus
2319 5107 2449 5158 meis
2477 5118 2572 5158 seu
2609 5105 2850 5173 quaelibet
2877 5114 3062 5162 extera
3082 5122 3310 5176 persona
3346 5121 3464 5176 qua:
3492 5112 3684 5161 contra

2074 5200 2217 5253 hanc
2234 5205 2508 5253 certatam
2533 5199 2836 5256 donationis
2857 5205 3038 5257 venire
3062 5209 3159 5257 aut
3185 5203 3527 5257 calumniare
3563 5216 3689 5256 eam

2070 5300 2489 5369 praesumpserit,
2516 5305 2566 5353 et
2593 5314 2648 5353 se
2674 5299 2867 5355 exinde
2888 5314 2998 5354 non
3023 5298 3379 5366 subtraxerit,
3412 5314 3445 5351 a
3466 5298 3690 5351 limini-

2077 5395 2173 5448 bus
2199 5399 2402 5447 sancta:
2437 5396 2527 5449 Dei
2555 5395 2802 5449 (ecclesia
2846 5396 3343 5448 excommunicatus
3393 5398 3443 5447 et
3491 5392 3696 5471 divisas

1718 5492 1938 5549 VARUE
1961 5492 2343 5558 LECTIONES,

358 5585 602 5664 _l__"“__in.
613 5589 727 5664 loco
754 5592 964 5660 raso.“
992 5591 1062 5625 ⁷²²
1090 5609 1126 5664 g
1148 5593 1269 5661 jam
1295 5600 1615 5651 erasumest.
1708 5595 1778 5629 ⁷³³
1805 5611 1972 5652 manu
2000 5598 2200 5653 recenti
2226 5596 2448 5661 illitum,
2508 5601 2563 5651 at
2616 5601 2675 5652 ut
2714 5596 2840 5651 alia:
2865 5595 3135 5651 nonnulla
3155 5609 3321 5649 voces.

362 5656 432 5692 ’³³⁵
460 5657 662 5715 allodio
701 5656 1067 5732 superscripto
1089 5656 1171 5718 ἱίρῙ
1201 5663 1362 5720 alodo
1390 5681 1434 5718 c.

3418 5593 3483 5626 ⁷³⁸
3515 5594 3596 5646 ita
3636 5605 3682 5644 c.
