3934 6054
269 201 375 258 605

1394 206 1600 261 GESTA
1641 208 1944 262 ABBATUM
1989 207 2563 264 GEMBLACENSIUM.

3501 210 3606 266 606

263 332 486 392 existat,
513 334 562 383 et
594 331 821 400 insuper
849 333 906 386 in
931 331 1018 386 die
1043 335 1292 388 trementi
1311 331 1520 401 judicii
1539 338 1760 404 propter
1794 335 1890 390 hoc
1913 339 1966 406 Α
1989 333 2266 406 quandam
2299 335 2486 390 villam
2523 334 2748 388 nomine
2777 333 3084 390 Sotheiam.
3140 335 3416 406 Diripiens
3456 336 3604 392 enim

260 425 527 478 rationm
555 422 774 477 reddat.
813 423 1010 478 Contra
1034 439 1188 494 quem
1233 439 1355 478 vero
1398 425 1764 496 calumpniam
1805 428 1889 482 in-

263 516 472 578 tulerit,
523 516 653 568 auri
702 517 892 570 uncias
945 516 1068 577 100,
1131 519 1344 582 argenti
1399 533 1522 572 vero
1561 518 1729 572 libras
1782 517 1888 574 300

261 613 480 663 coactus
502 608 764 674 exsolvat,
783 612 832 662 et
853 608 996 677 quod
1016 611 1210 677 repetit
1229 608 1381 664 nullo
1401 610 1560 666 modo
1573 611 1887 665 eviitdicare

255 702 574 771 prcevaleat.
609 702 716 758 Sed
739 717 974 771 praesens
1013 703 1122 758 huic
1160 705 1375 758 donatio
1411 707 1564 768 meis,
1605 711 1653 760 et
1690 721 1773 761 me
1797 721 1886 760 ro-

256 797 442 863 gante,
477 794 736 848 bonorum
763 795 1036 849 hominum
1073 797 1323 852 manibus
1352 797 1624 862 roborata,
1657 813 1886 867 quorum

258 890 487 942 nomina
534 888 618 941 rel
659 890 818 954 signa
868 888 1048 942 subter
1083 893 1332 944 tenentur
1371 893 1598 956 inserta,
1649 893 1886 961 stipula-

260 981 405 1033 tione
433 980 675 1034 subnima
699 981 1021 1035 diuturnum
1054 985 1260 1050 tempus
1298 987 1514 1037 maneat
1551 985 1886 1047 inconvulsa,

1991 438 2112 477 eam
2153 421 2395 478 reddidit
2435 422 2656 490 Bosoni,
2713 422 2850 478 dans
2907 423 2959 479 ei
3014 425 3070 478 in
3109 432 3462 498 augmentum
3520 426 3606 480 sui

1987 513 2216 568 sceleris
2243 511 2407 569 binos
2431 514 2580 570 viros
2611 513 2882 584 praelibati
2914 515 3041 571 loci.
3077 515 3411 570 Franconem
3440 514 3605 569 vido-

1987 603 2116 660 licet
2146 611 2200 658 et
2245 604 2577 670 lluboldum,
2612 605 2706 677 qui
2741 606 3106 662 substantiam
3136 607 3474 673 auferentes,
3512 621 3606 662 ac-

1987 709 2187 763 cepere
2237 709 2349 749 non
2390 695 2672 750 minimam
2735 697 2971 767 praedam
3035 697 3197 753 boum
3255 698 3514 753 videlicet
3551 705 3606 753 et

1986 803 2297 855 vaccarum,
2330 804 2624 859 porcorum
2660 805 2884 862 quoque
2944 807 3175 848 numero
3217 791 3340 859 100,
3395 792 3604 864 absque

1987 878 2168 949 capris
2189 885 2244 934 et
2275 879 2493 948 ovibus,
2527 881 2721 951 apibus
2751 892 2805 936 et
2835 883 2967 938 satis
2995 889 3176 950 terrae,
3231 885 3376 939 unde
3411 900 3606 940 nume-

1993 985 2087 1025 rls
2115 967 2360 1024 funditus
2390 970 2694 1044 ignoratur.
2758 972 2864 1028 Hac
2906 989 3037 1047 ergo
3097 973 3388 1029 insistente
3441 990 3602 1029 causa

258 1071 491 1136 Signum
542 1069 849 1124 σοιίρναηηί
925 1071 1196 1126 amoma.
1252 1071 1476 1140 Signum
1524 1075 1790 1144 Fulqw'm'
1841 1072 1890 1132 et
1990 1061 2325 1116 venerabilis
2349 1061 2521 1116 abbas
2546 1061 2801 1118 Erluinus
2826 1074 3008 1120 rector
3036 1065 3090 1120 in
3125 1065 3244 1122 loco
3284 1067 3601 1140 degentium

252 1159 603 1229 reliquorum.
665 1160 784 1214 Otto
840 1177 958 1214 rex.
1009 1163 1156 1218 Cano
1207 1162 1336 1217 dar.
1395 1166 1712 1220 Farabertus
1761 1168 1876 1236 epi-

255 1265 468 1318 scopus.
504 1251 838 1305 Aletrunnus
863 1255 1244 1308 cancellarius.

328 1340 416 1393 10.
445 1340 592 1393 inter
615 1341 990 1394 venerabilem
1025 1343 1281 1398 abbatem
1310 1343 1591 1400 Erluinum
1623 1353 1678 1402 et
1697 1364 1875 1420 quen-

253 1432 382 1487 dam
426 1431 826 1486 Ermenfiidum
859 1433 927 1488 de
983 1436 1412 1492 commutatione
1461 1439 1868 1508 possessionum

248 1521 532 1587 convenit,
565 1538 687 1592 qua:
717 1523 952 1593 qualiter
980 1523 1130 1579 facta
1151 1525 1246 1592 sit,
1288 1533 1435 1582 carta
1467 1527 1595 1584 inde
1624 1531 1872 1586 conscri-

249 1617 346 1680 pta
377 1610 639 1666 ostendit.

321 1701 386 1753 In
413 1701 629 1754 nomine
668 1705 864 1756 sanctw
901 1707 950 1758 et
997 1703 1298 1759 individua:
1342 1707 1628 1764 Trinitatis
1665 1725 1728 1764 ac
1754 1709 1875 1766 Sal-

243 1790 452 1843 uatoris
483 1791 645 1842 totius
690 1791 896 1844 mundi.
935 1792 1208 1864 Quicquid
1253 1797 1493 1851 cernitur
1521 1799 1873 1856 minuendum

245 1881 394 1952 quod
429 1886 644 1937 econtra
682 1886 943 1953 recipitur
971 1889 1030 1940 in
1069 1893 1442 1956 augmentum,
1497 1891 1706 1946 nullum
1735 1896 1875 1962 facit

249 1973 652 2038 detrimentum,
683 1976 842 2028 immo
887 1992 1144 2043 magnum
1171 1981 1370 2034 animm
1408 1986 1630 2048 generat
1667 1985 1869 2040 emolu—

247 2071 500 2121 mentum.
547 2067 760 2122 Placuit
799 2068 954 2123 'inter
1001 2071 1354 2128 venerabilem
1399 2079 1598 2130 sancta:
1627 2076 1872 2133 Gembla-

249 2160 425 2215 censis
448 2160 694 2215 aecclesiae
723 2161 967 2216 abbatem
1022 2165 1239 2218 nomine
1290 2166 1600 2234 Erluinum,
1643 2150 1736 2223 nec
1762 2185 1869 2224 non

249 2253 301 2304 et
327 2249 599 2319 quendam
630 2251 838 2319 ﬁdelem
880 2251 1089 2307 Christi
1138 2254 1394 2310 vocabulo
1437 2259 1864 2328 Ermenfridum,

249 2347 462 2397 mutare
489 2345 756 2412 quasdam
783 2359 867 2399 res
921 2347 1062 2399 inter
1091 2362 1166 2413 se,
1199 2349 1345 2417 quod
1401 2351 1481 2403 ita
1525 2354 1574 2404 et
1600 2351 1863 2417 fecerunt.

247 2435 461 2490 Idcirco
496 2437 742 2493 omnibus
767 2443 971 2493 sanctae
1010 2441 1104 2494 Dei
1134 2441 1379 2496 (ecclesiae
1407 2443 1656 2510 ﬁdelibus
1685 2448 1872 2500 notum

248 2529 340 2591 sit,
375 2529 520 2598 quod
554 2528 901 2598 supradictus
929 2530 1096 2585 abbas
1128 2533 1393 2587 Erluinus
1443 2533 1722 2602 quandam
1769 2549 1872 2588 tec-

249 2625 470 2680 clesiam
498 2627 555 2679 in
600 2625 734 2679 uilla
765 2640 886 2694 qua:
921 2631 1276 2695 nuncupatur
1315 2628 1692 2695 Agioniscurta
1725 2628 1873 2683 dedit

245 2716 412 2784 ﬁrma
441 2715 738 2769 stabilitate
755 2715 1069 2785 supradicto
1096 2717 1249 2786 ﬁdeli
1281 2717 1490 2772 Christi
1527 2719 1872 2784 Ermenfrtdo

245 2810 471 2876 propter
524 2805 709 2861 villam
751 2823 870 2878 qua:
917 2809 1130 2878 adjacet
1186 2807 1256 2864 in'
1294 2813 1551 2865 comitatu
1606 2812 1869 2878 Asbanio,

249 2908 476 2965 quaeque
513 2895 582 2950 ab
612 2896 957 2952 incolentibus
983 2903 1208 2953 vocatur
1233 2899 1767 2956 Steria-monticula.
1799 2903 1872 2956 De

249 3003 361 3057 qua
411 2987 545 3042 villa
601 2992 838 3058 quatuor
883 2989 1101 3060 quidem
1145 3006 1358 3046 mansos
1410 2997 1635 3063 propter
1664 3009 1867 3064 supra-

251 3079 456 3134 dictam
503 3081 794 3136 ecclesiam
824 3125 840 3148 ,
905 3087 955 3136 et
1031 3097 1197 3138 unum
1251 3100 1350 3154 pro
1421 3087 1594 3140 salute
1676 3089 1872 3142 animae

250 3187 384 3240 suae,
431 3178 642 3242 tresque
679 3183 899 3244 propter
945 3180 1057 3230 octo
1103 3177 1271 3232 libras
1309 3182 1540 3246 argenti,
1571 3180 1670 3234 sub
1721 3183 1871 3234 testi-

251 3262 353 3317 bus
393 3265 723 3331 ﬁrmissimis
769 3265 1006 3319 tradidit
1051 3270 1232 3319 sancto
1292 3267 1452 3321 Petro
1510 3270 1871 3338 apostolorum

249 3355 494 3407 omnium
527 3355 775 3422 principi
815 3359 1100 3425 sanctoque
1153 3360 1427 3428 Eauperio
1478 3361 1722 3426 martyri
1765 3361 1873 3428 glo-

247 3448 388 3500 rioso
409 3447 466 3500 in
489 3439 780 3515 jam‘dicto
809 3451 1135 3502 monasterio
1173 3448 1476 3516 Gemblaus,
1529 3467 1648 3505 cum
1696 3455 1872 3506 omni-

250 3537 350 3589 bus
371 3535 448 3588 ad
475 3535 695 3588 eundem
735 3537 906 3589 locum
939 3539 1349 3605 pertinentibus,
1395 3540 1621 3606 famulis
1674 3541 1870 3595 videli-

249 3630 348 3694 cet,
390 3627 644 3692 culturis,
681 3626 854 3692 silvis,
888 3628 1066 3694 terris,
1114 3628 1274 3682 cultis
1301 3633 1351 3682 et
1402 3629 1640 3693 incultis,
1671 3633 1868 3699 pratis,

249 3725 411 3794 aquis
451 3736 826 3792 aquarumque
854 3721 1189 3777 decursibus.
1229 3721 1378 3778 Hanc
1425 3735 1606 3779 autem
1643 3740 1871 3780 commu~

248 3815 507 3869 tationem
544 3811 891 3880 supradictus
943 3811 1108 3866 abbas
1182 3814 1446 3869 Erluinus
1491 3819 1540 3869 et
1595 3821 1869 3887 compater

244 3919 376 3960 suus
415 3903 800 3970 Ermenfridus
829 3919 950 3958 cum
977 3919 1147 3960 uxore
1179 3921 1280 3959 sua
1302 3907 1566 3962 Reinsedc
1594 3923 1653 3963 eo
1689 3913 1868 3965 tenore

247 3997 512 4064 fecerunt,
529 3998 589 4049 ut
617 3995 668 4048 si
685 3995 808 4065 quis
834 3996 1156 4066 aliquando,
1183 3997 1396 4052 diabolo
1426 3999 1707 4067 suadente,
1728 4001 1867 4058 hanc

246 4084 476 4140 voluerit
503 4088 702 4138 nostra:
727 4086 1041 4140 mutationis
1085 4085 1356 4142 destruere
1391 4091 1680 4156 cartalam,
1718 4105 1862 4144 ana-

249 4179 629 4235 thematizatus
654 4194 773 4232 cum
823 4181 973 4232 omni
999 4179 1370 4235 maledictione
1403 4185 1454 4236 et
1489 4186 1861 4238 excommuni-

250 4276 408 4327 catus
443 4273 537 4335 sit,
569 4273 678 4325 nisi
704 4275 830 4325 ante
860 4271 988 4326 solis
1017 4286 1260 4327 accasum
1290 4273 1364 4327 ad
1397 4277 1756 4342 penitentiam
1785 4293 1866 4331 re-

1989 1152 2292 1223 praelibato,
2349 1153 2699 1208 clementiam
2743 1157 3090 1212 serenissimi
3151 1158 3288 1212 adiit
3347 1157 3490 1230 regis
3544 1159 3600 1213 in

1976 1253 2111 1302 nutu
2167 1247 2316 1302 sedis
2355 1248 2477 1317 ejus
2517 1248 2910 1306 Franconefort
2945 1260 3161 1317 vocato,
3207 1262 3262 1307 et
3302 1253 3451 1324 quod
3503 1269 3604 1326 per

1975 1337 2131 1392 nefas
2180 1339 2367 1395 amisit
2396 1339 2709 1408 infandum,
2751 1358 2852 1412 per
2899 1343 2980 1398 fas
3028 1360 3092 1398 ac
3124 1344 3307 1418 regale
3363 1345 3602 1416 sumpsit

1973 1432 2320 1498 mandatum;
2376 1449 2566 1488 verum
2618 1435 2864 1504 praedam
2932 1436 3000 1490 ab
3053 1435 3272 1491 infestis
3325 1446 3600 1509 arreptam

1972 1521 2222 1594 recipere
2250 1524 2421 1580 valuit
2452 1541 2775 1597 numquam.
2814 1525 3093 1584 Pastorale
3120 1528 3308 1600 itaque
3349 1529 3600 1604 regimen

1897 1615 2244 1720 Bmcclcsite
2295 1615 2626 1691 Tungressis
2673 1618 2743 1652 ⁷³⁸
2794 1618 3088 1673 obtinebat
3129 1619 3412 1674 Baldricus
3469 1627 3603 1678 tunc

1973 1709 2266 1780 temporis,
2299 1711 2551 1766 advocati
2582 1727 2712 1768 vero
2757 1711 3003 1768 ofﬁcium
3055 1713 3110 1768 in
3149 1714 3346 1770 crebro
3387 1730 3601 1771 memo-

1973 1805 2090 1854 rato
2145 1800 2266 1855 loco
2311 1795 2698 1856 Gemlaucensi
2753 1802 2980 1874 gerebat
3034 1800 3324 1857 Ansfridus
3361 1815 3597 1858 consan-

1973 1894 2216 1969 guineus
2242 1895 2476 1950 senioris
2507 1896 2677 1952 nostri
2723 1896 3044 1967 Wichpcrti.

2046 1985 2128 2040 12.
2175 1986 2248 2041 De
2288 1987 2390 2042 hac
2436 1986 2566 2043 villa
2625 1988 2851 2045 Sotheia
2894 1989 3021 2044 fecit
3065 1989 3214 2043 idem
3250 1990 3592 2047 venerabilis

1967 2077 2138 2132 abbas
2191 2076 2447 2132 Erluinus
2486 2079 2893 2150 praestationem
2952 2095 3074 2134 cum
3133 2080 3490 2149 Goderanno,
3539 2099 3576 2138 ιι

1969 2172 2236 2221 monstrat
2263 2166 2428 2235 hujus
2468 2174 2630 2222 carae
2663 2165 2996 2237 subscriptio
3029 2183 3044 2218 :

2084 2259 2252 2313 Verus
2285 2273 2439 2312 amor
2463 2258 2680 2328 junctos
2707 2273 2836 2328 quos
2875 2260 3100 2312 continet
3137 2263 3297 2328 atque
3332 2259 3596 2328 globatos,

2079 2346 2310 2402 Numine
2337 2345 2522 2400 divino
2550 2347 2796 2403 Christus
2825 2350 3096 2400 conservet
3134 2345 3348 2416 ubique.

1973 2440 2238 2510 Quisquis
2262 2455 2390 2506 ergo
2427 2441 2641 2507 fructus
2671 2441 2974 2495 dulcedinis
3004 2448 3048 2494 et
3081 2443 3278 2495 amoris
3304 2442 3600 2498 inviolabi-

1974 2533 2047 2587 les
2085 2532 2430 2601 illibatosque
2456 2535 2608 2600 gestit
2642 2534 2836 2588 habere
2867 2533 2998 2602 jure
3036 2535 3124 2586 sui
3152 2532 3393 2600 beneﬁcii
3423 2550 3458 2588 a
3493 2537 3600 2591 Deo

1973 2623 2086 2676 sibi
2123 2617 2264 2689 dati,
2294 2625 2454 2690 prout
2477 2621 2812 2690 possibilitas
2851 2623 3061 2691 eaapetit
3087 2623 3182 2676 hoc
3219 2623 3399 2692 ipsum
3441 2621 3602 2675 certet

1973 2729 2189 2780 augere.
2241 2714 2384 2768 Nam
2415 2711 2546 2766 dare
2570 2718 2616 2766 et
2647 2715 2882 2781 accipere
2932 2717 2992 2766 ut
3038 2715 3321 2782 scriptum
3348 2712 3600 2767 assertio-

1973 2805 2131 2858 nibus
2161 2806 2562 2874 comprobatur,
2596 2806 2966 2871 gratissimum
3004 2820 3096 2858 nec
3126 2819 3232 2857 non.
3263 2808 3311 2857 et
3338 2804 3600 2873 placatis-

1972 2895 2164 2948 simum
2203 2899 2434 2948 constat.
2483 2893 2650 2962 Cujus
2691 2895 2772 2946 rei
2821 2895 3099 2947 veritatem
3127 2898 3329 2947 certam
3375 2907 3484 2946 esse
3512 2906 3596 2946 co-

1972 2990 2298 3053 gnoscentes,
2339 2985 2683 3040 decreverunt
2724 2987 2864 3038 inter
2891 2999 2945 3037 se
2988 2983 3300 3038 venerabilis
3338 2983 3598 3036 Erluinus

1900 3033 2355 3130 CGemblacensis
2408 3075 2633 3130 canobii
2677 3075 2866 3141 abbas,
2908 3078 2957 3128 et
3001 3074 3218 3128 inclitus
3246 3075 3336 3127 vir
3365 3072 3598 3142 quidam

1975 3169 2323 3224 Goderannus
2375 3170 2480 3223 loci
2541 3169 2789 3240 prcedicti
2855 3172 3051 3222 ertans
3118 3167 3444 3233 advocatus,
3511 3181 3596 3222 res

1975 3261 2240 3331 quasdam
2288 3263 2662 3330 prastationis
2703 3262 3026 3314 auctoritate
3080 3257 3411 3324 condonare;
3452 3259 3598 3328 quod

1973 3353 2020 3404 et
2069 3351 2311 3416 fecerunt
2356 3351 2573 3403 vinculo
2630 3352 2811 3418 utique
2871 3364 2975 3402 non
3031 3348 3252 3402 modicas
3293 3346 3596 3403 dilectionis

1971 3446 2177 3497 conari.
2209 3443 2576 3497 Postulatione
2609 3444 2874 3513 siquidem
2902 3443 3097 3497 nobilis
3127 3443 3236 3496 viri
3273 3441 3590 3497 Goderanni

1970 3535 2119 3588 dedit
2147 3535 2234 3588 illi
2271 3539 2591 3589 memoratus
2617 3537 2780 3590 abbas
2812 3536 2998 3590 villam
3032 3533 3266 3604 Sotejam
3300 3548 3590 3603 nuncupa-

1969 3630 2082 3681 tam
2121 3628 2176 3680 in
2202 3629 2456 3680 comitatu
2497 3626 2806 3682 Darnuen'si
2855 3645 2972 3683 cum
3011 3629 3256 3684 omnibus
3301 3627 3374 3681 ad
3416 3628 3594 3696 ipsam

1964 3718 2382 3788 pertinentibus,
2421 3734 2670 3773 mansum
2707 3719 2953 3773 videlicet
2982 3720 3451 3785 indominicatum,
3491 3733 3591 3774 tec-

1970 3807 2188 3862 clesiam
2221 3806 2418 3875 absque
2468 3807 2678 3860 telluris
2732 3808 3010 3874 famulatu
3059 3813 3119 3862 et'
3161 3823 3425 3878 nusquam
3471 3808 3595 3863 sub-

1960 3898 2182 3968 jectam,
2245 3898 2610 3953 molendinum
2652 3913 2856 3968 quoque
2912 3904 2959 3952 et
3011 3899 3276 3954 cambam.
3337 3899 3597 3955 Ecclesia

1969 3995 2078 4049 lucc
2117 3993 2362 4062 singulos
2401 4009 2501 4064 per
2523 4009 2696 4049 annos
2721 3993 2962 4062 eulogias
2996 3993 3176 4061 binas,
3223 3995 3282 4048 id
3306 3999 3384 4048 est
3407 3998 3595 4050 sexta-

1968 4089 2080 4142 rios
2119 4088 2242 4141 vini
2280 4086 2434 4152 duos,
2467 4087 2660 4153 gallos,
2720 4086 3042 4155 gallinacios
3081 4086 3239 4153 duos,
3274 4090 3323 4140 et
3353 4087 3594 4142 modium

1965 4195 2145 4234 avena:
2201 4195 2374 4233 unum
2412 4180 2610 4234 reddit.
2667 4180 3033 4236 Molendinum
3081 4179 3285 4234 modios
3341 4179 3412 4235 20
3451 4182 3591 4236 inter

1965 4287 2236 4326 annonam
2286 4275 2336 4325 et
2367 4270 2567 4338 bracis,
2594 4273 2780 4326 cumba
2826 4287 3034 4342 quoque
3070 4287 3172 4340 per
3210 4287 3418 4324 annum
3451 4274 3593 4326 inte-

244 4376 432 4416 uersus
460 4362 779 4428 ingemuerit
807 4361 867 4415 ob
913 4361 1123 4429 culpam
1151 4376 1262 4416 suae
1310 4363 1467 4417 malai
1520 4366 1859 4421 intentionis.
1886 4341 1940 4409 D
1962 4380 2120 4432 grum
2155 4366 2362 4419 emines
2401 4366 2579 4418 sicerae
2611 4362 2732 4418 100.
2771 4366 2946 4418 Terrae
2974 4363 3331 4416 nihilominus
3353 4363 3584 4418 arabilis

247 4452 446 4507 Actum
487 4453 545 4504 in
579 4452 716 4505 villa
753 4453 995 4509 Namuco
1027 4451 1079 4505 3.
1132 4451 1260 4506 Idus
1301 4453 1515 4521 Aprilis
1566 4456 1666 4511 061
1723 4473 1866 4512 anno

248 4543 636 4595 incarnationis
666 4543 900 4608 Domini,
937 4542 1221 4616 indictvone
1248 4542 1302 4608 4,
1336 4549 1598 4611 regna-nte
1614 4548 1866 4615 piissimo

247 4652 371 4704 rege
405 4637 616 4692 Ottone.
649 4634 770 4690 Otto
797 4649 916 4688 rem.
951 4635 1098 4690 Cum
1131 4633 1267 4688 dum.
1301 4633 1631 4690 Farabertus
1657 4638 1864 4705 episco-

241 4746 370 4802 pus.
407 4729 682 4784 Rotbertus
699 4741 882 4781 comes.
907 4727 1244 4782 Aletrannus
1270 4725 1649 4782 cancellarius.

323 4821 534 4877 H.lllo
573 4827 819 4891 tempore
869 4818 1125 4873 Brunone
1173 4817 1593 4890 archiepiscopo
1644 4818 1864 4876 uterino

249 4910 415 4966 fratre
449 4909 662 4965 Ottonis
685 4909 832 4982 regis
873 4907 1168 4978 praevisore
1212 4909 1365 4983 regni
1398 4908 1862 4977 Lothariensium,

246 5001 440 5056 deerat
469 4999 597 5067 dux,
632 4998 732 5053 sed
762 4998 818 5052 in
852 4997 973 5053 loco
1019 4997 1176 5053 ducis
1208 4999 1479 5072 regnabat
1509 5000 1865 5056 antichristus

249 5094 562 5151 contrarius
594 5096 704 5150 Deo
737 5102 790 5149 et
837 5092 1002 5148 bonis
1045 5093 1381 5151 hominibus.
1419 5094 1568 5152 Cuno
1604 5096 1868 5153 videlicet

248 5191 572 5258 persecutor
600 5183 801 5238 summi
845 5181 988 5256 regis
1041 5180 1097 5234 in
1145 5197 1274 5256 rege
1323 5198 1424 5239 suo
1469 5183 1667 5241 Ottone
1700 5201 1865 5258 quem

245 5277 434 5350 elegit.
468 5274 676 5346 Nempe
725 5290 1074 5347 nequaquam
1107 5280 1190 5329 est
1219 5273 1532 5331 mirandum
1574 5277 1620 5331 si
1680 5294 1866 5349 perse-

243 5379 409 5428 cutus
433 5377 520 5426 est
559 5369 844 5426 hominem
886 5385 1100 5444 regem,
1142 5368 1237 5440 qui
1269 5383 1379 5424 non
1411 5369 1696 5440 pertimuit
1763 5372 1868 5428 ob-

243 5464 442 5520 sistere
469 5461 584 5536 regi
613 5461 827 5518 caelesti
861 5460 918 5516 in
953 5461 1076 5517 loco
1128 5460 1442 5528 Gemblaus,
1502 5460 1760 5518 auferens
1811 5465 1863 5519 ei

1969 4454 2253 4509 bonuarios
2282 4451 2373 4518 67,
2399 4455 2683 4522 pratorum
2708 4451 3124 4522 amplitudinem
3155 4465 3262 4504 non
3301 4451 3586 4518 modicam,

1957 4545 2284 4616 piscationes
2325 4557 2593 4614 aquarum
2621 4557 2740 4596 cum
2781 4539 3094 4596 decursibus
3147 4556 3351 4606 earum,
3398 4541 3592 4596 silvam

1964 4633 2038 4687 ad
2051 4647 2238 4702 porcos
2264 4632 2514 4687 ducentos
2540 4632 2900 4700 saginandos,
2943 4647 3061 4686 cum
3090 4632 3322 4686 exitibus
3367 4636 3418 4687 et
3443 4631 3590 4688 redi-

1963 4725 2126 4790 tibus,
2157 4725 2427 4791 familiam
2472 4739 2681 4796 quoque
2728 4725 2798 4778 ad
2841 4725 3019 4778 locum
3057 4724 3383 4796 praedictum
3417 4727 3592 4796 perti-

1962 4821 2192 4884 nentem,
2245 4831 2418 4871 omnes
2447 4832 2665 4871 numero
2718 4815 2806 4882 42,
2861 4831 3086 4887 quorum
3141 4819 3305 4873 etiam
3361 4817 3589 4888 quidam

1963 4916 2090 4968 sunt
2120 4912 2194 4965 ad
2223 4927 2377 4966 omne
2423 4914 2704 4966 servitium
2741 4914 3083 4981 pertinentes.
3138 4913 3342 4980 Quodsi
3381 4913 3452 4967 ab
3489 4913 3591 4967 hac

1966 5005 2076 5073 lege
2097 5007 2375 5060 servitutis
2402 5004 2712 5062 subtrahere
2741 5021 2796 5062 se
2819 5008 3143 5076 permissum
3179 5009 3372 5075 fuerit,
3412 5005 3585 5059 dena-

1965 5100 2076 5153 rios
2132 5097 2198 5152 12
2246 5098 2486 5166 singulis
2529 5099 2728 5154 soluere
2789 5099 2976 5156 debent
3023 5101 3204 5155 annis.
3257 5103 3384 5154 limo
3438 5096 3590 5152 datio

1964 5192 2450 5263 prmcelleiuissimi
2474 5208 2536 5248 ac
2566 5196 2671 5248 Deo
2702 5193 2864 5261 digni
2892 5194 3104 5250 abbatis
3136 5193 3371 5249 Erluini.

2041 5285 2142 5343 Cui
2169 5291 2382 5340 econtra
2430 5285 2674 5341 reddidit
2721 5287 2955 5342 illustris
3002 5289 3092 5341 vir
3130 5285 3480 5342 Goderannus
3524 5283 3592 5339 de

1966 5379 2115 5430 terra
2149 5375 2357 5430 arabili
2394 5375 2686 5430 bonuarios
2739 5377 2958 5443 viginti,
2997 5376 3195 5430 silvam
3231 5372 3589 5429 nihilominus

1965 5467 2039 5522 ad
2063 5482 2253 5538 porcos
2284 5472 2540 5524 trecentos
2569 5467 2930 5535 saginandos,
2976 5471 3027 5520 et
3079 5481 3302 5538 quaeque
3349 5468 3473 5521 sunt
3514 5462 3591 5519 ad

1590 5589 1810 5646 VARIE
1852 5591 2233 5650 LECTIONES.

316 5662 388 5698 τ¹⁶
429 5663 512 5718 ita
539 5677 585 5718 c.
617 5663 728 5718 loco
755 5659 1112 5735 Tungrensis.
