  <div class='ocr_page' id='page_1' title='image "/cluster/home/n/w/nwhite01/storage/ocr_20150623/160/hvd.32044054760186/309.png"; bbox 0 0 3934 6054; ppageno 0'>
   <div class='ocr_carea' id='block_1_1' title="bbox 416 266 518 322">
    <p class='ocr_par' dir='ltr' id='par_1_1' title="bbox 416 266 518 322">
     <span class='ocr_line' id='line_1_1' title="bbox 416 266 518 322; baseline -0.039 0"><span class='ocrx_word' id='word_1_1' title='bbox 416 266 518 322; x_wconf 86' lang='grc'><strong><em>607</em></strong></span> 
     </span>
    </p>
   </div>
   <div class='ocr_carea' id='block_1_2' title="bbox 1632 246 2528 307">
    <p class='ocr_par' dir='ltr' id='par_1_2' title="bbox 1632 246 2528 307">
     <span class='ocr_line' id='line_1_2' title="bbox 1632 246 2528 307; baseline -0.003 0"><span class='ocrx_word' id='word_1_2' title='bbox 1632 250 1974 307; x_wconf 83' lang='lat' dir='ltr'><strong><em>SIGEBERTI</em></strong></span> <span class='ocrx_word' id='word_1_3' title='bbox 2016 246 2528 305; x_wconf 79' lang='lat' dir='ltr'><strong><em>GEMBLACENSIS.</em></strong></span> 
     </span>
    </p>
   </div>
   <div class='ocr_carea' id='block_1_3' title="bbox 3640 251 3774 307">
    <p class='ocr_par' dir='ltr' id='par_1_3' title="bbox 3640 251 3774 307">
     <span class='ocr_line' id='line_1_3' title="bbox 3640 251 3774 307; baseline 0 0"><span class='ocrx_word' id='word_1_4' title='bbox 3640 251 3774 307; x_wconf 85' lang='lat'><strong><em>608</em></strong></span> 
     </span>
    </p>
   </div>
   <div class='ocr_carea' id='block_1_4' title="bbox 416 378 3767 466">
    <p class='ocr_par' dir='ltr' id='par_1_4' title="bbox 416 378 3767 466">
     <span class='ocr_line' id='line_1_4' title="bbox 416 378 3767 466; baseline -0.004 -15"><span class='ocrx_word' id='word_1_5' title='bbox 416 400 590 466; x_wconf 82' lang='lat' dir='ltr'><strong><em>ipsam</em></strong></span> <span class='ocrx_word' id='word_1_6' title='bbox 619 393 772 459; x_wconf 81' lang='lat' dir='ltr'><strong><em>infra</em></strong></span> <span class='ocrx_word' id='word_1_7' title='bbox 814 394 863 445; x_wconf 91' lang='lat' dir='ltr'><strong><em>et</em></strong></span> <span class='ocrx_word' id='word_1_8' title='bbox 904 391 1065 443; x_wconf 64' lang='lat' dir='ltr'><strong><em>extra</em></strong></span> <span class='ocrx_word' id='word_1_9' title='bbox 1106 387 1457 457; x_wconf 73' lang='lat' dir='ltr'><strong><em>pertinentia.</em></strong></span> <span class='ocrx_word' id='word_1_10' title='bbox 1491 385 1800 439; x_wconf 89' lang='lat' dir='ltr'><strong><em>Immutatio</em></strong></span> <span class='ocrx_word' id='word_1_11' title='bbox 1841 385 2027 453; x_wconf 80' lang='lat' dir='ltr'><strong><em>itaque</em></strong></span> <span class='ocrx_word' id='word_1_12' title='bbox 2054 382 2103 453; x_wconf 80' lang='grc' dir='ltr'>Α</span> <span class='ocrx_word' id='word_1_13' title='bbox 2129 379 2340 434; x_wconf 91' lang='lat' dir='ltr'><strong><em>nullum</em></strong></span> <span class='ocrx_word' id='word_1_14' title='bbox 2397 378 2642 446; x_wconf 89' lang='lat' dir='ltr'><strong><em>referret,</em></strong></span> <span class='ocrx_word' id='word_1_15' title='bbox 2692 395 2818 435; x_wconf 89' lang='lat' dir='ltr'><strong><em>cum</em></strong></span> <span class='ocrx_word' id='word_1_16' title='bbox 2862 387 3047 436; x_wconf 74' lang='lat' dir='ltr'><strong><em>tamen</em></strong></span> <span class='ocrx_word' id='word_1_17' title='bbox 3102 382 3345 454; x_wconf 74' lang='lat' dir='ltr'><strong><em>agricola</em></strong></span> <span class='ocrx_word' id='word_1_18' title='bbox 3404 382 3611 439; x_wconf 88' lang='lat' dir='ltr'><strong><em>laboris</em></strong></span> <span class='ocrx_word' id='word_1_19' title='bbox 3661 385 3767 439; x_wconf 89' lang='lat' dir='ltr'><strong><em>sui</em></strong></span> 
     </span>
    </p>
   </div>
   <div class='ocr_carea' id='block_1_5' title="bbox 414 471 2028 553">
    <p class='ocr_par' dir='ltr' id='par_1_5' title="bbox 414 471 2028 553">
     <span class='ocr_line' id='line_1_5' title="bbox 414 471 2028 553; baseline -0.007 -18"><span class='ocrx_word' id='word_1_20' title='bbox 414 480 775 553; x_wconf 58' lang='lat' dir='ltr'><strong><em>prastationis</em></strong></span> <span class='ocrx_word' id='word_1_21' title='bbox 804 478 967 546; x_wconf 80' lang='lat' dir='ltr'><em>hujus</em></span> <span class='ocrx_word' id='word_1_22' title='bbox 1008 491 1065 530; x_wconf 91' lang='lat' dir='ltr'><strong><em>eo</em></strong></span> <span class='ocrx_word' id='word_1_23' title='bbox 1091 478 1315 545; x_wconf 84' lang='lat' dir='ltr'><strong><em>peracta</em></strong></span> <span class='ocrx_word' id='word_1_24' title='bbox 1343 478 1418 528; x_wconf 88' lang='lat' dir='ltr'><strong><em>est</em></strong></span> <span class='ocrx_word' id='word_1_25' title='bbox 1454 479 1652 539; x_wconf 84' lang='lat' dir='ltr'><strong><em>tenore,</em></strong></span> <span class='ocrx_word' id='word_1_26' title='bbox 1692 476 1752 527; x_wconf 89' lang='lat' dir='ltr'><strong><em>ut</em></strong></span> <span class='ocrx_word' id='word_1_27' title='bbox 1774 471 2028 542; x_wconf 85' lang='lat' dir='ltr'><strong><em>quandiu</em></strong></span> 
     </span>
    </p>
   </div>
   <div class='ocr_carea' id='block_1_6' title="bbox 416 563 2031 637">
    <p class='ocr_par' dir='ltr' id='par_1_6' title="bbox 416 563 2031 637">
     <span class='ocr_line' id='line_1_6' title="bbox 416 563 2031 637; baseline -0.005 -16"><span class='ocrx_word' id='word_1_28' title='bbox 416 569 688 623; x_wconf 74' lang='lat' dir='ltr'><strong><em>advixerit</em></strong></span> <span class='ocrx_word' id='word_1_29' title='bbox 733 567 1007 637; x_wconf 67' lang='lat' dir='ltr'><strong><em>praefatus</em></strong></span> <span class='ocrx_word' id='word_1_30' title='bbox 1052 564 1404 619; x_wconf 86' lang='lat' dir='ltr'><strong><em>Goderannus</em></strong></span> <span class='ocrx_word' id='word_1_31' title='bbox 1446 563 1698 627; x_wconf 78' lang='lat' dir='ltr'><strong><em>illustris,</em></strong></span> <span class='ocrx_word' id='word_1_32' title='bbox 1732 576 1849 631; x_wconf 66' lang='lat' dir='ltr'><strong><em>quae</em></strong></span> <span class='ocrx_word' id='word_1_33' title='bbox 1885 574 2031 631; x_wconf 68' lang='lat' dir='ltr'><strong><em>pras-</em></strong></span> 
     </span>
    </p>
   </div>
   <div class='ocr_carea' id='block_1_7' title="bbox 417 649 2032 727">
    <p class='ocr_par' dir='ltr' id='par_1_7' title="bbox 417 649 2032 727">
     <span class='ocr_line' id='line_1_7' title="bbox 417 649 2032 727; baseline -0.007 -14"><span class='ocrx_word' id='word_1_34' title='bbox 417 660 559 713; x_wconf 82' lang='lat' dir='ltr'><strong><em>stitit</em></strong></span> <span class='ocrx_word' id='word_1_35' title='bbox 591 660 639 711; x_wconf 90' lang='lat' dir='ltr'><strong><em>et</em></strong></span> <span class='ocrx_word' id='word_1_36' title='bbox 692 672 814 727; x_wconf 73' lang='lat' dir='ltr'><strong><em>qua:</em></strong></span> <span class='ocrx_word' id='word_1_37' title='bbox 841 657 1043 726; x_wconf 82' lang='lat' dir='ltr'><strong><em>recepit</em></strong></span> <span class='ocrx_word' id='word_1_38' title='bbox 1080 658 1255 709; x_wconf 78' lang='lat' dir='ltr'><strong><em>teneat</em></strong></span> <span class='ocrx_word' id='word_1_39' title='bbox 1312 657 1361 707; x_wconf 83' lang='lat' dir='ltr'><strong><em>et</em></strong></span> <span class='ocrx_word' id='word_1_40' title='bbox 1413 652 1686 723; x_wconf 79' lang='lat' dir='ltr'><strong><em>possideat</em></strong></span> <span class='ocrx_word' id='word_1_41' title='bbox 1736 650 1837 705; x_wconf 89' lang='lat' dir='ltr'><strong><em>sub</em></strong></span> <span class='ocrx_word' id='word_1_42' title='bbox 1868 649 2032 704; x_wconf 87' lang='lat' dir='ltr'><strong><em>tertia</em></strong></span> 
     </span>
    </p>
   </div>
   <div class='ocr_carea' id='block_1_8' title="bbox 415 742 2029 815">
    <p class='ocr_par' dir='ltr' id='par_1_8' title="bbox 415 742 2029 815">
     <span class='ocr_line' id='line_1_8' title="bbox 415 742 2029 815; baseline -0.004 -12"><span class='ocrx_word' id='word_1_43' title='bbox 415 765 601 815; x_wconf 86' lang='lat' dir='ltr'><strong><em>manu,</em></strong></span> <span class='ocrx_word' id='word_1_44' title='bbox 639 751 961 803; x_wconf 72' lang='lat' dir='ltr'><strong><em>umoris&#39;suaz</em></strong></span> <span class='ocrx_word' id='word_1_45' title='bbox 978 748 1225 802; x_wconf 80' lang='lat' dir='ltr'><strong><em>videlicet</em></strong></span> <span class='ocrx_word' id='word_1_46' title='bbox 1256 745 1573 809; x_wconf 84' lang='lat' dir='ltr'><strong><em>Adelendis,</em></strong></span> <span class='ocrx_word' id='word_1_47' title='bbox 1627 749 1675 799; x_wconf 87' lang='lat' dir='ltr'><strong><em>et</em></strong></span> <span class='ocrx_word' id='word_1_48' title='bbox 1698 745 1803 813; x_wconf 82' lang='lat' dir='ltr'><strong><em>ﬁlii</em></strong></span> <span class='ocrx_word' id='word_1_49' title='bbox 1834 742 2029 799; x_wconf 83' lang='lat' dir='ltr'><strong><em>solum-</em></strong></span> 
     </span>
    </p>
   </div>
   <div class='ocr_carea' id='block_1_9' title="bbox 416 833 2027 906">
    <p class='ocr_par' dir='ltr' id='par_1_9' title="bbox 416 833 2027 906">
     <span class='ocr_line' id='line_1_9' title="bbox 416 833 2027 906; baseline -0.004 -12"><span class='ocrx_word' id='word_1_50' title='bbox 416 840 566 894; x_wconf 84' lang='lat' dir='ltr'><strong><em>modo</em></strong></span> <span class='ocrx_word' id='word_1_51' title='bbox 594 841 759 893; x_wconf 84' lang='lat' dir='ltr'><strong><em>unius</em></strong></span> <span class='ocrx_word' id='word_1_52' title='bbox 796 838 1150 905; x_wconf 82' lang='lat' dir='ltr'><strong><em>Ermenfridi.</em></strong></span> <span class='ocrx_word' id='word_1_53' title='bbox 1188 837 1314 891; x_wconf 88' lang='lat' dir='ltr'><strong><em>Post</em></strong></span> <span class='ocrx_word' id='word_1_54' title='bbox 1350 851 1581 906; x_wconf 88' lang='lat' dir='ltr'><strong><em>quorum</em></strong></span> <span class='ocrx_word' id='word_1_55' title='bbox 1621 836 1789 888; x_wconf 87' lang='lat' dir='ltr'><strong><em>trium</em></strong></span> <span class='ocrx_word' id='word_1_56' title='bbox 1820 833 2027 899; x_wconf 85' lang='lat' dir='ltr'><strong><em>defun-</em></strong></span> 
     </span>
    </p>
   </div>
   <div class='ocr_carea' id='block_1_10' title="bbox 417 922 2032 999">
    <p class='ocr_par' dir='ltr' id='par_1_10' title="bbox 417 922 2032 999">
     <span class='ocr_line' id='line_1_10' title="bbox 417 922 2032 999; baseline -0.006 -14"><span class='ocrx_word' id='word_1_57' title='bbox 417 934 614 985; x_wconf 86' lang='lat' dir='ltr'><strong><em>ctiones</em></strong></span> <span class='ocrx_word' id='word_1_58' title='bbox 653 931 809 985; x_wconf 87' lang='lat' dir='ltr'><strong><em>diem.</em></strong></span> <span class='ocrx_word' id='word_1_59' title='bbox 848 931 957 985; x_wconf 84' lang='lat' dir='ltr'><strong><em>loco</em></strong></span> <span class='ocrx_word' id='word_1_60' title='bbox 987 931 1233 999; x_wconf 79' lang='lat' dir='ltr'><strong><em>superius</em></strong></span> <span class='ocrx_word' id='word_1_61' title='bbox 1282 930 1569 982; x_wconf 78' lang='lat' dir='ltr'><strong><em>memorato</em></strong></span> <span class='ocrx_word' id='word_1_62' title='bbox 1611 929 1851 994; x_wconf 62' lang='lat' dir='ltr'><strong><em>utraeque</em></strong></span> <span class='ocrx_word' id='word_1_63' title='bbox 1883 922 2032 977; x_wconf 88' lang='lat' dir='ltr'><strong><em>deve-</em></strong></span> 
     </span>
    </p>
   </div>
   <div class='ocr_carea' id='block_1_11' title="bbox 418 1019 2031 1091">
    <p class='ocr_par' dir='ltr' id='par_1_11' title="bbox 418 1019 2031 1091">
     <span class='ocr_line' id='line_1_11' title="bbox 418 1019 2031 1091; baseline -0.005 -16"><span class='ocrx_word' id='word_1_64' title='bbox 418 1023 574 1076; x_wconf 82' lang='lat' dir='ltr'><strong><em>niant</em></strong></span> <span class='ocrx_word' id='word_1_65' title='bbox 598 1027 804 1091; x_wconf 83' lang='lat' dir='ltr'><strong><em>partes,</em></strong></span> <span class='ocrx_word' id='word_1_66' title='bbox 835 1026 885 1075; x_wconf 88' lang='lat' dir='ltr'><strong><em>et</em></strong></span> <span class='ocrx_word' id='word_1_67' title='bbox 930 1021 1056 1091; x_wconf 82' lang='lat' dir='ltr'><strong><em>jure</em></strong></span> <span class='ocrx_word' id='word_1_68' title='bbox 1083 1023 1339 1090; x_wconf 81' lang='lat' dir='ltr'><strong><em>ﬁnetenus</em></strong></span> <span class='ocrx_word' id='word_1_69' title='bbox 1390 1022 1580 1073; x_wconf 83' lang='lat' dir='ltr'><strong><em>teneat.</em></strong></span> <span class='ocrx_word' id='word_1_70' title='bbox 1612 1019 1699 1072; x_wconf 79' lang='lat' dir='ltr'><strong><em>Ea:</em></strong></span> <span class='ocrx_word' id='word_1_71' title='bbox 1724 1022 1882 1086; x_wconf 86' lang='lat' dir='ltr'><strong><em>parte</em></strong></span> <span class='ocrx_word' id='word_1_72' title='bbox 1908 1029 2031 1069; x_wconf 84' lang='lat' dir='ltr'><strong><em>vero</em></strong></span> 
     </span>
    </p>
   </div>
   <div class='ocr_carea' id='block_1_12' title="bbox 420 1111 2031 1184">
    <p class='ocr_par' dir='ltr' id='par_1_12' title="bbox 420 1111 2031 1184">
     <span class='ocr_line' id='line_1_12' title="bbox 420 1111 2031 1184; baseline -0.004 -17"><span class='ocrx_word' id='word_1_73' title='bbox 420 1114 776 1184; x_wconf 69' lang='lat' dir='ltr'><strong><em>quorumlibet</em></strong></span> <span class='ocrx_word' id='word_1_74' title='bbox 804 1114 993 1167; x_wconf 86' lang='lat' dir='ltr'><strong><em>horum</em></strong></span> <span class='ocrx_word' id='word_1_75' title='bbox 1022 1128 1084 1167; x_wconf 85' lang='lat' dir='ltr'><strong><em>ne</em></strong></span> <span class='ocrx_word' id='word_1_76' title='bbox 1114 1113 1295 1182; x_wconf 82' lang='lat' dir='ltr'><strong><em>aliqua</em></strong></span> <span class='ocrx_word' id='word_1_77' title='bbox 1323 1111 1478 1166; x_wconf 87' lang='lat' dir='ltr'><strong><em>modo</em></strong></span> <span class='ocrx_word' id='word_1_78' title='bbox 1499 1111 1606 1164; x_wconf 68' lang='lat' dir='ltr'><strong><em>hazc</em></strong></span> <span class='ocrx_word' id='word_1_79' title='bbox 1635 1111 1959 1179; x_wconf 82' lang='lat' dir='ltr'><strong><em>pervagatur</em></strong></span> <span class='ocrx_word' id='word_1_80' title='bbox 1982 1111 2031 1161; x_wconf 89' lang='lat' dir='ltr'><strong><em>et</em></strong></span> 
     </span>
    </p>
   </div>
   <div class='ocr_carea' id='block_1_13' title="bbox 424 1197 2030 1272">
    <p class='ocr_par' dir='ltr' id='par_1_13' title="bbox 424 1197 2030 1272">
     <span class='ocr_line' id='line_1_13' title="bbox 424 1197 2030 1272; baseline -0.004 -16"><span class='ocrx_word' id='word_1_81' title='bbox 424 1205 780 1271; x_wconf 79' lang='lat' dir='ltr'><strong><em>infrangetur</em></strong></span> <span class='ocrx_word' id='word_1_82' title='bbox 802 1204 1100 1272; x_wconf 69' lang='lat' dir='ltr'><strong><em>prmstatia,</em></strong></span> <span class='ocrx_word' id='word_1_83' title='bbox 1140 1203 1439 1256; x_wconf 83' lang='lat' dir='ltr'><strong><em>testimonio</em></strong></span> <span class='ocrx_word' id='word_1_84' title='bbox 1493 1201 1806 1255; x_wconf 74' lang='lat' dir='ltr'><strong><em>roboratam</em></strong></span> <span class='ocrx_word' id='word_1_85' title='bbox 1834 1201 1913 1251; x_wconf 89' lang='lat' dir='ltr'><strong><em>est</em></strong></span> <span class='ocrx_word' id='word_1_86' title='bbox 1941 1197 2030 1250; x_wconf 81' lang='grc' dir='ltr'><strong><em>ὁο-</em></strong></span> 
     </span>
    </p>
   </div>
   <div class='ocr_carea' id='block_1_14' title="bbox 418 1297 888 1351">
    <p class='ocr_par' dir='ltr' id='par_1_14' title="bbox 418 1297 888 1351">
     <span class='ocr_line' id='line_1_14' title="bbox 418 1297 888 1351; baseline -0.009 0"><span class='ocrx_word' id='word_1_87' title='bbox 418 1310 608 1351; x_wconf 86' lang='lat' dir='ltr'><strong><em>norum</em></strong></span> <span class='ocrx_word' id='word_1_88' title='bbox 628 1297 888 1349; x_wconf 87' lang='lat' dir='ltr'><strong><em>virorum.</em></strong></span> 
     </span>
    </p>
   </div>
   <div class='ocr_carea' id='block_1_15' title="bbox 488 1427 2034 1492">
    <p class='ocr_par' dir='ltr' id='par_1_15' title="bbox 488 1427 2034 1492">
     <span class='ocr_line' id='line_1_15' title="bbox 488 1427 2034 1492; baseline -0.003 -9"><span class='ocrx_word' id='word_1_89' title='bbox 488 1429 683 1483; x_wconf 78' lang='lat' dir='ltr'><strong><em>Actum</em></strong></span> <span class='ocrx_word' id='word_1_90' title='bbox 713 1430 772 1483; x_wconf 87' lang='lat' dir='ltr'><strong><em>in</em></strong></span> <span class='ocrx_word' id='word_1_91' title='bbox 819 1428 1103 1483; x_wconf 78' lang='lat' dir='ltr'><strong><em>Gemblaus</em></strong></span> <span class='ocrx_word' id='word_1_92' title='bbox 1128 1429 1380 1492; x_wconf 69' lang='lat' dir='ltr'><strong><em>caanobio,</em></strong></span> <span class='ocrx_word' id='word_1_93' title='bbox 1438 1442 1578 1482; x_wconf 85' lang='lat' dir='ltr'><strong><em>anno</em></strong></span> <span class='ocrx_word' id='word_1_94' title='bbox 1631 1427 2034 1481; x_wconf 81' lang='lat' dir='ltr'><strong><em>incarnationis</em></strong></span> 
     </span>
    </p>
   </div>
   <div class='ocr_carea' id='block_1_16' title="bbox 420 1515 2035 1589">
    <p class='ocr_par' dir='ltr' id='par_1_16' title="bbox 420 1515 2035 1589">
     <span class='ocr_line' id='line_1_16' title="bbox 420 1515 2035 1589; baseline 0.004 -24"><span class='ocrx_word' id='word_1_95' title='bbox 420 1520 631 1573; x_wconf 71' lang='lat' dir='ltr'><strong><em>Domini</em></strong></span> <span class='ocrx_word' id='word_1_96' title='bbox 658 1518 763 1571; x_wconf 70' lang='grc'><strong><em>964</em></strong></span> <span class='ocrx_word' id='word_1_97' title='bbox 812 1517 1082 1572; x_wconf 77' lang='lat' dir='ltr'><strong><em>iudicione</em></strong></span> <span class='ocrx_word' id='word_1_98' title='bbox 1138 1519 1226 1585; x_wconf 84' lang='grc'><strong><em>11,</em></strong></span> <span class='ocrx_word' id='word_1_99' title='bbox 1258 1520 1476 1589; x_wconf 85' lang='lat' dir='ltr'><strong><em>imperii</em></strong></span> <span class='ocrx_word' id='word_1_100' title='bbox 1512 1531 1633 1571; x_wconf 84' lang='lat' dir='ltr'><strong><em>vero</em></strong></span> <span class='ocrx_word' id='word_1_101' title='bbox 1663 1516 1846 1570; x_wconf 79' lang='lat' dir='ltr'><strong><em>domui</em></strong></span> <span class='ocrx_word' id='word_1_102' title='bbox 1884 1515 2035 1572; x_wconf 89' lang='lat' dir='ltr'><strong><em>Otto-</em></strong></span> 
     </span>
    </p>
   </div>
   <div class='ocr_carea' id='block_1_17' title="bbox 412 1611 953 1669">
    <p class='ocr_par' dir='ltr' id='par_1_17' title="bbox 412 1611 953 1669">
     <span class='ocr_line' id='line_1_17' title="bbox 412 1611 953 1669; baseline -0.002 -4"><span class='ocrx_word' id='word_1_103' title='bbox 412 1613 501 1666; x_wconf 84' lang='lat' dir='ltr'><strong><em>nis</em></strong></span> <span class='ocrx_word' id='word_1_104' title='bbox 540 1627 682 1667; x_wconf 87' lang='lat' dir='ltr'><strong><em>anno</em></strong></span> <span class='ocrx_word' id='word_1_105' title='bbox 706 1611 953 1669; x_wconf 84' lang='lat' dir='ltr'><strong><em>secundo.</em></strong></span> 
     </span>
    </p>
   </div>
   <div class='ocr_carea' id='block_1_18' title="bbox 2129 468 2813 541">
    <p class='ocr_par' dir='ltr' id='par_1_18' title="bbox 2129 468 2813 541">
     <span class='ocr_line' id='line_1_18' title="bbox 2129 468 2813 541; baseline 0 -16"><span class='ocrx_word' id='word_1_106' title='bbox 2129 468 2363 525; x_wconf 87' lang='lat' dir='ltr'><strong><em>fructum</em></strong></span> <span class='ocrx_word' id='word_1_107' title='bbox 2387 485 2497 524; x_wconf 90' lang='lat' dir='ltr'><strong><em>non</em></strong></span> <span class='ocrx_word' id='word_1_108' title='bbox 2536 469 2813 541; x_wconf 84' lang='lat' dir='ltr'><strong><em>perderet.</em></strong></span> 
     </span>
    </p>
   </div>
   <div class='ocr_carea' id='block_1_19' title="bbox 2201 557 3768 634">
    <p class='ocr_par' dir='ltr' id='par_1_19' title="bbox 2201 557 3768 634">
     <span class='ocr_line' id='line_1_19' title="bbox 2201 557 3768 634; baseline 0.004 -22"><span class='ocrx_word' id='word_1_109' title='bbox 2201 559 2289 613; x_wconf 81' lang='grc'><strong><em>15.</em></strong></span> <span class='ocrx_word' id='word_1_110' title='bbox 2346 557 2475 613; x_wconf 87' lang='lat' dir='ltr'><strong><em>Cum</em></strong></span> <span class='ocrx_word' id='word_1_111' title='bbox 2525 575 2677 634; x_wconf 89' lang='lat' dir='ltr'><strong><em>ergo,</em></strong></span> <span class='ocrx_word' id='word_1_112' title='bbox 2724 568 2783 614; x_wconf 91' lang='lat' dir='ltr'><strong><em>ut</em></strong></span> <span class='ocrx_word' id='word_1_113' title='bbox 2821 559 3025 615; x_wconf 91' lang='lat' dir='ltr'><strong><em>dictum</em></strong></span> <span class='ocrx_word' id='word_1_114' title='bbox 3073 567 3174 625; x_wconf 88' lang='lat' dir='ltr'><strong><em>est,</em></strong></span> <span class='ocrx_word' id='word_1_115' title='bbox 3218 567 3369 615; x_wconf 91' lang='lat' dir='ltr'><strong><em>tanta</em></strong></span> <span class='ocrx_word' id='word_1_116' title='bbox 3419 560 3768 618; x_wconf 85' lang='lat' dir='ltr'><strong><em>efferaretur</em></strong></span> 
     </span>
    </p>
   </div>
   <div class='ocr_carea' id='block_1_20' title="bbox 2132 649 3769 721">
    <p class='ocr_par' dir='ltr' id='par_1_20' title="bbox 2132 649 3769 721">
     <span class='ocr_line' id='line_1_20' title="bbox 2132 649 3769 721; baseline 0.004 -16"><span class='ocrx_word' id='word_1_117' title='bbox 2132 649 2369 721; x_wconf 90' lang='lat' dir='ltr'><strong><em>insania,</em></strong></span> <span class='ocrx_word' id='word_1_118' title='bbox 2412 658 2601 707; x_wconf 89' lang='lat' dir='ltr'><strong><em>sancto</em></strong></span> <span class='ocrx_word' id='word_1_119' title='bbox 2642 659 2825 707; x_wconf 90' lang='lat' dir='ltr'><strong><em>tamen</em></strong></span> <span class='ocrx_word' id='word_1_120' title='bbox 2865 651 2982 708; x_wconf 91' lang='lat' dir='ltr'><strong><em>viro</em></strong></span> <span class='ocrx_word' id='word_1_121' title='bbox 3035 668 3093 707; x_wconf 91' lang='lat' dir='ltr'><strong><em>se</em></strong></span> <span class='ocrx_word' id='word_1_122' title='bbox 3138 653 3518 721; x_wconf 78' lang='lat' dir='ltr'><strong><em>submittebat,</em></strong></span> <span class='ocrx_word' id='word_1_123' title='bbox 3575 663 3630 711; x_wconf 90' lang='lat' dir='ltr'><strong><em>et</em></strong></span> <span class='ocrx_word' id='word_1_124' title='bbox 3692 662 3769 711; x_wconf 84' lang='lat' dir='ltr'><strong><em>ut</em></strong></span> 
     </span>
    </p>
   </div>
   <div class='ocr_carea' id='block_1_21' title="bbox 2132 743 3766 817">
    <p class='ocr_par' dir='ltr' id='par_1_21' title="bbox 2132 743 3766 817">
     <span class='ocr_line' id='line_1_21' title="bbox 2132 743 3766 817; baseline 0.002 -18"><span class='ocrx_word' id='word_1_125' title='bbox 2132 745 2338 799; x_wconf 91' lang='lat' dir='ltr'><strong><em>cultum</em></strong></span> <span class='ocrx_word' id='word_1_126' title='bbox 2370 750 2576 799; x_wconf 62' lang='lat' dir='ltr'><strong><em>sancta:</em></strong></span> <span class='ocrx_word' id='word_1_127' title='bbox 2604 743 2887 817; x_wconf 77' lang='lat' dir='ltr'><strong><em>religionis</em></strong></span> <span class='ocrx_word' id='word_1_128' title='bbox 2917 757 3201 801; x_wconf 79' lang='lat' dir='ltr'><strong><em>exerceret</em></strong></span> <span class='ocrx_word' id='word_1_129' title='bbox 3230 746 3285 800; x_wconf 90' lang='lat' dir='ltr'><strong><em>in</em></strong></span> <span class='ocrx_word' id='word_1_130' title='bbox 3319 747 3468 802; x_wconf 90' lang='lat' dir='ltr'><strong><em>omni</em></strong></span> <span class='ocrx_word' id='word_1_131' title='bbox 3499 746 3621 804; x_wconf 88' lang='lat' dir='ltr'><strong><em>loco</em></strong></span> <span class='ocrx_word' id='word_1_132' title='bbox 3657 748 3766 803; x_wconf 85' lang='lat' dir='ltr'><strong><em>di-</em></strong></span> 
     </span>
    </p>
   </div>
   <div class='ocr_carea' id='block_1_22' title="bbox 2134 833 3766 905">
    <p class='ocr_par' dir='ltr' id='par_1_22' title="bbox 2134 833 3766 905">
     <span class='ocr_line' id='line_1_22' title="bbox 2134 833 3766 905; baseline 0 -14"><span class='ocrx_word' id='word_1_133' title='bbox 2134 833 2302 891; x_wconf 83' lang='lat' dir='ltr'><strong><em>tionis</em></strong></span> <span class='ocrx_word' id='word_1_134' title='bbox 2332 849 2446 889; x_wconf 71' lang='lat' dir='ltr'><strong><em>suaa</em></strong></span> <span class='ocrx_word' id='word_1_135' title='bbox 2491 834 2541 889; x_wconf 90' lang='lat' dir='ltr'><strong><em>ei</em></strong></span> <span class='ocrx_word' id='word_1_136' title='bbox 2573 833 2919 905; x_wconf 75' lang='lat' dir='ltr'><strong><em>permiserat.</em></strong></span> <span class='ocrx_word' id='word_1_137' title='bbox 2961 834 3115 890; x_wconf 90' lang='lat' dir='ltr'><strong><em>Unde</em></strong></span> <span class='ocrx_word' id='word_1_138' title='bbox 3163 836 3437 892; x_wconf 89' lang='lat' dir='ltr'><strong><em>commisit</em></strong></span> <span class='ocrx_word' id='word_1_139' title='bbox 3467 837 3518 892; x_wconf 88' lang='lat' dir='ltr'><strong><em>ei</em></strong></span> <span class='ocrx_word' id='word_1_140' title='bbox 3548 854 3766 893; x_wconf 85' lang='lat' dir='ltr'><strong><em>mona-</em></strong></span> 
     </span>
    </p>
   </div>
   <div class='ocr_carea' id='block_1_23' title="bbox 2131 924 3761 1002">
    <p class='ocr_par' dir='ltr' id='par_1_23' title="bbox 2131 924 3761 1002">
     <span class='ocr_line' id='line_1_23' title="bbox 2131 924 3761 1002; baseline 0.004 -19"><span class='ocrx_word' id='word_1_141' title='bbox 2131 928 2356 983; x_wconf 89' lang='lat' dir='ltr'><strong><em>sterium</em></strong></span> <span class='ocrx_word' id='word_1_142' title='bbox 2388 927 2562 984; x_wconf 82' lang='lat' dir='ltr'><strong><em>sancti</em></strong></span> <span class='ocrx_word' id='word_1_143' title='bbox 2589 924 2860 983; x_wconf 70' lang='lat' dir='ltr'><strong><em>VinCentii</em></strong></span> <span class='ocrx_word' id='word_1_144' title='bbox 2891 928 2945 983; x_wconf 90' lang='lat' dir='ltr'><strong><em>in</em></strong></span> <span class='ocrx_word' id='word_1_145' title='bbox 2978 929 3097 985; x_wconf 92' lang='lat' dir='ltr'><strong><em>loco</em></strong></span> <span class='ocrx_word' id='word_1_146' title='bbox 3137 930 3405 1002; x_wconf 84' lang='lat' dir='ltr'><strong><em>Sonegias</em></strong></span> <span class='ocrx_word' id='word_1_147' title='bbox 3443 932 3591 987; x_wconf 87' lang='lat' dir='ltr'><strong><em>dicto</em></strong></span> <span class='ocrx_word' id='word_1_148' title='bbox 3650 932 3761 991; x_wconf 87' lang='lat' dir='ltr'><strong><em>ubi</em></strong></span> 
     </span>
    </p>
   </div>
   <div class='ocr_carea' id='block_1_24' title="bbox 2131 1014 3755 1097">
    <p class='ocr_par' dir='ltr' id='par_1_24' title="bbox 2131 1014 3755 1097">
     <span class='ocr_line' id='line_1_24' title="bbox 2131 1014 3755 1097; baseline 0.002 -20"><span class='ocrx_word' id='word_1_149' title='bbox 2131 1019 2401 1077; x_wconf 70' lang='lat' dir='ltr'><strong><em>clericalis</em></strong></span> <span class='ocrx_word' id='word_1_150' title='bbox 2427 1020 2641 1077; x_wconf 87' lang='lat' dir='ltr'><strong><em>ordinis</em></strong></span> <span class='ocrx_word' id='word_1_151' title='bbox 2669 1020 2860 1097; x_wconf 82' lang='lat' dir='ltr'><strong><em>regula</em></strong></span> <span class='ocrx_word' id='word_1_152' title='bbox 2888 1022 3073 1093; x_wconf 81' lang='lat' dir='ltr'><strong><em>vigere</em></strong></span> <span class='ocrx_word' id='word_1_153' title='bbox 3113 1022 3369 1084; x_wconf 86' lang='lat' dir='ltr'><strong><em>debebat,</em></strong></span> <span class='ocrx_word' id='word_1_154' title='bbox 3415 1030 3476 1078; x_wconf 93' lang='lat' dir='ltr'><strong><em>ut</em></strong></span> <span class='ocrx_word' id='word_1_155' title='bbox 3509 1014 3583 1079; x_wconf 91' lang='lat' dir='ltr'><strong><em>ibi</em></strong></span> <span class='ocrx_word' id='word_1_156' title='bbox 3618 1041 3755 1081; x_wconf 80' lang='lat' dir='ltr'><strong><em>mo-</em></strong></span> 
     </span>
    </p>
   </div>
   <div class='ocr_carea' id='block_1_25' title="bbox 2132 1098 3758 1185">
    <p class='ocr_par' dir='ltr' id='par_1_25' title="bbox 2132 1098 3758 1185">
     <span class='ocr_line' id='line_1_25' title="bbox 2132 1098 3758 1185; baseline 0.004 -21"><span class='ocrx_word' id='word_1_157' title='bbox 2132 1098 2377 1166; x_wconf 77' lang='lat' dir='ltr'><strong><em>nachlcae</em></strong></span> <span class='ocrx_word' id='word_1_158' title='bbox 2415 1110 2538 1165; x_wconf 71' lang='lat' dir='ltr'><strong><em>vitae</em></strong></span> <span class='ocrx_word' id='word_1_159' title='bbox 2570 1111 2818 1165; x_wconf 85' lang='lat' dir='ltr'><strong><em>ordinem</em></strong></span> <span class='ocrx_word' id='word_1_160' title='bbox 2857 1109 3186 1167; x_wconf 86' lang='lat' dir='ltr'><strong><em>instituerat.</em></strong></span> <span class='ocrx_word' id='word_1_161' title='bbox 3242 1111 3349 1167; x_wconf 91' lang='lat' dir='ltr'><strong><em>Sed</em></strong></span> <span class='ocrx_word' id='word_1_162' title='bbox 3383 1113 3435 1167; x_wconf 90' lang='lat' dir='ltr'><strong><em>id</em></strong></span> <span class='ocrx_word' id='word_1_163' title='bbox 3469 1113 3758 1185; x_wconf 88' lang='lat' dir='ltr'><strong><em>importu-</em></strong></span> 
     </span>
    </p>
   </div>
   <div class='ocr_carea' id='block_1_26' title="bbox 2133 1201 3760 1277">
    <p class='ocr_par' dir='ltr' id='par_1_26' title="bbox 2133 1201 3760 1277">
     <span class='ocr_line' id='line_1_26' title="bbox 2133 1201 3760 1277; baseline 0.002 -20"><span class='ocrx_word' id='word_1_164' title='bbox 2133 1202 2301 1257; x_wconf 86' lang='lat' dir='ltr'><strong><em>nitate</em></strong></span> <span class='ocrx_word' id='word_1_165' title='bbox 2344 1201 2422 1257; x_wconf 87' lang='lat' dir='ltr'><strong><em>rei</em></strong></span> <span class='ocrx_word' id='word_1_166' title='bbox 2451 1211 2507 1256; x_wconf 92' lang='lat' dir='ltr'><strong><em>et</em></strong></span> <span class='ocrx_word' id='word_1_167' title='bbox 2545 1202 2809 1273; x_wconf 89' lang='lat' dir='ltr'><strong><em>temporis</em></strong></span> <span class='ocrx_word' id='word_1_168' title='bbox 2856 1201 3119 1258; x_wconf 89' lang='lat' dir='ltr'><strong><em>infectum</em></strong></span> <span class='ocrx_word' id='word_1_169' title='bbox 3164 1205 3426 1259; x_wconf 80' lang='lat' dir='ltr'><strong><em>remansit</em></strong></span> <span class='ocrx_word' id='word_1_170' title='bbox 3488 1205 3760 1277; x_wconf 82' lang='lat' dir='ltr'><strong><em>Preposi-</em></strong></span> 
     </span>
    </p>
   </div>
   <div class='ocr_carea' id='block_1_27' title="bbox 2133 1290 3760 1361">
    <p class='ocr_par' dir='ltr' id='par_1_27' title="bbox 2133 1290 3760 1361">
     <span class='ocr_line' id='line_1_27' title="bbox 2133 1290 3760 1361; baseline 0.002 -15"><span class='ocrx_word' id='word_1_171' title='bbox 2133 1300 2311 1346; x_wconf 88' lang='lat' dir='ltr'><strong><em>turam</em></strong></span> <span class='ocrx_word' id='word_1_172' title='bbox 2339 1291 2502 1348; x_wconf 77' lang='lat' dir='ltr'><strong><em>etiam</em></strong></span> <span class='ocrx_word' id='word_1_173' title='bbox 2538 1290 2825 1346; x_wconf 88' lang='lat' dir='ltr'><strong><em>Lobiensis</em></strong></span> <span class='ocrx_word' id='word_1_174' title='bbox 2866 1290 3101 1346; x_wconf 69' lang='lat' dir='ltr'><strong><em>abbatize</em></strong></span> <span class='ocrx_word' id='word_1_175' title='bbox 3135 1292 3254 1361; x_wconf 86' lang='lat' dir='ltr'><strong><em>ejus</em></strong></span> <span class='ocrx_word' id='word_1_176' title='bbox 3310 1295 3585 1349; x_wconf 87' lang='lat' dir='ltr'><strong><em>commisit</em></strong></span> <span class='ocrx_word' id='word_1_177' title='bbox 3623 1311 3760 1350; x_wconf 85' lang='lat' dir='ltr'><strong><em>ma-</em></strong></span> 
     </span>
    </p>
   </div>
   <div class='ocr_carea' id='block_1_28' title="bbox 2135 1380 3756 1455">
    <p class='ocr_par' dir='ltr' id='par_1_28' title="bbox 2135 1380 3756 1455">
     <span class='ocr_line' id='line_1_28' title="bbox 2135 1380 3756 1455; baseline 0.004 -18"><span class='ocrx_word' id='word_1_178' title='bbox 2135 1382 2323 1451; x_wconf 89' lang='lat' dir='ltr'><strong><em>nibus,</em></strong></span> <span class='ocrx_word' id='word_1_179' title='bbox 2354 1390 2413 1438; x_wconf 83' lang='lat' dir='ltr'><strong><em>ut</em></strong></span> <span class='ocrx_word' id='word_1_180' title='bbox 2443 1391 2650 1455; x_wconf 90' lang='lat' dir='ltr'><strong><em>quanto</em></strong></span> <span class='ocrx_word' id='word_1_181' title='bbox 2710 1385 2815 1439; x_wconf 83' lang='lat' dir='ltr'><strong><em>sibi</em></strong></span> <span class='ocrx_word' id='word_1_182' title='bbox 2864 1385 3166 1441; x_wconf 89' lang='lat' dir='ltr'><strong><em>adherebat</em></strong></span> <span class='ocrx_word' id='word_1_183' title='bbox 3197 1386 3542 1453; x_wconf 74' lang='lat' dir='ltr'><strong><em>familiarius,</em></strong></span> <span class='ocrx_word' id='word_1_184' title='bbox 3586 1380 3756 1443; x_wconf 81' lang='lat' dir='ltr'><strong><em>tanto</em></strong></span> 
     </span>
    </p>
   </div>
   <div class='ocr_carea' id='block_1_29' title="bbox 2137 1473 3761 1550">
    <p class='ocr_par' dir='ltr' id='par_1_29' title="bbox 2137 1473 3761 1550">
     <span class='ocr_line' id='line_1_29' title="bbox 2137 1473 3761 1550; baseline 0.002 -22"><span class='ocrx_word' id='word_1_185' title='bbox 2137 1473 2244 1528; x_wconf 89' lang='lat' dir='ltr'><strong><em>sibi</em></strong></span> <span class='ocrx_word' id='word_1_186' title='bbox 2284 1474 2585 1529; x_wconf 81' lang='lat' dir='ltr'><strong><em>deserviret</em></strong></span> <span class='ocrx_word' id='word_1_187' title='bbox 2615 1474 2850 1539; x_wconf 88' lang='lat' dir='ltr'><strong><em>ﬁdelius,</em></strong></span> <span class='ocrx_word' id='word_1_188' title='bbox 2908 1482 2963 1530; x_wconf 88' lang='lat' dir='ltr'><strong><em>et</em></strong></span> <span class='ocrx_word' id='word_1_189' title='bbox 3008 1483 3214 1548; x_wconf 88' lang='lat' dir='ltr'><strong><em>quanto</em></strong></span> <span class='ocrx_word' id='word_1_190' title='bbox 3259 1482 3373 1531; x_wconf 89' lang='lat' dir='ltr'><strong><em>erat</em></strong></span> <span class='ocrx_word' id='word_1_191' title='bbox 3416 1476 3761 1550; x_wconf 83' lang='lat' dir='ltr'><strong><em>religiosior,</em></strong></span> 
     </span>
    </p>
   </div>
   <div class='ocr_carea' id='block_1_30' title="bbox 2136 1561 3761 1643">
    <p class='ocr_par' dir='ltr' id='par_1_30' title="bbox 2136 1561 3761 1643">
     <span class='ocr_line' id='line_1_30' title="bbox 2136 1561 3761 1643; baseline 0.004 -26"><span class='ocrx_word' id='word_1_192' title='bbox 2136 1570 2288 1618; x_wconf 90' lang='lat' dir='ltr'><strong><em>tanto</em></strong></span> <span class='ocrx_word' id='word_1_193' title='bbox 2317 1563 2385 1617; x_wconf 89' lang='lat' dir='ltr'><strong><em>ad</em></strong></span> <span class='ocrx_word' id='word_1_194' title='bbox 2440 1561 2633 1617; x_wconf 84' lang='lat' dir='ltr'><strong><em>fratres</em></strong></span> <span class='ocrx_word' id='word_1_195' title='bbox 2663 1563 2785 1631; x_wconf 62' lang='lat' dir='ltr'><strong><em>eius</em></strong></span> <span class='ocrx_word' id='word_1_196' title='bbox 2836 1564 2941 1619; x_wconf 92' lang='lat' dir='ltr'><strong><em>loci</em></strong></span> <span class='ocrx_word' id='word_1_197' title='bbox 2990 1565 3315 1641; x_wconf 70' lang='lat' dir='ltr'><strong><em>regulariter</em></strong></span> <span class='ocrx_word' id='word_1_198' title='bbox 3351 1565 3761 1643; x_wconf 76' lang='lat' dir='ltr'><strong><em>gubernandos</em></strong></span> 
     </span>
    </p>
   </div>
   <div class='ocr_carea' id='block_1_31' title="bbox 2138 1652 3759 1725">
    <p class='ocr_par' dir='ltr' id='par_1_31' title="bbox 2138 1652 3759 1725">
     <span class='ocr_line' id='line_1_31' title="bbox 2138 1652 3759 1725; baseline 0.003 -18"><span class='ocrx_word' id='word_1_199' title='bbox 2138 1660 2283 1708; x_wconf 81' lang='lat' dir='ltr'><strong><em>esset</em></strong></span> <span class='ocrx_word' id='word_1_200' title='bbox 2339 1652 2619 1707; x_wconf 85' lang='lat' dir='ltr'><strong><em>intentior.</em></strong></span> <span class='ocrx_word' id='word_1_201' title='bbox 2681 1652 2833 1718; x_wconf 83' lang='lat' dir='ltr'><strong><em>Quod</em></strong></span> <span class='ocrx_word' id='word_1_202' title='bbox 2875 1655 3005 1725; x_wconf 81' lang='lat' dir='ltr'><strong><em>quia</em></strong></span> <span class='ocrx_word' id='word_1_203' title='bbox 3034 1654 3219 1710; x_wconf 81' lang='lat' dir='ltr'><strong><em>invitis</em></strong></span> <span class='ocrx_word' id='word_1_204' title='bbox 3252 1654 3509 1710; x_wconf 83' lang='lat' dir='ltr'><strong><em>fratribus</em></strong></span> <span class='ocrx_word' id='word_1_205' title='bbox 3540 1654 3759 1712; x_wconf 81' lang='lat' dir='ltr'><strong><em>factum</em></strong></span> 
     </span>
    </p>
   </div>
   <div class='ocr_carea' id='block_1_32' title="bbox 492 1741 3765 1833">
    <p class='ocr_par' dir='ltr' id='par_1_32' title="bbox 492 1741 3765 1833">
     <span class='ocr_line' id='line_1_32' title="bbox 492 1741 3765 1833; baseline -0 -15"><span class='ocrx_word' id='word_1_206' title='bbox 492 1763 578 1818; x_wconf 79' lang='grc'><strong><em>13.</em></strong></span> <span class='ocrx_word' id='word_1_207' title='bbox 616 1763 722 1818; x_wconf 92' lang='lat' dir='ltr'><strong><em>Sed</em></strong></span> <span class='ocrx_word' id='word_1_208' title='bbox 751 1764 821 1817; x_wconf 87' lang='lat' dir='ltr'><strong><em>ad</em></strong></span> <span class='ocrx_word' id='word_1_209' title='bbox 861 1761 1204 1833; x_wconf 88' lang='lat' dir='ltr'><strong><em>propositum</em></strong></span> <span class='ocrx_word' id='word_1_210' title='bbox 1236 1762 1422 1833; x_wconf 83' lang='lat' dir='ltr'><strong><em>cperis</em></strong></span> <span class='ocrx_word' id='word_1_211' title='bbox 1470 1759 1783 1827; x_wconf 77' lang='lat' dir='ltr'><strong><em>redeamus,</em></strong></span> <span class='ocrx_word' id='word_1_212' title='bbox 1817 1766 1871 1815; x_wconf 89' lang='lat' dir='ltr'><strong><em>et</em></strong></span> <span class='ocrx_word' id='word_1_213' title='bbox 1897 1776 2034 1832; x_wconf 86' lang='lat' dir='ltr'><strong><em>qua-</em></strong></span> <span class='ocrx_word' id='word_1_214' title='bbox 2056 1746 2107 1817; x_wconf 87' lang='grc' dir='ltr'><strong>Β</strong></span> <span class='ocrx_word' id='word_1_215' title='bbox 2132 1750 2275 1833; x_wconf 43' lang='lat' dir='ltr'><strong><em>erait</em></strong></span> <span class='ocrx_word' id='word_1_216' title='bbox 2308 1741 2533 1797; x_wconf 52' lang='lat' dir='ltr'><strong><em>fratrum</em></strong></span> <span class='ocrx_word' id='word_1_217' title='bbox 2556 1742 2904 1833; x_wconf 56' lang='grc' dir='ltr'><strong><em>υξλδηίηιίωῖ</em></strong></span> <span class='ocrx_word' id='word_1_218' title='bbox 2944 1743 3078 1833; x_wconf 64' lang='grc' dir='ltr'><strong><em>δείίὲ</em></strong></span> <span class='ocrx_word' id='word_1_219' title='bbox 3110 1744 3459 1833; x_wconf 57' lang='lat' dir='ltr'><strong><em>displicebat,</em></strong></span> <span class='ocrx_word' id='word_1_220' title='bbox 3510 1745 3607 1817; x_wconf 69' lang='grc' dir='ltr'><strong><em>(ἰυί</em></strong></span> <span class='ocrx_word' id='word_1_221' title='bbox 3653 1761 3765 1817; x_wconf 64' lang='lat' dir='ltr'><strong><em>Per</em></strong></span> 
     </span>
    </p>
   </div>
   <div class='ocr_carea' id='block_1_33' title="bbox 423 1851 2036 1926">
    <p class='ocr_par' dir='ltr' id='par_1_33' title="bbox 423 1851 2036 1926">
     <span class='ocr_line' id='line_1_33' title="bbox 423 1851 2036 1926; baseline -0.002 -18"><span class='ocrx_word' id='word_1_222' title='bbox 423 1854 509 1909; x_wconf 89' lang='lat' dir='ltr'><strong><em>les</em></strong></span> <span class='ocrx_word' id='word_1_223' title='bbox 537 1860 592 1908; x_wconf 89' lang='lat' dir='ltr'><strong><em>et</em></strong></span> <span class='ocrx_word' id='word_1_224' title='bbox 629 1860 860 1925; x_wconf 90' lang='lat' dir='ltr'><strong><em>quantas</em></strong></span> <span class='ocrx_word' id='word_1_225' title='bbox 893 1853 1310 1923; x_wconf 84' lang='lat' dir='ltr'><strong><em>persecutiones</em></strong></span> <span class='ocrx_word' id='word_1_226' title='bbox 1342 1851 1667 1907; x_wconf 90' lang='lat' dir='ltr'><strong><em>sustinuerit</em></strong></span> <span class='ocrx_word' id='word_1_227' title='bbox 1697 1851 1780 1905; x_wconf 91' lang='lat' dir='ltr'><strong><em>vir</em></strong></span> <span class='ocrx_word' id='word_1_228' title='bbox 1810 1851 2036 1926; x_wconf 81' lang='lat' dir='ltr'><strong><em>religio~</em></strong></span> 
     </span>
    </p>
   </div>
   <div class='ocr_carea' id='block_1_34' title="bbox 421 1932 2035 2016">
    <p class='ocr_par' dir='ltr' id='par_1_34' title="bbox 421 1932 2035 2016">
     <span class='ocr_line' id='line_1_34' title="bbox 421 1932 2035 2016; baseline -0.001 -17"><span class='ocrx_word' id='word_1_229' title='bbox 421 1962 514 1999; x_wconf 89' lang='lat' dir='ltr'><strong><em>sus</em></strong></span> <span class='ocrx_word' id='word_1_230' title='bbox 555 1945 831 2012; x_wconf 86' lang='lat' dir='ltr'><strong><em>Erluinus,</em></strong></span> <span class='ocrx_word' id='word_1_231' title='bbox 874 1944 966 2016; x_wconf 91' lang='lat' dir='ltr'><strong><em>qui</em></strong></span> <span class='ocrx_word' id='word_1_232' title='bbox 1015 1944 1179 1998; x_wconf 90' lang='lat' dir='ltr'><strong><em>etiam</em></strong></span> <span class='ocrx_word' id='word_1_233' title='bbox 1213 1932 1528 2016; x_wconf 73' lang='lat' dir='ltr'><strong><em>martyrium</em></strong></span> <span class='ocrx_word' id='word_1_234' title='bbox 1584 1959 1681 2014; x_wconf 89' lang='lat' dir='ltr'><strong><em>pro</em></strong></span> <span class='ocrx_word' id='word_1_235' title='bbox 1722 1943 1818 1998; x_wconf 86' lang='lat' dir='ltr'><strong><em>Dei</em></strong></span> <span class='ocrx_word' id='word_1_236' title='bbox 1849 1959 2035 2001; x_wconf 77' lang='lat' dir='ltr'><strong><em>amere</em></strong></span> 
     </span>
    </p>
   </div>
   <div class='ocr_carea' id='block_1_35' title="bbox 422 2032 2031 2105">
    <p class='ocr_par' dir='ltr' id='par_1_35' title="bbox 422 2032 2031 2105">
     <span class='ocr_line' id='line_1_35' title="bbox 422 2032 2031 2105; baseline -0.002 -16"><span class='ocrx_word' id='word_1_237' title='bbox 422 2034 605 2089; x_wconf 89' lang='lat' dir='ltr'><strong><em>subire</em></strong></span> <span class='ocrx_word' id='word_1_238' title='bbox 637 2041 752 2089; x_wconf 85' lang='lat' dir='ltr'><strong><em>erat</em></strong></span> <span class='ocrx_word' id='word_1_239' title='bbox 794 2041 1035 2105; x_wconf 84' lang='lat' dir='ltr'><strong><em>paratus,</em></strong></span> <span class='ocrx_word' id='word_1_240' title='bbox 1080 2034 1271 2105; x_wconf 85' lang='lat' dir='ltr'><strong><em>paucis</em></strong></span> <span class='ocrx_word' id='word_1_241' title='bbox 1311 2034 1645 2105; x_wconf 83' lang='lat' dir='ltr'><strong><em>aperiamus.</em></strong></span> <span class='ocrx_word' id='word_1_242' title='bbox 1696 2032 1850 2098; x_wconf 88' lang='lat' dir='ltr'><strong><em>Quod</em></strong></span> <span class='ocrx_word' id='word_1_243' title='bbox 1902 2033 2031 2104; x_wconf 86' lang='lat' dir='ltr'><strong><em>qui-</em></strong></span> 
     </span>
    </p>
   </div>
   <div class='ocr_carea' id='block_1_36' title="bbox 423 2125 2032 2198">
    <p class='ocr_par' dir='ltr' id='par_1_36' title="bbox 423 2125 2032 2198">
     <span class='ocr_line' id='line_1_36' title="bbox 423 2125 2032 2198; baseline -0.001 -17"><span class='ocrx_word' id='word_1_244' title='bbox 423 2127 547 2181; x_wconf 88' lang='lat' dir='ltr'><strong><em>dem</em></strong></span> <span class='ocrx_word' id='word_1_245' title='bbox 593 2126 897 2198; x_wconf 86' lang='lat' dir='ltr'><strong><em>Fulquinus</em></strong></span> <span class='ocrx_word' id='word_1_246' title='bbox 943 2126 1117 2181; x_wconf 85' lang='lat' dir='ltr'><strong><em>abbas</em></strong></span> <span class='ocrx_word' id='word_1_247' title='bbox 1160 2142 1271 2182; x_wconf 90' lang='lat' dir='ltr'><strong><em>non</em></strong></span> <span class='ocrx_word' id='word_1_248' title='bbox 1325 2127 1494 2181; x_wconf 87' lang='lat' dir='ltr'><strong><em>tacuit</em></strong></span> <span class='ocrx_word' id='word_1_249' title='bbox 1537 2126 1590 2179; x_wconf 90' lang='lat' dir='ltr'><strong><em>in</em></strong></span> <span class='ocrx_word' id='word_1_250' title='bbox 1632 2125 1821 2180; x_wconf 89' lang='lat' dir='ltr'><strong><em>libello</em></strong></span> <span class='ocrx_word' id='word_1_251' title='bbox 1869 2142 2032 2198; x_wconf 85' lang='lat' dir='ltr'><strong><em>quem</em></strong></span> 
     </span>
    </p>
   </div>
   <div class='ocr_carea' id='block_1_37' title="bbox 422 2213 2036 2289">
    <p class='ocr_par' dir='ltr' id='par_1_37' title="bbox 422 2213 2036 2289">
     <span class='ocr_line' id='line_1_37' title="bbox 422 2213 2036 2289; baseline -0.001 -20"><span class='ocrx_word' id='word_1_252' title='bbox 422 2216 490 2271; x_wconf 89' lang='lat' dir='ltr'><strong><em>de</em></strong></span> <span class='ocrx_word' id='word_1_253' title='bbox 544 2216 717 2289; x_wconf 84' lang='lat' dir='ltr'><strong><em>gestis</em></strong></span> <span class='ocrx_word' id='word_1_254' title='bbox 763 2215 1023 2269; x_wconf 85' lang='lat' dir='ltr'><strong><em>abbatum</em></strong></span> <span class='ocrx_word' id='word_1_255' title='bbox 1080 2213 1431 2270; x_wconf 89' lang='lat' dir='ltr'><strong><em>Lobiensium</em></strong></span> <span class='ocrx_word' id='word_1_256' title='bbox 1480 2213 1724 2284; x_wconf 87' lang='lat' dir='ltr'><strong><em>scripsit,</em></strong></span> <span class='ocrx_word' id='word_1_257' title='bbox 1775 2213 1873 2268; x_wconf 93' lang='lat' dir='ltr'><strong><em>sed</em></strong></span> <span class='ocrx_word' id='word_1_258' title='bbox 1927 2230 2036 2285; x_wconf 90' lang='lat' dir='ltr'><strong><em>qua</em></strong></span> 
     </span>
    </p>
   </div>
   <div class='ocr_carea' id='block_1_38' title="bbox 425 2306 2031 2381">
    <p class='ocr_par' dir='ltr' id='par_1_38' title="bbox 425 2306 2031 2381">
     <span class='ocr_line' id='line_1_38' title="bbox 425 2306 2031 2381; baseline -0.001 -19"><span class='ocrx_word' id='word_1_259' title='bbox 425 2307 734 2363; x_wconf 89' lang='lat' dir='ltr'><strong><em>intentione</em></strong></span> <span class='ocrx_word' id='word_1_260' title='bbox 775 2307 1060 2378; x_wconf 83' lang='lat' dir='ltr'><strong><em>scripserit</em></strong></span> <span class='ocrx_word' id='word_1_261' title='bbox 1112 2308 1155 2362; x_wconf 92' lang='lat' dir='ltr'><strong><em>si</em></strong></span> <span class='ocrx_word' id='word_1_262' title='bbox 1192 2308 1314 2379; x_wconf 77' lang='lat' dir='ltr'><strong><em>quis</em></strong></span> <span class='ocrx_word' id='word_1_263' title='bbox 1358 2306 1657 2381; x_wconf 80' lang='lat' dir='ltr'><strong><em>diligenter</em></strong></span> <span class='ocrx_word' id='word_1_264' title='bbox 1708 2306 2031 2377; x_wconf 88' lang='lat' dir='ltr'><strong><em>inspexerit,</em></strong></span> 
     </span>
    </p>
   </div>
   <div class='ocr_carea' id='block_1_39' title="bbox 423 2398 2033 2475">
    <p class='ocr_par' dir='ltr' id='par_1_39' title="bbox 423 2398 2033 2475">
     <span class='ocr_line' id='line_1_39' title="bbox 423 2398 2033 2475; baseline -0.001 -21"><span class='ocrx_word' id='word_1_265' title='bbox 423 2400 584 2472; x_wconf 86' lang='lat' dir='ltr'><strong><em>plane</em></strong></span> <span class='ocrx_word' id='word_1_266' title='bbox 626 2401 938 2475; x_wconf 83' lang='lat' dir='ltr'><strong><em>intelligere</em></strong></span> <span class='ocrx_word' id='word_1_267' title='bbox 978 2400 1178 2470; x_wconf 87' lang='lat' dir='ltr'><strong><em>poterit</em></strong></span> <span class='ocrx_word' id='word_1_268' title='bbox 1208 2400 1356 2471; x_wconf 89' lang='lat' dir='ltr'><strong><em>quod</em></strong></span> <span class='ocrx_word' id='word_1_269' title='bbox 1383 2398 1666 2454; x_wconf 83' lang='lat' dir='ltr'><strong><em>veritatem</em></strong></span> <span class='ocrx_word' id='word_1_270' title='bbox 1699 2398 1922 2470; x_wconf 76' lang='lat' dir='ltr'><strong><em>quidem</em></strong></span> <span class='ocrx_word' id='word_1_271' title='bbox 1954 2399 2033 2453; x_wconf 88' lang='lat' dir='ltr'><strong><em>rei</em></strong></span> 
     </span>
    </p>
   </div>
   <div class='ocr_carea' id='block_1_40' title="bbox 423 2489 2035 2566">
    <p class='ocr_par' dir='ltr' id='par_1_40' title="bbox 423 2489 2035 2566">
     <span class='ocr_line' id='line_1_40' title="bbox 423 2489 2035 2566; baseline -0.002 -20"><span class='ocrx_word' id='word_1_272' title='bbox 423 2498 591 2566; x_wconf 65' lang='lat' dir='ltr'><strong><em>gestae</em></strong></span> <span class='ocrx_word' id='word_1_273' title='bbox 622 2491 934 2565; x_wconf 76' lang='lat' dir='ltr'><strong><em>digesserit,</em></strong></span> <span class='ocrx_word' id='word_1_274' title='bbox 967 2507 1187 2545; x_wconf 83' lang='lat' dir='ltr'><strong><em>causam</em></strong></span> <span class='ocrx_word' id='word_1_275' title='bbox 1232 2497 1414 2546; x_wconf 90' lang='lat' dir='ltr'><strong><em>tamen</em></strong></span> <span class='ocrx_word' id='word_1_276' title='bbox 1447 2490 1525 2544; x_wconf 91' lang='lat' dir='ltr'><strong><em>rei</em></strong></span> <span class='ocrx_word' id='word_1_277' title='bbox 1576 2489 1749 2564; x_wconf 81' lang='lat' dir='ltr'><strong><em>magis</em></strong></span> <span class='ocrx_word' id='word_1_278' title='bbox 1790 2506 1857 2545; x_wconf 82' lang='lat' dir='ltr'><strong><em>ex</em></strong></span> <span class='ocrx_word' id='word_1_279' title='bbox 1884 2496 2035 2545; x_wconf 91' lang='lat' dir='ltr'><strong><em>motu</em></strong></span> 
     </span>
    </p>
   </div>
   <div class='ocr_carea' id='block_1_41' title="bbox 424 2578 1575 2650">
    <p class='ocr_par' dir='ltr' id='par_1_41' title="bbox 424 2578 1575 2650">
     <span class='ocr_line' id='line_1_41' title="bbox 424 2578 1575 2650; baseline -0.001 -17"><span class='ocrx_word' id='word_1_280' title='bbox 424 2580 590 2634; x_wconf 87' lang='lat' dir='ltr'><strong><em>animi</em></strong></span> <span class='ocrx_word' id='word_1_281' title='bbox 620 2595 784 2650; x_wconf 91' lang='lat' dir='ltr'><strong><em>quam</em></strong></span> <span class='ocrx_word' id='word_1_282' title='bbox 818 2595 879 2632; x_wconf 85' lang='lat' dir='ltr'><strong><em>ex</em></strong></span> <span class='ocrx_word' id='word_1_283' title='bbox 908 2594 1038 2634; x_wconf 84' lang='lat' dir='ltr'><strong><em>vero</em></strong></span> <span class='ocrx_word' id='word_1_284' title='bbox 1067 2579 1457 2649; x_wconf 88' lang='lat' dir='ltr'><strong><em>interpretatus</em></strong></span> <span class='ocrx_word' id='word_1_285' title='bbox 1486 2578 1575 2633; x_wconf 89' lang='lat' dir='ltr'><strong><em>sit.</em></strong></span> 
     </span>
    </p>
   </div>
   <div class='ocr_carea' id='block_1_42' title="bbox 499 2669 2033 2729">
    <p class='ocr_par' dir='ltr' id='par_1_42' title="bbox 499 2669 2033 2729">
     <span class='ocr_line' id='line_1_42' title="bbox 499 2669 2033 2729; baseline 0.001 -5"><span class='ocrx_word' id='word_1_286' title='bbox 499 2671 568 2724; x_wconf 74' lang='lat' dir='ltr'><strong>M</strong></span> <span class='ocrx_word' id='word_1_287' title='bbox 640 2671 690 2724; x_wconf 91' lang='lat' dir='ltr'><strong><em>ls</em></strong></span> <span class='ocrx_word' id='word_1_288' title='bbox 735 2669 991 2729; x_wconf 74' lang='lat' dir='ltr'><strong><em>Erluilus</em></strong></span> <span class='ocrx_word' id='word_1_289' title='bbox 1028 2671 1276 2725; x_wconf 88' lang='lat' dir='ltr'><strong><em>omnium</em></strong></span> <span class='ocrx_word' id='word_1_290' title='bbox 1326 2670 1600 2725; x_wconf 88' lang='lat' dir='ltr'><strong><em>bonorum</em></strong></span> <span class='ocrx_word' id='word_1_291' title='bbox 1654 2671 1895 2725; x_wconf 87' lang='lat' dir='ltr'><strong><em>amicitia</em></strong></span> <span class='ocrx_word' id='word_1_292' title='bbox 1940 2671 2033 2724; x_wconf 87' lang='lat' dir='ltr'><strong><em>di-</em></strong></span> 
     </span>
    </p>
   </div>
   <div class='ocr_carea' id='block_1_43' title="bbox 425 2759 2034 2836">
    <p class='ocr_par' dir='ltr' id='par_1_43' title="bbox 425 2759 2034 2836">
     <span class='ocr_line' id='line_1_43' title="bbox 425 2759 2034 2836; baseline 0.001 -21"><span class='ocrx_word' id='word_1_293' title='bbox 425 2777 566 2836; x_wconf 84' lang='lat' dir='ltr'><strong><em>gnus</em></strong></span> <span class='ocrx_word' id='word_1_294' title='bbox 596 2766 787 2830; x_wconf 79' lang='lat' dir='ltr'><strong><em>utpote</em></strong></span> <span class='ocrx_word' id='word_1_295' title='bbox 820 2759 875 2813; x_wconf 91' lang='lat' dir='ltr'><strong><em>in</em></strong></span> <span class='ocrx_word' id='word_1_296' title='bbox 907 2776 973 2815; x_wconf 89' lang='lat' dir='ltr'><strong><em>eo</em></strong></span> <span class='ocrx_word' id='word_1_297' title='bbox 1013 2759 1358 2830; x_wconf 86' lang='lat' dir='ltr'><strong><em>adquirenda</em></strong></span> <span class='ocrx_word' id='word_1_298' title='bbox 1386 2760 1593 2815; x_wconf 89' lang='lat' dir='ltr'><strong><em>utiliter</em></strong></span> <span class='ocrx_word' id='word_1_299' title='bbox 1632 2760 1867 2817; x_wconf 82' lang='lat' dir='ltr'><strong><em>idoneas</em></strong></span> <span class='ocrx_word' id='word_1_300' title='bbox 1897 2768 1951 2816; x_wconf 79' lang='lat' dir='ltr'><strong><em>et</em></strong></span> <span class='ocrx_word' id='word_1_301' title='bbox 1979 2761 2034 2816; x_wconf 75' lang='lat' dir='ltr'><strong><em>in</em></strong></span> 
     </span>
    </p>
   </div>
   <div class='ocr_carea' id='block_1_44' title="bbox 426 2849 2032 2927">
    <p class='ocr_par' dir='ltr' id='par_1_44' title="bbox 426 2849 2032 2927">
     <span class='ocr_line' id='line_1_44' title="bbox 426 2849 2032 2927; baseline -0.001 -19"><span class='ocrx_word' id='word_1_302' title='bbox 426 2852 804 2908; x_wconf 88' lang='lat' dir='ltr'><strong><em>conservando</em></strong></span> <span class='ocrx_word' id='word_1_303' title='bbox 849 2849 1089 2906; x_wconf 89' lang='lat' dir='ltr'><strong><em>ﬁdeliter</em></strong></span> <span class='ocrx_word' id='word_1_304' title='bbox 1114 2850 1436 2915; x_wconf 82' lang='lat' dir='ltr'><strong><em>industrius,</em></strong></span> <span class='ocrx_word' id='word_1_305' title='bbox 1480 2852 1744 2927; x_wconf 77' lang='lat' dir='ltr'><strong><em>singulari</em></strong></span> <span class='ocrx_word' id='word_1_306' title='bbox 1793 2852 2032 2907; x_wconf 75' lang='lat' dir='ltr'><strong><em>amicitia</em></strong></span> 
     </span>
    </p>
   </div>
   <div class='ocr_carea' id='block_1_45' title="bbox 426 2938 2039 3015">
    <p class='ocr_par' dir='ltr' id='par_1_45' title="bbox 426 2938 2039 3015">
     <span class='ocr_line' id='line_1_45' title="bbox 426 2938 2039 3015; baseline -0.001 -18"><span class='ocrx_word' id='word_1_307' title='bbox 426 2941 815 2997; x_wconf 88' lang='lat' dir='ltr'><strong><em>confederatus</em></strong></span> <span class='ocrx_word' id='word_1_308' title='bbox 842 2950 959 2996; x_wconf 89' lang='lat' dir='ltr'><strong><em>erat</em></strong></span> <span class='ocrx_word' id='word_1_309' title='bbox 990 2941 1260 3015; x_wconf 80' lang='lat' dir='ltr'><strong><em>Raginero</em></strong></span> <span class='ocrx_word' id='word_1_310' title='bbox 1291 2938 1498 3005; x_wconf 87' lang='lat' dir='ltr'><strong><em>comiti,</em></strong></span> <span class='ocrx_word' id='word_1_311' title='bbox 1540 2941 1633 3011; x_wconf 91' lang='lat' dir='ltr'><strong><em>qui</em></strong></span> <span class='ocrx_word' id='word_1_312' title='bbox 1675 2940 1745 2995; x_wconf 90' lang='lat' dir='ltr'><strong><em>ob</em></strong></span> <span class='ocrx_word' id='word_1_313' title='bbox 1792 2941 2039 3012; x_wconf 87' lang='lat' dir='ltr'><strong><em>proceri-</em></strong></span> 
     </span>
    </p>
   </div>
   <div class='ocr_carea' id='block_1_46' title="bbox 428 3032 2034 3108">
    <p class='ocr_par' dir='ltr' id='par_1_46' title="bbox 428 3032 2034 3108">
     <span class='ocr_line' id='line_1_46' title="bbox 428 3032 2034 3108; baseline 0 -19"><span class='ocrx_word' id='word_1_314' title='bbox 428 3040 590 3089; x_wconf 85' lang='lat' dir='ltr'><strong><em>tatem</em></strong></span> <span class='ocrx_word' id='word_1_315' title='bbox 649 3034 896 3104; x_wconf 78' lang='lat' dir='ltr'><strong><em>corparis</em></strong></span> <span class='ocrx_word' id='word_1_316' title='bbox 961 3032 1456 3107; x_wconf 69' lang='lat' dir='ltr'><strong><em>cognominabatur</em></strong></span> <span class='ocrx_word' id='word_1_317' title='bbox 1514 3032 1883 3108; x_wconf 84' lang='lat' dir='ltr'><strong><em>Longicollus,</em></strong></span> <span class='ocrx_word' id='word_1_318' title='bbox 1942 3035 2034 3106; x_wconf 89' lang='lat' dir='ltr'><strong><em>qui</em></strong></span> 
     </span>
    </p>
   </div>
   <div class='ocr_carea' id='block_1_47' title="bbox 429 3121 2039 3193">
    <p class='ocr_par' dir='ltr' id='par_1_47' title="bbox 429 3121 2039 3193">
     <span class='ocr_line' id='line_1_47' title="bbox 429 3121 2039 3193; baseline 0.001 -17"><span class='ocrx_word' id='word_1_319' title='bbox 429 3121 717 3177; x_wconf 87' lang='lat' dir='ltr'><strong><em>nobilitate</em></strong></span> <span class='ocrx_word' id='word_1_320' title='bbox 759 3128 811 3176; x_wconf 91' lang='lat' dir='ltr'><strong><em>et</em></strong></span> <span class='ocrx_word' id='word_1_321' title='bbox 841 3122 1091 3193; x_wconf 88' lang='lat' dir='ltr'><strong><em>potentia</em></strong></span> <span class='ocrx_word' id='word_1_322' title='bbox 1128 3122 1327 3185; x_wconf 88' lang='lat' dir='ltr'><strong><em>clarus,</em></strong></span> <span class='ocrx_word' id='word_1_323' title='bbox 1365 3128 1497 3176; x_wconf 87' lang='lat' dir='ltr'><strong><em>tunc</em></strong></span> <span class='ocrx_word' id='word_1_324' title='bbox 1534 3122 1801 3192; x_wconf 89' lang='lat' dir='ltr'><strong><em>temporis</em></strong></span> <span class='ocrx_word' id='word_1_325' title='bbox 1831 3122 2039 3193; x_wconf 71' lang='lat' dir='ltr'><strong><em>princi-</em></strong></span> 
     </span>
    </p>
   </div>
   <div class='ocr_carea' id='block_1_48' title="bbox 429 3210 2040 3287">
    <p class='ocr_par' dir='ltr' id='par_1_48' title="bbox 429 3210 2040 3287">
     <span class='ocr_line' id='line_1_48' title="bbox 429 3210 2040 3287; baseline 0.001 -22"><span class='ocrx_word' id='word_1_326' title='bbox 429 3210 661 3282; x_wconf 88' lang='lat' dir='ltr'><strong><em>pabatur</em></strong></span> <span class='ocrx_word' id='word_1_327' title='bbox 691 3211 1127 3287; x_wconf 66' lang='lat' dir='ltr'><strong><em>Haginoelsibus</em></strong></span> <span class='ocrx_word' id='word_1_328' title='bbox 1156 3211 1245 3265; x_wconf 73' lang='lat'><strong><em>7&quot;.</em></strong></span> <span class='ocrx_word' id='word_1_329' title='bbox 1273 3211 1368 3265; x_wconf 85' lang='lat' dir='ltr'><strong><em>llic</em></strong></span> <span class='ocrx_word' id='word_1_330' title='bbox 1386 3210 1546 3282; x_wconf 90' lang='lat' dir='ltr'><strong><em>primi</em></strong></span> <span class='ocrx_word' id='word_1_331' title='bbox 1590 3210 1820 3266; x_wconf 87' lang='lat' dir='ltr'><strong><em>Baldrici</em></strong></span> <span class='ocrx_word' id='word_1_332' title='bbox 1844 3211 2040 3267; x_wconf 89' lang='lat' dir='ltr'><strong><em>Leodi-</em></strong></span> 
     </span>
    </p>
   </div>
   <div class='ocr_carea' id='block_1_49' title="bbox 430 3303 2036 3375">
    <p class='ocr_par' dir='ltr' id='par_1_49' title="bbox 430 3303 2036 3375">
     <span class='ocr_line' id='line_1_49' title="bbox 430 3303 2036 3375; baseline 0 -16"><span class='ocrx_word' id='word_1_333' title='bbox 430 3304 677 3359; x_wconf 90' lang='lat' dir='ltr'><strong><em>censium</em></strong></span> <span class='ocrx_word' id='word_1_334' title='bbox 712 3303 959 3375; x_wconf 85' lang='lat' dir='ltr'><strong><em>episcOpi</em></strong></span> <span class='ocrx_word' id='word_1_335' title='bbox 1006 3304 1311 3359; x_wconf 85' lang='lat' dir='ltr'><strong><em>avunculus</em></strong></span> <span class='ocrx_word' id='word_1_336' title='bbox 1352 3303 1475 3371; x_wconf 90' lang='lat' dir='ltr'><strong><em>fuit,</em></strong></span> <span class='ocrx_word' id='word_1_337' title='bbox 1520 3310 1573 3357; x_wconf 94' lang='lat' dir='ltr'><strong><em>at</em></strong></span> <span class='ocrx_word' id='word_1_338' title='bbox 1614 3304 1744 3375; x_wconf 89' lang='lat' dir='ltr'><strong><em>quia</em></strong></span> <span class='ocrx_word' id='word_1_339' title='bbox 1795 3320 1892 3358; x_wconf 90' lang='lat' dir='ltr'><strong><em>sua</em></strong></span> <span class='ocrx_word' id='word_1_340' title='bbox 1940 3319 2036 3375; x_wconf 91' lang='lat' dir='ltr'><strong><em>po-</em></strong></span> 
     </span>
    </p>
   </div>
   <div class='ocr_carea' id='block_1_50' title="bbox 427 3396 2039 3468">
    <p class='ocr_par' dir='ltr' id='par_1_50' title="bbox 427 3396 2039 3468">
     <span class='ocr_line' id='line_1_50' title="bbox 427 3396 2039 3468; baseline -0.001 -15"><span class='ocrx_word' id='word_1_341' title='bbox 427 3397 597 3453; x_wconf 86' lang='lat' dir='ltr'><strong><em>tentia</em></strong></span> <span class='ocrx_word' id='word_1_342' title='bbox 628 3397 682 3451; x_wconf 91' lang='lat' dir='ltr'><strong><em>in</em></strong></span> <span class='ocrx_word' id='word_1_343' title='bbox 714 3396 974 3452; x_wconf 84' lang='lat' dir='ltr'><strong><em>omnibus</em></strong></span> <span class='ocrx_word' id='word_1_344' title='bbox 999 3398 1188 3468; x_wconf 89' lang='lat' dir='ltr'><strong><em>nepoti</em></strong></span> <span class='ocrx_word' id='word_1_345' title='bbox 1218 3412 1318 3453; x_wconf 92' lang='lat' dir='ltr'><strong><em>suo</em></strong></span> <span class='ocrx_word' id='word_1_346' title='bbox 1357 3396 1621 3467; x_wconf 87' lang='lat' dir='ltr'><strong><em>episcopo</em></strong></span> <span class='ocrx_word' id='word_1_347' title='bbox 1661 3396 2039 3466; x_wconf 82' lang='lat' dir='ltr'><strong><em>patrocinaba-</em></strong></span> 
     </span>
    </p>
   </div>
   <div class='ocr_carea' id='block_1_51' title="bbox 429 3487 2039 3559">
    <p class='ocr_par' dir='ltr' id='par_1_51' title="bbox 429 3487 2039 3559">
     <span class='ocr_line' id='line_1_51' title="bbox 429 3487 2039 3559; baseline 0 -15"><span class='ocrx_word' id='word_1_348' title='bbox 429 3496 534 3558; x_wconf 90' lang='lat' dir='ltr'><strong><em>tur,</em></strong></span> <span class='ocrx_word' id='word_1_349' title='bbox 577 3489 855 3544; x_wconf 87' lang='lat' dir='ltr'><strong><em>abbaliam</em></strong></span> <span class='ocrx_word' id='word_1_350' title='bbox 913 3489 1241 3545; x_wconf 89' lang='lat' dir='ltr'><strong><em>Lobiensem</em></strong></span> <span class='ocrx_word' id='word_1_351' title='bbox 1281 3490 1335 3544; x_wconf 90' lang='lat' dir='ltr'><strong><em>in</em></strong></span> <span class='ocrx_word' id='word_1_352' title='bbox 1389 3487 1665 3544; x_wconf 90' lang='lat' dir='ltr'><strong><em>beneﬁcio</em></strong></span> <span class='ocrx_word' id='word_1_353' title='bbox 1703 3490 1935 3559; x_wconf 87' lang='lat' dir='ltr'><strong><em>accepit.</em></strong></span> <span class='ocrx_word' id='word_1_354' title='bbox 1979 3489 2039 3544; x_wconf 91' lang='lat' dir='ltr'><strong><em>Et</em></strong></span> 
     </span>
    </p>
   </div>
   <div class='ocr_carea' id='block_1_52' title="bbox 423 3578 2037 3651">
    <p class='ocr_par' dir='ltr' id='par_1_52' title="bbox 423 3578 2037 3651">
     <span class='ocr_line' id='line_1_52' title="bbox 423 3578 2037 3651; baseline 0 -18"><span class='ocrx_word' id='word_1_355' title='bbox 423 3579 622 3633; x_wconf 90' lang='lat' dir='ltr'><strong><em>mirum</em></strong></span> <span class='ocrx_word' id='word_1_356' title='bbox 656 3579 713 3633; x_wconf 91' lang='lat' dir='ltr'><strong><em>in</em></strong></span> <span class='ocrx_word' id='word_1_357' title='bbox 754 3579 975 3634; x_wconf 89' lang='lat' dir='ltr'><strong><em>modum</em></strong></span> <span class='ocrx_word' id='word_1_358' title='bbox 1008 3579 1101 3651; x_wconf 89' lang='lat' dir='ltr'><strong><em>qui</em></strong></span> <span class='ocrx_word' id='word_1_359' title='bbox 1132 3578 1396 3634; x_wconf 90' lang='lat' dir='ltr'><strong><em>secularis</em></strong></span> <span class='ocrx_word' id='word_1_360' title='bbox 1436 3578 1698 3650; x_wconf 64' lang='lat' dir='ltr'><strong><em>potentiae</em></strong></span> <span class='ocrx_word' id='word_1_361' title='bbox 1746 3578 2037 3649; x_wconf 86' lang='lat' dir='ltr'><strong><em>tyrannide</em></strong></span> 
     </span>
    </p>
   </div>
   <div class='ocr_carea' id='block_1_53' title="bbox 423 3667 2034 3740">
    <p class='ocr_par' dir='ltr' id='par_1_53' title="bbox 423 3667 2034 3740">
     <span class='ocr_line' id='line_1_53' title="bbox 423 3667 2034 3740; baseline 0 -19"><span class='ocrx_word' id='word_1_362' title='bbox 423 3668 518 3723; x_wconf 89' lang='lat' dir='ltr'><strong><em>toti</em></strong></span> <span class='ocrx_word' id='word_1_363' title='bbox 575 3668 810 3740; x_wconf 89' lang='lat' dir='ltr'><strong><em>imperio</em></strong></span> <span class='ocrx_word' id='word_1_364' title='bbox 840 3668 1235 3724; x_wconf 71' lang='lat' dir='ltr'><strong><em>formidolosus</em></strong></span> <span class='ocrx_word' id='word_1_365' title='bbox 1268 3674 1404 3734; x_wconf 92' lang='lat' dir='ltr'><strong><em>erat,</em></strong></span> <span class='ocrx_word' id='word_1_366' title='bbox 1452 3667 1788 3722; x_wconf 80' lang='lat' dir='ltr'><strong><em>venerabilis</em></strong></span> <span class='ocrx_word' id='word_1_367' title='bbox 1830 3667 2034 3722; x_wconf 89' lang='lat' dir='ltr'><strong><em>Erluini</em></strong></span> 
     </span>
    </p>
   </div>
   <div class='ocr_carea' id='block_1_54' title="bbox 420 3755 2031 3811">
    <p class='ocr_par' dir='ltr' id='par_1_54' title="bbox 420 3755 2031 3811">
     <span class='ocr_line' id='line_1_54' title="bbox 420 3755 2031 3811; baseline 0 -1"><span class='ocrx_word' id='word_1_368' title='bbox 420 3755 646 3811; x_wconf 90' lang='lat' dir='ltr'><strong><em>monitis</em></strong></span> <span class='ocrx_word' id='word_1_369' title='bbox 688 3756 1001 3810; x_wconf 90' lang='lat' dir='ltr'><strong><em>salubribus</em></strong></span> <span class='ocrx_word' id='word_1_370' title='bbox 1030 3756 1269 3810; x_wconf 90' lang='lat' dir='ltr'><strong><em>libenter</em></strong></span> <span class='ocrx_word' id='word_1_371' title='bbox 1304 3755 1604 3810; x_wconf 89' lang='lat' dir='ltr'><strong><em>obediebat</em></strong></span> <span class='ocrx_word' id='word_1_372' title='bbox 1651 3762 1706 3810; x_wconf 87' lang='lat' dir='ltr'><strong><em>et</em></strong></span> <span class='ocrx_word' id='word_1_373' title='bbox 1750 3755 1938 3809; x_wconf 88' lang='lat' dir='ltr'><strong><em>audito</em></strong></span> <span class='ocrx_word' id='word_1_374' title='bbox 1966 3770 2031 3811; x_wconf 92' lang='lat' dir='ltr'><strong><em>eo</em></strong></span> 
     </span>
    </p>
   </div>
   <div class='ocr_carea' id='block_1_55' title="bbox 424 3849 2032 3921">
    <p class='ocr_par' dir='ltr' id='par_1_55' title="bbox 424 3849 2032 3921">
     <span class='ocr_line' id='line_1_55' title="bbox 424 3849 2032 3921; baseline 0 -17"><span class='ocrx_word' id='word_1_375' title='bbox 424 3849 598 3904; x_wconf 91' lang='lat' dir='ltr'><strong><em>multa</em></strong></span> <span class='ocrx_word' id='word_1_376' title='bbox 623 3850 877 3916; x_wconf 82' lang='lat' dir='ltr'><strong><em>faciebat,</em></strong></span> <span class='ocrx_word' id='word_1_377' title='bbox 916 3859 976 3904; x_wconf 76' lang='lat' dir='ltr'><strong><em>ut</em></strong></span> <span class='ocrx_word' id='word_1_378' title='bbox 1004 3850 1053 3905; x_wconf 90' lang='lat' dir='ltr'><strong><em>ei</em></strong></span> <span class='ocrx_word' id='word_1_379' title='bbox 1082 3850 1476 3905; x_wconf 89' lang='lat' dir='ltr'><strong><em>convenienter</em></strong></span> <span class='ocrx_word' id='word_1_380' title='bbox 1515 3851 1652 3905; x_wconf 91' lang='lat' dir='ltr'><strong><em>illud</em></strong></span> <span class='ocrx_word' id='word_1_381' title='bbox 1695 3851 1869 3921; x_wconf 86' lang='lat' dir='ltr'><strong><em>aptari</em></strong></span> <span class='ocrx_word' id='word_1_382' title='bbox 1900 3866 2032 3920; x_wconf 87' lang='lat' dir='ltr'><strong><em>pos-</em></strong></span> 
     </span>
    </p>
   </div>
   <div class='ocr_carea' id='block_1_56' title="bbox 416 3941 2030 4011">
    <p class='ocr_par' dir='ltr' id='par_1_56' title="bbox 416 3941 2030 4011">
     <span class='ocr_line' id='line_1_56' title="bbox 416 3941 2030 4011; baseline 0.002 -17"><span class='ocrx_word' id='word_1_383' title='bbox 416 3941 488 3995; x_wconf 90' lang='lat' dir='ltr'><strong><em>sit</em></strong></span> <span class='ocrx_word' id='word_1_384' title='bbox 521 3942 668 4011; x_wconf 88' lang='lat' dir='ltr'><strong><em>quod</em></strong></span> <span class='ocrx_word' id='word_1_385' title='bbox 715 3942 884 3995; x_wconf 86' lang='lat' dir='ltr'><strong><em>Isaias</em></strong></span> <span class='ocrx_word' id='word_1_386' title='bbox 913 3941 1240 3995; x_wconf 82' lang='lat' dir='ltr'><strong><em>vaticinatus</em></strong></span> <span class='ocrx_word' id='word_1_387' title='bbox 1265 3942 1370 3996; x_wconf 90' lang='lat' dir='ltr'><strong><em>ait:</em></strong></span> <span class='ocrx_word' id='word_1_388' title='bbox 1421 3947 1515 3997; x_wconf 87' lang='lat' dir='ltr'><strong><em>Leo</em></strong></span> <span class='ocrx_word' id='word_1_389' title='bbox 1542 3946 1698 4011; x_wconf 86' lang='lat' dir='ltr'><strong><em>quasi</em></strong></span> <span class='ocrx_word' id='word_1_390' title='bbox 1740 3943 1826 3998; x_wconf 85' lang='lat' dir='ltr'><strong><em>bos</em></strong></span> <span class='ocrx_word' id='word_1_391' title='bbox 1846 3944 2030 4011; x_wconf 82' lang='lat' dir='ltr'><strong><em>paleas</em></strong></span> 
     </span>
    </p>
   </div>
   <div class='ocr_carea' id='block_1_57' title="bbox 419 4031 2028 4102">
    <p class='ocr_par' dir='ltr' id='par_1_57' title="bbox 419 4031 2028 4102">
     <span class='ocr_line' id='line_1_57' title="bbox 419 4031 2028 4102; baseline 0.002 -17"><span class='ocrx_word' id='word_1_392' title='bbox 419 4031 685 4096; x_wconf 80' lang='lat' dir='ltr'><strong><em>comedet;</em></strong></span> <span class='ocrx_word' id='word_1_393' title='bbox 720 4037 768 4085; x_wconf 90' lang='lat' dir='ltr'><strong><em>et</em></strong></span> <span class='ocrx_word' id='word_1_394' title='bbox 792 4032 1142 4087; x_wconf 81' lang='lat' dir='ltr'><strong><em>delectabitur</em></strong></span> <span class='ocrx_word' id='word_1_395' title='bbox 1169 4035 1355 4100; x_wconf 79' lang='lat' dir='ltr'><strong><em>infans</em></strong></span> <span class='ocrx_word' id='word_1_396' title='bbox 1399 4033 1467 4087; x_wconf 86' lang='lat' dir='ltr'><strong><em>ab</em></strong></span> <span class='ocrx_word' id='word_1_397' title='bbox 1499 4033 1658 4089; x_wconf 78' lang='lat' dir='ltr'><strong><em>ubere</em></strong></span> <span class='ocrx_word' id='word_1_398' title='bbox 1693 4048 1852 4102; x_wconf 82' lang='lat' dir='ltr'><strong><em>super</em></strong></span> <span class='ocrx_word' id='word_1_399' title='bbox 1879 4036 2028 4100; x_wconf 79' lang='lat' dir='ltr'><strong><em>fora-</em></strong></span> 
     </span>
    </p>
   </div>
   <div class='ocr_carea' id='block_1_58' title="bbox 414 4125 2025 4196">
    <p class='ocr_par' dir='ltr' id='par_1_58' title="bbox 414 4125 2025 4196">
     <span class='ocr_line' id='line_1_58' title="bbox 414 4125 2025 4196; baseline 0.004 -20"><span class='ocrx_word' id='word_1_400' title='bbox 414 4126 563 4177; x_wconf 85' lang='lat' dir='ltr'><strong><em>mine</em></strong></span> <span class='ocrx_word' id='word_1_401' title='bbox 590 4125 822 4194; x_wconf 81' lang='lat' dir='ltr'><strong><em>aspidis;</em></strong></span> <span class='ocrx_word' id='word_1_402' title='bbox 859 4131 911 4180; x_wconf 90' lang='lat' dir='ltr'><strong><em>et</em></strong></span> <span class='ocrx_word' id='word_1_403' title='bbox 939 4128 999 4179; x_wconf 87' lang='lat' dir='ltr'><strong><em>in</em></strong></span> <span class='ocrx_word' id='word_1_404' title='bbox 1026 4141 1258 4181; x_wconf 85' lang='lat' dir='ltr'><strong><em>caverna</em></strong></span> <span class='ocrx_word' id='word_1_405' title='bbox 1286 4128 1461 4195; x_wconf 83' lang='lat' dir='ltr'><strong><em>reguli</em></strong></span> <span class='ocrx_word' id='word_1_406' title='bbox 1507 4129 1601 4196; x_wconf 83' lang='lat' dir='ltr'><strong><em>qui</em></strong></span> <span class='ocrx_word' id='word_1_407' title='bbox 1629 4128 1934 4182; x_wconf 85' lang='lat' dir='ltr'><strong><em>ablactatus</em></strong></span> <span class='ocrx_word' id='word_1_408' title='bbox 1959 4127 2025 4161; x_wconf 67' lang='lat'><strong><em>7’7</em></strong></span> 
     </span>
    </p>
   </div>
   <div class='ocr_carea' id='block_1_59' title="bbox 414 4217 2026 4291">
    <p class='ocr_par' dir='ltr' id='par_1_59' title="bbox 414 4217 2026 4291">
     <span class='ocr_line' id='line_1_59' title="bbox 414 4217 2026 4291; baseline 0.002 -19"><span class='ocrx_word' id='word_1_409' title='bbox 414 4217 585 4284; x_wconf 77' lang='lat' dir='ltr'><strong><em>fuerit</em></strong></span> <span class='ocrx_word' id='word_1_410' title='bbox 610 4222 787 4274; x_wconf 86' lang='lat' dir='ltr'><strong><em>mittet</em></strong></span> <span class='ocrx_word' id='word_1_411' title='bbox 815 4236 1050 4275; x_wconf 84' lang='lat' dir='ltr'><strong><em>manum</em></strong></span> <span class='ocrx_word' id='word_1_412' title='bbox 1075 4237 1235 4275; x_wconf 84' lang='lat' dir='ltr'><strong><em>suam</em></strong></span> <span class='ocrx_word' id='word_1_413' title='bbox 1264 4221 1392 4291; x_wconf 86' lang='lat' dir='ltr'><strong><em>(Isa.</em></strong></span> <span class='ocrx_word' id='word_1_414' title='bbox 1425 4237 1475 4274; x_wconf 75' lang='grc' dir='ltr'><strong>χι</strong></span> <span class='ocrx_word' id='word_1_415' title='bbox 1508 4221 1559 4290; x_wconf 86' lang='grc'><strong><em>7)</em></strong></span> <span class='ocrx_word' id='word_1_416' title='bbox 1594 4223 1682 4272; x_wconf 68' lang='lat'><strong><em>&quot;3.</em></strong></span> <span class='ocrx_word' id='word_1_417' title='bbox 1717 4221 1908 4275; x_wconf 69' lang='lat' dir='ltr'><strong><em>Mirum</em></strong></span> <span class='ocrx_word' id='word_1_418' title='bbox 1941 4221 2026 4275; x_wconf 88' lang='lat' dir='ltr'><strong><em>in-</em></strong></span> 
     </span>
    </p>
   </div>
   <div class='ocr_carea' id='block_1_60' title="bbox 410 4304 2025 4386">
    <p class='ocr_par' dir='ltr' id='par_1_60' title="bbox 410 4304 2025 4386">
     <span class='ocr_line' id='line_1_60' title="bbox 410 4304 2025 4386; baseline 0.002 -21"><span class='ocrx_word' id='word_1_419' title='bbox 410 4326 571 4382; x_wconf 91' lang='lat' dir='ltr'><strong><em>quam</em></strong></span> <span class='ocrx_word' id='word_1_420' title='bbox 604 4319 736 4367; x_wconf 88' lang='lat' dir='ltr'><strong><em>erat.</em></strong></span> <span class='ocrx_word' id='word_1_421' title='bbox 771 4312 919 4384; x_wconf 91' lang='lat' dir='ltr'><strong><em>quod</em></strong></span> <span class='ocrx_word' id='word_1_422' title='bbox 958 4304 1152 4368; x_wconf 83' lang='lat' dir='ltr'><strong><em>comes</em></strong></span> <span class='ocrx_word' id='word_1_423' title='bbox 1173 4321 1392 4385; x_wconf 89' lang='lat' dir='ltr'><strong><em>potens,</em></strong></span> <span class='ocrx_word' id='word_1_424' title='bbox 1425 4314 1516 4386; x_wconf 75' lang='lat' dir='ltr'><strong><em>qui</em></strong></span> <span class='ocrx_word' id='word_1_425' title='bbox 1573 4313 1895 4369; x_wconf 89' lang='lat' dir='ltr'><strong><em>fortitudine</em></strong></span> <span class='ocrx_word' id='word_1_426' title='bbox 1924 4330 2025 4369; x_wconf 89' lang='lat' dir='ltr'><strong><em>sua</em></strong></span> 
     </span>
    </p>
   </div>
   <div class='ocr_carea' id='block_1_61' title="bbox 408 4405 2020 4480">
    <p class='ocr_par' dir='ltr' id='par_1_61' title="bbox 408 4405 2020 4480">
     <span class='ocr_line' id='line_1_61' title="bbox 408 4405 2020 4480; baseline 0.002 -21"><span class='ocrx_word' id='word_1_427' title='bbox 408 4405 565 4477; x_wconf 90' lang='lat' dir='ltr'><strong><em>quasi</em></strong></span> <span class='ocrx_word' id='word_1_428' title='bbox 623 4406 709 4462; x_wconf 91' lang='lat' dir='ltr'><strong><em>leo</em></strong></span> <span class='ocrx_word' id='word_1_429' title='bbox 758 4415 987 4463; x_wconf 80' lang='lat' dir='ltr'><strong><em>cunctos</em></strong></span> <span class='ocrx_word' id='word_1_430' title='bbox 1038 4408 1301 4475; x_wconf 88' lang='lat' dir='ltr'><strong><em>terrebat,</em></strong></span> <span class='ocrx_word' id='word_1_431' title='bbox 1356 4408 1541 4480; x_wconf 75' lang='lat' dir='ltr'><strong><em>paleas</em></strong></span> <span class='ocrx_word' id='word_1_432' title='bbox 1593 4408 1746 4463; x_wconf 86' lang='lat' dir='ltr'><strong><em>verbi</em></strong></span> <span class='ocrx_word' id='word_1_433' title='bbox 1781 4409 1875 4464; x_wconf 87' lang='lat' dir='ltr'><strong><em>Dei</em></strong></span> <span class='ocrx_word' id='word_1_434' title='bbox 1915 4409 2020 4463; x_wconf 90' lang='lat' dir='ltr'><strong><em>sub</em></strong></span> 
     </span>
    </p>
   </div>
   <div class='ocr_carea' id='block_1_62' title="bbox 411 4498 2021 4572">
    <p class='ocr_par' dir='ltr' id='par_1_62' title="bbox 411 4498 2021 4572">
     <span class='ocr_line' id='line_1_62' title="bbox 411 4498 2021 4572; baseline 0.001 -19"><span class='ocrx_word' id='word_1_435' title='bbox 411 4513 574 4553; x_wconf 89' lang='lat' dir='ltr'><strong><em>manu</em></strong></span> <span class='ocrx_word' id='word_1_436' title='bbox 606 4499 868 4570; x_wconf 74' lang='lat' dir='ltr'><strong><em>pauperis</em></strong></span> <span class='ocrx_word' id='word_1_437' title='bbox 899 4498 1093 4554; x_wconf 89' lang='lat' dir='ltr'><strong><em>Christi</em></strong></span> <span class='ocrx_word' id='word_1_438' title='bbox 1124 4501 1476 4566; x_wconf 89' lang='lat' dir='ltr'><strong><em>comedebat;</em></strong></span> <span class='ocrx_word' id='word_1_439' title='bbox 1510 4509 1565 4555; x_wconf 88' lang='lat' dir='ltr'><strong><em>et</em></strong></span> <span class='ocrx_word' id='word_1_440' title='bbox 1603 4500 1698 4572; x_wconf 91' lang='lat' dir='ltr'><strong><em>qui</em></strong></span> <span class='ocrx_word' id='word_1_441' title='bbox 1747 4500 1902 4571; x_wconf 90' lang='lat' dir='ltr'><strong><em>quasi</em></strong></span> <span class='ocrx_word' id='word_1_442' title='bbox 1933 4517 2021 4557; x_wconf 82' lang='lat' dir='ltr'><strong><em>as-</em></strong></span> 
     </span>
    </p>
   </div>
   <div class='ocr_carea' id='block_1_63' title="bbox 409 4585 2022 4661">
    <p class='ocr_par' dir='ltr' id='par_1_63' title="bbox 409 4585 2022 4661">
     <span class='ocr_line' id='line_1_63' title="bbox 409 4585 2022 4661; baseline 0.004 -22"><span class='ocrx_word' id='word_1_443' title='bbox 409 4585 493 4655; x_wconf 92' lang='lat' dir='ltr'><strong><em>pis</em></strong></span> <span class='ocrx_word' id='word_1_444' title='bbox 518 4594 573 4641; x_wconf 87' lang='lat' dir='ltr'><strong><em>et</em></strong></span> <span class='ocrx_word' id='word_1_445' title='bbox 601 4588 826 4661; x_wconf 90' lang='lat' dir='ltr'><strong><em>regulus</em></strong></span> <span class='ocrx_word' id='word_1_446' title='bbox 858 4588 1042 4643; x_wconf 77' lang='lat' dir='ltr'><strong><em>omnia</em></strong></span> <span class='ocrx_word' id='word_1_447' title='bbox 1070 4588 1395 4661; x_wconf 85' lang='lat' dir='ltr'><strong><em>depOpulari</em></strong></span> <span class='ocrx_word' id='word_1_448' title='bbox 1424 4590 1617 4645; x_wconf 91' lang='lat' dir='ltr'><strong><em>solitus</em></strong></span> <span class='ocrx_word' id='word_1_449' title='bbox 1646 4598 1781 4658; x_wconf 89' lang='lat' dir='ltr'><strong><em>erat,</em></strong></span> <span class='ocrx_word' id='word_1_450' title='bbox 1817 4590 1873 4644; x_wconf 88' lang='lat' dir='ltr'><strong><em>in</em></strong></span> <span class='ocrx_word' id='word_1_451' title='bbox 1902 4592 2022 4659; x_wconf 85' lang='lat' dir='ltr'><strong><em>ejus</em></strong></span> 
     </span>
    </p>
   </div>
   <div class='ocr_carea' id='block_1_64' title="bbox 408 4679 2017 4751">
    <p class='ocr_par' dir='ltr' id='par_1_64' title="bbox 408 4679 2017 4751">
     <span class='ocr_line' id='line_1_64' title="bbox 408 4679 2017 4751; baseline 0.005 -21"><span class='ocrx_word' id='word_1_452' title='bbox 408 4692 663 4744; x_wconf 89' lang='lat' dir='ltr'><strong><em>caverna,</em></strong></span> <span class='ocrx_word' id='word_1_453' title='bbox 704 4679 759 4732; x_wconf 90' lang='lat' dir='ltr'><strong><em>id</em></strong></span> <span class='ocrx_word' id='word_1_454' title='bbox 790 4688 873 4734; x_wconf 89' lang='lat' dir='ltr'><strong><em>est</em></strong></span> <span class='ocrx_word' id='word_1_455' title='bbox 915 4681 967 4734; x_wconf 91' lang='lat' dir='ltr'><strong><em>in</em></strong></span> <span class='ocrx_word' id='word_1_456' title='bbox 1018 4681 1201 4735; x_wconf 85' lang='lat' dir='ltr'><strong><em>cordis</em></strong></span> <span class='ocrx_word' id='word_1_457' title='bbox 1236 4681 1356 4751; x_wconf 87' lang='lat' dir='ltr'><strong><em>ejus</em></strong></span> <span class='ocrx_word' id='word_1_458' title='bbox 1399 4682 1761 4749; x_wconf 78' lang='lat' dir='ltr'><strong><em>conscientia,</em></strong></span> <span class='ocrx_word' id='word_1_459' title='bbox 1796 4699 2017 4738; x_wconf 90' lang='lat' dir='ltr'><strong><em>manum</em></strong></span> 
     </span>
    </p>
   </div>
   <div class='ocr_carea' id='block_1_65' title="bbox 410 4770 2018 4844">
    <p class='ocr_par' dir='ltr' id='par_1_65' title="bbox 410 4770 2018 4844">
     <span class='ocr_line' id='line_1_65' title="bbox 410 4770 2018 4844; baseline 0.006 -23"><span class='ocrx_word' id='word_1_460' title='bbox 410 4783 564 4822; x_wconf 88' lang='lat' dir='ltr'><strong><em>suam</em></strong></span> <span class='ocrx_word' id='word_1_461' title='bbox 604 4770 854 4825; x_wconf 89' lang='lat' dir='ltr'><strong><em>mittebat</em></strong></span> <span class='ocrx_word' id='word_1_462' title='bbox 885 4771 984 4827; x_wconf 91' lang='lat' dir='ltr'><strong><em>iste</em></strong></span> <span class='ocrx_word' id='word_1_463' title='bbox 1015 4773 1106 4844; x_wconf 90' lang='lat' dir='ltr'><strong><em>qui</em></strong></span> <span class='ocrx_word' id='word_1_464' title='bbox 1138 4772 1348 4827; x_wconf 90' lang='lat' dir='ltr'><strong><em>malitia</em></strong></span> <span class='ocrx_word' id='word_1_465' title='bbox 1375 4789 1512 4844; x_wconf 90' lang='lat' dir='ltr'><strong><em>puer</em></strong></span> <span class='ocrx_word' id='word_1_466' title='bbox 1540 4780 1677 4838; x_wconf 88' lang='lat' dir='ltr'><strong><em>erat,</em></strong></span> <span class='ocrx_word' id='word_1_467' title='bbox 1712 4782 1767 4828; x_wconf 87' lang='lat' dir='ltr'><strong><em>et</em></strong></span> <span class='ocrx_word' id='word_1_468' title='bbox 1796 4790 1827 4829; x_wconf 88' lang='lat' dir='ltr'><strong><em>a</em></strong></span> <span class='ocrx_word' id='word_1_469' title='bbox 1879 4775 2018 4830; x_wconf 87' lang='lat' dir='ltr'><strong><em>lacte</em></strong></span> 
     </span>
    </p>
   </div>
   <div class='ocr_carea' id='block_1_66' title="bbox 409 4857 2016 4936">
    <p class='ocr_par' dir='ltr' id='par_1_66' title="bbox 409 4857 2016 4936">
     <span class='ocr_line' id='line_1_66' title="bbox 409 4857 2016 4936; baseline 0.006 -26"><span class='ocrx_word' id='word_1_470' title='bbox 409 4857 700 4913; x_wconf 71' lang='lat' dir='ltr'><strong><em>mundanas</em></strong></span> <span class='ocrx_word' id='word_1_471' title='bbox 731 4858 1042 4914; x_wconf 74' lang='lat' dir='ltr'><strong><em>dulcedinis</em></strong></span> <span class='ocrx_word' id='word_1_472' title='bbox 1072 4862 1376 4918; x_wconf 90' lang='lat' dir='ltr'><strong><em>ablactatus</em></strong></span> <span class='ocrx_word' id='word_1_473' title='bbox 1410 4871 1545 4917; x_wconf 90' lang='lat' dir='ltr'><strong><em>erat.</em></strong></span> <span class='ocrx_word' id='word_1_474' title='bbox 1596 4864 1725 4917; x_wconf 80' lang='lat' dir='ltr'><strong><em>Cum</em></strong></span> <span class='ocrx_word' id='word_1_475' title='bbox 1759 4879 1890 4936; x_wconf 82' lang='lat' dir='ltr'><strong><em>ergo</em></strong></span> <span class='ocrx_word' id='word_1_476' title='bbox 1920 4880 2016 4919; x_wconf 90' lang='lat' dir='ltr'><strong><em>se-</em></strong></span> 
     </span>
    </p>
   </div>
   <div class='ocr_carea' id='block_1_67' title="bbox 2133 1830 3760 1903">
    <p class='ocr_par' dir='ltr' id='par_1_67' title="bbox 2133 1830 3760 1903">
     <span class='ocr_line' id='line_1_67' title="bbox 2133 1830 3760 1903; baseline 0 -16"><span class='ocrx_word' id='word_1_477' title='bbox 2133 1832 2451 1887; x_wconf 89' lang='lat' dir='ltr'><strong><em>facilitatem</em></strong></span> <span class='ocrx_word' id='word_1_478' title='bbox 2498 1830 2829 1903; x_wconf 89' lang='lat' dir='ltr'><strong><em>prelatorum</em></strong></span> <span class='ocrx_word' id='word_1_479' title='bbox 2873 1831 3098 1886; x_wconf 90' lang='lat' dir='ltr'><strong><em>licentia</em></strong></span> <span class='ocrx_word' id='word_1_480' title='bbox 3158 1831 3352 1888; x_wconf 89' lang='lat' dir='ltr'><strong><em>illicita</em></strong></span> <span class='ocrx_word' id='word_1_481' title='bbox 3403 1833 3760 1901; x_wconf 89' lang='lat' dir='ltr'><strong><em>deteriorati,</em></strong></span> 
     </span>
    </p>
   </div>
   <div class='ocr_carea' id='block_1_68' title="bbox 2136 1921 3764 1996">
    <p class='ocr_par' dir='ltr' id='par_1_68' title="bbox 2136 1921 3764 1996">
     <span class='ocr_line' id='line_1_68' title="bbox 2136 1921 3764 1996; baseline 0.002 -20"><span class='ocrx_word' id='word_1_482' title='bbox 2136 1922 2386 1994; x_wconf 89' lang='lat' dir='ltr'><strong><em>plerique</em></strong></span> <span class='ocrx_word' id='word_1_483' title='bbox 2424 1922 2587 1977; x_wconf 88' lang='lat' dir='ltr'><strong><em>etiam</em></strong></span> <span class='ocrx_word' id='word_1_484' title='bbox 2639 1921 2940 1996; x_wconf 82' lang='lat' dir='ltr'><strong><em>gloriantes</em></strong></span> <span class='ocrx_word' id='word_1_485' title='bbox 2984 1938 3049 1977; x_wconf 86' lang='lat' dir='ltr'><strong><em>ex</em></strong></span> <span class='ocrx_word' id='word_1_486' title='bbox 3079 1922 3371 1979; x_wconf 87' lang='lat' dir='ltr'><strong><em>nobilitate</em></strong></span> <span class='ocrx_word' id='word_1_487' title='bbox 3402 1924 3764 1993; x_wconf 88' lang='lat' dir='ltr'><strong><em>scculari,&#39;et</em></strong></span> 
     </span>
    </p>
   </div>
   <div class='ocr_carea' id='block_1_69' title="bbox 2134 2014 3761 2092">
    <p class='ocr_par' dir='ltr' id='par_1_69' title="bbox 2134 2014 3761 2092">
     <span class='ocr_line' id='line_1_69' title="bbox 2134 2014 3761 2092; baseline 0.003 -24"><span class='ocrx_word' id='word_1_488' title='bbox 2134 2031 2196 2069; x_wconf 83' lang='lat' dir='ltr'><strong><em>ex</em></strong></span> <span class='ocrx_word' id='word_1_489' title='bbox 2227 2030 2587 2085; x_wconf 87' lang='lat' dir='ltr'><strong><em>personarum</em></strong></span> <span class='ocrx_word' id='word_1_490' title='bbox 2610 2014 2937 2085; x_wconf 88' lang='lat' dir='ltr'><strong><em>acceptione</em></strong></span> <span class='ocrx_word' id='word_1_491' title='bbox 2964 2015 3141 2087; x_wconf 82' lang='lat' dir='ltr'><strong><em>magis</em></strong></span> <span class='ocrx_word' id='word_1_492' title='bbox 3172 2034 3337 2088; x_wconf 89' lang='lat' dir='ltr'><strong><em>quam</em></strong></span> <span class='ocrx_word' id='word_1_493' title='bbox 3373 2033 3436 2071; x_wconf 83' lang='lat' dir='ltr'><strong><em>ex</em></strong></span> <span class='ocrx_word' id='word_1_494' title='bbox 3462 2016 3761 2092; x_wconf 84' lang='lat' dir='ltr'><strong><em>religionis</em></strong></span> 
     </span>
    </p>
   </div>
   <div class='ocr_carea' id='block_1_70' title="bbox 2133 2108 3765 2186">
    <p class='ocr_par' dir='ltr' id='par_1_70' title="bbox 2133 2108 3765 2186">
     <span class='ocr_line' id='line_1_70' title="bbox 2133 2108 3765 2186; baseline 0.003 -25"><span class='ocrx_word' id='word_1_495' title='bbox 2133 2108 2435 2163; x_wconf 85' lang='lat' dir='ltr'><strong><em>sanctitate</em></strong></span> <span class='ocrx_word' id='word_1_496' title='bbox 2489 2123 2601 2162; x_wconf 91' lang='lat' dir='ltr'><strong><em>rem</em></strong></span> <span class='ocrx_word' id='word_1_497' title='bbox 2642 2122 2863 2162; x_wconf 85' lang='lat' dir='ltr'><strong><em>omnem</em></strong></span> <span class='ocrx_word' id='word_1_498' title='bbox 2916 2108 3173 2163; x_wconf 89' lang='lat' dir='ltr'><strong><em>estimare</em></strong></span> <span class='ocrx_word' id='word_1_499' title='bbox 3221 2110 3423 2165; x_wconf 89' lang='lat' dir='ltr'><strong><em>assueti</em></strong></span> <span class='ocrx_word' id='word_1_500' title='bbox 3478 2110 3569 2178; x_wconf 66' lang='grc' dir='ltr'><strong><em>τεο,</em></strong></span> <span class='ocrx_word' id='word_1_501' title='bbox 3622 2126 3765 2186; x_wconf 82' lang='lat' dir='ltr'><strong><em>egre</em></strong></span> 
     </span>
    </p>
   </div>
   <div class='ocr_carea' id='block_1_71' title="bbox 2137 2201 3762 2273">
    <p class='ocr_par' dir='ltr' id='par_1_71' title="bbox 2137 2201 3762 2273">
     <span class='ocr_line' id='line_1_71' title="bbox 2137 2201 3762 2273; baseline 0.002 -16"><span class='ocrx_word' id='word_1_502' title='bbox 2137 2201 2384 2257; x_wconf 89' lang='lat' dir='ltr'><strong><em>ferebant</em></strong></span> <span class='ocrx_word' id='word_1_503' title='bbox 2412 2202 2567 2257; x_wconf 90' lang='lat' dir='ltr'><strong><em>illum</em></strong></span> <span class='ocrx_word' id='word_1_504' title='bbox 2611 2219 2675 2256; x_wconf 85' lang='lat' dir='ltr'><strong><em>ex</em></strong></span> <span class='ocrx_word' id='word_1_505' title='bbox 2716 2203 2913 2258; x_wconf 86' lang='lat' dir='ltr'><strong><em>humili</em></strong></span> <span class='ocrx_word' id='word_1_506' title='bbox 2941 2203 3271 2273; x_wconf 58' lang='lat' dir='ltr'><strong><em>{conditione</em></strong></span> <span class='ocrx_word' id='word_1_507' title='bbox 3303 2213 3358 2261; x_wconf 91' lang='lat' dir='ltr'><strong><em>et</em></strong></span> <span class='ocrx_word' id='word_1_508' title='bbox 3396 2221 3461 2260; x_wconf 86' lang='lat' dir='ltr'><strong><em>ex</em></strong></span> <span class='ocrx_word' id='word_1_509' title='bbox 3493 2205 3601 2260; x_wconf 90' lang='lat' dir='ltr'><strong><em>alio</em></strong></span> <span class='ocrx_word' id='word_1_510' title='bbox 3629 2206 3762 2261; x_wconf 89' lang='lat' dir='ltr'><strong><em>loco</em></strong></span> 
     </span>
    </p>
   </div>
   <div class='ocr_carea' id='block_1_72' title="bbox 2135 2291 3762 2368">
    <p class='ocr_par' dir='ltr' id='par_1_72' title="bbox 2135 2291 3762 2368">
     <span class='ocr_line' id='line_1_72' title="bbox 2135 2291 3762 2368; baseline 0.004 -23"><span class='ocrx_word' id='word_1_511' title='bbox 2135 2291 2243 2346; x_wconf 88' lang='lat' dir='ltr'><strong><em>sibi</em></strong></span> <span class='ocrx_word' id='word_1_512' title='bbox 2277 2292 2526 2363; x_wconf 88' lang='lat' dir='ltr'><strong><em>preferri,</em></strong></span> <span class='ocrx_word' id='word_1_513' title='bbox 2560 2300 2615 2347; x_wconf 90' lang='lat' dir='ltr'><strong><em>et</em></strong></span> <span class='ocrx_word' id='word_1_514' title='bbox 2638 2308 2803 2368; x_wconf 85' lang='lat' dir='ltr'><strong><em>grave</em></strong></span> <span class='ocrx_word' id='word_1_515' title='bbox 2834 2301 2889 2349; x_wconf 92' lang='lat' dir='ltr'><strong><em>et</em></strong></span> <span class='ocrx_word' id='word_1_516' title='bbox 2912 2293 3265 2349; x_wconf 78' lang='lat' dir='ltr'><strong><em>intolerabile</em></strong></span> <span class='ocrx_word' id='word_1_517' title='bbox 3292 2295 3375 2350; x_wconf 90' lang='lat' dir='ltr'><strong><em>eis</em></strong></span> <span class='ocrx_word' id='word_1_518' title='bbox 3405 2295 3701 2350; x_wconf 80' lang='lat' dir='ltr'><strong><em>videbatur</em></strong></span> <span class='ocrx_word' id='word_1_519' title='bbox 3729 2313 3762 2352; x_wconf 86' lang='lat' dir='ltr'><strong><em>a</em></strong></span> 
     </span>
    </p>
   </div>
   <div class='ocr_carea' id='block_1_73' title="bbox 2136 2383 3765 2461">
    <p class='ocr_par' dir='ltr' id='par_1_73' title="bbox 2136 2383 3765 2461">
     <span class='ocr_line' id='line_1_73' title="bbox 2136 2383 3765 2461; baseline 0.004 -23"><span class='ocrx_word' id='word_1_520' title='bbox 2136 2383 2459 2439; x_wconf 88' lang='lat' dir='ltr'><strong><em>fortitudine</em></strong></span> <span class='ocrx_word' id='word_1_521' title='bbox 2498 2401 2711 2441; x_wconf 90' lang='lat' dir='ltr'><strong><em>morum</em></strong></span> <span class='ocrx_word' id='word_1_522' title='bbox 2770 2402 2993 2442; x_wconf 91' lang='lat' dir='ltr'><strong><em>suorum</em></strong></span> <span class='ocrx_word' id='word_1_523' title='bbox 3055 2387 3121 2440; x_wconf 88' lang='lat' dir='ltr'><strong><em>ad</em></strong></span> <span class='ocrx_word' id='word_1_524' title='bbox 3172 2403 3421 2443; x_wconf 89' lang='lat' dir='ltr'><strong><em>normam</em></strong></span> <span class='ocrx_word' id='word_1_525' title='bbox 3485 2388 3765 2461; x_wconf 80' lang='lat' dir='ltr'><strong><em>regularis</em></strong></span> 
     </span>
    </p>
   </div>
   <div class='ocr_carea' id='block_1_74' title="bbox 2134 2474 3766 2546">
    <p class='ocr_par' dir='ltr' id='par_1_74' title="bbox 2134 2474 3766 2546">
     <span class='ocr_line' id='line_1_74' title="bbox 2134 2474 3766 2546; baseline 0.002 -17"><span class='ocrx_word' id='word_1_526' title='bbox 2134 2474 2260 2529; x_wconf 65' lang='lat' dir='ltr'><strong><em>vitae</em></strong></span> <span class='ocrx_word' id='word_1_527' title='bbox 2291 2482 2395 2528; x_wconf 88' lang='lat' dir='ltr'><strong><em>tam</em></strong></span> <span class='ocrx_word' id='word_1_528' title='bbox 2428 2474 2616 2530; x_wconf 88' lang='lat' dir='ltr'><strong><em>subito</em></strong></span> <span class='ocrx_word' id='word_1_529' title='bbox 2648 2492 2747 2546; x_wconf 85' lang='lat' dir='ltr'><strong><em>per</em></strong></span> <span class='ocrx_word' id='word_1_530' title='bbox 2778 2475 2930 2530; x_wconf 89' lang='lat' dir='ltr'><strong><em>illum</em></strong></span> <span class='ocrx_word' id='word_1_531' title='bbox 2991 2477 3255 2532; x_wconf 88' lang='lat' dir='ltr'><strong><em>revocari.</em></strong></span> <span class='ocrx_word' id='word_1_532' title='bbox 3307 2477 3553 2533; x_wconf 87' lang='lat' dir='ltr'><strong><em>Profecto</em></strong></span> <span class='ocrx_word' id='word_1_533' title='bbox 3587 2478 3633 2532; x_wconf 89' lang='lat' dir='ltr'><strong><em>si</em></strong></span> <span class='ocrx_word' id='word_1_534' title='bbox 3668 2495 3766 2532; x_wconf 89' lang='lat' dir='ltr'><strong><em>rc-</em></strong></span> 
     </span>
    </p>
   </div>
   <div class='ocr_carea' id='block_1_75' title="bbox 2137 2567 3759 2639">
    <p class='ocr_par' dir='ltr' id='par_1_75' title="bbox 2137 2567 3759 2639">
     <span class='ocr_line' id='line_1_75' title="bbox 2137 2567 3759 2639; baseline 0.004 -19"><span class='ocrx_word' id='word_1_535' title='bbox 2137 2583 2257 2622; x_wconf 90' lang='lat' dir='ltr'><strong><em>rum</em></strong></span> <span class='ocrx_word' id='word_1_536' title='bbox 2291 2567 2680 2622; x_wconf 85' lang='lat' dir='ltr'><strong><em>convenientia</em></strong></span> <span class='ocrx_word' id='word_1_537' title='bbox 2718 2568 3062 2639; x_wconf 89' lang='lat' dir='ltr'><strong><em>inspieiatur,</em></strong></span> <span class='ocrx_word' id='word_1_538' title='bbox 3096 2585 3207 2624; x_wconf 90' lang='lat' dir='ltr'><strong><em>non</em></strong></span> <span class='ocrx_word' id='word_1_539' title='bbox 3239 2569 3405 2625; x_wconf 91' lang='lat' dir='ltr'><strong><em>nimis</em></strong></span> <span class='ocrx_word' id='word_1_540' title='bbox 3439 2571 3759 2626; x_wconf 88' lang='lat' dir='ltr'><strong><em>mirandum</em></strong></span> 
     </span>
    </p>
   </div>
   <div class='ocr_carea' id='block_1_76' title="bbox 2136 2659 3765 2734">
    <p class='ocr_par' dir='ltr' id='par_1_76' title="bbox 2136 2659 3765 2734">
     <span class='ocr_line' id='line_1_76' title="bbox 2136 2659 3765 2734; baseline 0.004 -22"><span class='ocrx_word' id='word_1_541' title='bbox 2136 2659 2415 2713; x_wconf 83' lang='lat' dir='ltr'><strong><em>videbitur</em></strong></span> <span class='ocrx_word' id='word_1_542' title='bbox 2439 2660 2588 2730; x_wconf 77' lang='lat' dir='ltr'><strong><em>quod</em></strong></span> <span class='ocrx_word' id='word_1_543' title='bbox 2610 2659 2802 2714; x_wconf 89' lang='lat' dir='ltr'><strong><em>fratres</em></strong></span> <span class='ocrx_word' id='word_1_544' title='bbox 2821 2661 2914 2731; x_wconf 89' lang='lat' dir='ltr'><strong><em>qui</em></strong></span> <span class='ocrx_word' id='word_1_545' title='bbox 2942 2662 3437 2731; x_wconf 87' lang='lat' dir='ltr'><strong><em>perremissionem</em></strong></span> <span class='ocrx_word' id='word_1_546' title='bbox 3460 2664 3765 2734; x_wconf 87' lang='lat' dir='ltr'><strong><em>pastoralis</em></strong></span> 
     </span>
    </p>
   </div>
   <div class='ocr_carea' id='block_1_77' title="bbox 2136 2749 3764 2827">
    <p class='ocr_par' dir='ltr' id='par_1_77' title="bbox 2136 2749 3764 2827">
     <span class='ocr_line' id='line_1_77' title="bbox 2136 2749 3764 2827; baseline 0.002 -24"><span class='ocrx_word' id='word_1_547' title='bbox 2136 2749 2529 2805; x_wconf 88' lang='lat' dir='ltr'><strong><em>sollicitudinis</em></strong></span> <span class='ocrx_word' id='word_1_548' title='bbox 2553 2766 2652 2821; x_wconf 87' lang='lat' dir='ltr'><strong><em>per</em></strong></span> <span class='ocrx_word' id='word_1_549' title='bbox 2673 2757 2749 2805; x_wconf 92' lang='lat' dir='ltr'><strong><em>tot</em></strong></span> <span class='ocrx_word' id='word_1_550' title='bbox 2767 2766 2943 2805; x_wconf 90' lang='lat' dir='ltr'><strong><em>annos</em></strong></span> <span class='ocrx_word' id='word_1_551' title='bbox 2962 2767 2992 2804; x_wconf 89' lang='lat' dir='ltr'><strong><em>a</em></strong></span> <span class='ocrx_word' id='word_1_552' title='bbox 3009 2751 3301 2822; x_wconf 91' lang='lat' dir='ltr'><strong><em>disciplina</em></strong></span> <span class='ocrx_word' id='word_1_553' title='bbox 3323 2754 3764 2827; x_wconf 82' lang='lat' dir='ltr'><strong><em>regularidesci-</em></strong></span> 
     </span>
    </p>
   </div>
   <div class='ocr_carea' id='block_1_78' title="bbox 2134 2840 3761 2910">
    <p class='ocr_par' dir='ltr' id='par_1_78' title="bbox 2134 2840 3761 2910">
     <span class='ocr_line' id='line_1_78' title="bbox 2134 2840 3761 2910; baseline 0.002 -14"><span class='ocrx_word' id='word_1_554' title='bbox 2134 2850 2347 2910; x_wconf 89' lang='lat' dir='ltr'><strong><em>verant,</em></strong></span> <span class='ocrx_word' id='word_1_555' title='bbox 2394 2850 2498 2898; x_wconf 90' lang='lat' dir='ltr'><strong><em>tam</em></strong></span> <span class='ocrx_word' id='word_1_556' title='bbox 2531 2840 2830 2897; x_wconf 89' lang='lat' dir='ltr'><strong><em>difﬁculter</em></strong></span> <span class='ocrx_word' id='word_1_557' title='bbox 2866 2845 2935 2898; x_wconf 89' lang='lat' dir='ltr'><strong><em>ad</em></strong></span> <span class='ocrx_word' id='word_1_558' title='bbox 2969 2843 3357 2899; x_wconf 88' lang='lat' dir='ltr'><strong><em>rectitudinem</em></strong></span> <span class='ocrx_word' id='word_1_559' title='bbox 3386 2844 3511 2900; x_wconf 62' lang='lat' dir='ltr'><strong><em>vitae</em></strong></span> <span class='ocrx_word' id='word_1_560' title='bbox 3559 2846 3761 2901; x_wconf 89' lang='lat' dir='ltr'><strong><em>reduci</em></strong></span> 
     </span>
    </p>
   </div>
   <div class='ocr_carea' id='block_1_79' title="bbox 2139 2931 3764 3003">
    <p class='ocr_par' dir='ltr' id='par_1_79' title="bbox 2139 2931 3764 3003">
     <span class='ocr_line' id='line_1_79' title="bbox 2139 2931 3764 3003; baseline 0.001 -17"><span class='ocrx_word' id='word_1_561' title='bbox 2139 2938 2409 3002; x_wconf 88' lang='lat' dir='ltr'><strong><em>poterant.</em></strong></span> <span class='ocrx_word' id='word_1_562' title='bbox 2449 2931 2568 2986; x_wconf 85' lang='lat' dir='ltr'><strong><em>Non</em></strong></span> <span class='ocrx_word' id='word_1_563' title='bbox 2592 2931 2838 3003; x_wconf 87' lang='lat' dir='ltr'><strong><em>inquam,</em></strong></span> <span class='ocrx_word' id='word_1_564' title='bbox 2863 2933 3085 2999; x_wconf 91' lang='lat' dir='ltr'><strong><em>mirum,</em></strong></span> <span class='ocrx_word' id='word_1_565' title='bbox 3126 2932 3169 2987; x_wconf 91' lang='lat' dir='ltr'><strong><em>si</em></strong></span> <span class='ocrx_word' id='word_1_566' title='bbox 3194 2933 3436 2988; x_wconf 87' lang='lat' dir='ltr'><strong><em>lenitatis</em></strong></span> <span class='ocrx_word' id='word_1_567' title='bbox 3465 2934 3764 2990; x_wconf 89' lang='lat' dir='ltr'><strong><em>dissolutio</em></strong></span> 
     </span>
    </p>
   </div>
   <div class='ocr_carea' id='block_1_80' title="bbox 2140 3021 3768 3097">
    <p class='ocr_par' dir='ltr' id='par_1_80' title="bbox 2140 3021 3768 3097">
     <span class='ocr_line' id='line_1_80' title="bbox 2140 3021 3768 3097; baseline 0.004 -19"><span class='ocrx_word' id='word_1_568' title='bbox 2140 3039 2235 3078; x_wconf 89' lang='lat' dir='ltr'><strong><em>eos</em></strong></span> <span class='ocrx_word' id='word_1_569' title='bbox 2255 3021 2638 3088; x_wconf 80' lang='lat' dir='ltr'><strong><em>eﬁ‘renaverat,</em></strong></span> <span class='ocrx_word' id='word_1_570' title='bbox 2663 3024 2864 3097; x_wconf 88' lang='lat' dir='ltr'><strong><em>quibus</em></strong></span> <span class='ocrx_word' id='word_1_571' title='bbox 2882 3041 2981 3096; x_wconf 80' lang='lat' dir='ltr'><strong><em>per</em></strong></span> <span class='ocrx_word' id='word_1_572' title='bbox 3004 3041 3180 3080; x_wconf 89' lang='lat' dir='ltr'><strong><em>annos</em></strong></span> <span class='ocrx_word' id='word_1_573' title='bbox 3194 3027 3315 3097; x_wconf 90' lang='lat' dir='ltr'><strong><em>plus</em></strong></span> <span class='ocrx_word' id='word_1_574' title='bbox 3326 3025 3396 3082; x_wconf 90' lang='lat'><strong><em>90</em></strong></span> <span class='ocrx_word' id='word_1_575' title='bbox 3413 3025 3561 3081; x_wconf 89' lang='lat' dir='ltr'><strong><em>nulla</em></strong></span> <span class='ocrx_word' id='word_1_576' title='bbox 3585 3026 3768 3084; x_wconf 89' lang='lat' dir='ltr'><strong><em>abba-</em></strong></span> 
     </span>
    </p>
   </div>
   <div class='ocr_carea' id='block_1_81' title="bbox 2139 3119 3767 3194">
    <p class='ocr_par' dir='ltr' id='par_1_81' title="bbox 2139 3119 3767 3194">
     <span class='ocr_line' id='line_1_81' title="bbox 2139 3119 3767 3194; baseline 0.004 -21"><span class='ocrx_word' id='word_1_577' title='bbox 2139 3127 2252 3173; x_wconf 89' lang='lat' dir='ltr'><strong><em>tum</em></strong></span> <span class='ocrx_word' id='word_1_578' title='bbox 2286 3119 2617 3194; x_wconf 86' lang='lat' dir='ltr'><strong><em>regularium</em></strong></span> <span class='ocrx_word' id='word_1_579' title='bbox 2640 3120 2950 3191; x_wconf 85' lang='lat' dir='ltr'><strong><em>paternitas</em></strong></span> <span class='ocrx_word' id='word_1_580' title='bbox 2965 3121 3351 3189; x_wconf 61' lang='lat' dir='ltr'><strong><em>excubat-erat,</em></strong></span> <span class='ocrx_word' id='word_1_581' title='bbox 3376 3122 3473 3178; x_wconf 89' lang='lat' dir='ltr'><strong><em>sed</em></strong></span> <span class='ocrx_word' id='word_1_582' title='bbox 3503 3139 3767 3179; x_wconf 86' lang='lat' dir='ltr'><strong><em>mercen-</em></strong></span> 
     </span>
    </p>
   </div>
   <div class='ocr_carea' id='block_1_82' title="bbox 2141 3207 3762 3282">
    <p class='ocr_par' dir='ltr' id='par_1_82' title="bbox 2141 3207 3762 3282">
     <span class='ocr_line' id='line_1_82' title="bbox 2141 3207 3762 3282; baseline 0.004 -21"><span class='ocrx_word' id='word_1_583' title='bbox 2141 3207 2280 3261; x_wconf 89' lang='lat' dir='ltr'><strong><em>narii</em></strong></span> <span class='ocrx_word' id='word_1_584' title='bbox 2313 3217 2367 3262; x_wconf 93' lang='lat' dir='ltr'><strong><em>et</em></strong></span> <span class='ocrx_word' id='word_1_585' title='bbox 2395 3208 2489 3280; x_wconf 89' lang='lat' dir='ltr'><strong><em>qui</em></strong></span> <span class='ocrx_word' id='word_1_586' title='bbox 2522 3224 2631 3263; x_wconf 89' lang='lat' dir='ltr'><strong><em>non</em></strong></span> <span class='ocrx_word' id='word_1_587' title='bbox 2662 3216 2820 3263; x_wconf 89' lang='lat' dir='ltr'><strong><em>erant</em></strong></span> <span class='ocrx_word' id='word_1_588' title='bbox 2863 3218 3135 3281; x_wconf 87' lang='lat' dir='ltr'><strong><em>pastores,</em></strong></span> <span class='ocrx_word' id='word_1_589' title='bbox 3169 3226 3404 3282; x_wconf 88' lang='lat' dir='ltr'><strong><em>quorum</em></strong></span> <span class='ocrx_word' id='word_1_590' title='bbox 3450 3227 3559 3267; x_wconf 90' lang='lat' dir='ltr'><strong><em>non</em></strong></span> <span class='ocrx_word' id='word_1_591' title='bbox 3592 3223 3762 3269; x_wconf 88' lang='lat' dir='ltr'><strong><em>erant</em></strong></span> 
     </span>
    </p>
   </div>
   <div class='ocr_carea' id='block_1_83' title="bbox 2139 3299 3760 3375">
    <p class='ocr_par' dir='ltr' id='par_1_83' title="bbox 2139 3299 3760 3375">
     <span class='ocr_line' id='line_1_83' title="bbox 2139 3299 3760 3375; baseline 0.002 -19"><span class='ocrx_word' id='word_1_592' title='bbox 2139 3315 2269 3356; x_wconf 85' lang='lat' dir='ltr'><strong><em>oves</em></strong></span> <span class='ocrx_word' id='word_1_593' title='bbox 2297 3301 2554 3371; x_wconf 68' lang='lat' dir='ltr'><strong><em>propriae,</em></strong></span> <span class='ocrx_word' id='word_1_594' title='bbox 2595 3299 2934 3356; x_wconf 87' lang='lat' dir='ltr'><strong><em>dominicum</em></strong></span> <span class='ocrx_word' id='word_1_595' title='bbox 2964 3303 3108 3358; x_wconf 88' lang='lat' dir='ltr'><strong><em>ovile</em></strong></span> <span class='ocrx_word' id='word_1_596' title='bbox 3148 3302 3571 3375; x_wconf 81' lang='lat' dir='ltr'><strong><em>dissipaverant,</em></strong></span> <span class='ocrx_word' id='word_1_597' title='bbox 3624 3305 3760 3360; x_wconf 90' lang='lat' dir='ltr'><strong><em>dum</em></strong></span> 
     </span>
    </p>
   </div>
   <div class='ocr_carea' id='block_1_84' title="bbox 2139 3394 3761 3484">
    <p class='ocr_par' dir='ltr' id='par_1_84' title="bbox 2139 3394 3761 3484">
     <span class='ocr_line' id='line_1_84' title="bbox 2139 3394 3761 3484; baseline 0.003 -37"><span class='ocrx_word' id='word_1_598' title='bbox 2139 3408 2262 3463; x_wconf 65' lang='lat' dir='ltr'><strong><em>quae</em></strong></span> <span class='ocrx_word' id='word_1_599' title='bbox 2288 3409 2387 3447; x_wconf 90' lang='lat' dir='ltr'><strong><em>sua</em></strong></span> <span class='ocrx_word' id='word_1_600' title='bbox 2429 3400 2482 3448; x_wconf 90' lang='lat' dir='ltr'><strong><em>et</em></strong></span> <span class='ocrx_word' id='word_1_601' title='bbox 2524 3410 2634 3449; x_wconf 91' lang='lat' dir='ltr'><strong><em>non</em></strong></span> <span class='ocrx_word' id='word_1_602' title='bbox 2684 3410 2807 3466; x_wconf 53' lang='lat' dir='ltr'><strong><em>quae</em></strong></span> <span class='ocrx_word' id='word_1_603' title='bbox 2841 3394 2933 3449; x_wconf 90' lang='lat' dir='ltr'><strong><em>Dei</em></strong></span> <span class='ocrx_word' id='word_1_604' title='bbox 2996 3402 3152 3450; x_wconf 90' lang='lat' dir='ltr'><strong><em>crant</em></strong></span> <span class='ocrx_word' id='word_1_605' title='bbox 3191 3405 3525 3484; x_wconf 62' lang='lat' dir='ltr'><strong><em>quaerentes.</em></strong></span> <span class='ocrx_word' id='word_1_606' title='bbox 3567 3398 3761 3454; x_wconf 88' lang='lat' dir='ltr'><strong><em>omnia</em></strong></span> 
     </span>
    </p>
   </div>
   <div class='ocr_carea' id='block_1_85' title="bbox 2138 3486 3756 3554">
    <p class='ocr_par' dir='ltr' id='par_1_85' title="bbox 2138 3486 3756 3554">
     <span class='ocr_line' id='line_1_85' title="bbox 2138 3486 3756 3554; baseline 0.004 -15"><span class='ocrx_word' id='word_1_607' title='bbox 2138 3486 2353 3541; x_wconf 88' lang='lat' dir='ltr'><strong><em>venalia</em></strong></span> <span class='ocrx_word' id='word_1_608' title='bbox 2384 3486 2687 3553; x_wconf 87' lang='lat' dir='ltr'><strong><em>habebant,</em></strong></span> <span class='ocrx_word' id='word_1_609' title='bbox 2729 3487 2868 3541; x_wconf 91' lang='lat' dir='ltr'><strong><em>etin</em></strong></span> <span class='ocrx_word' id='word_1_610' title='bbox 2908 3489 3157 3545; x_wconf 74' lang='lat' dir='ltr'><strong><em>aecclesia</em></strong></span> <span class='ocrx_word' id='word_1_611' title='bbox 3198 3490 3292 3545; x_wconf 90' lang='lat' dir='ltr'><strong><em>Dei</em></strong></span> <span class='ocrx_word' id='word_1_612' title='bbox 3344 3490 3650 3554; x_wconf 89' lang='lat' dir='ltr'><strong><em>columnas,</em></strong></span> <span class='ocrx_word' id='word_1_613' title='bbox 3700 3492 3756 3546; x_wconf 90' lang='lat' dir='ltr'><strong><em>id</em></strong></span> 
     </span>
    </p>
   </div>
   <div class='ocr_carea' id='block_1_86' title="bbox 2138 3577 3756 3652">
    <p class='ocr_par' dir='ltr' id='par_1_86' title="bbox 2138 3577 3756 3652">
     <span class='ocr_line' id='line_1_86' title="bbox 2138 3577 3756 3652; baseline 0.003 -22"><span class='ocrx_word' id='word_1_614' title='bbox 2138 3585 2221 3631; x_wconf 90' lang='lat' dir='ltr'><strong><em>est</em></strong></span> <span class='ocrx_word' id='word_1_615' title='bbox 2260 3577 2461 3652; x_wconf 75' lang='lat' dir='ltr'><strong><em>gratias</em></strong></span> <span class='ocrx_word' id='word_1_616' title='bbox 2486 3577 2722 3648; x_wconf 90' lang='lat' dir='ltr'><strong><em>Spiritus</em></strong></span> <span class='ocrx_word' id='word_1_617' title='bbox 2746 3578 2943 3645; x_wconf 89' lang='lat' dir='ltr'><strong><em>sancti,</em></strong></span> <span class='ocrx_word' id='word_1_618' title='bbox 2998 3579 3327 3646; x_wconf 89' lang='lat' dir='ltr'><strong><em>vendentes,</em></strong></span> <span class='ocrx_word' id='word_1_619' title='bbox 3379 3580 3604 3635; x_wconf 90' lang='lat' dir='ltr'><strong><em>domum</em></strong></span> <span class='ocrx_word' id='word_1_620' title='bbox 3656 3581 3756 3637; x_wconf 87' lang='lat' dir='ltr'><strong><em>Dei</em></strong></span> 
     </span>
    </p>
   </div>
   <div class='ocr_carea' id='block_1_87' title="bbox 2135 3667 3753 3737">
    <p class='ocr_par' dir='ltr' id='par_1_87' title="bbox 2135 3667 3753 3737">
     <span class='ocr_line' id='line_1_87' title="bbox 2135 3667 3753 3737; baseline 0.003 -16"><span class='ocrx_word' id='word_1_621' title='bbox 2135 3669 2453 3737; x_wconf 86' lang='lat' dir='ltr'><strong><em>speluncam</em></strong></span> <span class='ocrx_word' id='word_1_622' title='bbox 2487 3668 2759 3724; x_wconf 89' lang='lat' dir='ltr'><strong><em>latronum</em></strong></span> <span class='ocrx_word' id='word_1_623' title='bbox 2790 3667 3104 3723; x_wconf 81' lang='lat' dir='ltr'><strong><em>effecerant.</em></strong></span> <span class='ocrx_word' id='word_1_624' title='bbox 3146 3669 3298 3735; x_wconf 86' lang='lat' dir='ltr'><strong><em>Quod</em></strong></span> <span class='ocrx_word' id='word_1_625' title='bbox 3329 3670 3533 3725; x_wconf 90' lang='lat' dir='ltr'><strong><em>malum</em></strong></span> <span class='ocrx_word' id='word_1_626' title='bbox 3565 3670 3618 3723; x_wconf 91' lang='lat' dir='ltr'><strong><em>in</em></strong></span> <span class='ocrx_word' id='word_1_627' title='bbox 3659 3687 3753 3726; x_wconf 87' lang='lat' dir='ltr'><strong><em>ca-</em></strong></span> 
     </span>
    </p>
   </div>
   <div class='ocr_carea' id='block_1_88' title="bbox 2141 3757 3756 3831">
    <p class='ocr_par' dir='ltr' id='par_1_88' title="bbox 2141 3757 3756 3831">
     <span class='ocr_line' id='line_1_88' title="bbox 2141 3757 3756 3831; baseline 0.002 -20"><span class='ocrx_word' id='word_1_628' title='bbox 2141 3764 2237 3827; x_wconf 87' lang='lat' dir='ltr'><strong><em>put</em></strong></span> <span class='ocrx_word' id='word_1_629' title='bbox 2286 3758 2503 3813; x_wconf 91' lang='lat' dir='ltr'><strong><em>illorum</em></strong></span> <span class='ocrx_word' id='word_1_630' title='bbox 2547 3758 2886 3812; x_wconf 88' lang='lat' dir='ltr'><strong><em>redundasse</em></strong></span> <span class='ocrx_word' id='word_1_631' title='bbox 2926 3757 3191 3825; x_wconf 88' lang='lat' dir='ltr'><strong><em>creditur,</em></strong></span> <span class='ocrx_word' id='word_1_632' title='bbox 3225 3758 3317 3830; x_wconf 89' lang='lat' dir='ltr'><strong><em>qui</em></strong></span> <span class='ocrx_word' id='word_1_633' title='bbox 3374 3765 3432 3812; x_wconf 90' lang='lat' dir='ltr'><strong><em>ut</em></strong></span> <span class='ocrx_word' id='word_1_634' title='bbox 3483 3759 3606 3813; x_wconf 90' lang='lat' dir='ltr'><strong><em>mali</em></strong></span> <span class='ocrx_word' id='word_1_635' title='bbox 3660 3777 3756 3831; x_wconf 87' lang='lat' dir='ltr'><strong><em>pa-</em></strong></span> 
     </span>
    </p>
   </div>
   <div class='ocr_carea' id='block_1_89' title="bbox 2132 3846 3751 3920">
    <p class='ocr_par' dir='ltr' id='par_1_89' title="bbox 2132 3846 3751 3920">
     <span class='ocr_line' id='line_1_89' title="bbox 2132 3846 3751 3920; baseline 0.004 -21"><span class='ocrx_word' id='word_1_636' title='bbox 2132 3855 2308 3902; x_wconf 88' lang='lat' dir='ltr'><strong><em>stores</em></strong></span> <span class='ocrx_word' id='word_1_637' title='bbox 2339 3847 2477 3901; x_wconf 88' lang='lat' dir='ltr'><strong><em>lacte</em></strong></span> <span class='ocrx_word' id='word_1_638' title='bbox 2515 3846 2696 3902; x_wconf 90' lang='lat' dir='ltr'><strong><em>ovium</em></strong></span> <span class='ocrx_word' id='word_1_639' title='bbox 2740 3846 2833 3901; x_wconf 89' lang='lat' dir='ltr'><strong><em>Dei</em></strong></span> <span class='ocrx_word' id='word_1_640' title='bbox 2867 3847 3198 3920; x_wconf 86' lang='lat' dir='ltr'><strong><em>inpinguati,</em></strong></span> <span class='ocrx_word' id='word_1_641' title='bbox 3244 3846 3389 3901; x_wconf 89' lang='lat' dir='ltr'><strong><em>lanis</em></strong></span> <span class='ocrx_word' id='word_1_642' title='bbox 3420 3864 3609 3903; x_wconf 91' lang='lat' dir='ltr'><strong><em>eorum</em></strong></span> <span class='ocrx_word' id='word_1_643' title='bbox 3643 3865 3751 3905; x_wconf 88' lang='lat' dir='ltr'><strong><em>ve-</em></strong></span> 
     </span>
    </p>
   </div>
   <div class='ocr_carea' id='block_1_90' title="bbox 2132 3938 3751 4011">
    <p class='ocr_par' dir='ltr' id='par_1_90' title="bbox 2132 3938 3751 4011">
     <span class='ocr_line' id='line_1_90' title="bbox 2132 3938 3751 4011; baseline 0.002 -18"><span class='ocrx_word' id='word_1_644' title='bbox 2132 3939 2265 4004; x_wconf 90' lang='lat' dir='ltr'><strong><em>stiti,</em></strong></span> <span class='ocrx_word' id='word_1_645' title='bbox 2300 3938 2719 4009; x_wconf 88' lang='lat' dir='ltr'><strong><em>vilipendebant</em></strong></span> <span class='ocrx_word' id='word_1_646' title='bbox 2742 3939 2966 4011; x_wconf 82' lang='lat' dir='ltr'><strong><em>abigere</em></strong></span> <span class='ocrx_word' id='word_1_647' title='bbox 2997 3941 3154 4011; x_wconf 90' lang='lat' dir='ltr'><strong><em>lupos</em></strong></span> <span class='ocrx_word' id='word_1_648' title='bbox 3184 3940 3253 3994; x_wconf 89' lang='lat' dir='ltr'><strong><em>ab</em></strong></span> <span class='ocrx_word' id='word_1_649' title='bbox 3279 3940 3408 3994; x_wconf 86' lang='lat' dir='ltr'><strong><em>ovili</em></strong></span> <span class='ocrx_word' id='word_1_650' title='bbox 3442 3939 3655 4006; x_wconf 86' lang='lat' dir='ltr'><strong><em>Christi;</em></strong></span> <span class='ocrx_word' id='word_1_651' title='bbox 3691 3952 3751 3996; x_wconf 84' lang='lat' dir='ltr'><strong><em>et</em></strong></span> 
     </span>
    </p>
   </div>
   <div class='ocr_carea' id='block_1_91' title="bbox 2131 4029 3748 4100">
    <p class='ocr_par' dir='ltr' id='par_1_91' title="bbox 2131 4029 3748 4100">
     <span class='ocr_line' id='line_1_91' title="bbox 2131 4029 3748 4100; baseline 0.001 -17"><span class='ocrx_word' id='word_1_652' title='bbox 2131 4029 2287 4100; x_wconf 90' lang='lat' dir='ltr'><strong><em>quasi</em></strong></span> <span class='ocrx_word' id='word_1_653' title='bbox 2331 4045 2497 4084; x_wconf 87' lang='lat' dir='ltr'><strong><em>canes</em></strong></span> <span class='ocrx_word' id='word_1_654' title='bbox 2526 4029 2663 4084; x_wconf 89' lang='lat' dir='ltr'><strong><em>muti</em></strong></span> <span class='ocrx_word' id='word_1_655' title='bbox 2697 4044 2806 4084; x_wconf 90' lang='lat' dir='ltr'><strong><em>non</em></strong></span> <span class='ocrx_word' id='word_1_656' title='bbox 2838 4029 3086 4085; x_wconf 85' lang='lat' dir='ltr'><strong><em>valentes</em></strong></span> <span class='ocrx_word' id='word_1_657' title='bbox 3117 4030 3335 4093; x_wconf 89' lang='lat' dir='ltr'><strong><em>latrare,</em></strong></span> <span class='ocrx_word' id='word_1_658' title='bbox 3367 4031 3578 4085; x_wconf 90' lang='lat' dir='ltr'><strong><em>animas</em></strong></span> <span class='ocrx_word' id='word_1_659' title='bbox 3617 4031 3748 4085; x_wconf 90' lang='lat' dir='ltr'><strong><em>sub-</em></strong></span> 
     </span>
    </p>
   </div>
   <div class='ocr_carea' id='block_1_92' title="bbox 2122 4121 3750 4193">
    <p class='ocr_par' dir='ltr' id='par_1_92' title="bbox 2122 4121 3750 4193">
     <span class='ocr_line' id='line_1_92' title="bbox 2122 4121 3750 4193; baseline 0.001 -17"><span class='ocrx_word' id='word_1_660' title='bbox 2122 4122 2393 4191; x_wconf 90' lang='lat' dir='ltr'><strong><em>jectorum</em></strong></span> <span class='ocrx_word' id='word_1_661' title='bbox 2425 4121 2777 4193; x_wconf 88' lang='lat' dir='ltr'><strong><em>patiebantur</em></strong></span> <span class='ocrx_word' id='word_1_662' title='bbox 2806 4122 3046 4177; x_wconf 88' lang='lat' dir='ltr'><strong><em>interire.</em></strong></span> <span class='ocrx_word' id='word_1_663' title='bbox 3081 4121 3215 4186; x_wconf 85' lang='lat' dir='ltr'><strong><em>Quis</em></strong></span> <span class='ocrx_word' id='word_1_664' title='bbox 3255 4124 3403 4177; x_wconf 88' lang='lat' dir='ltr'><strong><em>enim</em></strong></span> <span class='ocrx_word' id='word_1_665' title='bbox 3460 4138 3571 4178; x_wconf 90' lang='lat' dir='ltr'><strong><em>non</em></strong></span> <span class='ocrx_word' id='word_1_666' title='bbox 3614 4139 3750 4178; x_wconf 79' lang='lat' dir='ltr'><strong><em>exe—</em></strong></span> 
     </span>
    </p>
   </div>
   <div class='ocr_carea' id='block_1_93' title="bbox 2127 4216 3747 4290">
    <p class='ocr_par' dir='ltr' id='par_1_93' title="bbox 2127 4216 3747 4290">
     <span class='ocr_line' id='line_1_93' title="bbox 2127 4216 3747 4290; baseline 0.002 -19"><span class='ocrx_word' id='word_1_667' title='bbox 2127 4216 2352 4271; x_wconf 83' lang='lat' dir='ltr'><strong><em>cretur?</em></strong></span> <span class='ocrx_word' id='word_1_668' title='bbox 2381 4218 2527 4289; x_wconf 89' lang='lat' dir='ltr'><strong><em>quis,</em></strong></span> <span class='ocrx_word' id='word_1_669' title='bbox 2578 4217 2824 4288; x_wconf 90' lang='lat' dir='ltr'><strong><em>inquam,</em></strong></span> <span class='ocrx_word' id='word_1_670' title='bbox 2865 4233 2975 4272; x_wconf 91' lang='lat' dir='ltr'><strong><em>non</em></strong></span> <span class='ocrx_word' id='word_1_671' title='bbox 3007 4218 3377 4274; x_wconf 87' lang='lat' dir='ltr'><strong><em>abominetur.</em></strong></span> <span class='ocrx_word' id='word_1_672' title='bbox 3415 4218 3561 4290; x_wconf 90' lang='lat' dir='ltr'><strong><em>quod</em></strong></span> <span class='ocrx_word' id='word_1_673' title='bbox 3597 4226 3747 4274; x_wconf 88' lang='lat' dir='ltr'><strong><em>tanta</em></strong></span> 
     </span>
    </p>
   </div>
   <div class='ocr_carea' id='block_1_94' title="bbox 2129 4304 3743 4377">
    <p class='ocr_par' dir='ltr' id='par_1_94' title="bbox 2129 4304 3743 4377">
     <span class='ocr_line' id='line_1_94' title="bbox 2129 4304 3743 4377; baseline 0.001 -20"><span class='ocrx_word' id='word_1_674' title='bbox 2129 4304 2362 4371; x_wconf 89' lang='lat' dir='ltr'><strong><em>incuria,</em></strong></span> <span class='ocrx_word' id='word_1_675' title='bbox 2388 4321 2457 4359; x_wconf 90' lang='lat' dir='ltr'><strong><em>ne</em></strong></span> <span class='ocrx_word' id='word_1_676' title='bbox 2487 4305 2663 4361; x_wconf 89' lang='lat' dir='ltr'><strong><em>dicam</em></strong></span> <span class='ocrx_word' id='word_1_677' title='bbox 2697 4305 2947 4372; x_wconf 90' lang='lat' dir='ltr'><strong><em>avaritia,</em></strong></span> <span class='ocrx_word' id='word_1_678' title='bbox 2978 4305 3192 4361; x_wconf 87' lang='lat' dir='ltr'><strong><em>animos</em></strong></span> <span class='ocrx_word' id='word_1_679' title='bbox 3223 4306 3613 4377; x_wconf 88' lang='lat' dir='ltr'><strong><em>episc0porum</em></strong></span> <span class='ocrx_word' id='word_1_680' title='bbox 3649 4305 3743 4359; x_wconf 84' lang='lat' dir='ltr'><strong><em>in-</em></strong></span> 
     </span>
    </p>
   </div>
   <div class='ocr_carea' id='block_1_95' title="bbox 2127 4397 3745 4471">
    <p class='ocr_par' dir='ltr' id='par_1_95' title="bbox 2127 4397 3745 4471">
     <span class='ocr_line' id='line_1_95' title="bbox 2127 4397 3745 4471; baseline 0.001 -19"><span class='ocrx_word' id='word_1_681' title='bbox 2127 4397 2375 4463; x_wconf 89' lang='lat' dir='ltr'><strong><em>cesserit,</em></strong></span> <span class='ocrx_word' id='word_1_682' title='bbox 2409 4399 2556 4469; x_wconf 90' lang='lat' dir='ltr'><strong><em>quod</em></strong></span> <span class='ocrx_word' id='word_1_683' title='bbox 2585 4398 2653 4452; x_wconf 88' lang='lat' dir='ltr'><strong><em>ab</em></strong></span> <span class='ocrx_word' id='word_1_684' title='bbox 2693 4414 2838 4453; x_wconf 91' lang='lat' dir='ltr'><strong><em>anno</em></strong></span> <span class='ocrx_word' id='word_1_685' title='bbox 2870 4398 3085 4454; x_wconf 92' lang='lat' dir='ltr'><strong><em>Domini</em></strong></span> <span class='ocrx_word' id='word_1_686' title='bbox 3131 4399 3258 4462; x_wconf 83' lang='lat'><strong><em>863,</em></strong></span> <span class='ocrx_word' id='word_1_687' title='bbox 3302 4398 3451 4471; x_wconf 91' lang='lat' dir='ltr'><strong><em>quod</em></strong></span> <span class='ocrx_word' id='word_1_688' title='bbox 3515 4398 3745 4453; x_wconf 87' lang='lat' dir='ltr'><strong><em>odibilis</em></strong></span> 
     </span>
    </p>
   </div>
   <div class='ocr_carea' id='block_1_96' title="bbox 2122 4491 3739 4565">
    <p class='ocr_par' dir='ltr' id='par_1_96' title="bbox 2122 4491 3739 4565">
     <span class='ocr_line' id='line_1_96' title="bbox 2122 4491 3739 4565; baseline 0.001 -18"><span class='ocrx_word' id='word_1_689' title='bbox 2122 4493 2232 4547; x_wconf 90' lang='lat' dir='ltr'><strong><em>Deo</em></strong></span> <span class='ocrx_word' id='word_1_690' title='bbox 2275 4491 2545 4547; x_wconf 88' lang='lat' dir='ltr'><strong><em>Hubertus</em></strong></span> <span class='ocrx_word' id='word_1_691' title='bbox 2568 4493 2699 4559; x_wconf 84' lang='lat' dir='ltr'><strong><em>dux,</em></strong></span> <span class='ocrx_word' id='word_1_692' title='bbox 2733 4492 2899 4547; x_wconf 84' lang='lat' dir='ltr'><strong><em>frater</em></strong></span> <span class='ocrx_word' id='word_1_693' title='bbox 2932 4493 3138 4565; x_wconf 69' lang='lat' dir='ltr'><strong><em>reginae</em></strong></span> <span class='ocrx_word' id='word_1_694' title='bbox 3190 4492 3515 4564; x_wconf 69' lang='lat' dir='ltr'><strong><em>Tietbergze,</em></strong></span> <span class='ocrx_word' id='word_1_695' title='bbox 3550 4491 3739 4565; x_wconf 79' lang='lat' dir='ltr'><strong><em>fugato</em></strong></span> 
     </span>
    </p>
   </div>
   <div class='ocr_carea' id='block_1_97' title="bbox 2121 4584 3741 4655">
    <p class='ocr_par' dir='ltr' id='par_1_97' title="bbox 2121 4584 3741 4655">
     <span class='ocr_line' id='line_1_97' title="bbox 2121 4584 3741 4655; baseline 0.002 -17"><span class='ocrx_word' id='word_1_696' title='bbox 2121 4584 2407 4655; x_wconf 87' lang='lat' dir='ltr'><strong><em>Hartperto</em></strong></span> <span class='ocrx_word' id='word_1_697' title='bbox 2435 4584 2657 4652; x_wconf 86' lang='lat' dir='ltr'><strong><em>abbate,</em></strong></span> <span class='ocrx_word' id='word_1_698' title='bbox 2703 4585 2982 4640; x_wconf 89' lang='lat' dir='ltr'><strong><em>abbatiam</em></strong></span> <span class='ocrx_word' id='word_1_699' title='bbox 3015 4586 3343 4641; x_wconf 89' lang='lat' dir='ltr'><strong><em>Lobiensem</em></strong></span> <span class='ocrx_word' id='word_1_700' title='bbox 3393 4585 3612 4650; x_wconf 89' lang='lat' dir='ltr'><strong><em>invasit,</em></strong></span> <span class='ocrx_word' id='word_1_701' title='bbox 3650 4602 3741 4641; x_wconf 84' lang='lat' dir='ltr'><strong><em>us-</em></strong></span> 
     </span>
    </p>
   </div>
   <div class='ocr_carea' id='block_1_98' title="bbox 2122 4676 3741 4748">
    <p class='ocr_par' dir='ltr' id='par_1_98' title="bbox 2122 4676 3741 4748">
     <span class='ocr_line' id='line_1_98' title="bbox 2122 4676 3741 4748; baseline 0.002 -18"><span class='ocrx_word' id='word_1_702' title='bbox 2122 4692 2230 4747; x_wconf 90' lang='lat' dir='ltr'><strong><em>que</em></strong></span> <span class='ocrx_word' id='word_1_703' title='bbox 2263 4676 2331 4730; x_wconf 90' lang='lat' dir='ltr'><strong><em>ad</em></strong></span> <span class='ocrx_word' id='word_1_704' title='bbox 2375 4693 2580 4731; x_wconf 89' lang='lat' dir='ltr'><strong><em>annum</em></strong></span> <span class='ocrx_word' id='word_1_705' title='bbox 2616 4677 2829 4732; x_wconf 90' lang='lat' dir='ltr'><strong><em>Domini</em></strong></span> <span class='ocrx_word' id='word_1_706' title='bbox 2861 4677 2987 4745; x_wconf 80' lang='lat'><strong><em>955,</em></strong></span> <span class='ocrx_word' id='word_1_707' title='bbox 3026 4693 3137 4748; x_wconf 86' lang='lat' dir='ltr'><strong><em>quo</em></strong></span> <span class='ocrx_word' id='word_1_708' title='bbox 3179 4677 3457 4732; x_wconf 89' lang='lat' dir='ltr'><strong><em>Baldricus</em></strong></span> <span class='ocrx_word' id='word_1_709' title='bbox 3508 4676 3741 4747; x_wconf 86' lang='lat' dir='ltr'><strong><em>expulso</em></strong></span> 
     </span>
    </p>
   </div>
   <div class='ocr_carea' id='block_1_99' title="bbox 2126 4767 3741 4837">
    <p class='ocr_par' dir='ltr' id='par_1_99' title="bbox 2126 4767 3741 4837">
     <span class='ocr_line' id='line_1_99' title="bbox 2126 4767 3741 4837; baseline 0.001 -16"><span class='ocrx_word' id='word_1_710' title='bbox 2126 4767 2382 4823; x_wconf 75' lang='lat' dir='ltr'><strong><em>Hatherio</em></strong></span> <span class='ocrx_word' id='word_1_711' title='bbox 2431 4768 2747 4823; x_wconf 87' lang='lat' dir='ltr'><strong><em>cathedram</em></strong></span> <span class='ocrx_word' id='word_1_712' title='bbox 2797 4768 3060 4823; x_wconf 67' lang='lat' dir='ltr'><strong><em>zecclesize</em></strong></span> <span class='ocrx_word' id='word_1_713' title='bbox 3107 4768 3464 4823; x_wconf 87' lang='lat' dir='ltr'><strong><em>Leodicensis</em></strong></span> <span class='ocrx_word' id='word_1_714' title='bbox 3502 4768 3741 4837; x_wconf 87' lang='lat' dir='ltr'><strong><em>accepit,</em></strong></span> 
     </span>
    </p>
   </div>
   <div class='ocr_carea' id='block_1_100' title="bbox 2121 4859 3743 4932">
    <p class='ocr_par' dir='ltr' id='par_1_100' title="bbox 2121 4859 3743 4932">
     <span class='ocr_line' id='line_1_100' title="bbox 2121 4859 3743 4932; baseline 0.001 -18"><span class='ocrx_word' id='word_1_715' title='bbox 2121 4860 2273 4915; x_wconf 90' lang='lat' dir='ltr'><strong><em>locus</em></strong></span> <span class='ocrx_word' id='word_1_716' title='bbox 2326 4860 2419 4915; x_wconf 91' lang='lat' dir='ltr'><strong><em>ille</em></strong></span> <span class='ocrx_word' id='word_1_717' title='bbox 2472 4867 2637 4915; x_wconf 55' lang='lat' dir='ltr'><strong><em>tautae</em></strong></span> <span class='ocrx_word' id='word_1_718' title='bbox 2682 4861 2946 4916; x_wconf 89' lang='lat' dir='ltr'><strong><em>hactenus</em></strong></span> <span class='ocrx_word' id='word_1_719' title='bbox 3001 4861 3308 4917; x_wconf 87' lang='lat' dir='ltr'><strong><em>nobilitatis</em></strong></span> <span class='ocrx_word' id='word_1_720' title='bbox 3346 4870 3400 4916; x_wconf 91' lang='lat' dir='ltr'><strong><em>et</em></strong></span> <span class='ocrx_word' id='word_1_721' title='bbox 3452 4859 3743 4932; x_wconf 83' lang='lat' dir='ltr'><strong><em>religionis</em></strong></span> 
     </span>
    </p>
   </div>
   <div class='ocr_carea' id='block_1_101' title="bbox 411 4948 3739 5028">
    <p class='ocr_par' dir='ltr' id='par_1_101' title="bbox 411 4948 3739 5028">
     <span class='ocr_line' id='line_1_101' title="bbox 411 4948 3739 5028; baseline 0.002 -27"><span class='ocrx_word' id='word_1_722' title='bbox 411 4962 539 5001; x_wconf 74' lang='lat' dir='ltr'><strong><em>mea</em></strong></span> <span class='ocrx_word' id='word_1_723' title='bbox 570 4948 718 5003; x_wconf 86' lang='lat' dir='ltr'><strong><em>verbi</em></strong></span> <span class='ocrx_word' id='word_1_724' title='bbox 748 4949 844 5003; x_wconf 91' lang='lat' dir='ltr'><strong><em>Dei</em></strong></span> <span class='ocrx_word' id='word_1_725' title='bbox 870 4949 924 5002; x_wconf 88' lang='lat' dir='ltr'><strong><em>in</em></strong></span> <span class='ocrx_word' id='word_1_726' title='bbox 951 4950 1117 5004; x_wconf 91' lang='lat' dir='ltr'><strong><em>corde</em></strong></span> <span class='ocrx_word' id='word_1_727' title='bbox 1146 4951 1265 5020; x_wconf 87' lang='lat' dir='ltr'><strong><em>ejus</em></strong></span> <span class='ocrx_word' id='word_1_728' title='bbox 1289 4952 1446 5022; x_wconf 88' lang='lat' dir='ltr'><strong><em>quasi</em></strong></span> <span class='ocrx_word' id='word_1_729' title='bbox 1490 4967 1659 5022; x_wconf 88' lang='lat' dir='ltr'><strong><em>supra</em></strong></span> <span class='ocrx_word' id='word_1_730' title='bbox 1689 4958 1899 5023; x_wconf 89' lang='lat' dir='ltr'><strong><em>petram</em></strong></span> <span class='ocrx_word' id='word_1_731' title='bbox 1931 4953 2015 5007; x_wconf 85' lang='lat' dir='ltr'><strong><em>vel</em></strong></span> <span class='ocrx_word' id='word_1_732' title='bbox 2119 4953 2329 5008; x_wconf 85' lang='lat' dir='ltr'><strong><em>honore</em></strong></span> <span class='ocrx_word' id='word_1_733' title='bbox 2360 4953 2596 5028; x_wconf 83' lang='lat' dir='ltr'><strong><em>insignis</em></strong></span> <span class='ocrx_word' id='word_1_734' title='bbox 2620 4954 2741 5008; x_wconf 89' lang='lat' dir='ltr'><strong><em>sine</em></strong></span> <span class='ocrx_word' id='word_1_735' title='bbox 2772 4954 2986 5010; x_wconf 86' lang='lat' dir='ltr'><strong><em>abbatis</em></strong></span> <span class='ocrx_word' id='word_1_736' title='bbox 3018 4954 3323 5025; x_wconf 90' lang='lat' dir='ltr'><strong><em>prelatione</em></strong></span> <span class='ocrx_word' id='word_1_737' title='bbox 3375 4952 3739 5025; x_wconf 83' lang='lat' dir='ltr'><strong><em>perduravit?</em></strong></span> 
     </span>
    </p>
   </div>
   <div class='ocr_carea' id='block_1_102' title="bbox 408 5040 2021 5116">
    <p class='ocr_par' dir='ltr' id='par_1_102' title="bbox 408 5040 2021 5116">
     <span class='ocr_line' id='line_1_102' title="bbox 408 5040 2021 5116; baseline 0.002 -21"><span class='ocrx_word' id='word_1_738' title='bbox 408 5056 577 5111; x_wconf 76' lang='lat' dir='ltr'><strong><em>supra</em></strong></span> <span class='ocrx_word' id='word_1_739' title='bbox 609 5040 797 5111; x_wconf 87' lang='lat' dir='ltr'><strong><em>spinas</em></strong></span> <span class='ocrx_word' id='word_1_740' title='bbox 825 5042 1066 5110; x_wconf 85' lang='lat' dir='ltr'><strong><em>caderet,</em></strong></span> <span class='ocrx_word' id='word_1_741' title='bbox 1091 5043 1446 5116; x_wconf 80' lang='lat' dir='ltr'><strong><em>contingebat</em></strong></span> <span class='ocrx_word' id='word_1_742' title='bbox 1473 5045 1778 5099; x_wconf 89' lang='lat' dir='ltr'><strong><em>secundum</em></strong></span> <span class='ocrx_word' id='word_1_743' title='bbox 1805 5044 2021 5100; x_wconf 89' lang='lat' dir='ltr'><strong><em>Domini</em></strong></span> 
     </span>
    </p>
   </div>
   <div class='ocr_carea' id='block_1_103' title="bbox 2123 5028 3736 5113">
    <p class='ocr_par' dir='ltr' id='par_1_103' title="bbox 2123 5028 3736 5113">
     <span class='ocr_line' id='line_1_103' title="bbox 2123 5028 3736 5113; baseline 0.001 -18"><span class='ocrx_word' id='word_1_744' title='bbox 2123 5041 2255 5095; x_wconf 88' lang='lat' dir='ltr'><strong><em>Nam</em></strong></span> <span class='ocrx_word' id='word_1_745' title='bbox 2298 5050 2584 5113; x_wconf 88' lang='lat' dir='ltr'><strong><em>postquam</em></strong></span> <span class='ocrx_word' id='word_1_746' title='bbox 2647 5042 2924 5113; x_wconf 78' lang='lat' dir='ltr'><strong><em>prodictus</em></strong></span> <span class='ocrx_word' id='word_1_747' title='bbox 2964 5042 3237 5098; x_wconf 84' lang='lat' dir='ltr'><strong><em>Hubertus</em></strong></span> <span class='ocrx_word' id='word_1_748' title='bbox 3293 5043 3464 5097; x_wconf 86' lang='lat' dir='ltr'><strong><em>abbas</em></strong></span> <span class='ocrx_word' id='word_1_749' title='bbox 3518 5049 3571 5097; x_wconf 92' lang='lat' dir='ltr'><strong><em>et</em></strong></span> <span class='ocrx_word' id='word_1_750' title='bbox 3627 5028 3736 5097; x_wconf 81' lang='lat' dir='ltr'><strong><em>dux</em></strong></span> 
     </span>
    </p>
   </div>
   <div class='ocr_carea' id='block_1_104' title="bbox 411 5130 3739 5211">
    <p class='ocr_par' dir='ltr' id='par_1_104' title="bbox 411 5130 3739 5211">
     <span class='ocr_line' id='line_1_104' title="bbox 411 5130 3739 5211; baseline 0 -23"><span class='ocrx_word' id='word_1_751' title='bbox 411 5136 763 5205; x_wconf 78' lang='lat' dir='ltr'><strong><em>sententiam,</em></strong></span> <span class='ocrx_word' id='word_1_752' title='bbox 796 5144 854 5193; x_wconf 77' lang='lat' dir='ltr'><strong><em>ut</em></strong></span> <span class='ocrx_word' id='word_1_753' title='bbox 884 5137 1036 5193; x_wconf 87' lang='lat' dir='ltr'><strong><em>illum</em></strong></span> <span class='ocrx_word' id='word_1_754' title='bbox 1070 5155 1192 5193; x_wconf 88' lang='lat' dir='ltr'><strong><em>cum</em></strong></span> <span class='ocrx_word' id='word_1_755' title='bbox 1223 5139 1426 5211; x_wconf 73' lang='lat' dir='ltr'><strong><em>gaudio</em></strong></span> <span class='ocrx_word' id='word_1_756' title='bbox 1459 5139 1683 5210; x_wconf 83' lang='lat' dir='ltr'><strong><em>quidem</em></strong></span> <span class='ocrx_word' id='word_1_757' title='bbox 1714 5140 2024 5211; x_wconf 61' lang='lat' dir='ltr'><strong><em>susciperet</em></strong></span> <span class='ocrx_word' id='word_1_758' title='bbox 2116 5130 2264 5199; x_wconf 88' lang='lat' dir='ltr'><strong><em>justo</em></strong></span> <span class='ocrx_word' id='word_1_759' title='bbox 2295 5131 2387 5186; x_wconf 89' lang='lat' dir='ltr'><strong><em>Dei</em></strong></span> <span class='ocrx_word' id='word_1_760' title='bbox 2423 5132 2635 5203; x_wconf 89' lang='lat' dir='ltr'><strong><em>judicio</em></strong></span> <span class='ocrx_word' id='word_1_761' title='bbox 2666 5132 2720 5185; x_wconf 86' lang='lat' dir='ltr'><strong><em>in</em></strong></span> <span class='ocrx_word' id='word_1_762' title='bbox 2766 5132 2910 5188; x_wconf 87' lang='lat' dir='ltr'><strong><em>bello</em></strong></span> <span class='ocrx_word' id='word_1_763' title='bbox 2975 5134 3248 5188; x_wconf 87' lang='lat' dir='ltr'><strong><em>extinctus</em></strong></span> <span class='ocrx_word' id='word_1_764' title='bbox 3276 5132 3503 5199; x_wconf 74' lang='lat' dir='ltr'><strong><em>interiit,</em></strong></span> <span class='ocrx_word' id='word_1_765' title='bbox 3534 5131 3739 5188; x_wconf 84' lang='lat' dir='ltr'><strong><em>France</em></strong></span> 
     </span>
    </p>
   </div>
   <div class='ocr_carea' id='block_1_105' title="bbox 411 5227 2022 5300">
    <p class='ocr_par' dir='ltr' id='par_1_105' title="bbox 411 5227 2022 5300">
     <span class='ocr_line' id='line_1_105' title="bbox 411 5227 2022 5300; baseline 0.001 -19"><span class='ocrx_word' id='word_1_766' title='bbox 411 5227 509 5281; x_wconf 87' lang='lat' dir='ltr'><strong><em>sed</em></strong></span> <span class='ocrx_word' id='word_1_767' title='bbox 524 5227 654 5299; x_wconf 89' lang='lat' dir='ltr'><strong><em>quia</em></strong></span> <span class='ocrx_word' id='word_1_768' title='bbox 671 5227 909 5283; x_wconf 90' lang='lat' dir='ltr'><strong><em>radicem</em></strong></span> <span class='ocrx_word' id='word_1_769' title='bbox 921 5229 1165 5283; x_wconf 86' lang='lat' dir='ltr'><strong><em>karitatis</em></strong></span> <span class='ocrx_word' id='word_1_770' title='bbox 1179 5244 1288 5283; x_wconf 91' lang='lat' dir='ltr'><strong><em>non</em></strong></span> <span class='ocrx_word' id='word_1_771' title='bbox 1304 5227 1562 5291; x_wconf 88' lang='lat' dir='ltr'><strong><em>habebat,</em></strong></span> <span class='ocrx_word' id='word_1_772' title='bbox 1579 5229 1709 5283; x_wconf 90' lang='lat' dir='ltr'><strong><em>dum</em></strong></span> <span class='ocrx_word' id='word_1_773' title='bbox 1722 5228 1790 5282; x_wconf 92' lang='lat' dir='ltr'><strong><em>ad</em></strong></span> <span class='ocrx_word' id='word_1_774' title='bbox 1805 5235 2022 5300; x_wconf 78' lang='lat' dir='ltr'><strong><em>tempus</em></strong></span> 
     </span>
    </p>
   </div>
   <div class='ocr_carea' id='block_1_106' title="bbox 411 5319 2021 5392">
    <p class='ocr_par' dir='ltr' id='par_1_106' title="bbox 411 5319 2021 5392">
     <span class='ocr_line' id='line_1_106' title="bbox 411 5319 2021 5392; baseline 0.001 -19"><span class='ocrx_word' id='word_1_775' title='bbox 411 5319 662 5375; x_wconf 88' lang='lat' dir='ltr'><strong><em>crederet</em></strong></span> <span class='ocrx_word' id='word_1_776' title='bbox 689 5320 759 5355; x_wconf 70' lang='lat'><strong>7”</strong></span> <span class='ocrx_word' id='word_1_777' title='bbox 786 5328 840 5375; x_wconf 89' lang='lat' dir='ltr'><strong><em>et</em></strong></span> <span class='ocrx_word' id='word_1_778' title='bbox 868 5322 924 5375; x_wconf 88' lang='lat' dir='ltr'><strong><em>in</em></strong></span> <span class='ocrx_word' id='word_1_779' title='bbox 950 5328 1196 5391; x_wconf 90' lang='lat' dir='ltr'><strong><em>tempore</em></strong></span> <span class='ocrx_word' id='word_1_780' title='bbox 1240 5321 1619 5392; x_wconf 83' lang='lat' dir='ltr'><strong><em>temptationis</em></strong></span> <span class='ocrx_word' id='word_1_781' title='bbox 1650 5322 1959 5387; x_wconf 89' lang='lat' dir='ltr'><strong><em>recederet,</em></strong></span> <span class='ocrx_word' id='word_1_782' title='bbox 1990 5338 2021 5375; x_wconf 89' lang='lat' dir='ltr'><strong><em>a</em></strong></span> 
     </span>
    </p>
   </div>
   <div class='ocr_carea' id='block_1_107' title="bbox 411 5406 2019 5466">
    <p class='ocr_par' dir='ltr' id='par_1_107' title="bbox 411 5406 2019 5466">
     <span class='ocr_line' id='line_1_107' title="bbox 411 5406 2019 5466; baseline 0 -3"><span class='ocrx_word' id='word_1_783' title='bbox 411 5409 559 5464; x_wconf 90' lang='lat' dir='ltr'><strong><em>curis</em></strong></span> <span class='ocrx_word' id='word_1_784' title='bbox 606 5417 661 5466; x_wconf 92' lang='lat' dir='ltr'><strong><em>et</em></strong></span> <span class='ocrx_word' id='word_1_785' title='bbox 717 5409 922 5465; x_wconf 90' lang='lat' dir='ltr'><strong><em>divitiis</em></strong></span> <span class='ocrx_word' id='word_1_786' title='bbox 978 5408 1149 5464; x_wconf 92' lang='lat' dir='ltr'><strong><em>seculi</em></strong></span> <span class='ocrx_word' id='word_1_787' title='bbox 1206 5406 1469 5464; x_wconf 79' lang='lat' dir='ltr'><strong><em>suffocato</em></strong></span> <span class='ocrx_word' id='word_1_788' title='bbox 1506 5410 1717 5464; x_wconf 88' lang='lat' dir='ltr'><strong><em>semine</em></strong></span> <span class='ocrx_word' id='word_1_789' title='bbox 1785 5407 2019 5463; x_wconf 89' lang='lat' dir='ltr'><strong><em>fructum</em></strong></span> 
     </span>
    </p>
   </div>
   <div class='ocr_carea' id='block_1_108' title="bbox 2122 5223 3740 5298">
    <p class='ocr_par' dir='ltr' id='par_1_108' title="bbox 2122 5223 3740 5298">
     <span class='ocr_line' id='line_1_108' title="bbox 2122 5223 3740 5298; baseline -0.001 -19"><span class='ocrx_word' id='word_1_790' title='bbox 2122 5223 2217 5295; x_wconf 90' lang='lat' dir='ltr'><strong><em>qui</em></strong></span> <span class='ocrx_word' id='word_1_791' title='bbox 2250 5224 2299 5278; x_wconf 89' lang='lat' dir='ltr'><strong><em>ei</em></strong></span> <span class='ocrx_word' id='word_1_792' title='bbox 2333 5224 2386 5278; x_wconf 89' lang='lat' dir='ltr'><strong><em>in</em></strong></span> <span class='ocrx_word' id='word_1_793' title='bbox 2416 5224 2687 5297; x_wconf 85' lang='lat' dir='ltr'><strong><em>regimine</em></strong></span> <span class='ocrx_word' id='word_1_794' title='bbox 2709 5226 2997 5294; x_wconf 88' lang='lat' dir='ltr'><strong><em>successit,</em></strong></span> <span class='ocrx_word' id='word_1_795' title='bbox 3022 5226 3211 5298; x_wconf 88' lang='lat' dir='ltr'><strong><em>etipse</em></strong></span> <span class='ocrx_word' id='word_1_796' title='bbox 3236 5225 3587 5297; x_wconf 87' lang='lat' dir='ltr'><strong><em>postmodum</em></strong></span> <span class='ocrx_word' id='word_1_797' title='bbox 3621 5224 3740 5294; x_wconf 88' lang='lat' dir='ltr'><strong><em>epi-</em></strong></span> 
     </span>
    </p>
   </div>
   <div class='ocr_carea' id='block_1_109' title="bbox 2121 5316 3739 5389">
    <p class='ocr_par' dir='ltr' id='par_1_109' title="bbox 2121 5316 3739 5389">
     <span class='ocr_line' id='line_1_109' title="bbox 2121 5316 3739 5389; baseline -0.001 -17"><span class='ocrx_word' id='word_1_798' title='bbox 2121 5333 2324 5389; x_wconf 83' lang='lat' dir='ltr'><strong><em>scopus</em></strong></span> <span class='ocrx_word' id='word_1_799' title='bbox 2352 5317 2544 5384; x_wconf 84' lang='lat' dir='ltr'><strong><em>factus,</em></strong></span> <span class='ocrx_word' id='word_1_800' title='bbox 2600 5318 2878 5374; x_wconf 89' lang='lat' dir='ltr'><strong><em>abbatiam</em></strong></span> <span class='ocrx_word' id='word_1_801' title='bbox 2920 5319 3245 5373; x_wconf 88' lang='lat' dir='ltr'><strong><em>Labiensem</em></strong></span> <span class='ocrx_word' id='word_1_802' title='bbox 3278 5318 3438 5373; x_wconf 88' lang='lat' dir='ltr'><strong><em>subdi</em></strong></span> <span class='ocrx_word' id='word_1_803' title='bbox 3462 5317 3573 5387; x_wconf 90' lang='lat' dir='ltr'><strong><em>juri</em></strong></span> <span class='ocrx_word' id='word_1_804' title='bbox 3615 5316 3739 5386; x_wconf 88' lang='lat' dir='ltr'><strong><em>epi-</em></strong></span> 
     </span>
    </p>
   </div>
   <div class='ocr_carea' id='block_1_110' title="bbox 2120 5406 3740 5480">
    <p class='ocr_par' dir='ltr' id='par_1_110' title="bbox 2120 5406 3740 5480">
     <span class='ocr_line' id='line_1_110' title="bbox 2120 5406 3740 5480; baseline 0.001 -19"><span class='ocrx_word' id='word_1_805' title='bbox 2120 5409 2293 5479; x_wconf 89' lang='lat' dir='ltr'><strong><em>sc0pii</em></strong></span> <span class='ocrx_word' id='word_1_806' title='bbox 2328 5408 2678 5463; x_wconf 80' lang='lat' dir='ltr'><strong><em>Leodicensis</em></strong></span> <span class='ocrx_word' id='word_1_807' title='bbox 2730 5424 2793 5464; x_wconf 85' lang='lat' dir='ltr'><strong><em>ex</em></strong></span> <span class='ocrx_word' id='word_1_808' title='bbox 2826 5407 3202 5464; x_wconf 86' lang='lat' dir='ltr'><strong><em>muniﬁcentia</em></strong></span> <span class='ocrx_word' id='word_1_809' title='bbox 3246 5406 3595 5480; x_wconf 90' lang='lat' dir='ltr'><strong><em>imperatoris</em></strong></span> <span class='ocrx_word' id='word_1_810' title='bbox 3643 5407 3740 5462; x_wconf 82' lang='lat' dir='ltr'><strong><em>Ar-</em></strong></span> 
     </span>
    </p>
   </div>
   <div class='ocr_carea' id='block_1_111' title="bbox 1762 5536 2375 5594">
    <p class='ocr_par' dir='ltr' id='par_1_111' title="bbox 1762 5536 2375 5594">
     <span class='ocr_line' id='line_1_111' title="bbox 1762 5536 2375 5594; baseline 0.005 -5"><span class='ocrx_word' id='word_1_811' title='bbox 1762 5536 1981 5590; x_wconf 74' lang='lat' dir='ltr'><strong>VARUE</strong></span> <span class='ocrx_word' id='word_1_812' title='bbox 2004 5536 2375 5594; x_wconf 84' lang='lat' dir='ltr'><strong><em>LECTlOIES.</em></strong></span> 
     </span>
    </p>
   </div>
   <div class='ocr_carea' id='block_1_112' title="bbox 484 5641 3264 5718">
    <p class='ocr_par' dir='ltr' id='par_1_112' title="bbox 484 5641 3264 5718">
     <span class='ocr_line' id='line_1_112' title="bbox 484 5641 3264 5718; baseline 0.002 -22"><span class='ocrx_word' id='word_1_813' title='bbox 484 5641 552 5676; x_wconf 70' lang='grc' dir='ltr'><strong><em>τ²⁶</em></strong></span> <span class='ocrx_word' id='word_1_814' title='bbox 583 5658 653 5700; x_wconf 91' lang='lat' dir='ltr'><strong><em>no</em></strong></span> <span class='ocrx_word' id='word_1_815' title='bbox 677 5645 961 5701; x_wconf 81' lang='lat' dir='ltr'><strong><em>detentum.</em></strong></span> <span class='ocrx_word' id='word_1_816' title='bbox 1042 5646 1110 5680; x_wconf 69' lang='grc' dir='ltr'><strong><em>πθ</em></strong></span> <span class='ocrx_word' id='word_1_817' title='bbox 1133 5648 1255 5717; x_wconf 83' lang='lat' dir='ltr'><strong><em>jam</em></strong></span> <span class='ocrx_word' id='word_1_818' title='bbox 1283 5645 1552 5701; x_wconf 83' lang='lat' dir='ltr'><strong><em>ablatatus</em></strong></span> <span class='ocrx_word' id='word_1_819' title='bbox 1593 5663 1758 5703; x_wconf 84' lang='lat' dir='ltr'><strong><em>manu</em></strong></span> <span class='ocrx_word' id='word_1_820' title='bbox 1782 5649 2087 5718; x_wconf 57' lang='lat' dir='ltr'><strong><em>posteriori.</em></strong></span> <span class='ocrx_word' id='word_1_821' title='bbox 2164 5647 2232 5681; x_wconf 71' lang='grc'><strong><em>⁷²⁹</em></strong></span> <span class='ocrx_word' id='word_1_822' title='bbox 2264 5649 2349 5702; x_wconf 80' lang='lat' dir='ltr'><strong><em>hic</em></strong></span> <span class='ocrx_word' id='word_1_823' title='bbox 2410 5649 2593 5702; x_wconf 82' lang='lat' dir='ltr'><strong><em>littera</em></strong></span> <span class='ocrx_word' id='word_1_824' title='bbox 2620 5663 2734 5702; x_wconf 88' lang='lat' dir='ltr'><strong><em>una</em></strong></span> <span class='ocrx_word' id='word_1_825' title='bbox 2783 5648 3017 5702; x_wconf 76' lang='lat' dir='ltr'><strong><em>alterave</em></strong></span> <span class='ocrx_word' id='word_1_826' title='bbox 3046 5649 3264 5703; x_wconf 83' lang='lat' dir='ltr'><strong><em>abrasa.</em></strong></span> 
     </span>
    </p>
   </div>
   <div class='ocr_carea' id='block_1_113' title="bbox 3347 5644 3734 5702">
    <p class='ocr_par' dir='ltr' id='par_1_113' title="bbox 3347 5644 3734 5702">
     <span class='ocr_line' id='line_1_113' title="bbox 3347 5644 3734 5702; baseline 0.005 -2"><span class='ocrx_word' id='word_1_827' title='bbox 3347 5646 3417 5680; x_wconf 67' lang='lat'><strong><em>73°</em></strong></span> <span class='ocrx_word' id='word_1_828' title='bbox 3456 5644 3659 5701; x_wconf 88' lang='lat' dir='ltr'><strong><em>assueti</em></strong></span> <span class='ocrx_word' id='word_1_829' title='bbox 3682 5662 3734 5702; x_wconf 88' lang='lat' dir='ltr'><strong><em>c.</em></strong></span> 
     </span>
    </p>
   </div>
   <div class='ocr_carea' id='block_1_114' title="bbox 3822 5433 3849 5443">
    <p class='ocr_par' dir='ltr' id='par_1_114' title="bbox 3822 5433 3849 5443">
     <span class='ocr_line' id='line_1_114' title="bbox 3822 5433 3849 5443; baseline 0 0"><span class='ocrx_word' id='word_1_830' title='bbox 3822 5433 3849 5443; x_wconf 49' lang='grc' dir='ltr'><strong>ε</strong></span> 
     </span>
    </p>
   </div>
  </div>
