3934 6054
188 232 296 288 609

1256 229 1462 284 casu
1503 226 1810 284 ABBATUM
1851 197 2422 284 GEMBLACENswiL

3422 239 3529 296 610

192 356 330 413 nulﬁ
360 356 690 428 impetravit,
725 361 781 412 et
812 363 950 428 post~
979 371 1106 411 eum
1147 354 1488 426 Stephanus,
1538 353 1669 409 inde
1719 353 1814 408 Ri-
1835 358 1888 427 Α
1913 350 2176 418 bellione,
2218 353 2264 406 si
2313 352 2508 408 tradita
2559 353 2863 410 venerabili
2893 355 3013 412 viro
3051 356 3358 413 animarum
3396 375 3528 415 cura

191 444 437 512 charius,
467 451 588 516 post
615 461 742 499 eum
781 445 970 518 Uhogo
995 451 1050 500 et
1089 444 1434 510 Farabertus,
1471 457 1687 510 omnes,
1729 441 1808 496 in-

190 550 380 606 quam,
417 533 503 588 isti
533 534 661 588 dum
693 533 905 606 magnis
925 533 1159 588 abbatia
1186 532 1454 588 reditibus
1483 547 1669 588 carere
1704 546 1810 586 no-

193 621 387 678 lebant
433 628 488 677 et
517 622 897 694 proposituras
947 639 1084 696 quas
1125 622 1228 678 sub
1261 622 1487 678 nomine
1513 627 1568 677 et
1611 620 1811 676 merito

192 713 534 770 obedientia
565 713 838 790 religiosis
879 722 934 771 et
980 714 1249 772 timoratis
1286 715 1418 770 viris
1465 713 1812 770 committere

194 809 496 878 debebant,
537 811 694 884 quasi
738 809 1044 867 rusticanus
1082 810 1452 866 villicationes
1491 809 1557 844 ⁷³¹
1602 823 1813 864 annua-

195 903 295 958 tim
335 903 522 976 precio
561 903 764 960 dabant
802 910 858 960 et
897 903 1264 970 redimebant,
1305 902 1492 959 omnia
1535 900 1719 956 divina
1759 906 1814 954 et

199 994 445 1050 humana
493 995 569 1050 ibi
610 995 992 1065 confuderant,
1035 997 1220 1052 omnia
1267 1002 1456 1050 sancta
1489 1002 1543 1049 et
1585 991 1814 1064 profana

201 1087 516 1160 promiscua
549 1087 737 1144 haberi
769 1087 1038 1156 fecerant,
1071 1097 1126 1145 et
1181 1089 1257 1144 ita
1285 1086 1589 1142 miserabili
1650 1084 1814 1140 modo

200 1191 328 1252 qua
356 1179 462 1234 sibi
483 1179 636 1236 lucro
666 1197 790 1236 esse
815 1181 1106 1252 putabant,
1156 1180 1224 1236 ad
1254 1179 1560 1235 animarum
1618 1175 1818 1232 damna

200 1271 340 1327 verti
368 1271 807 1345 vilipendebant.
841 1272 942 1328 Ubi
962 1273 1111 1329 enim
1140 1273 1318 1345 primo
1347 1270 1638 1343 pecuniam
1667 1284 1822 1341 qua-

203 1363 436 1420 rendam
476 1381 599 1421 esse
629 1365 1069 1438 proponebatur.
1098 1365 1206 1422 scis
1256 1363 1504 1437 profecto
1538 1363 1668 1435 quia
1715 1361 1820 1416 vir-

205 1461 296 1508 tus
340 1459 466 1524 post
509 1469 766 1509 nummos
815 1454 1144 1526 ponebatur.
1178 1452 1434 1526 (Ηοιιιτ.)
1483 1451 1585 1508 Ubi
1637 1449 1821 1506 nullus

203 1541 384 1596 honor
408 1541 595 1598 virtuti
619 1550 758 1611 erat,
789 1559 915 1615 qua
941 1559 1072 1615 spes
1100 1541 1249 1600 bona
1272 1559 1396 1599 esse
1423 1540 1682 1615 poterat?
1712 1541 1822 1617 lgi-

1911 439 2013 495 sub
2045 439 2259 495 abbatis
2289 442 2514 498 nomine
2561 443 2758 499 Christi
2790 445 2939 500 vices
2970 447 3122 502 illum
3157 449 3212 504 in
3250 457 3528 504 monaste-

1914 529 1996 586 rio
2027 530 2278 586 viderent
2304 549 2490 608 agere,
2536 535 2940 606 communicato
2981 538 3211 594 consilio
3241 555 3365 594 cum
3398 539 3528 593 Bal-

1913 621 2066 677 drico
2121 623 2386 696 episcopo
2435 630 2489 680 et
2529 624 2943 682 Cameracensis
2989 627 3228 685 diosesis
3269 629 3527 701 praesule,

1913 731 2078 787 quem
2111 716 2264 787 prius
2293 718 2657 774 honoraverat
2693 719 2798 775 sub
2835 721 3056 791 majoris
3100 723 3367 794 prepositi
3419 737 3528 777 no-

1913 807 2085 873 mine,
2113 808 2329 864 abbatis
2360 809 2412 866 ei
2447 827 2632 868 curam
2665 821 2720 869 et
2759 813 3161 885 providentiam
3193 831 3305 872 non
3347 815 3530 871 timuit

1913 900 2278 958 committere.
2321 902 2448 968 Qua
2493 921 2578 960 res
2629 921 2788 962 secus
2835 923 2896 962 ac
2941 916 3089 962 ratus
3141 913 3257 962 erat
3303 907 3523 964 accidit.

1919 989 2070 1046 Unde
2096 991 2244 1046 enim
2274 994 2511 1050 credidit
2561 1013 2621 1052 se
2664 997 2733 1032 ⁷³³
2777 999 2962 1069 sOpirc
2994 999 3108 1054 odii
3139 1008 3194 1054 et
3225 997 3527 1055 inimicitia

1916 1075 2184 1146 ﬂammas,
2213 1079 2344 1135 inde
2373 1082 2607 1153 majores
2647 1093 2700 1138 et
2739 1085 3165 1156 periculosiores
3210 1087 3346 1142 aluit
3401 1087 3527 1142 mali

1917 1163 2203 1220 scintillas.
2235 1167 2479 1224 Tandem
2523 1170 2616 1226 ille
2646 1172 2713 1226 ad
2742 1172 2957 1230 abbatis
2988 1175 3168 1231 locum
3225 1182 3525 1247 promotus,

1918 1268 2114 1310 omnes
2140 1265 2326 1326 preter
2348 1274 2550 1328 paucos
2565 1275 2595 1313 a
2615 1264 2946 1319 monasterio
2970 1265 3203 1322 eductos
3225 1266 3392 1322 alium
3423 1265 3528 1320 alia

1919 1346 2198 1418 dispersit.
2246 1349 2398 1414 Quod
2439 1351 2660 1422 quidem
2719 1354 2922 1410 fecerat
2980 1358 3284 1413 secundum
3337 1373 3527 1414 eorum

1921 1446 2334 1502 extimationem
2391 1465 2492 1520 pro
2531 1467 2596 1507 eo
2625 1453 2774 1523 quod
2805 1469 2902 1509 eos
2942 1465 3230 1528 suspectos
3272 1457 3529 1528 habebat,

1923 1553 2028 1594 nec
2064 1538 2190 1594 vita
2222 1556 2334 1595 sua
2364 1543 2495 1596 satis
2533 1542 2791 1599 credulus
2832 1553 2969 1612 erat,
3001 1549 3306 1603 secundum
3347 1555 3532 1604 autem

207 1639 297 1686 tlr
324 1630 523 1687 fratres
549 1647 673 1687 cum
705 1631 918 1688 nollent
947 1633 1016 1686 ad
1045 1631 1406 1688 correctionis
1433 1631 1821 1687 rectitudinem
1852 1655 1901 1724 Β
1924 1627 2003 1682 rei
2034 1627 2319 1684 veritatem
2353 1645 2452 1700 pro
2483 1647 2550 1687 eo
2576 1639 2633 1688 ut
2669 1631 2726 1688 in
2757 1634 2882 1690 aliis
2913 1635 3048 1690 locis
3077 1637 3335 1707 paulatim
3358 1635 3538 1692 asueti

205 1719 434 1785 reverti,
495 1736 595 1792 per
631 1720 820 1776 omnia
855 1727 911 1776 et
967 1721 1024 1775 in
1082 1720 1342 1776 omnibus
1395 1719 1829 1775 adversabantur
1853 1719 1892 1724 '
1932 1721 2245 1794 disciplina
2279 1722 2546 1795 regularis
2565 1725 2724 1798 jugo,
2747 1743 2776 1781 a
2815 1737 3094 1784 consueta
3123 1728 3362 1785 levitatis
3385 1730 3546 1786 vani-

208 1808 443 1880 predicti
494 1809 598 1867 viri
649 1809 942 1879 voluntati,
991 1810 1294 1868 clamantes
1341 1818 1396 1867 et
1423 1815 1834 1884 conquerentes

205 1919 297 1960 res
327 1919 456 1959 suas
475 1902 544 1958 ab
573 1917 641 1958 eo
671 1902 903 1976 prodige
925 1901 1216 1974 dilapidari
1245 1911 1300 1958 et
1317 1900 1686 1958 substantiam
1712 1917 1833 1958 mo-

206 1991 818 2048 nasteriiimmoderate
845 2007 901 2046 in
929 1991 1180 2048 obsoniis
1207 1991 1534 2048 secularium
1568 2007 1834 2063 persona-

206 2101 329 2140 rum
379 2084 690 2156 exstirpari,
721 2091 777 2140 et
815 2084 1053 2140 maxime
1093 2084 1150 2140 in
1195 2085 1420 2141 servitio
1450 2085 1672 2142 comitis
1730 2085 1834 2140 Ra-

207 2176 410 2254 gineri.
447 2176 555 2233 Hoc
593 2177 819 2233 nomine
849 2176 1217 2251 protegebant
1254 2178 1472 2249 culpam
1521 2195 1702 2248 suam,
1733 2177 1835 2234 ob-

210 2266 298 2321 liti
344 2265 492 2321 illam
525 2267 882 2334 sententiam,
924 2284 1033 2339 qua
1069 2275 1294 2324 sanctus
1349 2268 1686 2324 Benedictus
1735 2283 1836 2324 nos

199 2362 544 2436 regulariter
571 2361 856 2417 informat:
891 2369 1018 2417 ante
1050 2363 1238 2419 omnia
1267 2379 1338 2418 ne
1377 2363 1833 2420 murmurationis

205 2455 416 2512 malum
459 2455 851 2528 qualicumque
877 2453 1052 2511 verbo
1083 2462 1176 2511 aut
1211 2456 1372 2528 signo
1405 2464 1688 2529 appareat.
1723 2453 1830 2510 Sed

209 2549 299 2605 vir
352 2547 450 2604 Dei
509 2548 708 2606 doctus
766 2549 824 2604 in
872 2551 1134 2621 patientia
1177 2567 1278 2607 sua
1323 2551 1532 2606 habere
1588 2549 1828 2604 animam

209 2656 392 2720 suam,
423 2647 579 2695 scuto
610 2639 937 2695 humilitatis
967 2648 1024 2696 et
1053 2639 1338 2711 patientia
1370 2647 1674 2712 protectus,
1707 2653 1832 2694 om-

211 2744 341 2786 nem
373 2727 765 2784 adversitatum
787 2728 1100 2785 sustinebat
1128 2728 1456 2784 molestiam.
1490 2727 1597 2784 Sed
1629 2734 1832 2800 quanta

210 2830 269 2878 et
307 2822 491 2894 qualia
511 2821 718 2877 fuerint
745 2837 868 2894 qua
887 2821 1195 2893 pertulerit,
1229 2837 1294 2876 ex
1324 2819 1540 2894 scriptis
1572 2819 1828 2892 Fulquini

212 2911 433 2967 abbatis
454 2910 687 2984 intelligi
719 2910 939 2982 poterit.
976 2910 1218 2985 Contigit
1248 2910 1486 2968 instante
1513 2909 1828 2966 vindemia-

214 2999 335 3060 rum
367 3010 639 3076 tempore,
671 3004 1140 3075 conquerentibus
1171 3003 1240 3060 de
1273 3019 1340 3060 eo
1371 3001 1631 3058 fratribus
1652 3010 1707 3058 et
1736 3002 1832 3058 tri—
1856 3032 1910 3099 (‘-

209 3101 297 3151 ste
336 3095 526 3150 nescio
547 3095 680 3167 quid
705 3094 1210 3164 confabulantibus,
1262 3094 1624 3168 supervenire
1655 3092 1832 3149 Erlui-

213 3199 371 3254 num,
399 3200 564 3256 quem
586 3191 738 3240 tanta
766 3185 918 3240 cade
941 3183 1165 3240 fustium
1197 3184 1411 3240 multati
1441 3191 1594 3251 sunt,
1619 3189 1679 3239 ut
1705 3198 1834 3238 om-

212 3275 352 3332 nino
381 3275 726 3331 exanimatus
765 3276 1106 3332 crederetur.
1139 3276 1248 3331 Sed
1287 3277 1384 3332 ubi
1417 3275 1692 3348 persensit
1715 3275 1840 3331 illos

214 3353 578 3435 abscessisse,
603 3367 889 3439 paululum
929 3367 1207 3440 respirans
1249 3377 1304 3424 et
1348 3367 1528 3424 oculis
1557 3367 1837 3440 palpitans

213 3457 482 3514 subduxit
511 3457 736 3513 se.-Nec
761 3458 932 3513 multo
951 3464 1075 3530 post
1106 3457 1400 3530 insperatis
1421 3457 1680 3514 omnibus
1709 3473 1832 3512 cum

213 3546 498 3617 adjutorio
555 3545 819 3601 Bernardi
886 3546 1097 3602 avocati
1152 3547 1222 3602 ad
1273 3547 1458 3602 villam
1515 3545 1834 3602 monasterii

215 3639 563 3696 Hercliacum
611 3637 811 3693 dictam
861 3637 1248 3710 proficiscitur.
1281 3639 1410 3695 Post
1459 3639 1579 3694 hac
1602 3637 1838 3708 Ragine-

219 3747 342 3786 rum
375 3727 634 3785 comitem
665 3743 788 3784 cum
829 3728 1078 3786 Baldrico
1110 3729 1372 3802 episcOpo
1412 3737 1473 3785 ut
1499 3727 1837 3785 nativitatem

213 3817 440 3876 Domini
470 3817 657 3874 Lobiis
687 3817 970 3874 celebrent
991 3819 1250 3891 precibus
1278 3820 1455 3893 cogit;
1488 3819 1638 3893 quod
1662 3826 1717 3876 et
1737 3833 1836 3891 ορ·-

224 3907 410 3964 tinuit.
468 3906 623 3972 Quod
673 3905 932 3964 fratribus
965 3908 1226 3964 omnibus
1254 3909 1490 3966 omnino
1529 3907 1708 3964 visum
1758 3915 1841 3963 est

223 4001 392 4056 nimis
430 3999 814 4072 vituperabile,
847 4009 904 4057 et
932 4001 992 4056 in
1027 4001 1276 4058 obsoniis
1319 4018 1511 4059 eorum
1538 4017 1638 4058 sua
1677 4001 1844 4058 nimis

226 4089 457 4147 distrahi
496 4090 870 4160 intolerabile,
909 4097 966 4147 et
993 4091 1113 4148 loca
1161 4099 1350 4150 sancta
1380 4091 1760 4149 indifferenter
1811 4110 1844 4149 a

225 4186 572 4243 secularibus
605 4185 941 4259 frequentari
970 4187 1108 4244 satis
1157 4189 1533 4262 importabile.
1592 4189 1845 4246 Percele-

227 4280 384 4336 brata
429 4281 613 4354 itaque
653 4281 970 4338 natalicium
1021 4281 1235 4338 dierum
1281 4290 1468 4340 sancta
1517 4283 1843 4340 celebritate

229 4368 325 4425 ubi
359 4368 663 4424 discessum
702 4379 810 4438 est,
843 4371 1040 4426 fratres
1067 4371 1176 4426 sibi
1207 4388 1305 4428 sua
1320 4372 1496 4429 minui
1525 4372 1846 4430 etsubtrahi

229 4461 287 4516 in
343 4476 634 4517 commune
677 4463 986 4534 deplorant.
1049 4465 1341 4536 Assumpta
1403 4465 1570 4539 igitur
1620 4465 1850 4521 audacia

230 4549 508 4607 Fontanas
535 4551 743 4618 villam,
771 4569 933 4625 quam
967 4550 1199 4608 Sambra
1227 4553 1382 4610 alluit
1451 4562 1666 4627 petunt,
1718 4555 1851 4611 inde

229 4654 497 4718 quantum
529 4645 640 4701 vini
674 4647 752 4702 ibi
781 4649 1064 4704 inventum
1111 4656 1194 4706 est
1221 4649 1524 4708 abducunt.
1561 4650 1844 4708 Profectus

229 4745 366 4791 tunc
396 4733 577 4792 fuerat
611 4735 866 4792 Erluinus
909 4739 978 4794 ad
1025 4739 1207 4794 villam
1256 4739 1648 4797 Bormeriacas.
1678 4741 1846 4806 Quem

229 4823 432 4880 fratres
469 4840 594 4880 cum
635 4827 785 4882 omni
826 4825 1036 4883 familia
1077 4835 1133 4884 et
1169 4829 1409 4886 maxima
1437 4830 1630 4903 populi
1661 4830 1850 4886 multi-

230 4917 426 4974 tudine
465 4918 850 4992 insequuntur.
889 4920 966 4976 lbi
1000 4933 1190 4978 rursus
1227 4922 1284 4977 in
1316 4939 1440 4978 eum
1504 4929 1653 4980 tanta
1699 4923 1850 4978 cade

232 5007 636 5074 debachantur,
659 5017 718 5064 ut
740 5009 938 5065 mirum
970 5009 1137 5066 fuerit
1175 5010 1325 5085 quod
1375 5019 1606 5068 mortem
1651 5027 1848 5068 evase-

233 5098 325 5154 rit.
354 5099 466 5156 Nec
490 5106 672 5156 tamen
703 5101 830 5158 ideo
861 5100 1072 5158 destitit
1110 5103 1325 5159 comitis
1362 5104 1619 5180 Ragineri
1650 5113 1851 5176 poten-

233 5189 332 5255 tia,
360 5204 467 5245 nec
495 5190 800 5246 constantis
830 5191 886 5246 in
910 5191 1020 5248 Deo
1051 5191 1152 5249 viri
1182 5195 1612 5265 perseverantia.
1647 5193 1851 5250 Putans

232 5281 383 5337 enim
414 5283 564 5356 quod
603 5284 872 5342 malesani
901 5285 1096 5344 fratres
1133 5286 1464 5343 desisterent
1505 5304 1535 5343 a
1573 5296 1733 5360 cepta
1764 5304 1852 5343 re-

1934 1821 2042 1873 tate
2069 1815 2460 1873 desuescerent
2489 1819 2862 1891 aliquomodo.
2906 1823 3014 1878 Sed
3057 1825 3208 1881 nullo
3255 1825 3420 1883 modo
3452 1843 3548 1884 eos

1935 1905 2115 1978 potuit
2151 1905 2236 1960 vel
2271 1906 2366 1961 Dei
2416 1907 2581 1962 timor
2611 1908 2911 1982 subjugare
2957 1911 3041 1968 vel
3087 1929 3188 1970 suo
3231 1929 3328 1970 eos
3367 1916 3544 1973 amori

1931 1997 2230 2070 applicare.
2263 1997 2362 2052 Alii
2397 1997 2490 2069 qui
2522 1998 2578 2053 in
2611 1997 2734 2056 loco
2775 2011 2933 2059 erant
2964 2004 3194 2073 residui,
3224 2006 3546 2083 intelligen-

1935 2097 2019 2145 tes
2045 2088 2183 2144 nihil
2214 2089 2319 2144 loci
2351 2089 2597 2147 relictum
2629 2107 2753 2147 esse
2784 2109 2900 2148 sua
2931 2095 3162 2152 desidia
3193 2105 3248 2153 et
3269 2107 3549 2157 consueta

1936 2177 2031 2234 diu
2062 2179 2323 2245 licentia,
2379 2179 2572 2235 irritati
2617 2179 2738 2252 ipsa
2767 2183 3175 2254 desperationis
3227 2187 3549 2256 acerbitate,

1939 2283 2049 2324 non
2104 2267 2407 2323 timuerunt
2436 2268 2599 2323 etiam
2651 2269 2720 2325 de
2755 2270 2876 2342 ejus
2931 2279 3106 2328 morte
3159 2281 3412 2330 tractare.
3466 2275 3542 2332 Ne

1937 2359 2158 2432 longius
2194 2374 2508 2416 sermonem
2569 2361 2906 2432 protraham,
2948 2372 3060 2418 tres
3111 2359 3300 2420 eerum
3349 2365 3554 2438 quibus

1938 2450 2246 2507 nobilitatis
2275 2451 2488 2506 vanitas
2517 2458 2572 2506 et
2594 2452 2840 2520 juventa
2882 2453 3074 2525 robur,
3110 2456 3550 2530 propinquorum

1931 2545 2094 2601 etiam
2126 2561 2388 2600 assensus
2418 2546 2834 2617 promptiorem,
2881 2548 3186 2622 ingesserat
3245 2551 3554 2621 audaciam,

1930 2653 2056 2693 cum
2084 2653 2287 2713 magno
2335 2645 2394 2693 et
2436 2639 2569 2693 satis
2615 2639 2766 2713 gravi
2821 2641 3032 2697 ordinis
3075 2652 3130 2699 et
3179 2643 3549 2716 professionis

1932 2727 2178 2800 periculo
2225 2726 2608 2784 dormitorium
2667 2729 2811 2784 necti
2880 2730 3296 2805 aggrediuntur,
3366 2732 3548 2804 ipsum

1931 2820 2245 2887 extrahunt,
2271 2825 2326 2874 et
2348 2826 2680 2890 protractum
2713 2827 2863 2876 extra
2891 2822 3160 2878 ambitum
3191 2823 3418 2879 claustri
3462 2824 3554 2879 in-

1933 2909 2176 2966 humane
2217 2913 2471 2974 tractant,
2502 2909 2678 2964 oculis
2717 2909 2955 2980 privant,
2996 2918 3208 2983 partem
3240 2911 3406 2968 etiam
3447 2911 3555 2967 lin-

1931 3015 2053 3074 gua
2097 3004 2403 3068 amputant,
2454 3014 2565 3055 non
2600 3005 2784 3056 tamen
2814 3001 3078 3074 loquendi
3107 3001 3291 3060 ofﬁcio
3331 3010 3388 3060 et
3452 3019 3556 3060 usu

1937 3109 2062 3148 eum
2095 3091 2330 3163 privalt.
2373 3089 2484 3148 Hoc
2536 3099 2715 3148 actum
2752 3099 2836 3148 est
2865 3095 2930 3149 13
3010 3094 3282 3152 Kalendas
3322 3095 3559 3153 Novem-

1937 3181 2050 3237 bris
2093 3181 2224 3238 9Ξ”›“1ο
2261 3195 2408 3236 anno
2453 3180 2747 3238 dominica
2774 3181 3170 3240 incarnationis
3225 3184 3395 3256 (895).
3453 3183 3549 3240 llle

1939 3266 2121 3322 taliter
2150 3267 2531 3339 martyrizatus
2559 3276 2620 3325 ut
2645 3269 2783 3324 nihil
2815 3271 2974 3328 bona
2999 3272 3119 3344 spei
3151 3273 3296 3330 inter
3323 3287 3419 3330 eos
3443 3273 3554 3330 sibi

1939 3373 2232 3430 superesse
2275 3374 2399 3414 sero
2453 3359 2750 3429 intellexit,
2793 3363 3014 3420 tandem
3054 3365 3237 3420 cessit.
3285 3365 3418 3420 Nam
3477 3365 3550 3422 ita

1937 3447 2142 3504 debilis
2174 3455 2230 3503 et
2264 3450 2584 3506 exoculatus
2633 3451 2758 3506 navi
2818 3453 3141 3525 imponitur.
3193 3455 3551 3512 Genmelaus

1933 3541 2206 3597 evehitur.
2241 3540 2353 3598 Nec
2377 3548 2561 3596 tamen
2592 3538 2682 3598 hic
2712 3541 2868 3599 labor
2914 3543 3048 3612 justi
3089 3545 3194 3600 viri
3227 3562 3328 3618 per
3364 3546 3552 3603 omnia

1937 3631 2312 3689 infructuosus
2351 3632 2474 3701 fuit,
2517 3633 2616 3688 sed
2647 3632 2843 3690 Christi
2876 3633 3056 3691 bonus
3105 3637 3265 3704 odor,
3299 3655 3393 3711 qui
3427 3637 3554 3695 aliis

1938 3721 2079 3778 odor
2111 3721 2304 3777 mortis
2339 3721 2407 3776 ad
2455 3727 2706 3786 mortem,
2765 3721 2889 3778 aliis
2919 3723 3056 3780 odor
3085 3725 3210 3781 vita
3257 3725 3328 3781 ad
3381 3726 3553 3783 vitam

1939 3812 2064 3883 fuit,
2091 3813 2204 3870 vim
2221 3812 2625 3870 benevolentia
2651 3822 2706 3870 et
2721 3814 3061 3872 fortitudinis
3077 3833 3190 3874 sua
3215 3818 3417 3891 passim
3447 3818 3558 3875 dif-

1940 3901 2101 3958 fudit.
2158 3901 2290 3958 Nam
2359 3908 2650 3976 postquam
2703 3919 2802 3976 per
2850 3904 3286 3982 incorrigibilem
3327 3906 3556 3965 fratrum

1941 3991 2222 4048 levitatem
2253 3991 2434 4064 palam
2469 3997 2554 4048 est
2608 3993 3018 4065 deprehensum
3072 3994 3266 4052 fratres
3295 3997 3416 4053 sine
3459 3996 3562 4053 ab-

1943 4084 2089 4141 batis
2114 4085 2425 4156 prelatione
2457 4084 2660 4159 degere
2685 4102 2847 4160 quam
2871 4096 2945 4142 Sit
2971 4089 3365 4160 periculosum,
3395 4091 3558 4148 dein-

1942 4193 2074 4248 ceps
2105 4177 2208 4232 sub
2237 4176 2438 4233 abbate
2469 4193 2566 4234 eos
2595 4193 2760 4252 agere
2791 4181 3120 4252 permissum
3150 4191 3253 4248 est,
3295 4190 3350 4238 et
3378 4184 3561 4240 restri-

1944 4278 2030 4324 cta
2075 4268 2296 4324 levitate
2331 4267 2558 4324 fratrum
2589 4277 2762 4325 status
2815 4279 3020 4328 sancta
3071 4274 3358 4348 religionis
3389 4275 3562 4330 refor-

1945 4370 2125 4418 matus
2153 4371 2266 4431 est;
2325 4381 2414 4420 res
2451 4365 2617 4420 etiam
2646 4379 2836 4420 eorum
2887 4381 3009 4435 qua
3057 4381 3156 4436 per
3194 4365 3476 4420 avaritiam
3509 4375 3564 4422 et

1950 4453 2307 4510 ambitionem
2340 4454 2610 4525 majorum
2665 4451 3058 4522 dissipabatur,
3099 4453 3168 4508 ad
3213 4468 3562 4510 communem

1951 4548 2179 4606 fratrum
2217 4547 2507 4603 utilitatem
2540 4545 2853 4602 ordinatius
2879 4545 3120 4602 stabilita
3159 4554 3261 4604 est.

2027 4641 2096 4697 16
2176 4641 2360 4698 Liceat
2410 4640 2502 4695 hic
2549 4638 2830 4710 paululum
2886 4654 3066 4694 rerum
3124 4639 3562 4698 convenientiam

1950 4737 2327 4806 considerare,
2359 4741 2413 4790 et
2452 4749 2567 4789 rem
2607 4733 2683 4789 rei
2725 4749 3067 4806 comparare.
3101 4733 3194 4791 Vir
3223 4734 3328 4793 iste
3355 4736 3424 4794 de
3453 4755 3563 4812 quo

1951 4829 2167 4904 agimus
2205 4825 2415 4899 aliquid
2445 4825 2626 4881 simile
2657 4842 2780 4881 cum
2827 4825 3142 4902 legislatore
3187 4837 3400 4897 nostro,
3433 4847 3565 4888 san-

1951 4924 2037 4974 cto
2066 4917 2280 4973 scilicet
2320 4915 2647 4984 Benedicto,
2681 4914 2834 4983 fecit,
2887 4917 3099 4990 aliquid
3130 4918 3310 4976 simile
3341 4921 3566 4993 pertulit

1951 5018 2008 5065 et
2033 5009 2160 5065 ideo
2183 5014 2242 5064 ut
2268 5007 2566 5076 credimus,
2591 5007 2637 5062 si
2679 5024 2845 5080 parva
2874 5009 3090 5084 magnis
3131 5027 3468 5084 componere
3499 5010 3567 5066 li-

1951 5101 2120 5167 cebit,
2149 5100 2314 5157 etiam
2371 5098 2427 5154 in
2468 5101 2914 5157 remuneratione
2951 5093 3196 5159 laborum
3241 5102 3449 5174 aliquid
3495 5100 3567 5157 si—

1952 5193 2084 5249 mile
2123 5209 2247 5249 cum
2279 5190 2374 5247 illo
2414 5189 2664 5255 habebit,
2719 5193 2876 5263 cujus
2906 5193 3026 5266 ipse
3055 5194 3283 5251 sedulus
3327 5193 3569 5248 imitator

1951 5284 2147 5341 extitit.
2184 5281 2473 5352 Exemplar
2523 5279 2592 5314 ⁷³³
2635 5280 2762 5337 vita
2807 5290 3005 5339 nostra
3055 5289 3278 5339 sanctus
3329 5279 3566 5340 Benedi-

1595 5387 1816 5444 VARUE
1850 5384 2134 5444 LECTION
2141 5384 2241 5440 ES.

307 5482 376 5520 ⁷³¹
403 5483 568 5542 villic.
585 5501 612 5542 e
638 5501 775 5543 corr.
866 5487 936 5524 7“
965 5503 1027 5546 se
1053 5503 1286 5548 erasum.

1368 5487 1437 5524 ⁷³³
1458 5487 1672 5561 mplare
1699 5503 1848 5546 corr.

1804 5583 2018 5642 ΝΟΤᾸΞ.

312 5677 465 5753 (895)
485 5681 700 5738 Auctar.
729 5679 1120 5742 Gemblacense
1151 5701 1200 5744 a.
1227 5685 1334 5746 958
1358 5684 1570 5756 scribit,
1611 5684 1710 5744 sed
1735 5692 1924 5745 nostro
1949 5685 2127 5754 major
2163 5681 2325 5742 Ides.
