3938 6050
405 245 506 302 6M

1617 231 1963 289 SIGEBERTI
2007 231 2520 290 GEMBLALENSIS.

3626 234 3740 289 612

399 389 519 438 ctus
547 378 677 436 olim
699 378 863 433 unius
892 374 1218 432 monasterii
1246 373 1440 430 fratres
1468 373 1537 428 ad
1563 370 1869 446 regendum
1897 386 2019 425 sus-
2043 371 2094 438 Α
2122 370 2346 425 lationis
2371 370 2596 441 sepiens
2626 371 2930 442 peccatoris
2961 371 3128 438 viam,
3163 387 3261 441 per
3293 370 3515 425 invitam
3548 385 3742 425 neces-

398 471 563 541 cepit,
607 485 745 542 quos
776 467 1149 523 exorbitantes
1180 482 1210 520 a
1243 464 1477 541 regulari
1508 464 1614 530 via,
1647 463 1775 535 quia
1816 462 1883 518 ad
1914 463 2017 517 iter

391 558 619 627 justitiaa
651 559 926 614 retrahere
966 572 1077 613 non
1101 558 1299 629 potuit,
1332 554 1513 628 quoad
1538 553 1716 626 potuit
1743 554 2014 620 toleravit,

398 663 561 719 quam
590 646 857 703 intentius
897 646 1067 703 valuit
1115 646 1392 720 corrigere
1442 640 1730 699 laboravit.
1774 643 2015 708 Quorum

398 737 577 807 putria
606 738 788 791 ulcera
808 735 903 790 ubi
934 735 1105 789 sensit
1127 734 1278 789 nullo
1309 732 1599 788 medicinae
1641 731 1887 789 fomento
1928 748 2016 787 sa—

397 827 538 895 nari,
570 826 669 883 sed
708 841 805 881 eos
839 825 1148 881 econtrario
1178 825 1258 879 ad
1300 824 1557 882 frcnesim
1602 840 1779 897 usque
1813 823 1888 880 ita
1917 840 2017 879 ex-

395 921 661 994 asperari,
693 929 753 975 ut
794 899 957 974 etiam
1013 926 1244 974 tractare
1282 934 1393 974 non
1434 918 1693 973 timerent
1738 918 1808 972 de
1841 928 2015 973 morte

397 1011 622 1079 medici,
655 1011 776 1066 illos
804 1009 1064 1065 dimissos
1095 1008 1350 1079 permisit
1388 1009 1529 1063 viam
1571 1025 1721 1063 suam
1758 1008 2012 1083 ingredi;

399 1102 519 1174 ipse
567 1117 754 1157 secum
798 1100 1054 1155 habitans
1101 1100 1338 1172 quesivit
1385 1099 1481 1154 ubi
1539 1098 1888 1155 fructuosiori
1930 1097 2016 1153 in-

398 1199 569 1248 staret
596 1191 792 1247 labori.
830 1191 907 1246 lta
937 1190 1099 1245 etiam
1129 1190 1232 1244 iste
1263 1195 1452 1245 noster
1478 1198 1766 1260 susceptos
1797 1189 2014 1257 fratres,

399 1302 540 1359 quos
558 1293 749 1341 contra
771 1302 830 1341 se
862 1285 1154 1341 unanimes
1188 1284 1243 1338 in
1278 1285 1418 1340 malo
1450 1285 1605 1352 vidit,
1639 1285 1886 1356 quandiu
1915 1299 2016 1355 po-

398 1377 505 1434 tuit
541 1377 707 1433 etiam
737 1393 860 1432 cum
889 1377 1090 1431 damno
1111 1382 1163 1431 et
1190 1374 1433 1446 periculo
1465 1390 1563 1431 suo
1586 1374 1864 1445 patienter
1896 1390 2016 1430 sus-

397 1470 580 1526 tinuit.
612 1470 676 1524 At
712 1469 807 1525 ubi
852 1469 1124 1540 persensit
1160 1466 1283 1523 illos
1321 1468 1484 1523 etiam
1532 1474 1762 1523 mortem
1804 1467 2014 1522 anima-

395 1580 517 1619 rum
554 1580 776 1619 suarum
818 1561 1183 1633 vilipendere,
1243 1561 1544 1616 dummodo
1586 1560 1736 1616 illum
1788 1569 2015 1633 possent

399 1656 740 1723 interimere,
769 1653 874 1709 sibi
903 1654 1032 1709 licet
1062 1670 1183 1709 sero
1214 1653 1510 1720 consuluit,
1544 1659 1599 1708 et
1625 1653 1734 1709 illis
1764 1654 2017 1725 aliquan-

400 1749 571 1804 tulum
615 1746 879 1818 pepercit.
905 1746 1127 1819 quando
1169 1762 1237 1800 ne
1268 1745 1455 1800 denuo
1505 1743 1574 1799 ab
1613 1744 1694 1799 eis
1733 1745 2017 1816 impetitus

399 1837 671 1903 interiret,
695 1836 763 1891 ab
794 1851 985 1891 eorum
1017 1834 1272 1889 manibus
1311 1850 1370 1889 se
1401 1834 1679 1889 subduxit.
1712 1834 1791 1889 llli
1823 1840 2014 1890 sancto

398 1928 698 1983 Benedicto
726 1927 998 1983 occultum
1027 1925 1226 1980 veneni
1249 1924 1567 1997 ingerentes
1598 1925 1883 1996 poculum,
1916 1925 2016 1981 ob-

395 2018 579 2075 velare
608 2018 899 2073 voluerunt
936 2014 1177 2069 infamiae
1221 2015 1611 2085 epprobrium;
1656 2015 1881 2071 istorum
1912 2016 2015 2070 im—

398 2110 599 2182 pudica
624 2110 852 2165 libertas
905 2116 1094 2180 aperto
1121 2107 1340 2162 crimini
1370 2107 1579 2162 nullum
1618 2108 1867 2179 quaesivit
1888 2126 2012 2164 um-

394 2186 701 2262 braculum,
732 2198 839 2255 Nos
881 2198 998 2254 hac
1028 2197 1407 2270 relinquamus
1445 2198 1500 2252 in
1541 2198 1744 2265 medio,
1774 2198 2008 2254 aliorum

397 2290 706 2347 estimanda
726 2292 960 2361 judicio.

469 2384 555 2441 17.
588 2386 791 2440 Servus
833 2386 923 2440 Dei
984 2385 1053 2441 ad
1110 2387 1505 2443 monasterium
1559 2388 2009 2443 Gemmelacense

394 2489 672 2537 reversus,
702 2491 759 2528 re
796 2475 916 2545 ipsa
954 2482 1214 2546 expertus
1248 2492 1346 2546 per
1386 2477 1584 2535 multas
1624 2478 2010 2533 tribulationes

395 2579 627 2636 regnum
656 2565 750 2617 Dei
782 2564 960 2633 parari
991 2563 1269 2631 fidelibus,
1303 2565 1753 2637 contemplationi
1794 2577 1848 2622 et
1880 2565 2010 2621 reli-

395 2650 576 2726 gionis
600 2651 789 2722 pietati
823 2667 890 2705 eo
933 2653 1159 2706 vacabat
1196 2654 1548 2723 prepensius,
1582 2671 1691 2727 quo
1740 2655 1877 2709 nihil
1914 2670 2011 2726 pe-

398 2758 467 2798 ne
498 2742 548 2798 ei
577 2743 855 2798 arridebat
884 2744 1147 2812 exterius,
1182 2760 1280 2815 per
1308 2746 1455 2817 quod
1489 2748 1602 2818 jam
1633 2747 1823 2802 mundi
1850 2747 2010 2802 blan-

396 2836 550 2893 ditiis
597 2843 784 2908 posset
817 2837 1150 2892 commoveri
1192 2837 1564 2908 aliquatenus.
1607 2840 1717 2896 Nec
1776 2841 2010 2896 multum

398 2931 699 2989 dolendum
733 2949 854 2987 esse
896 2931 1000 2986 sibi
1034 2932 1346 3000 videbatur,
1378 2935 1525 3005 quod
1565 2935 1675 2989 illis
1718 2937 1893 2991 oculis
1924 2952 2014 2991 ca-

398 3025 628 3079 rendum
661 3032 798 3092 erat,
841 3024 1041 3095 quibus
1079 3024 1241 3079 etiam
1300 3025 1505 3081 culices
1554 3034 1607 3082 et
1636 3028 1861 3083 cimices
1889 3029 2012 3102 glo-

399 3114 630 3178 riantur,
663 3131 786 3171 cum
840 3114 1068 3171 interior
1110 3132 1243 3171 suus
1301 3116 1464 3172 homo
1518 3117 1626 3173 illis
1666 3119 1840 3174 oculis
1888 3136 2015 3190 per-

398 3204 540 3264 fecte
570 3208 951 3276 delectaretur,
983 3208 1187 3280 quibus
1214 3208 1404 3264 mundi
1436 3211 1634 3266 cordes
1664 3212 1834 3267 Deum
1884 3228 2017 3268 con-

401 3310 509 3357 tem
518 3301 704 3372 plantu
714 3319 756 3356 r.

478 3392 561 3447 18.
633 3391 780 3447 Hanc
840 3392 1108 3471 malorum
1163 3393 1513 3449 acerbitatem
1579 3395 1928 3469 exaggeravit
1983 3412 2015 3450 e

402 3482 651 3555 proximo
691 3498 877 3539 comes
906 3483 1230 3557 Raginerus,
1275 3484 1369 3556 qui
1402 3485 1452 3540 ei
1512 3486 1929 3557 precordialiter
1958 3486 2012 3541 in

402 3573 643 3631 amicitia
672 3575 1075 3642 eonfederatus,
1119 3583 1331 3632 scutum
1358 3578 1409 3632 ei
1441 3594 1563 3633 esse
1594 3579 1808 3634 solebat
1827 3585 2018 3634 contra

403 3661 779 3720 infestantium
820 3665 1089 3720 incursus.
1136 3665 1289 3720 Hunc
1327 3668 1455 3739 quia
1509 3667 1792 3723 nimietate
1847 3668 2018 3722 tiran-

403 3756 550 3812 nidis
576 3771 690 3811 sum
718 3753 1084 3811 intolerabilis
1105 3756 1202 3810 toti
1238 3755 1413 3811 fuerat
1453 3756 1704 3827 imperio,
1746 3757 2019 3812 Valentia-

403 3862 504 3901 nas
543 3845 675 3901 fisco
700 3852 985 3901 evocatum
1030 3852 1086 3899 et
1114 3844 1326 3899 hostem
1371 3846 1445 3900 rei
1490 3846 1725 3915 publica:
1767 3846 2017 3917 prejudi-

403 3943 583 3991 catum
628 3934 872 3989 omnium
900 3932 1135 4002 judicio,
1164 3933 1440 4003 deportari
1476 3932 1605 3989 fecit
1653 3934 2012 3990 inrevocabili

406 4030 569 4087 exilio
592 4029 935 4086 Coloniensis
958 4029 1408 4101 archiepiscopus
1429 4031 1632 4098 Bruno,
1666 4031 1761 4103 qui
1789 4037 2013 4086 strenue

406 4128 462 4177 et
491 4120 771 4192 sapienter
796 4119 1069 4174 secundas
1099 4126 1281 4189 partes
1302 4119 1723 4175 administrabat
1743 4121 1799 4175 in
1832 4120 2016 4175 fratris

406 4210 493 4266 sui
546 4208 755 4265 Ottonis
792 4206 1044 4278 imperio.
1082 4208 1142 4262 Et
1169 4207 1420 4263 fortassis
1468 4209 1707 4265 cordatis
1734 4210 1867 4264 viris
1899 4225 2014 4265 rem

407 4300 572 4357 altius
603 4296 1085 4355 considerantibus
1137 4296 1404 4353 credibile
1435 4299 1639 4369 poterit
1685 4299 1860 4354 videri
1912 4299 2016 4354 hoc

2043 1696 2093 1765 Β

2118 463 2334 517 sitatam
2377 456 2555 517 trahat
2583 463 2651 518 ad
2688 463 3057 518 voluntariam
3087 461 3493 534 paenitentiam.
3546 460 3742 516 Simile

2118 552 2249 625 quid
2281 553 2448 608 etiam
2496 553 2565 607 de
2597 552 2856 607 Mauricio
2891 554 3223 624 imperatore
3273 557 3612 622 compertum
3651 551 3749 603 ba-

2116 642 2310 698 bemus
2360 643 2456 711 (Ex
2509 643 2865 712 FREDEGARO.)
2904 642 3012 713 lqui
3049 640 3320 711 judicium
3367 648 3422 695 et
3465 637 3738 709 justitiam
3816 671 3820 673 λ

2117 735 2265 806 quod
2307 735 2618 806 preparatio
2650 741 2813 792 rectae
2840 735 2988 791 sedis
3013 741 3095 789 est
3133 750 3356 803 semper
3385 748 3600 797 exosus,
3637 746 3739 802 per

2116 825 2391 880 occultum
2421 826 2517 881 Dei
2558 826 2831 895 judicium
2861 827 3008 882 circa
3052 826 3400 881 undecimam
3455 825 3580 881 vitae
3619 841 3737 878 sum

2118 913 2308 968 horam
2335 913 2405 968 ab
2436 915 2550 970 otio
2579 915 2816 970 carnalis
2844 915 2968 971 vitm
3007 923 3294 983 retractus,
3328 931 3428 987 per
3453 914 3739 970 interven-

2116 1012 2231 1061 tum
2272 1016 2583 1063 sanctorum
2624 1008 2862 1064 virorum
2910 1018 2966 1063 et
2996 1009 3235 1063 maxime
3280 1008 3511 1079 piissimi
3538 1007 3742 1081 Grego-

2118 1099 2184 1153 rii
2209 1116 2364 1170 pasz
2387 1101 2493 1155 hoc
2520 1101 2775 1167 emeruit,
2799 1108 2859 1155 ut
2880 1101 3074 1156 saltem
3100 1116 3224 1156 sero
3250 1099 3592 1172 poenitentiae
3623 1098 3743 1153 fru-

2114 1201 2260 1250 ctum
2289 1196 2381 1250 hic
2413 1195 2627 1266 operari
2673 1196 2931 1266 potuerit,
2962 1196 3092 1250 dum
3126 1196 3175 1250 ei
3203 1213 3234 1250 a
3267 1196 3378 1250 Deo
3422 1210 3521 1266 pro
3551 1192 3738 1265 poeni-

2117 1282 2291 1337 tentia
2335 1288 2639 1352 reputatur,
2682 1284 2830 1355 quod
2882 1284 3003 1355 ipse
3060 1300 3182 1340 cum
3229 1283 3380 1339 omni
3413 1283 3576 1339 domo
3633 1296 3741 1338 sua

2117 1371 2412 1427 crudeliter
2436 1373 2762 1428 trucidatur.

2193 1465 2275 1520 19.
2310 1464 2428 1519 Non
2460 1465 2632 1521 multo
2663 1473 2788 1538 post
2814 1466 3198 1539 superaddidit
3253 1466 3339 1522 his
3372 1482 3592 1538 gravem
3633 1482 3737 1521 cu-

2116 1554 2325 1612 mulum
2358 1555 2809 1626 incomparabilis
2850 1557 3058 1612 doloris
3088 1557 3329 1624 occasio,
3375 1556 3589 1612 scilicet
3640 1574 3741 1612 ve-

2119 1644 2383 1699 nerabilis
2434 1661 2498 1700 ac
2551 1646 2661 1701 Deo
2694 1645 2850 1721 digni
2895 1646 3085 1702 domui
3116 1646 3380 1719 Wicperti
3438 1645 3739 1717 depositio,

2117 1752 2239 1809 qua;
2293 1753 2475 1792 rerum
2516 1747 2823 1794 nostrarum
2867 1737 3203 1795 miserabilis
3256 1738 3357 1794 fuit
3415 1739 3736 1795 commotio.

2115 1825 2322 1881 Ventus
2352 1826 2563 1898 quippe
2593 1828 2897 1883 vehemens
2928 1828 3145 1884 irruens
3190 1846 3221 1883 a
3250 1828 3476 1904 regione
3508 1828 3738 1896 deserti,

2117 1918 2171 1973 id
2203 1924 2286 1973 est
2312 1927 2508 1973 ventus
2539 1918 2914 1975 tribulationis
2966 1921 3368 1992 erumpensab
3395 1919 3739 1976 infructuosa

2116 2011 2467 2067 inimicorum
2513 2018 2758 2083 pectore,
2792 2014 3073 2069 concussit
3105 2024 3345 2086 quatuor
3376 2015 3609 2088 angulos
3639 2013 3742 2070 d0-

2113 2116 2237 2155 mus
2293 2106 2514 2167 nostra),
2548 2116 2668 2171 quae
2722 2102 2913 2172 utique
2975 2109 3165 2159 contra
3203 2113 3411 2158 tantum
3455 2102 3735 2159 turbinem

2112 2206 2393 2262 nunquam
2423 2190 2493 2224 ⁷³⁵
2520 2190 2824 2247 subsistere
2855 2192 3141 2264 quivisset,
3172 2194 3278 2248 nisi
3326 2210 3492 2264 supra
3521 2202 3735 2265 petram

2114 2278 2341 2336 fundata
2372 2279 2580 2335 fuisset.
2624 2281 3000 2337 Heribrandus
3032 2283 3181 2338 enim
3235 2284 3327 2351 ⁷⁸⁵,
3377 2284 3460 2339 vir
3488 2283 3738 2355 potentia

2114 2378 2170 2427 et
2199 2371 2482 2428 nobilitate
2506 2375 2802 2443 praeclarus
2830 2381 2883 2430 et
2907 2376 3145 2431 maxime
3166 2375 3434 2431 affinitate
3460 2375 3536 2447 pii
3561 2373 3740 2446 patris

2114 2464 2283 2519 nostri
2316 2464 2578 2535 Wicperti
2627 2466 2920 2540 gloriosus,
2982 2497 3052 2508 -
3108 2474 3223 2522 erat
3254 2468 3459 2540 quippe
3502 2467 3740 2522 maritus

2113 2553 2401 2611 Reinuidis
2429 2571 2706 2627 germanae
2738 2556 2878 2624 ejus,
2911 2587 2979 2597 -—
3023 2556 3285 2612 malitiam
3318 2574 3481 2628 quam
3509 2556 3738 2611 vivente

2113 2644 2320 2701 domno
2360 2645 2634 2716 Wicperto
2665 2657 3015 2718 conceperat,
3061 2649 3158 2703 sed
3196 2666 3294 2720 pro
3336 2648 3639 2704 reverentia
3672 2646 3740 2702 il-

2111 2736 2219 2791 lius
2249 2737 2552 2802 distulerat,
2599 2739 2818 2794 tandem
2861 2742 2980 2796 sine
3029 2742 3215 2812 aliquo
3251 2742 3476 2811 justitiae
3531 2740 3736 2795 intuitu

2112 2826 2347 2896 aperuit,
2381 2812 2434 2881 et
2464 2828 2716 2902 neglecta
2747 2828 3052 2900 imperialis
3082 2830 3516 2886 confirmationis
3548 2839 3742 2886 aucto-

2113 2917 2292 2986 ritate,
2317 2926 2370 2973 et
2402 2920 2719 2989 posthabito
2747 2922 3069 2992 apostolicae
3090 2940 3342 2979 censurae
3358 2924 3736 2990 anathemate,

2115 3009 2390 3064 abbatiam
2438 3011 2708 3067 violenter
2738 3013 2966 3076 invadit,
3025 3032 3112 3069 res
3143 3016 3405 3071 aacclcsiae
3432 3015 3739 3071 insolenter

2040 3075 2087 3141 (ἶ
2117 3102 2328 3174 diripit,
2359 3110 2414 3159 et
2452 3105 2712 3177 quicquid
2744 3106 2866 3177 pius
2916 3075 3174 3164 fundator
3204 3110 3307 3164 loci
3361 3109 3532 3165 nostri
3565 3108 3734 3164 nobis

2118 3197 2443 3264 contulerat,
2480 3197 2536 3251 id
2566 3198 2671 3252 sibi
2701 3199 2825 3268 jure
2872 3200 3191 3256 hereditatis
3218 3201 3393 3276 magis
3425 3217 3589 3273 quam
3629 3216 3735 3255 mc-

2115 3289 2297 3344 clesiaz
2329 3296 2644 3361 competere
2675 3291 2895 3347 clamat.
2947 3293 3138 3350 Omnia
3165 3306 3321 3351 erant
3365 3297 3732 3361 conturbata;

2116 3388 2312 3437 cuncta
2338 3399 2460 3454 quae
2492 3384 2645 3455 prius
2675 3391 2788 3439 tuta
2812 3385 3145 3443 videbantur
3174 3397 3229 3444 et
3255 3387 3580 3461 'tranquilla,
3614 3399 3737 3444 tur-

2114 3472 2247 3531 bine
2292 3476 2596 3546 repentina:
2644 3479 2984 3548 tempestatis
3033 3479 3169 3537 liunt
3202 3482 3515 3552 periculosa
3561 3490 3618 3537 et
3647 3481 3739 3537 in-

2117 3574 2286 3620 certa.
2336 3565 2527 3621 Nullus
2573 3575 2689 3622 erat
2728 3568 2821 3639 qui
2871 3584 2971 3639 pro
3007 3569 3118 3623 Deo
3162 3570 3368 3636 aderat,
3419 3572 3602 3627 nullus
3640 3571 3737 3643 qui

2118 3656 2368 3728 partibus
2391 3657 2618 3727 justitize
2649 3657 2874 3714 faveret.
2910 3660 3109 3715 Omnes
3142 3660 3197 3715 in
3238 3678 3406 3717 unum
3438 3663 3733 3733 conspira-

2119 3756 2338 3815 verant;
2372 3765 2566 3804 omnes
2597 3766 2869 3821 pauperes
2903 3750 3096 3806 Christi
3130 3753 3473 3827 affligebant,
3518 3762 3611 3810 aut
3657 3754 3737 3809 af-

2119 3838 2439 3912 ﬁigentibus
2487 3842 2923 3913 consentiebant.
2995 3844 3167 3913 Hujus
3223 3846 3475 3917 exemplo
3524 3846 3736 3902 inducti

2119 3930 2305 3985 caeteri
2337 3929 2529 3985 fratres
2574 3941 2627 3986 et
2654 3941 2888 4003 nepotes
2925 3933 3000 4003 pii
3032 3934 3199 4004 patris
3251 3936 3442 4001 nostri,
3475 3935 3571 4007 qui
3593 3937 3741 3991 mul-

2115 4018 2288 4090 tiplici
2318 4022 2688 4094 generositate
2720 4040 2820 4093 per
2849 4029 3016 4079 totam
3069 4026 3478 4101 Lotharingiam
3531 4030 3739 4099 premi-

2116 4107 2343 4177 nebant,
2366 4109 2602 4181 singulis
2629 4112 2682 4165 in
2711 4112 2847 4168 locis
2874 4114 2979 4169 sibi
3011 4117 3339 4187 opportunis
3359 4133 3444 4173 res
3466 4118 3737 4174 {ecclesiae

2115 4209 2317 4258 nostrae
2365 4209 2458 4258 aut
2486 4203 2820 4261 invadebant
2876 4214 2968 4262 aut
3007 4208 3368 4280 diripiebant,
3413 4210 3737 4267 hominibus

2115 4295 2382 4352 mcclesim
2413 4294 2552 4349 nihil
2583 4296 2780 4369 reliqui
2812 4297 3105 4356 faciebant.

405 4393 675 4450 accidisse
706 4390 784 4445 illi
814 4389 1171 4460 dispensante
1200 4389 1312 4444 Deo
1343 4388 1554 4444 meritis
1590 4390 1766 4447 sancti
1797 4390 1898 4446 viri
1928 4369 2098 4445 Er-D
2185 4389 2276 4443 20.
2313 4390 2512 4446 Horum
2558 4406 2758 4465 magna
2802 4408 2926 4462 pars
2979 4390 3081 4447 fuit
3114 4391 3450 4462 _Rotbertus,
3492 4393 3735 4450 fortissio

406 4477 568 4549 luini,
610 4495 678 4534 ne
718 4477 917 4533 frustra
945 4475 1087 4532 foret
1113 4477 1263 4549 quod
1303 4477 1512 4533 amicus
1543 4479 1707 4549 hujus
1755 4480 1928 4535 seculi
1959 4496 2021 4535 se
2121 4500 2244 4540 mus
2281 4500 2468 4540 comes
2507 4484 2884 4552 Namucensis,
2920 4485 3033 4556 qui,
3081 4501 3203 4540 cum
3247 4487 3493 4557 polentia
3526 4488 3740 4558 premi-

406 4570 907 4644 quomodocunque
953 4564 1263 4623 crediderat
1308 4567 1486 4624 amico
1526 4568 1643 4633 Dei,
1693 4567 1891 4623 similis
1936 4568 2021 4623 ni-

2123 4583 2280 4632 naret
2307 4576 2538 4644 cunctis,
2581 4592 2691 4632 non
2727 4576 2903 4633 solum
2936 4576 3074 4632 nihil
3115 4578 3348 4634 subsidii
3386 4580 3506 4635 tulit
3555 4580 3746 4636 fratri-

405 4662 605 4718 mirum
634 4659 743 4716 illis
769 4659 838 4714 de
860 4660 1060 4730 quibus
1088 4660 1144 4714 in
1162 4658 1430 4715 Christum
1457 4660 1818 4716 credentibus
1845 4675 2020 4715 evan-
2122 4664 2649 4720 bustribulationum
2664 4666 2809 4720 mole
2825 4666 3130 4736 Oppressis,
3157 4666 3324 4723 immo
3336 4675 3561 4740 accepta
3579 4684 3741 4725 occa-

404 4757 602 4832 gelista
649 4756 808 4812 dicit:
865 4754 1174 4810 Dilememnt
1203 4754 1461 4827 ,glorz'am
1516 4754 1787 4811 hominum
1842 4757 2015 4824 magis

406 4865 568 4921 quam
614 4850 711 4903 Dei
749 4848 919 4919 (Joan.
968 4863 1061 4913 xu,
1110 4846 1222 4914 43).
1274 4846 1408 4911 Quia
1442 4846 1589 4902 enim
1627 4863 1756 4902 vera
1794 4853 1877 4901 est
1922 4846 2016 4900 illa

404 4936 597 4995 Jacobi
627 4935 932 4992 sententia:
964 4936 1197 4992 Multum
1226 4937 1371 4991 valet
1426 4935 1706 5005 deprecato
1738 4936 1887 5004 justi
1914 4952 2014 4992 as-

403 5030 568 5086 sidua
596 5029 735 5103 (Jac.
780 5045 833 5096 ν,
862 5027 968 5099 16),
1002 5027 1125 5099 quis
1171 5025 1385 5082 dubitet
1418 5027 1668 5083 oratione
1700 5027 1858 5083 istius
1878 5026 2015 5097 justi

405 5122 511 5180 hoc
539 5139 572 5178 a
619 5123 731 5178 Deo
772 5120 1050 5192 impetrari
1086 5119 1351 5191 potuisse,
1382 5126 1446 5174 ut
1481 5119 1532 5174 ei
1571 5119 1628 5174 in
1661 5119 1820 5190 penis
1851 5121 2016 5190 hujus

404 5218 530 5275 vita:
569 5216 779 5289 peccati
822 5213 1080 5269 redderet
1107 5212 1306 5279 vicem,
1354 5212 1510 5280 cujus
1548 5214 1637 5268 hic
1671 5214 1727 5268 in
1760 5213 1902 5269 votis
1931 5221 2014 5269 te-

404 5306 525 5362 nuit
550 5303 926 5362 voluntatem?
956 5301 1055 5368 Qui
1088 5300 1234 5357 enim
1267 5300 1400 5356 dicit
1430 5317 1529 5370 per
1567 5302 1739 5357 Naum
1772 5304 2011 5373 prephe-

402 5405 548 5455 tam:
581 5400 700 5455 Non
745 5399 1025 5463 consurget
1074 5393 1276 5461 duplex
1331 5394 1605 5448 tribulatio
1638 5394 1801 5464 (Nah.
1854 5410 1894 5455 ι,
1934 5396 2011 5463 9),

402 5483 564 5540 facile
586 5485 729 5538 hanc
758 5480 1057 5537 miserendi
1098 5480 1308 5536 invenit
1344 5482 1510 5548 viam,
1537 5488 1596 5536 ut
1633 5482 1810 5553 spinis
1837 5484 2013 5538 tribu—

2116 4755 2272 4812 sione
2306 4773 2372 4812 ex
2393 4757 2765 4828 Oportunitate
2790 4756 3072 4829 temporis,
3109 4765 3222 4816 tota
3259 4760 3505 4830 potentia
3532 4777 3634 4815 sua
3673 4760 3737 4817 in

2118 4867 2214 4907 eos
2252 4852 2400 4907 abuti
2429 4853 2626 4924 erepit;
2679 4861 2733 4907 et
2763 4850 3164 4909 immunitatem
3211 4859 3525 4918 comitatus,
3563 4872 3732 4927 quam

2114 4941 2285 5016 regali
2313 4940 2637 4997 auctoritate
2683 4941 2935 4996 collatam
2972 4942 3240 4998 zecclesiaa
3287 4953 3489 4999 nostrae
3536 4950 3735 4998 aucto-

2116 5029 2243 5085 ralis
2272 5035 2418 5085 carta
2446 5029 2661 5095 asserit,
2700 5029 2946 5086 violenta
2983 5032 3261 5099 injustitia
3303 5030 3565 5087 ascclesize
3604 5032 3739 5091 abs-

2116 5123 2257 5190 tulit,
2292 5132 2347 5178 et
2375 5123 2628 5195 partibus
2656 5123 3120 5197 suisjapplicavit.
3152 5127 3406 5183 Preterea
3445 5128 3638 5200 quales
3677 5136 3739 5185 et

2115 5222 2335 5286 quantas
2356 5215 2787 5287 circumquaque
2831 5216 3038 5273 fiebant
3064 5217 3269 5273 cotidie
3308 5217 3496 5288 predae
3529 5225 3581 5273 et
3612 5218 3737 5273 dire

2115 5306 2336 5377 ptiones
2365 5315 2672 5362 nostrarum
2716 5324 2922 5373 rerum,
2969 5325 3092 5379 quae
3140 5309 3455 5364 invasioaes
3500 5309 3733 5382 prodie-

2115 5411 2257 5459 rum,
2296 5412 2459 5467 quam
2487 5394 2829 5451 miserabiles
2877 5396 3269 5467 Oppressiones
3299 5398 3548 5465 fratrum,
3597 5406 3734 5469 quot

2114 5485 2293 5540 caedes
2310 5492 2364 5540 et
2384 5484 2672 5556 captiones
2689 5484 3201 5541 :ecclesiasticorum
3227 5486 3488 5555 virorum,
3524 5492 3732 5558 quanta

1753 5591 1973 5647 ΥΛΒΙᾹΞ
2000 5593 2374 5650 LECTIONES.

472 5691 543 5726 7"
572 5704 851 5759 nunquam
873 5706 918 5744 c.
990 5689 1060 5723 ⁷³⁸
1080 5690 1323 5758 quedam
1352 5693 1719 5760 superscripta
1750 5692 1845 5745 se!
1864 5699 1988 5762 post
2016 5708 2173 5749 erasa
2198 5697 2344 5749 sunt.
