3934 6054
246 240 356 299 613
1334 232 1535 285 GESTA
1578 227 1882 283 ABBATUM
1925 226 2493 282 GEMBLACENSIUM.
3469 231 3574 287 614

247 366 415 423 fuerit
447 362 799 418 imbecillitas
828 362 915 416 vel
944 360 1241 416 inﬁdelitas
1261 355 1870 427 advocatorum,quales
1891 358 1949 425 Α
1972 350 2224 430 Augusti,
2267 355 2518 425 sepultus
2543 362 2625 408 est
2656 354 2711 409 in
2746 354 2994 410 {ecclesia
3019 357 3197 412 sancti
3238 357 3404 425 Petri,
3439 357 3579 414 fide-

250 462 306 509 et
331 461 467 526 quot
491 450 915 507 reclamationes
944 464 1112 519 super
1140 447 1228 501 his
1290 445 1550 501 omnibus
1574 444 1869 499 mitteban-
1966 450 2091 503 liter
2135 452 2191 500 et
2239 442 2558 509 efficaciter,
2613 451 2674 499 ut
2714 444 2989 500 credimus
3019 446 3379 518 interpellans
3421 462 3580 503 aures

250 554 338 601 tur
368 545 423 598 in
451 544 571 596 dies
620 543 686 595 ad
730 557 891 595 aurrs
944 540 1282 611 principum,
1340 539 1487 609 quod
1532 537 1669 592 nihil
1717 535 1867 591 aliud
1950 537 2368 608 ‘Omnipotentis
2400 536 2666 607 proomni
2694 537 2899 591 familia
2922 541 3095 593 sancti
3130 539 3292 595 Petri.

249 643 368 690 erat
394 634 502 687 nisi
534 632 826 687 verberare
849 646 975 685 aera
1013 636 1242 693 tantum,
1277 629 1323 683 si
1363 628 1486 700 quis
1532 626 1653 682 haec
1684 625 1869 681 omnia
2357 632 2441 686 DE
2487 630 2887 687 HERIWARDO
2916 631 3187 689 ABBATE.

247 729 320 783 de
360 726 592 782 diversis
620 723 864 779 scedulis
915 722 1146 778 collecta
1194 720 1326 776 velit
1382 734 1681 792 congerere
1727 718 1864 773 etin
2039 720 2128 779 23.
2166 721 2648 777 Gemmelacenses
2677 720 2854 776 orbati
2894 728 3067 793 patre,
3100 721 3168 776 ad
3199 723 3407 778 curiam
3439 725 3585 801 regis

247 832 419 871 unum
452 812 830 885 compingere,
863 811 1062 886 integri
1095 809 1267 865 libelli
1290 825 1431 881 opus
1447 808 1731 865 videbitur
1757 806 1863 862 sibi
1968 832 2069 888 pro
2092 816 2447 891 subrogando
2486 816 2592 871 sibi
2622 823 2840 887 pastore
2870 816 3181 873 deliberant
3213 818 3332 885 ire;
3374 836 3478 877 nec
3512 827 3586 876 ta-

249 918 555 959 assumere.
593 902 651 955 Et
678 916 1078 972 supervacuum
1124 906 1211 954 est
1260 899 1384 954 sine
1432 914 1532 969 spe
1561 896 1802 953 fructusl

2036 924 2095 964 an
2136 909 2241 964 hoc
2281 909 2404 963 sine
2441 907 2672 964 consilio
2700 908 2947 981 episcopi
2983 910 3273 966 dioceseos
3302 919 3496 983 putant
3516 913 3589 968 fa-

250 996 469 1062 borare,
528 993 657 1066 Quia
721 993 935 1063 perdita
994 1007 1357 1047 annumerare
1416 990 1553 1046 nihil
1582 1000 1667 1045 est
1715 987 1867 1044 aliud
1968 998 2229 1055 ciendum
2251 1012 2392 1051 esse.
2425 996 2848 1053 Notkerustunc
2883 998 3146 1069 temporis
3183 998 3591 1075 Tungrensibus

252 1103 417 1160 quam
449 1102 618 1157 super
657 1084 887 1156 perditis
902 1084 1153 1139 dolorem
1183 1098 1472 1139 renovare-
1507 1082 1635 1147 Quae
1684 1088 1869 1137 tamen
1971 1085 2284 1153 antistabat,
2317 1085 2409 1157 qui
2444 1085 2715 1156 sapientia
2750 1094 2804 1140 et
2846 1087 3132 1142 nobilitate
3161 1089 3293 1143 satis
3317 1090 3592 1160 prepollc-

251 1179 709 1236 reclamationum
735 1178 1061 1249 improbitas
1116 1192 1227 1233 non
1254 1183 1378 1233 ante
1409 1177 1663 1241 cessavit,
1693 1176 1872 1231 donec
1970 1174 2084 1231 bat.
2120 1174 2219 1239 Qui
2247 1188 2358 1228 non
2413 1189 2625 1247 negans
2653 1174 2944 1229 consilium
2999 1177 3398 1247 quaerentibus,
3452 1178 3593 1234 insi-

252 1275 381 1341 post
416 1269 620 1324 multos
649 1282 826 1322 annos
866 1266 990 1322 Otto
1023 1266 1327 1338 imperator
1373 1264 1556 1321 Ottoni
1584 1266 1713 1321 duci
1754 1279 1874 1337 pre-
1972 1282 2146 1323 nuare
2172 1266 2253 1321 eis
2276 1267 2423 1337 cepit
2455 1283 2618 1337 quam
2662 1268 2840 1338 potuit
2879 1269 3253 1340 eloquentius,
3295 1287 3457 1342 quam
3506 1271 3596 1326 in-

253 1360 421 1432 cepit,
456 1368 515 1415 ut
544 1359 689 1414 inter
704 1358 1014 1414 aacclesiam
1054 1365 1109 1412 et
1155 1358 1438 1413 invasores
1491 1357 1755 1413 ecclesiae
1774 1357 1872 1411 ha—
1973 1360 2107 1415 utile
2129 1360 2201 1414 sit
2222 1375 2494 1430 pauperes
2513 1360 2739 1434 regibus
2760 1360 3067 1429 subjacere,
3094 1380 3257 1434 quam
3287 1365 3516 1420 arduum
3541 1372 3599 1421 et

250 1448 370 1504 bita
402 1449 635 1517 ratione,
667 1454 865 1504 statum
891 1447 1216 1503 reformaret
1241 1446 1529 1512 {ecclesiam
1561 1445 1701 1501 facta
1728 1446 1803 1501 inl

2043 1450 2202 1506 fﬁcile
2261 1450 2565 1506 humilibus
2607 1450 2805 1505 Christi
2856 1454 3060 1508 solium
3100 1455 3247 1527 regis
3302 1456 3596 1530 attingere,

257 1554 357 1595 eos
383 1538 674 1612 aequaliter
693 1554 875 1594 rerum
897 1537 1301 1593 dimidiatione.
1321 1536 1450 1603 Quae
1476 1536 1700 1610 quidem
1719 1536 1877 1592 dimi—
1976 1558 2138 1614 quam
2180 1541 2550 1616 incongruum
2585 1541 2841 1596 alienatis
2872 1559 2903 1597 a
2940 1544 3127 1599 seculo
3159 1544 3444 1601 laicalibus
3465 1564 3599 1619 per-

254 1630 428 1686 diatio
459 1631 605 1685 inter
635 1629 1037 1684 Heribrandum
1054 1628 1475 1700 Bratuspantem
1496 1634 1552 1683 et
1567 1627 1874 1683 aecclesiam
1907 1680 1953 1708 η
1976 1633 2129 1689 sonis
2157 1632 2438 1688 deservire
2466 1651 2481 1698 ;
2515 1648 2611 1689 eos
2642 1633 2794 1704 ipsos
2834 1635 3005 1690 multo
3032 1635 3144 1703 jam
3177 1642 3427 1708 tempore
3470 1639 3603 1695 satis

259 1680 423 1686 --ηπ
637 1680 1473 1700 ---μη---πη-μῄητη---ρη
1866 1680 1871 1681 κ
1977 1680 2127 1689 πη--
2159 1680 2309 1688 νγ---
2333 1680 2436 1688 .-.ν
2466 1680 2481 1698 ,
2518 1680 2610 1689 νν-
2643 1680 2793 1704 τ---
2836 1680 3002 1690 .--μην
3032 1680 3144 1703 ν...-
3180 1680 3286 1691 .υ...
3332 1680 3427 1693 ων
3470 1680 3603 1695 ωηο

259 1723 541 1788 convenit,
571 1722 640 1777 ab
671 1721 794 1776 aliis
816 1736 950 1777 vero
1011 1720 1406 1792 pervaseribus
1449 1719 1699 1775 zecclesia
1739 1719 1881 1775 nihil
1907 1680 1955 1747 Β
1982 1729 2238 1794 expertos
2292 1737 2413 1776 esse
2471 1738 2634 1793 quam
2676 1738 2868 1793 parum
2908 1723 3128 1778 concilii
3168 1725 3255 1780 vel
3294 1680 3495 1781 rauxilii
3536 1729 3605 1781 ab

254 1814 484 1886 recepit.
509 1812 856 1886 Raginardus
878 1827 1009 1867 vero
1034 1811 1201 1868 frater
1229 1810 1694 1884 domniWicperti
1727 1810 1886 1866 dedit
1983 1816 2341 1887 imperatoria
2369 1815 2663 1871 altitudine
2697 1817 2753 1870 in
2784 1818 3129 1874 necessitatis
3171 1826 3419 1892 tempore
3447 1837 3606 1879 acce-

256 1912 450 1959 salcto
482 1902 913 1975 Petroquicquid
950 1903 1006 1958 in
1061 1902 1364 1958 Gandrinul
1425 1903 1616 1958 habuit
1671 1902 1881 1958 allodii.
1985 1904 2190 1976 perint,
2235 1905 2440 1977 quibus
2470 1920 2666 1960 omnes
2719 1906 2908 1961 omnia
2959 1908 3080 1963 sine
3109 1908 3297 1981 aliquo
3349 1918 3604 1982 respectu

328 1997 420 2052 21.
453 1996 517 2050 At
555 1996 790 2067 pusillus
823 1996 1045 2051 fratrum
1095 2011 1228 2069 grex
1284 1997 1340 2050 in
1373 2009 1485 2067 quo
1553 1994 1886 2066 complacuit
1986 1995 2320 2067 imperatore
2350 1997 2695 2062 reverentiae,
2746 1997 2898 2053 nullo
2930 2000 3340 2056 contradicente
3380 2003 3468 2058 vel
3509 2003 3609 2059 de-

258 2086 374 2141 Deo
405 2085 695 2156 patridare
725 2085 806 2139 eis
861 2100 1115 2159 regnum,
1169 2083 1265 2156 qui
1296 2084 1351 2138 in
1384 2083 1547 2139 terris
1578 2082 1712 2138 nihil
1743 2100 1889 2155 quae-
1988 2087 2268 2154 fendente,
2313 2087 2661 2151 abstulerint,
2712 2104 2834 2143 cum
2891 2090 2959 2144 ab
3004 2091 3209 2147 auxilio
3276 2108 3465 2147 eorum
3512 2108 3608 2149 cor

258 2173 664 2243 rebat_habere
717 2173 1023 2244 proprium,
1055 2172 1240 2228 sciens
1281 2173 1411 2245 quia
1450 2172 1589 2228 nihil
1629 2172 1787 2227 deest
1824 2171 1888 2227 ti-
1989 2180 2134 2255 regis
2172 2186 2376 2235 avertat
2422 2186 2514 2235 aut
2541 2189 2806 2235 terrarum
2861 2180 3262 2255 longinquitas,
3306 2193 3399 2239 aut
3430 2186 3607 2241 aerio-

260 2266 543 2322 mentibus
565 2267 754 2333 Deum,
782 2282 908 2322 cum
951 2266 1203 2338 undique
1243 2265 1543 2321 destitutus
1597 2281 1719 2320 esse
1760 2264 1889 2320 sub-
1989 2286 2109 2325 rum
2137 2286 2413 2337 curarum,
2454 2286 2577 2341 quae
2607 2285 2829 2340 semper
2864 2270 3015 2343 regio
3056 2270 3212 2325 lateri
3256 2271 3604 2342 incumbunt,

258 2358 405 2415 sidio
435 2359 743 2423 hominum,
769 2359 980 2413 bonum
1011 2358 1251 2413 ducebat
1282 2358 1351 2411 ad
1386 2374 1513 2413 eum
1580 2359 1757 2413 solum
1809 2357 1887 2413 fa-
1985 2359 2400 2430 multiplicitas;
2430 2374 2553 2413 cum
2585 2357 2779 2414 curiali
2813 2358 3087 2429 superbia:
3112 2360 3312 2430 probro
3340 2359 3610 2416 habeatur

258 2465 388 2508 cere
417 2448 757 2522 confugium,
814 2450 910 2522 qui
940 2448 1085 2503 fidus
1131 2458 1215 2504 est
1261 2448 1479 2517 adjutor
1528 2449 1879 2521 pupillorum.
1987 2452 2105 2525 ipsa
2125 2458 2436 2522 paupertas.
2463 2451 2603 2505 Satis
2633 2451 2741 2505 sibi
2767 2457 2957 2505 notum
2985 2466 3105 2506 esse
3137 2468 3301 2523 quam
3344 2453 3606 2523 palatinis

259 2544 395 2599 Nam
426 2543 531 2598 sub
546 2543 638 2614 pio
672 2550 891 2614 pastore
923 2543 1146 2598 Erluino
1171 2543 1478 2612 constituti,
1503 2542 1782 2598 dominico
1822 2559 1882 2599 se
1987 2541 2218 2599 canibus
2246 2541 2317 2595 sit
2347 2539 2634 2595 familiaris
2670 2540 2962 2611 rapacitas,
2994 2556 3158 2611 quam
3192 2539 3496 2596 domestica
3526 2541 3608 2598 eis

258 2632 582 2688 tutabantur
605 2632 758 2697 ovili,
791 2648 861 2686 ne
908 2631 1257 2704 aliquetcnus
1320 2638 1575 2703 paterent
1605 2632 1885 2688 morsibus
1984 2637 2054 2692 sit
2089 2630 2397 2700 voracitas;
2445 2634 2543 2689 sed
2572 2632 2619 2688 si
2661 2649 2763 2689 suo
2794 2633 3028 2689 consilio
3077 2633 3285 2689 vellent
3316 2650 3605 2692 assensum

262 2723 403 2795 lupi.
436 2722 498 2777 Et
516 2722 650 2778 satis
680 2722 961 2778 habebant
986 2739 1149 2795 quam
1191 2723 1432 2778 tenuiter
1463 2724 1629 2779 vitam
1657 2723 1882 2791 ducere,
1986 2728 2240 2801 prebere,
2293 2726 2467 2782 videri
2500 2725 2608 2779 sibi
2657 2725 2891 2780 multum
2939 2724 3045 2780 illis
3074 2740 3194 2780 esse
3222 2726 3378 2794 utile,
3426 2727 3471 2782 si
3498 2727 3607 2798 juri

266 2814 570 2871 dummodo
599 2822 840 2887 possent
895 2815 1231 2872 benedicere
1282 2815 1573 2871 Dominum
1632 2815 1689 2870 in
1740 2815 1892 2872 omni
1991 2815 2352 2873 Deodicensis
2391 2814 2645 2886 episcOpi
2678 2814 2957 2884 patiantur
2992 2813 3310 2882 subjacere;
3347 2816 3498 2870 unde
3528 2817 3612 2872 eis

269 2913 541 2978 tempore,
575 2914 629 2962 et
653 2922 875 2978 semper
927 2907 1045 2962 laus
1086 2907 1181 2962 Dei
1226 2907 1282 2961 in
1337 2923 1531 2963 eorum
1581 2914 1728 2963 esset
1774 2923 1890 2964 ore.
1993 2905 2175 2962 omnis
2199 2904 2343 2959 absit
2369 2902 2678 2975 Oppressio,
2712 2902 2881 2957 immo
2907 2908 3099 2958 contra
3134 2918 3329 2958 omnes
3358 2910 3613 2976 prompta

271 3003 396 3072 Ipse
417 3000 501 3056 vir
526 3001 623 3056 Dei
659 3001 912 3056 Erluinus
947 3001 1144 3057 nolens
1199 3001 1291 3057 hic
1319 3001 1525 3057 habere
1575 3009 1892 3058 manentem
1925 3054 1967 3075 η
1996 3000 2138 3056 adsit
2185 2999 2466 3063 defensio;
2523 2997 2683 3053 facile
2710 2996 2808 3052 sed
2842 2996 2897 3051 id
2939 2997 3357 3068 impetraturum
3390 3015 3422 3054 a
3460 2998 3613 3075 regia

272 3054 571 3162 civitatem,
604 3096 702 3151 ubi
725 3096 950 3152 videbat
978 3097 1238 3172 ingruere
1291 3103 1401 3151 tam
1451 3097 1812 3169 multiplicem
1844 3102 1899 3151 et
1921 3054 1970 3124 C
1998 3087 2397 3154 muniﬁcentia,
2430 3087 2476 3142 si
2507 3094 2718 3142 tantum
2759 3085 2867 3140 sibi
2908 3054 3051 3140 adsit
3077 3086 3299 3142 fratrum
3340 3054 3612 3157 subjecelio

272 3195 387 3243 tam
418 3190 748 3245 contrariam
783 3189 1052 3244 malorum
1079 3188 1469 3255 calamitatem,
1518 3189 1753 3244 futuram
1786 3203 1896 3244 non
1998 3179 2327 3237 voluntaria-
2373 3178 2499 3233 Haec
2544 3186 2599 3232 ει
2637 3183 2834 3232 αωιθνει
2871 3175 2927 3230 id
2968 3192 3145 3248 genus
3186 3177 3448 3249 episcopo
3490 3194 3614 3249 ρετ·

280 3278 649 3336 manufactam
690 3280 787 3335 sed
841 3286 1107 3335 aeternam
1160 3278 1269 3334 sibi
1319 3280 1545 3351 suisque
1583 3280 1903 3352 inquirebat
2002 3280 2214 3341 orante,
2247 3289 2530 3328 assensum
2562 3279 2645 3326 est
2677 3270 2780 3325 sibi
2813 3285 2843 3324 a
2870 3269 3095 3325 fratrum
3125 3272 3386 3328 concordi
3416 3274 3617 3328 unani-

277 3375 653 3431 mansionem.
696 3374 761 3430 Et
798 3374 1132 3446 intellegens
1170 3373 1324 3428 nulla
1339 3389 1396 3428 re
1425 3375 1567 3430 hanc
1590 3374 1792 3429 melius
1822 3374 1904 3428 in—
2004 3364 2212 3420 milate-
2261 3363 2398 3434 Ergo
2428 3360 2708 3417 οοῐηῐηυηί
2735 3359 2968 3415 consulo
3020 3361 3395 3417 Heriwal‘dum
3439 3364 3615 3419 Virum

274 3467 490 3534 venire,
523 3482 688 3538 quam
751 3481 851 3536 per
909 3465 1264 3520 concordiam
1314 3462 1570 3520 fraternae
1629 3464 1906 3520 unanimi-
2004 3455 2322 3528 religiosum
2364 3461 2420 3507 et
2474 3451 2801 3505 industrium
2843 3449 3074 3521 eligunt,
3135 3459 3190 3507 et
3235 3469 3335 3523 per
3391 3470 3615 3509 manum

281 3560 434 3625 ιαιίε,
457 3560 526 3614 ad
544 3574 683 3629 opus
720 3558 871 3629 pacis
936 3558 1325 3629 exequendum
1355 3558 1633 3613 ranimum
1670 3559 1908 3614 intendit
2008 3545 2253 3617 episcOpi
2284 3541 2635 3599 Leodicensis
2664 3556 2789 3595 eum
2818 3539 2927 3594 sibi
2948 3540 3207 3595 abbatem
3235 3540 3494 3597 substitui
3536 3544 3621 3599 fa-

282 3652 645 3710 omnimodis.
680 3652 825 3724 Opus
864 3652 1012 3707 enim
1065 3653 1176 3707 Deo
1208 3651 1471 3722 placitum
1526 3660 1582 3709 ei
1623 3652 1910 3708 lucrandis
2008 3637 2182 3693 ciunt.
2215 3635 2314 3690 Hic
2357 3631 2703 3689 Heriwardus
2757 3630 2924 3686 frater
2965 3629 3142 3687 fuerat
3179 3633 3464 3705 szepedicti
3519 3635 3618 3692 Er-

287 3744 583 3800 animabus
604 3742 739 3798 utile
767 3760 797 3798 a
837 3741 940 3814 pia
966 3742 1250 3799 memoriae
1274 3743 1479 3799 domno
1516 3743 1799 3815 Wicperto
1834 3743 1913 3798 in-
2011 3731 2151 3787 luini
2181 3729 2417 3796 abbatis,
2468 3727 2767 3783 monachus
2796 3734 2979 3782 autem
3021 3726 3122 3782 fuit
3165 3729 3403 3784 caanobii
3449 3731 3622 3788 sancti

286 3845 506 3896 coatum
533 3838 805 3913 sagaciter
832 3837 1101 3909 implevit,
1154 3838 1370 3894 scilicet
1410 3835 1551 3894 illud
1611 3838 1911 3913 collegium
2011 3817 2637 3913 ΜίθῗὶδεῘίδθΓθδδηβθῙί
2678 3816 2746 3913 fle
2793 3816 3284 3913 Pef10010_m§l‘i$_;
3325 3820 3423 3913 8(ξά
3474 3820 3624 3877 fratri

287 3909 648 3986 fraternitatis
666 3929 949 3996 adunavit,
982 3946 1081 4000 per
1098 3930 1247 4001 quod
1280 3945 1475 3985 omnes
1498 3929 1594 3984 Dei
1628 3909 1840 3986 timorat

2075 3931 2111 3969 u
2159 3912 2472 3969 convixerat
2513 3909 2804 3965 Gemelaus
2846 3924 2986 3979 puro
3035 3910 3312 3968 desiderio
3363 3911 3628 3969 ferventis

290 4034 394 4090 per
422 4024 589 4073 totam
622 4032 777 4087 paene
808 3997 1218 4093 Letharingiam
1250 4028 1305 4074 et
1322 4019 1594 4075 Frantiam
1619 4035 1731 4076 uno
1762 4019 1913 4091 pacis
2016 4002 2093 4059 ibi
2140 4008 2343 4057 sane“?
2396 3997 2706 4073 Γθιίὲίοηίδο
2760 3997 3031 4052 Nomen”
3071 3998 3367 4071 episcopus
3411 4010 3626 4076 gramm

294 4115 352 4165 et
376 4108 690 4165 dilectionis
711 4109 932 4165 vinculo
957 4109 1014 4163 in
1036 4110 1272 4166 invicem
1292 4111 1590 4186 colligavit,
1629 4118 1690 4168 ut
1718 4127 1914 4169 omnes
2014 4098 2224 4154 habens
2253 4105 2361 4151 tam
2393 4093 2724 4150 Obediemer
2749 4108 2863 4148 sua?
2892 4093 3163 4149 νοωηῖδίί
3188 4094 3368 4151 favere
3401 4096 3629 4152 fratrum

301 4199 359 4254 in
392 4197 604 4254 Christo
647 4215 819 4254 unum
868 4206 1148 4271 saperent,
1194 4216 1363 4256 unum
1404 4199 1721 4274 diligerent,
1752 4217 1922 4257 unum
2023 4192 2467 4257 unanimitatem,
2495 4189 2722 4261 dignum
2746 4187 2899 4242 duxit
2933 4187 3013 4243 eis
3039 4188 3269 4243 reddere
3300 4190 3496 4245 vicem.
3529 4191 3632 4266 Igi-

300 4290 527 4357 vellent,
554 4307 725 4346 unum
739 4290 971 4356 nollent,
997 4291 1133 4346 nihil
1158 4292 1412 4350 intereos
1432 4294 1924 4364 perversum,nihil
2025 4292 2115 4340 tur
2142 4287 2326 4353 Ρτθίθτ
2344 4278 2451 4333 alia
2473 4292 2595 4349 qua3
2626 4276 2737 4331 illis
2755 4276 3008 4342 contuli"
3040 4276 3223 4331 Villam
3256 4277 3518 4348 Templus
3548 4278 3634 4332 ἀί·

301 4385 675 4451 inhonestum,
710 4385 850 4441 nihil
879 4386 1152 4443 diabolica
1182 4388 1519 4444 emulatione
1552 4396 1854 4445 contractu:

2078 4387 2157 4427 am
2188 4367 2451 4425 aecclesiae
2480 4365 2914 4421 Gemmelacensi
2959 4364 3133 4428 dedit,
3169 4365 3316 4420 unde
3347 4368 3631 4422 annuatim

301 4475 431 4532 odio
456 4475 683 4551 dignum
713 4476 800 4530 vel
830 4476 1372 4532 contrarietatcesset
1398 4477 1764 4546 diversum,ut
1784 4455 1912 4536 vere
2012 4472 2235 4522 θθηιυῐη
2262 4460 2563 4551 εοὶίάοωῐη
2595 4456 2807 4512 ι’θάίιυε
2847 4455 2986 4521 ex“;
3040 4463 3094 4551 αξ
3126 4455 3351 4551 in_\'i“a
3393 4458 3634 4514 Namuco

300 4547 639 4641 paciﬁci‘ﬁlii
668 4568 763 4623 Dei
792 4574 1137 4633 vocarentur,
1156 4575 1211 4623 et
1237 4568 1565 4625 confitentes
1591 4572 1912 4627 alterutrum
2015 4552 2413 4628 aliquantulum
2443 4550 2639 4615 νίηθὶεν
2684 4564 2809 4603 cum
2840 4555 2983 4602 terra
3021 4548 3091 4601 ad
3129 4547 3397 4604 Cllllul‘am
3457 4551 3633 4607 Vinea!

304 4666 532 4734 peccata
558 4677 675 4727 sua,
740 4661 949 4717 orando
987 4678 1087 4733 pro
1129 4661 1365 4719 invicem
1425 4666 1917 4733 salvarentur,ele-
2023 4650 2364 4734 ρθνιὶῐιθηιθέ
2389 4644 2482 4700 ηίθ
2511 4642 2859 4698 “eriwa'dus
2902 4657 2933 4734 f1
2975 4641 3199 4734 “39399
3239 4644 3476 4714 (Ιυοάειῐη
3507 4645 3643 4734 emit

305 4750 560 4816 mosinis,
608 4750 862 4821 jejuniis,
903 4752 1131 4824 psalmis
1179 4753 1583 4825 spiritualibus,
1615 4756 1818 4826 ymnis,
1852 4775 1858 4809 :

2086 4737 2302 4793 landum
2325 4733 2540 4799 silvam,
2595 4737 2649 4787 et
2693 4747 2724 4785 a
2772 4730 3013 4801 quodam
3073 4730 3349 4803 Wicperto
3389 4733 3639 4805 predlum

305 4839 416 4896 hoc
441 4839 726 4907 institutis,
746 4823 916 4912 supra
935 4856 1169 4914 pensum
1185 4823 1477 4897 cutidianug
1496 4823 1796 4898 servitutis,
2026 4847 2149 4887 cum
2173 4826 2384 4885 familia
2407 4826 2465 4880 in
2479 4824 2609 4879 villa
2639 4823 2943 4893 Walaham,
2958 4830 3013 4880 et
3032 4823 3163 4880 inde
3183 4826 3346 4882 talem
3365 4826 3642 4885 conscribi

380 4932 472 4987 22.
501 4931 687 4987 Talem
727 4932 892 4988 vitam
925 4933 1138 5006 degens
1177 4934 1264 4990 vix
1294 4934 1479 5010 magni
1535 4933 1779 4991 nominis
1828 4934 1924 4989 Er—
2024 4918 2154 4976 Τθοίι
2185 4916 2478 4974 cumam:

309 5023 521 5092 luinus,
549 5022 737 5079 multis
775 5030 970 5097 postea
993 5025 1153 5080 annis
1184 5008 1497 5098 exemplum
1528 5026 1673 5082 bene
1701 5025 1860 5083 viven

2092 5020 2146 5072 ex
2201 5010 2512 5078 Quicunque
2573 5008 2828 5063 karitatis
2895 5008 3344 5076 conglutinantur
3415 5008 3642 5072 unitate,

314 5112 423 5173 fuit
443 5116 727 5172 omnibus.
760 5118 825 5172 At
853 5123 1146 5189 postquam
1177 5118 1233 5173 in
1262 5119 1480 5175 camino
1505 5118 1731 5174 diutinae
1762 5118 1867 5173 trib

2095 5109 2186 5162 Tnis
2222 5108 2483 5160 virtutum
2516 5106 2731 5174 pariter
2767 5103 2871 5159 alis
2906 5105 3084 5170 erecti,
3124 5119 3363 5174 superna
3402 5103 3648 5158 calorum

310 5189 539 5263 1alienis
574 5214 799 5264 excocta
850 5214 934 5263 est
978 5208 1047 5264 ad
1101 5225 1300 5279 purum
1355 5210 1532 5267 scuria
1576 5213 1939 5281 ’peccatorum
2039 5208 2325 5275 penetrare
2348 5202 2694 5275 prevalebunt
2720 5201 2982 5266 archana,
3009 5216 3141 5271 pars
3166 5215 3374 5270 quoque
3399 5199 3654 5269 beneﬁcia

314 5299 457 5370 ejus,
491 5299 715 5355 tandem
746 5306 1006 5373 tanquam
1046 5315 1238 5356 aurum
1279 5301 1559 5372 probatus,
1592 5301 1661 5357 de
1711 5301 1939 5357 fornace
2039 5310 2145 5349 non
2173 5292 2401 5359 denegat
2422 5291 2578 5359 parti
2605 5292 2891 5359 oportuna.
2926 5291 3037 5343 Hac
3052 5304 3175 5356 ergo
3206 5288 3366 5357 quasi
3381 5289 3652 5342 convictus

317 5394 502 5450 carnis
533 5400 616 5449 est
645 5400 939 5461 extractus,
977 5403 1052 5461 et,
1086 5395 1233 5467 quod
1268 5395 1460 5450 tandiu
1492 5403 1798 5467 optaverat,
1831 5396 1937 5453 de-
2039 5390 2212 5458 specie
2239 5387 2462 5457 quidam
2487 5386 2575 5438 vir
2592 5385 2784 5438 nobilis
2805 5399 3011 5451 genere,
3051 5382 3194 5437 Ratio
3210 5383 3386 5437 dictus
3417 5385 3654 5452 nomine,

317 5500 466 5540 mum
500 5485 753 5556 pervenit
778 5486 847 5539 ad
872 5486 1118 5541 bravium
1153 5502 1407 5557 superna:
1440 5485 1764 5552 vocationis,
1798 5493 1853 5541 et
1882 5486 1938 5540 in
2040 5481 2251 5536 conscia
2278 5480 2505 5548 propria
2543 5476 2770 5545 conjuge
2796 5475 3111 5543 Engelrada
3149 5477 3479 5544 nuncupata,
3526 5476 3658 5545 pari

314 5590 488 5647 regno
526 5574 619 5629 Dei
645 5574 927 5645 duplicem
953 5576 1165 5647 accepit
1194 5575 1424 5630 calicem
1456 5573 1686 5629 martirii
1733 5581 1788 5629 et
1813 5589 1942 5630 con-
2044 5576 2263 5633 consilio
2290 5575 2554 5629 venientes
2583 5587 2705 5627 cum
2731 5574 2989 5627 comitatu
3016 5572 3253 5640 ﬁliarum
3282 5571 3482 5629 scilicet
3509 5573 3660 5627 viro-

318 5665 598 5724 fessionis.
629 5667 923 5724 Transiens
944 5683 1076 5740 ergo
1109 5667 1178 5724 ab
1207 5669 1315 5725 hoc
1359 5667 1569 5724 mundo
1592 5673 1789 5739 quarto
1814 5667 1943 5724 ldus
2041 5679 2267 5735 rumque
2306 5662 2646 5733 cognationis
2684 5660 2994 5731 eorundem,
3044 5660 3121 5717 ad
3154 5661 3448 5719 cmnobium
3487 5659 3663 5715 sancti
