3938 6050
337 192 444 248 615
1564 187 1909 245 Sl-GEBERTI
1952 189 1971 244 (

2074 189 2460 247 lBLACENSlS.
3568 195 3676 250 616

337 315 660 382 Saluatoris,
691 316 868 369 sancti
894 328 1102 385 quoque
1124 316 1268 370 Petri
1280 317 1601 386 pigneribus
1623 320 1896 388 comptum
1917 332 1952 371 a
1973 319 2029 388 Α
2054 335 2216 391 quam
2261 319 2379 389 ipse
2417 323 2595 374 tactus
2636 317 2728 373 Dei
2779 332 2963 376 amore
2992 317 3243 391 legaliter
3281 317 3510 374 tradidit
3547 333 3677 374 san-

341 404 532 463 domno
567 406 834 475 Wicperto
872 408 970 460 Dei
1008 407 1222 474 cultore,
1273 409 1603 478 Erluinoque
1655 409 1953 465 venerabili
2050 418 2136 468 cto
2167 412 2345 477 Petro,
2377 413 2432 462 et
2486 407 2615 462 hinc
2640 423 2738 479 per
2783 424 2983 463 manus
3022 407 3228 465 llrluini
3275 408 3495 464 abbatis
3550 409 3680 464 talis

335 500 566 566 patrono
608 496 709 549 loci
735 495 988 564 ejusdem.
1047 497 1250 553 Deinde
1301 499 1627 553 voluntatem
1664 500 1949 569 propriam
2036 505 2191 565 «facta
2220 505 2303 553 est
2331 496 2711 567 conscriptio:
3414 506 3424 513 ’

330 588 545 658 pariter
557 586 888 643 ostendentes
913 587 1103 644 domno
1134 589 1320 644 abbati
1338 590 1681 654 Heriwardo,
1704 592 1951 645 convenit
2114 607 2155 659 τ
2182 588 2439 644 Omnibus
2496 589 2696 642 sancta:
2734 589 2833 640 Dei
2891 587 3141 643 aecclesia
3190 588 3466 656 ﬁdelibus,
3496 598 3499 601 '
3522 605 3675 659 prs-

337 684 518 735 mutuo
547 680 991 750 complacuitque,
1022 697 1126 751 quo
1155 683 1348 736 silvam
1376 683 1671 753 quamlibet
1695 683 1950 738 obtimam
2044 678 2286 733 sentibus
2324 677 2571 732 videlicet
2616 692 2678 731 ac
2713 678 2943 744 futuris,
2984 678 3139 745 longe
3189 678 3399 749 lateque
3436 694 3678 735 comma-

335 768 576 824 traderet
615 769 724 824 loco
750 773 1005 840 presenti,
1032 773 1237 840 partim
1263 771 1466 826 divina
1491 774 1713 842 pietatis
1738 774 1943 840 gratia,
2044 772 2292 827 nantibus
2318 774 2505 825 notum
2533 773 2654 839 ﬁeri
2679 775 2784 826 toto
2802 771 2979 826 cordis
3008 778 3254 841 Optamus
3279 773 3500 842 affectu,
3529 772 3689 844 quod»

330 860 637 931 plur-imum
659 877 760 931 pro
785 878 1065 918 munerum
1089 863 1377 932 beneﬁciis,
1400 864 1673 918 voluntate
1688 865 1955 934 siquidem
2057 860 2269 914 abbatis
2308 861 2531 915 Erluini
2558 862 2770 914 nomine
2796 860 2934 915 dicti
2970 861 3178 928 diebus,
3218 863 3413 932 quibus
3443 865 3683 918 εωθιοὸίο

338 950 523 1006 domni
559 951 795 1014 abbatis,
839 954 1081 1021 fratrum
1113 967 1320 1022 quoque
1344 956 1561 1022 pariter
1600 954 1736 1008 inibi
1762 955 1953 1021 degen-
2057 948 2462 1003 Gemmelacansi
2499 954 2807 1020 nuncupata
2844 952 3053 1004 naviter
3080 956 3293 1022 praeest,
3346 953 3683 1018 consangui-

339 1044 495 1109 tium,
516 1043 859 1112 virorumque
888 1044 1110 1097 consilio
1147 1043 1393 1113 ﬁdelium
1423 1045 1631 1100 ordinis
1653 1048 1958 1115 utriusque,
2060 1055 2187 1097 neas
2209 1045 2436 1113 patroni
2473 1044 2673 1113 prioris
2703 1046 2965 1114 equivoci,
3006 1045 3232 1115 quidam
3269 1046 3358 1099 vir
3402 1050 3553 1100 ortus
3583 1061 3686 1100 no-

338 1135 524 1186 sancto
563 1132 835 1187 Saluatori
886 1133 1049 1201 legali
1094 1133 1328 1187 tradidit
1370 1134 1710 1189 auctoritate
1741 1135 1957 1201 silvam,
2063 1134 2163 1188 bili
2196 1137 2460 1205 prosapia
2495 1135 2772 1191 Arnoldus
2813 1138 3124 1192 nominatus
3179 1137 3522 1207 ejusdemque
3550 1152 3682 1191 con—

340 1225 617 1293 obtimam,
672 1228 731 1280 in
771 1243 931 1296 quam
978 1229 1094 1295 fere
1148 1233 1369 1283 centena
1409 1231 1707 1283 consistunt
1756 1230 1961 1284 bonua—
2054 1226 2206 1296 juna:
2243 1228 2517 1283 Richeldis
2542 1227 2612 1262 ⁷³⁸
2638 1230 2921 1297 vocitata,’
2945 1232 3157 1299 pariter
3180 1233 3241 1284 in
3296 1231 3502 1285 divinis
3531 1231 3685 1286 ince-

338 1319 448 1383 ria,
492 1332 652 1388 super
695 1319 919 1385 ﬂuvium
961 1320 1122 1373 Dions
1174 1321 1334 1387 vulgo
1358 1324 1756 1390 nuncupatum.
1789 1323 1960 1391 Equi-
2062 1315 2238 1370 dentis
2272 1316 2634 1386 jussionibus,
2684 1318 2861 1387 deiﬁci
2908 1320 3123 1374 timoris
3179 1321 3577 1375 reminiscentes
3632 1322 3685 1373 et

339 1408 459 1464 dem
486 1425 611 1465 more
647 1412 895 1480 utrisque
928 1426 1228 1465 concessum
1256 1413 1373 1478 fore
1399 1410 1710 1481 dinoscitur,
1732 1428 1765 1466 a
1806 1413 1962 1468 nobis
2063 1407 2284 1473 amoris,
2317 1408 2452 1474 pari
2496 1410 2804 1462 statuerunt
2831 1408 3102 1463 divinitus
3143 1411 3391 1478 consilio,
3422 1412 3685 1481 quatinus

340 1506 546 1557 cantum
572 1503 736 1557 solidi
762 1518 1105 1558 nummorum
1136 1506 1194 1557 in
1220 1519 1356 1558 auro
1397 1505 1601 1560 scilicet
1630 1508 1964 1576 argentoque
2059 1515 2162 1571 pro
2214 1500 2388 1554 salute
2414 1501 2728 1556 animarum
2763 1515 2991 1557 suarum
3019 1506 3401 1573 cunctipotenti
3435 1506 3540 1559 Deo
3578 1504 3689 1559 sal-

341 1607 721 1663 equorumqua,
762 1594 900 1648 sicut
930 1608 1108 1647 eorum
1146 1594 1395 1648 voluntas
1449 1596 1651 1650 extitit.
1688 1594 1863 1664 Hujus
1893 1595 1965 1649 si—
2062 1592 2243 1645 vatori
2278 1594 2605 1656 cunctorum,
2634 1595 2819 1646 sancto
2873 1607 3083 1663 quoque
3130 1595 3284 1649 Petro
3314 1595 3484 1661 regni
3530 1593 3692 1649 calo-

342 1683 556 1752 quidem
611 1683 931 1738 traditionis
954 1689 1079 1753 post
1130 1684 1238 1738 haec
1293 1686 1582 1754 composita
1619 1689 1695 1739 est
1724 1684 1958 1747 cartula,
1986 1666 2038 1734 Β
2060 1696 2187 1735 rum
2221 1681 2507 1748 clavigaro,
2557 1695 2675 1735 cum
2729 1683 2934 1737 ceteris
2981 1687 3289 1738 sanctorum
3340 1683 3684 1753 pignoribus,

342 1775 441 1831 sub
479 1777 721 1830 virorum
762 1777 1056 1830 testimonio
1107 1776 1347 1845 ﬁdelium
1395 1778 1679 1846 utriusque
1731 1776 1965 1843 ordinis,

343 1882 577 1938 quorum
605 1867 853 1922 manibus
890 1869 1052 1922 etiam
1090 1868 1321 1923 traditio
1353 1873 1585 1938 peracta
1622 1873 1718 1924 est.
1762 1869 1823 1925 Si
1847 1872 1967 1940 quis

344 1972 487 2025 vero,
536 1958 681 2028 quod
717 1959 879 2021 absit,
928 1964 1114 2013 contra
1162 1960 1300 2014 hanc
1355 1960 1623 2015 cartalam
1671 1961 1966 2031 quamlibet

243 2051 249 2056 ’
344 2062 600 2116 generare
641 2050 1031 2117 presumpserit
1070 2050 1419 2112 calumniam,
1460 2052 1513 2104 si
1548 2066 1603 2105 se
1640 2051 1837 2105 exinde
1860 2067 1967 2106 non

344 2137 596 2203 correxit,
655 2141 895 2192 sanctum
964 2137 1298 2192 Salvatorem
1367 2142 1555 2193 contra
1633 2155 1687 2193 se
1742 2143 1966 2195 ultorem

346 2226 588 2290 sentiat;
637 2225 790 2280 nobis
829 2241 1041 2295 quoque
1088 2227 1284 2294 quibus
1326 2227 1474 2280 litem
1528 2229 1790 2295 intulerit,
1842 2231 1968 2283 auri

344 2298 533 2372 uncias
563 2317 631 2372 3O
662 2322 711 2372 et
742 2320 953 2385 argenti
966 2318 1208 2386 pondera
1237 2323 1448 2373 coactus
1465 2319 1725 2387 exsolvat,
1754 2320 1969 2390 etquod

341 2411 538 2479 repetit
572 2409 855 2463 vindicare
906 2408 1059 2462 nullo
1108 2409 1263 2464 modo
1297 2412 1593 2479 presumat.
1657 2412 1873 2477 Verum,
1905 2415 1966 2465 ut

340 2516 564 2571 presens
581 2501 816 2564 cartula,
846 2503 1007 2568 ﬁrma
1017 2502 1332 2572 stabilisque
1344 2504 1733 2573 perpetualiter
1743 2520 1963 2574 perma-

345 2595 491 2657 neat,
530 2592 980 2662 constipulatione
1036 2594 1381 2663 interposita,
1418 2596 1679 2650 diuturno
1735 2600 1967 2666 tempore

343 2680 712 2735 corroboretur
737 2680 1070 2736 inconvulsa.
1119 2681 1381 2736 Caeterum
1408 2684 1758 2752 prasentibus
1784 2688 1966 2740 notum

344 2772 419 2826 sit
440 2775 491 2826 et
518 2771 848 2839 absentibus,
877 2772 1127 2827 domuum
1157 2773 1399 2827 abbatem
1430 2776 1818 2831 Heriwardum
1846 2791 1965 2831 cum

343 2863 618 2930 fratribus
656 2864 828 2919 simili
867 2867 1041 2934 pretio
1079 2880 1417 2920 nummorum
1456 2870 1647 2922 emisse
1701 2867 1968 2938 quicquid

2067 1787 2186 1842 qum
2204 1773 2627 1842 praesentialiter
2674 1774 2822 1842 apud
2874 1788 2971 1829 nos
3011 1774 3282 1841 coluntur,
3331 1777 3494 1831 totius
3534 1775 3689 1830 here-

2069 1865 2260 1919 ditatis
2299 1852 2705 1934 po’ssessionem,
2755 1880 2919 1935 quam
2970 1868 3126 1934 infra
3157 1872 3354 1923 nostrai
3400 1870 3688 1938 potestatis

2061 1955 2339 2026 possident
2365 1955 2665 2023 abbatiam,
2696 1956 2857 2023 legali
2884 1958 3159 2013 traderent
3209 1959 3513 2013 donatione.
3566 1960 3690 2028 Igi-

2066 2048 2159 2098 tur
2187 2045 2464 2099 amborum
2505 2044 2774 2101 divinitus
2811 2047 3083 2117 inspirata
3114 2048 3486 2114 benivolentia,
3543 2063 3686 2119 qua-

2067 2139 2195 2193 dam
2224 2140 2332 2206 die,
2359 2139 2757 2211 sollcmpnitate
2785 2142 2988 2197 scilicet
3024 2144 3165 2198 beati
3193 2144 3444 2199 Medardi
3464 2146 3689 2216 pontiﬁ-

2066 2234 2164 2298 cis,
2180 2234 2312 2302 pari
2320 2232 2700 2288 concordantes
2710 2235 2938 2290 consilio
2952 2241 3326 2304 convenerunt,
3344 2241 3687 2306 congregatis

2068 2338 2277 2393 quoque
2310 2324 2557 2393 ﬁdelium
2585 2326 2806 2381 testibus
2855 2329 3097 2383 virorum
3148 2332 3329 2399 partis
3378 2332 3685 2401 utriusque,

2065 2420 2258 2471 cuncta
2294 2432 2412 2487 qua:
2433 2418 2709 2488 possidere
2732 2425 3024 2475 cernuntur
3049 2423 3204 2489 infra
3241 2427 3437 2478 nostrce
3462 2424 3687 2478 ditionis

2064 2511 2126 2561 ut
2157 2507 2518 2576 praediximus
2556 2509 2907 2591 abbathiam,
2932 2511 3180 2579 legaliter
3207 2512 3546 2569 tradiderunt
3573 2517 3682 2569 Deo

2066 2598 2332 2654 salvatori
2366 2604 2571 2667 nostro,
2602 2600 2758 2671 cujus
2787 2603 2986 2659 honore
3011 2604 3259 2660 conditus
3290 2609 3368 2660 est
3396 2608 3541 2661 locus
3562 2606 3687 2676 jam

2067 2694 2263 2761 dictus,
2290 2700 2473 2751 sancto
2505 2712 2711 2767 quoque
2758 2702 2914 2754 Petro
2952 2702 3200 2771 principi
3226 2704 3427 2759 scilicet
3470 2707 3687 2774 aposto-

2067 2786 2262 2852 lorum,
2296 2789 2397 2843 tali
2431 2790 2678 2845 videlicet
2706 2794 2935 2862 ratione,
2969 2809 3071 2865 quo
3122 2798 3396 2852 vitatenus
3425 2812 3529 2851 usu
3558 2797 3702 2864 ἴτυς

2068 2880 2230 2930 antur
2255 2878 2589 2946 fructuaria,
2613 2896 2706 2936 nec
2732 2898 2844 2937 non
2860 2888 2981 2952 post
3007 2887 3306 2941 communis
3331 2887 3456 2939 vita:
3503 2883 3687 2938 deces-

352 2955 694 3025 Wichpertus
727 2957 982 3011 hactenus
1012 2956 1204 3011 habuit
1234 2959 1290 3011 in
1327 2958 1464 3012 villa
1497 2959 1785 3016 Walaham
1810 2961 1968 3031 vulgo
1996 3000 2045 3067 Ο
2067 2980 2190 3020 sum
2226 2969 2445 3022 ccenobii
2472 2972 2642 3024 nostri
2668 2972 3037 3040 subjiciantur
3081 2974 3335 3029 dominio.
3373 2976 3516 3031 Sane
3540 2988 3679 3043 pars

348 3044 513 3111 dicta,
546 3061 665 3100 cum
692 3048 910 3113 familia
929 3051 1144 3114 cognita
1167 3050 1573 3119 perpetualiter.

422 3133 595 3189 Annis
631 3150 764 3211 ergo
791 3136 916 3206 plus
971 3136 1226 3193 minusve
1259 3137 1437 3192 tribus
1475 3138 1529 3193 in
1566 3139 1835 3215 regimine
1857 3140 1970 3196 cla-

348 3229 486 3302 psis,
519 3229 864 3287 Heriwardus
892 3232 1060 3288 abbas
1105 3234 1353 3290 debitum
1394 3235 1560 3292 solvit
1587 3236 1968 3305 humanitatis,

351 3326 408 3375 et
443 3320 479 3376 5
508 3319 625 3376 Non
652 3320 777 3375 Maii
809 3322 1097 3393 appositus
1124 3324 1190 3378 ad
1238 3325 1503 3396 populum
1543 3343 1726 3395 suum,
1769 3327 1825 3382 in
1863 3342 1970 3384 tec-

352 3412 521 3471 clesia
548 3415 723 3471 sancti
762 3415 907 3471 Petri
938 3418 1148 3489 accepit
1180 3420 1472 3475 tumulum.

665 3505 749 3560 DE
770 3505 1054 3562 ERLUINO
1084 3507 1361 3563 JUNIOBE
1384 3508 1660 3566 ABBATE.

422 3596 516 3653 24.
551 3596 678 3668 (An.
710 3597 860 3667 991.)
899 3599 1113 3655 Tertius
1149 3594 1216 3655 ad
1257 3588 1636 3672 praelationem
1667 3601 1975 3659 Gemmela-

353 3689 537 3745 censis
574 3684 816 3746 cmnobii
845 3689 1054 3746 electus
1084 3698 1169 3747 est
1207 3692 1485 3761 Erluinus,
1534 3692 1733 3765 prioris
1765 3693 1973 3750 Erluini

353 3781 824 3854 consanguineus,
873 3789 928 3836 et
966 3783 1182 3839 decimo
1217 3783 1330 3838 Kal.
1378 3785 1625 3840 Januarii
1670 3785 1843 3841 abbas
1895 3792 1979 3842 est

355 3875 657 3931 ordinatus.
701 3876 750 3930 ls
780 3883 1045 3947 quantum
1093 3877 1159 3931 ad
1215 3878 1484 3946 seculum,
1527 3877 1722 3935 liberis
1778 3895 1979 3955 proge-

357 3966 634 4022 nitoribus
677 3974 764 4023 est
805 3977 980 4037 ortus,
1033 3985 1156 4024 nam
1192 3969 1448 4025 Erluinus
1499 3970 1976 4031 Cameracensium

357 4064 491 4114 tunc
515 4059 779 4130 temporis
807 4059 1106 4132 episcopus
1132 4062 1251 4131 ejus
1282 4060 1383 4117 fuit
1423 4063 1757 4131 avunculus;
1791 4080 1975 4136 quan-

358 4152 472 4201 tum
520 4163 651 4203 vero
682 4148 749 4202 ad
799 4149 969 4203 Deum
1002 4150 1057 4204 in
1099 4149 1385 4207 Gorziensi
1437 4152 1695 4208 coenobio
1738 4153 1976 4228 regulari

360 4239 701 4296 monachicae
727 4241 853 4296 vitae
885 4242 1181 4314 disciplina
1222 4243 1473 4315 adprime
1520 4245 1877 4312 exercitatus,
1908 4247 1979 4301 ad

359 4348 480 4389 eam
551 4335 830 4391 vivaciter.
866 4338 1244 4409 exequendam
1306 4339 1515 4394 utinam
1576 4347 1686 4395 tam
1740 4339 1978 4395 idoneus

360 4438 523 4495 quam
577 4422 919 4480 sufﬁcienter
973 4426 1304 4493 instructus;
1367 4428 1539 4499 Hujus
1579 4437 1827 4501 tempore
1879 4431 1976 4484 Ar-

359 4514 559 4570 noldus
578 4516 825 4588 quidam,
855 4517 938 4574 vir
968 4519 1193 4587 nobilis,
1226 4527 1437 4592 partem
1480 4521 1675 4592 praedii
1723 4521 1979 4577 Gemme-

357 4605 617 4675 lacensis,
658 4625 780 4680 quae
810 4625 876 4665 ex
909 4610 1033 4680 jure
1063 4612 1249 4667 uxoris
1287 4629 1400 4668 sua:
1442 4613 1726 4670 Richeldis
1757 4630 1817 4669 se
1845 4629 1981 4670 con-

357 4694 627 4769 tingebat,
654 4704 842 4753 sancto
872 4698 1031 4756 Petro
1060 4700 1317 4756 reddidit.
1377 4701 1658 4774 Siquidem
1690 4703 1981 4759 Heribran-

358 4786 482 4856 dus,
527 4790 623 4861 qui
689 4807 872 4847 rerum
937 4803 1249 4852 nostrarum
1309 4797 1523 4869 primus
1580 4799 1804 4855 invasor
1850 4797 1973 4866 fuit,

358 4877 678 4948 “ubertum,
725 4880 820 4952 qui
851 4882 1013 4955 vulgo
1058 4878 1276 4941 Hubézo
1306 4885 1628 4955 vocabatur,
1661 4903 1729 4942 ex
1758 4885 1972 4943 Renui-

355 4969 446 5038 de,
474 4986 664 5026 sorore
695 4972 882 5029 domni
915 4974 1247 5047 Wichperti,
1288 4977 1501 5050 genuit,
1541 4984 1597 5033 et
1641 4976 1782 5034 ﬁlias
1812 4980 1969 5048 duas,

357 5064 676 5122 Ricbeldem
705 5075 759 5123 et
789 5068 951 5124 aliam
1004 5070 1162 5139 cujus
1193 5087 1397 5128 nomen
1437 5073 1658 5132 excidit.
1703 5075 1870 5131 Porro
1901 5075 1972 5132 de

355 5157 652 5213 medietate
684 5159 1148 5215 Gemmelacensis
1188 5161 1326 5230 ﬁsci,
1359 5180 1546 5236 quam,
1592 5172 1654 5221 ut
1692 5181 1859 5238 supra
1886 5166 1970 5221 di-

355 5244 553 5315 ximus,
616 5247 987 5304 Heribrandus
1027 5248 1230 5320 injuste
1287 5254 1606 5323 repetierat,
1666 5255 1752 5309 his
1798 5255 1974 5311 tribus

355 5335 515 5391 tertia
543 5335 775 5409 singulis
807 5353 934 5408 pars
962 5336 1019 5391 in
1050 5330 1321 5394 divisidne
1352 5349 1702 5411 provenerat.
1738 5343 1863 5398 llaec
1894 5351 1977 5400 est

357 5425 519 5483 tertia
540 5443 664 5501 quae
686 5444 751 5484 ex
775 5428 899 5499 jure
923 5428 1111 5486 uxoris
1145 5430 1413 5508 Richildis
1444 5443 1686 5492 cesserat
1705 5435 1971 5504 Arnoldo,

428 5626 500 5665 ⁷³⁸
538 5627 809 5685 Richildis
842 5645 1006 5689 corr..
1043 5632 1324 5692 Richeldis
1359 5652 1404 5691 c.

2070 3062 2231 3116 totius
2256 3065 2609 3130 possessionis
2637 3065 2746 3120 Ιιωο
2777 3070 2885 3121 est:
2919 3068 3179 3138 quicquid
3216 3069 3409 3124 habere
3438 3070 3685 3125 dinosci-

2069 3156 2159 3208 tur
2196 3155 2255 3207 in
2282 3155 2512 3221 famulis
2559 3161 2609 3211 at
2653 3158 2965 3224 famulabus
3016 3163 3378 3229 communiter,
3418 3174 3537 3217 own
3574 3176 3689 3216 mo-

2071 3240 2285 3296 lendino
2316 3246 2531 3313 pariter
2557 3250 2606 3299 et
2618 3249 2827 3314 camba,
2867 3249 3114 3319 deinceps
3140 3254 3201 3305 in
3231 3254 3401 3322 agris,
3431 3253 3680 3319 culturis,

2070 3332 2228 3387 cultis
2269 3337 2316 3387 at
2345 3336 2590 3402 incultis,
2631 3338 2807 3406 silvis,
2827 3343 3030 3410 pratis,
3054 3344 3295 3413 pascuis,
3328 3346 3489 3414 aquis
3521 3359 3692 3413 aqua-

2070 3439 2254 3480 rumve
2282 3425 2618 3493 decursibus,
2658 3430 2893 3486 exitibus
2929 3434 3169 3499 viarum,
3213 3434 3444 3489 thelanei
3481 3450 3696 3505 quoque

2067 3523 2225 3589 parte
2253 3521 2465 3577 sibimet
2504 3523 2793 3591 accidente,
2839 3541 2958 3582 cum
2990 3530 3195 3584 caeteris
3222 3529 3378 3584 rebus
3410 3529 3692 3600 praedicta:

2069 3613 2400 3670 possessioni
2417 3613 2676 3669 subditis.

2140 3698 2229 3757 25.
2261 3701 2376 3756 Sub
2408 3702 2512 3759 hoc
2549 3703 2770 3760 Erluino
2818 3705 3019 3763 molliri
3060 3708 3228 3780 coepit
3257 3708 3564 3781 disciplina;
3596 3724 3688 3765 re-

2078 3793 2287 3867 gularis
2316 3795 2484 3869 rigor,
2515 3802 2571 3852 et
2596 3797 2859 3869 paulatim
2902 3807 3191 3873 tepescere
3232 3809 3435 3859 sanctae
3464 3818 3698 3860 conver-

2078 3885 2311 3945 sationis
2335 3888 2536 3961 fervor,
2565 3893 2693 3965 quia
2723 3909 2835 3950 non
2854 3895 3060 3953 multus
3088 3896 3148 3952 in
3171 3914 3238 3955 eo
3273 3906 3391 3955 erat
3412 3899 3576 3969 justas
3603 3914 3700 3955 se-

2077 3976 2326 4033 veritatis
2370 3978 2548 4054 vigor.
2604 3980 2738 4036 Nam
2790 3984 3183 4057 ecclesiasticis
3213 3987 3412 4056 jrebus,
3459 3993 3518 4042 ut
3560 4002 3698 4057 sepe

2079 4065 2285 4121 dictum
2314 4076 2417 4132 est,
2460 4069 2709 4142 undique
2736 4070 3038 4143 dissipatis,
3083 4083 3139 4130 et
3175 4076 3448 4132 reditibus
3498 4086 3552 4132 et
3596 4075 3703 4131 sli-

2078 4156 2301 4227 pendiis
2352 4157 2658 4227 minoratis,
2726 4162 3115 4220 attenuabatur
3168 4166 3333 4222 nimis
3376 4181 3565 4222 eorum
3605 4182 3698 4223 res

2081 4247 2388 4306 familiaris.
2412 4251 2603 4324 Itaque
2632 4252 2736 4309 sub
2759 4261 2990 4326 optentu
3022 4260 3359 4330 paupertatis
3381 4260 3511 4315 dum
3536 4261 3693 4334 quis-

2079 4352 2188 4410 que
2248 4338 2354 4392 sibi
2408 4340 2669 4410 consulit,
2717 4349 2773 4398 et
2826 4346 3135 4415 posthabita
3200 4350 3511 4405 communis
3565 4358 3695 4406 vna:

2080 4426 2368 4486 honestate
2402 4447 2514 4487 rem
2537 4433 2863 4491 familiarem
2883 4450 3085 4512 augere
3113 4441 3469 4510 peculiariter
3488 4440 3696 4515 quer-it,

2078 4524 2341 4582 vivebant
2373 4528 2522 4596 justo
2551 4530 2841 4599 licentius;
2875 4535 3020 4606 quod
3060 4540 3289 4593 omnino
3320 4553 3431 4594 non
3475 4537 3702 4609 expedit

2081 4616 2476 4671 monachorum
2519 4619 2829 4677 animabus.
2860 4622 2940 4677 Ita
2969 4622 3038 4678 de
3065 4627 3380 4683 sanctuario
3418 4627 3514 4682 Dei
3545 4628 3697 4683 unde

2081 4707 2257 4779 primo
2287 4724 2354 4763 ex
2400 4717 2590 4766 sancta
2631 4711 2688 4766 in
2742 4713 3103 4772 habitantium
3143 4719 3563 4775 conversatione
3591 4720 3697 4775 de-

2078 4794 2355 4853 lectabilis
2397 4799 2580 4855 exibat
2630 4801 2785 4867 odor,
2815 4803 2926 4873 jam
2960 4821 3108 4862 nunc
3138 4805 3365 4864 sinister
3405 4807 3691 4865 diffunde-

2075 4883 2238 4941 batur
2271 4903 2476 4957 rumor,
2510 4890 2604 4962 qui
2636 4905 3035 4965 nonnunquam
3076 4896 3223 4965 apud
3262 4911 3426 4953 aures
3477 4899 3693 4952 secula~

2074 4976 2214 5031 rium
2243 4977 2310 5032 ad
2343 4978 2715 5036 infamandam
2775 4982 2940 5038 vitam
2973 4992 3214 5040 nostram
3258 4986 3402 5043 solet
3440 5002 3565 5042 esse
3595 4985 3693 5042 in-

2073 5071 2416 5129 clementior.
2449 5073 2588 5148 Ergo
2644 5076 2900 5133 Erluinus
2942 5078 3132 5149 junior
3162 5085 3466 5153 postquam
3518 5092 3695 5136 annos

2074 5161 2199 5231 plus
2224 5177 2388 5232 quam
2426 5163 2496 5217 23
2546 5164 2648 5220 sub
2691 5166 2916 5222 nomine
2971 5169 3355 5238 pastoralitatis
3393 5169 3597 5244 exegit,
3636 5170 3691 5223 7.

2076 5251 2302 5308 Kalend.
2326 5254 2473 5311 Junii
2506 5257 2614 5313 vita
2639 5258 2877 5315 decessit
2907 5259 3039 5332 (An.
3064 5262 3240 5334 1012),
3274 5273 3330 5319 et
3358 5263 3416 5318 in
3438 5263 3692 5319 ecclesia

2075 5347 2250 5401 sancti
2278 5346 2421 5403 Petri
2438 5348 2592 5417 juxta
2622 5353 3092 5422 praedecessorum
3119 5370 3281 5411 suum
3314 5354 3689 5413 Heriwardum
3776 5352 3783 5357 ’

2077 5438 2338 5495 tumulari
2370 5441 2589 5500 meruit.

1713 5542 1932 5600 VARIIE
1971 5543 2348 5603 LECTIONES.
