  <div class='ocr_page' id='page_1' title='image "/cluster/home/n/w/nwhite01/storage/ocr_20150623/160/hvd.32044054760186/314.png"; bbox 0 0 3934 6054; ppageno 0'>
   <div class='ocr_carea' id='block_1_1' title="bbox 235 287 339 343">
    <p class='ocr_par' dir='ltr' id='par_1_1' title="bbox 235 287 339 343">
     <span class='ocr_line' id='line_1_1' title="bbox 235 287 339 343; baseline -0.019 0"><span class='ocrx_word' id='word_1_1' title='bbox 235 287 339 343; x_wconf 82' lang='grc'><strong>617</strong></span> 
     </span>
    </p>
   </div>
   <div class='ocr_carea' id='block_1_2' title="bbox 685 415 1406 472">
    <p class='ocr_par' dir='ltr' id='par_1_2' title="bbox 685 415 1406 472">
     <span class='ocr_line' id='line_1_2' title="bbox 685 415 1406 472; baseline 0.001 -1"><span class='ocrx_word' id='word_1_2' title='bbox 685 415 767 471; x_wconf 87' lang='lat' dir='ltr'><strong>DE</strong></span> <span class='ocrx_word' id='word_1_3' title='bbox 799 415 1095 472; x_wconf 68' lang='grc' dir='ltr'><strong>ου)Εῆτο</strong></span> <span class='ocrx_word' id='word_1_4' title='bbox 1134 417 1406 472; x_wconf 86' lang='grc' dir='ltr'><strong>ΑΒΒΑΤΕ.</strong></span> 
     </span>
    </p>
   </div>
   <div class='ocr_carea' id='block_1_3' title="bbox 305 506 1856 566">
    <p class='ocr_par' dir='ltr' id='par_1_3' title="bbox 305 506 1856 566">
     <span class='ocr_line' id='line_1_3' title="bbox 305 506 1856 566; baseline 0.001 -4"><span class='ocrx_word' id='word_1_5' title='bbox 305 507 396 564; x_wconf 78' lang='lat'><strong>26.</strong></span> <span class='ocrx_word' id='word_1_6' title='bbox 443 506 551 562; x_wconf 89' lang='lat' dir='ltr'><strong>Sed</strong></span> <span class='ocrx_word' id='word_1_7' title='bbox 603 507 896 563; x_wconf 91' lang='lat' dir='ltr'><strong>miserator</strong></span> <span class='ocrx_word' id='word_1_8' title='bbox 941 508 1207 566; x_wconf 87' lang='lat' dir='ltr'><strong>Dominus</strong></span> <span class='ocrx_word' id='word_1_9' title='bbox 1261 509 1370 566; x_wconf 91' lang='lat' dir='ltr'><strong>cito</strong></span> <span class='ocrx_word' id='word_1_10' title='bbox 1410 511 1603 566; x_wconf 92' lang='lat' dir='ltr'><strong>oculos</strong></span> <span class='ocrx_word' id='word_1_11' title='bbox 1643 511 1856 565; x_wconf 88' lang='lat' dir='ltr'><strong>miseri-</strong></span> 
     </span>
    </p>
   </div>
   <div class='ocr_carea' id='block_1_4' title="bbox 239 599 1857 671">
    <p class='ocr_par' dir='ltr' id='par_1_4' title="bbox 239 599 1857 671">
     <span class='ocr_line' id='line_1_4' title="bbox 239 599 1857 671; baseline 0 -15"><span class='ocrx_word' id='word_1_12' title='bbox 239 599 442 656; x_wconf 81' lang='lat' dir='ltr'><strong>cordiae</strong></span> <span class='ocrx_word' id='word_1_13' title='bbox 473 615 586 654; x_wconf 68' lang='lat' dir='ltr'><strong>suae</strong></span> <span class='ocrx_word' id='word_1_14' title='bbox 612 600 846 671; x_wconf 89' lang='lat' dir='ltr'><strong>aperuit,</strong></span> <span class='ocrx_word' id='word_1_15' title='bbox 871 601 1352 666; x_wconf 86' lang='lat' dir='ltr'><strong>etinterventu,ut</strong></span> <span class='ocrx_word' id='word_1_16' title='bbox 1381 602 1680 669; x_wconf 83' lang='lat' dir='ltr'><strong>credimus,</strong></span> <span class='ocrx_word' id='word_1_17' title='bbox 1714 602 1857 658; x_wconf 84' lang='lat' dir='ltr'><strong>servi</strong></span> 
     </span>
    </p>
   </div>
   <div class='ocr_carea' id='block_1_5' title="bbox 237 690 1858 766">
    <p class='ocr_par' dir='ltr' id='par_1_5' title="bbox 237 690 1858 766">
     <span class='ocr_line' id='line_1_5' title="bbox 237 690 1858 766; baseline 0 -18"><span class='ocrx_word' id='word_1_18' title='bbox 237 691 322 748; x_wconf 89' lang='lat' dir='ltr'><strong>sui</strong></span> <span class='ocrx_word' id='word_1_19' title='bbox 375 690 678 763; x_wconf 88' lang='lat' dir='ltr'><strong>Wichperti</strong></span> <span class='ocrx_word' id='word_1_20' title='bbox 733 692 961 765; x_wconf 90' lang='lat' dir='ltr'><strong>dignum</strong></span> <span class='ocrx_word' id='word_1_21' title='bbox 1002 691 1192 749; x_wconf 90' lang='lat' dir='ltr'><strong>domui</strong></span> <span class='ocrx_word' id='word_1_22' title='bbox 1247 709 1360 749; x_wconf 68' lang='lat' dir='ltr'><strong>suae</strong></span> <span class='ocrx_word' id='word_1_23' title='bbox 1413 693 1858 766; x_wconf 82' lang='lat' dir='ltr'><strong>dispensatorem</strong></span> 
     </span>
    </p>
   </div>
   <div class='ocr_carea' id='block_1_6' title="bbox 237 781 1858 855">
    <p class='ocr_par' dir='ltr' id='par_1_6' title="bbox 237 781 1858 855">
     <span class='ocr_line' id='line_1_6' title="bbox 237 781 1858 855; baseline 0 -17"><span class='ocrx_word' id='word_1_24' title='bbox 237 781 502 855; x_wconf 81' lang='lat' dir='ltr'><strong>providit.</strong></span> <span class='ocrx_word' id='word_1_25' title='bbox 554 782 784 850; x_wconf 77' lang='lat' dir='ltr'><strong>Revera,</strong></span> <span class='ocrx_word' id='word_1_26' title='bbox 817 783 1063 855; x_wconf 89' lang='lat' dir='ltr'><strong>inquam,</strong></span> <span class='ocrx_word' id='word_1_27' title='bbox 1114 783 1550 840; x_wconf 90' lang='lat' dir='ltr'><strong>misericordiam</strong></span> <span class='ocrx_word' id='word_1_28' title='bbox 1601 786 1724 840; x_wconf 87' lang='lat' dir='ltr'><strong>coeli</strong></span> <span class='ocrx_word' id='word_1_29' title='bbox 1771 785 1858 840; x_wconf 90' lang='lat' dir='ltr'><strong>di-</strong></span> 
     </span>
    </p>
   </div>
   <div class='ocr_carea' id='block_1_7' title="bbox 237 872 1859 948">
    <p class='ocr_par' dir='ltr' id='par_1_7' title="bbox 237 872 1859 948">
     <span class='ocr_line' id='line_1_7' title="bbox 237 872 1859 948; baseline 0.001 -19"><span class='ocrx_word' id='word_1_30' title='bbox 237 872 607 940; x_wconf 87' lang='lat' dir='ltr'><strong>stillaverunt,</strong></span> <span class='ocrx_word' id='word_1_31' title='bbox 635 875 858 946; x_wconf 89' lang='lat' dir='ltr'><strong>quando</strong></span> <span class='ocrx_word' id='word_1_32' title='bbox 909 875 1191 946; x_wconf 88' lang='lat' dir='ltr'><strong>Olpertum</strong></span> <span class='ocrx_word' id='word_1_33' title='bbox 1249 875 1412 930; x_wconf 90' lang='lat' dir='ltr'><strong>nobis</strong></span> <span class='ocrx_word' id='word_1_34' title='bbox 1459 883 1716 948; x_wconf 91' lang='lat' dir='ltr'><strong>quartum</strong></span> <span class='ocrx_word' id='word_1_35' title='bbox 1759 877 1859 932; x_wconf 91' lang='lat' dir='ltr'><strong>ab-</strong></span> 
     </span>
    </p>
   </div>
   <div class='ocr_carea' id='block_1_8' title="bbox 239 963 1860 1040">
    <p class='ocr_par' dir='ltr' id='par_1_8' title="bbox 239 963 1860 1040">
     <span class='ocr_line' id='line_1_8' title="bbox 239 963 1860 1040; baseline 0.002 -21"><span class='ocrx_word' id='word_1_36' title='bbox 239 965 420 1020; x_wconf 91' lang='lat' dir='ltr'><strong>batem</strong></span> <span class='ocrx_word' id='word_1_37' title='bbox 445 963 708 1020; x_wconf 91' lang='lat' dir='ltr'><strong>substitui</strong></span> <span class='ocrx_word' id='word_1_38' title='bbox 739 965 1084 1040; x_wconf 86' lang='lat' dir='ltr'><strong>delegerunt.</strong></span> <span class='ocrx_word' id='word_1_39' title='bbox 1112 967 1187 1022; x_wconf 92' lang='lat' dir='ltr'><strong>De</strong></span> <span class='ocrx_word' id='word_1_40' title='bbox 1218 983 1284 1022; x_wconf 91' lang='lat' dir='ltr'><strong>eo</strong></span> <span class='ocrx_word' id='word_1_41' title='bbox 1313 983 1488 1039; x_wconf 88' lang='lat' dir='ltr'><strong>pauca</strong></span> <span class='ocrx_word' id='word_1_42' title='bbox 1518 968 1684 1023; x_wconf 90' lang='lat' dir='ltr'><strong>nobis</strong></span> <span class='ocrx_word' id='word_1_43' title='bbox 1714 983 1860 1040; x_wconf 67' lang='lat' dir='ltr'><strong>prae-</strong></span> 
     </span>
    </p>
   </div>
   <div class='ocr_carea' id='block_1_9' title="bbox 237 1055 1860 1134">
    <p class='ocr_par' dir='ltr' id='par_1_9' title="bbox 237 1055 1860 1134">
     <span class='ocr_line' id='line_1_9' title="bbox 237 1055 1860 1134; baseline 0.001 -22"><span class='ocrx_word' id='word_1_44' title='bbox 237 1055 463 1113; x_wconf 83' lang='lat' dir='ltr'><strong>libanda</strong></span> <span class='ocrx_word' id='word_1_45' title='bbox 499 1064 647 1113; x_wconf 91' lang='lat' dir='ltr'><strong>sunt.</strong></span> <span class='ocrx_word' id='word_1_46' title='bbox 685 1058 734 1113; x_wconf 90' lang='lat' dir='ltr'><strong>ls</strong></span> <span class='ocrx_word' id='word_1_47' title='bbox 771 1057 825 1112; x_wconf 91' lang='lat' dir='ltr'><strong>in</strong></span> <span class='ocrx_word' id='word_1_48' title='bbox 866 1057 1110 1114; x_wconf 82' lang='lat' dir='ltr'><strong>confinio</strong></span> <span class='ocrx_word' id='word_1_49' title='bbox 1164 1059 1506 1116; x_wconf 90' lang='lat' dir='ltr'><strong>Sambrensis</strong></span> <span class='ocrx_word' id='word_1_50' title='bbox 1552 1061 1679 1134; x_wconf 83' lang='lat' dir='ltr'><strong>pagi</strong></span> <span class='ocrx_word' id='word_1_51' title='bbox 1733 1060 1860 1116; x_wconf 85' lang='lat' dir='ltr'><strong>villa</strong></span> 
     </span>
    </p>
   </div>
   <div class='ocr_carea' id='block_1_10' title="bbox 239 1147 1857 1221">
    <p class='ocr_par' dir='ltr' id='par_1_10' title="bbox 239 1147 1857 1221">
     <span class='ocr_line' id='line_1_10' title="bbox 239 1147 1857 1221; baseline 0.001 -19"><span class='ocrx_word' id='word_1_52' title='bbox 239 1163 364 1220; x_wconf 66' lang='lat' dir='ltr'><strong>quae</strong></span> <span class='ocrx_word' id='word_1_53' title='bbox 395 1147 644 1204; x_wconf 91' lang='lat' dir='ltr'><strong>Lederna</strong></span> <span class='ocrx_word' id='word_1_54' title='bbox 667 1155 894 1203; x_wconf 81' lang='lat' dir='ltr'><strong>vocatur</strong></span> <span class='ocrx_word' id='word_1_55' title='bbox 919 1155 1082 1204; x_wconf 88' lang='lat' dir='ltr'><strong>natus</strong></span> <span class='ocrx_word' id='word_1_56' title='bbox 1101 1156 1204 1216; x_wconf 89' lang='lat' dir='ltr'><strong>est,</strong></span> <span class='ocrx_word' id='word_1_57' title='bbox 1239 1149 1559 1220; x_wconf 89' lang='lat' dir='ltr'><strong>parentibus</strong></span> <span class='ocrx_word' id='word_1_58' title='bbox 1590 1157 1857 1221; x_wconf 90' lang='lat' dir='ltr'><strong>quantum</strong></span> 
     </span>
    </p>
   </div>
   <div class='ocr_carea' id='block_1_11' title="bbox 239 1237 1862 1316">
    <p class='ocr_par' dir='ltr' id='par_1_11' title="bbox 239 1237 1862 1316">
     <span class='ocr_line' id='line_1_11' title="bbox 239 1237 1862 1316; baseline 0.001 -20"><span class='ocrx_word' id='word_1_59' title='bbox 239 1239 311 1296; x_wconf 89' lang='lat' dir='ltr'><strong>ad</strong></span> <span class='ocrx_word' id='word_1_60' title='bbox 333 1240 579 1296; x_wconf 87' lang='lat' dir='ltr'><strong>seculum</strong></span> <span class='ocrx_word' id='word_1_61' title='bbox 613 1255 722 1296; x_wconf 90' lang='lat' dir='ltr'><strong>non</strong></span> <span class='ocrx_word' id='word_1_62' title='bbox 748 1237 954 1296; x_wconf 85' lang='lat' dir='ltr'><strong>inﬁmis</strong></span> <span class='ocrx_word' id='word_1_63' title='bbox 979 1259 992 1308; x_wconf 87' lang='lat'><strong>;</strong></span> <span class='ocrx_word' id='word_1_64' title='bbox 1027 1248 1293 1313; x_wconf 89' lang='lat' dir='ltr'><strong>quantum</strong></span> <span class='ocrx_word' id='word_1_65' title='bbox 1325 1240 1393 1296; x_wconf 93' lang='lat' dir='ltr'><strong>ad</strong></span> <span class='ocrx_word' id='word_1_66' title='bbox 1419 1241 1608 1308; x_wconf 91' lang='lat' dir='ltr'><strong>Deum,</strong></span> <span class='ocrx_word' id='word_1_67' title='bbox 1634 1241 1862 1316; x_wconf 85' lang='lat' dir='ltr'><strong>religio-</strong></span> 
     </span>
    </p>
   </div>
   <div class='ocr_carea' id='block_1_12' title="bbox 239 1331 1862 1406">
    <p class='ocr_par' dir='ltr' id='par_1_12' title="bbox 239 1331 1862 1406">
     <span class='ocr_line' id='line_1_12' title="bbox 239 1331 1862 1406; baseline 0.001 -18"><span class='ocrx_word' id='word_1_68' title='bbox 239 1331 338 1389; x_wconf 91' lang='lat' dir='ltr'><strong>sis.</strong></span> <span class='ocrx_word' id='word_1_69' title='bbox 374 1333 433 1387; x_wconf 93' lang='lat' dir='ltr'><strong>In</strong></span> <span class='ocrx_word' id='word_1_70' title='bbox 453 1333 710 1389; x_wconf 66' lang='lat' dir='ltr'><strong>caenobio</strong></span> <span class='ocrx_word' id='word_1_71' title='bbox 743 1333 1037 1389; x_wconf 89' lang='lat' dir='ltr'><strong>Laubiensi</strong></span> <span class='ocrx_word' id='word_1_72' title='bbox 1063 1333 1293 1406; x_wconf 77' lang='lat' dir='ltr'><strong>a‘puero</strong></span> <span class='ocrx_word' id='word_1_73' title='bbox 1323 1333 1378 1389; x_wconf 92' lang='lat' dir='ltr'><strong>in</strong></span> <span class='ocrx_word' id='word_1_74' title='bbox 1419 1333 1712 1405; x_wconf 87' lang='lat' dir='ltr'><strong>disciplina</strong></span> <span class='ocrx_word' id='word_1_75' title='bbox 1741 1351 1862 1390; x_wconf 88' lang='lat' dir='ltr'><strong>mo-</strong></span> 
     </span>
    </p>
   </div>
   <div class='ocr_carea' id='block_1_13' title="bbox 235 1421 1858 1496">
    <p class='ocr_par' dir='ltr' id='par_1_13' title="bbox 235 1421 1858 1496">
     <span class='ocr_line' id='line_1_13' title="bbox 235 1421 1858 1496; baseline 0.001 -20"><span class='ocrx_word' id='word_1_76' title='bbox 235 1421 469 1478; x_wconf 88' lang='lat' dir='ltr'><strong>nachica</strong></span> <span class='ocrx_word' id='word_1_77' title='bbox 509 1421 837 1496; x_wconf 79' lang='lat' dir='ltr'><strong>regulariter</strong></span> <span class='ocrx_word' id='word_1_78' title='bbox 867 1423 1126 1490; x_wconf 85' lang='lat' dir='ltr'><strong>nutritus,</strong></span> <span class='ocrx_word' id='word_1_79' title='bbox 1160 1429 1216 1478; x_wconf 93' lang='lat' dir='ltr'><strong>et</strong></span> <span class='ocrx_word' id='word_1_80' title='bbox 1246 1423 1301 1478; x_wconf 91' lang='lat' dir='ltr'><strong>in</strong></span> <span class='ocrx_word' id='word_1_81' title='bbox 1329 1423 1530 1478; x_wconf 91' lang='lat' dir='ltr'><strong>studiis</strong></span> <span class='ocrx_word' id='word_1_82' title='bbox 1553 1422 1858 1478; x_wconf 86' lang='lat' dir='ltr'><strong>litterarum</strong></span> 
     </span>
    </p>
   </div>
   <div class='ocr_carea' id='block_1_14' title="bbox 1327 289 2494 352">
    <p class='ocr_par' dir='ltr' id='par_1_14' title="bbox 1327 289 2494 352">
     <span class='ocr_line' id='line_1_14' title="bbox 1327 289 2494 352; baseline 0.004 -8"><span class='ocrx_word' id='word_1_83' title='bbox 1327 289 1533 345; x_wconf 87' lang='lat' dir='ltr'><strong>GESTA</strong></span> <span class='ocrx_word' id='word_1_84' title='bbox 1576 290 1880 346; x_wconf 81' lang='lat' dir='ltr'><strong>ABBATUM</strong></span> <span class='ocrx_word' id='word_1_85' title='bbox 1923 291 2494 352; x_wconf 81' lang='lat' dir='ltr'><strong>GEMBLACENSIUM.</strong></span> 
     </span>
    </p>
   </div>
   <div class='ocr_carea' id='block_1_15' title="bbox 3469 301 3578 357">
    <p class='ocr_par' dir='ltr' id='par_1_15' title="bbox 3469 301 3578 357">
     <span class='ocr_line' id='line_1_15' title="bbox 3469 301 3578 357; baseline 0.009 -1"><span class='ocrx_word' id='word_1_86' title='bbox 3469 301 3578 357; x_wconf 81' lang='grc'><strong>618</strong></span> 
     </span>
    </p>
   </div>
   <div class='ocr_carea' id='block_1_16' title="bbox 1884 422 3579 497">
    <p class='ocr_par' dir='ltr' id='par_1_16' title="bbox 1884 422 3579 497">
     <span class='ocr_line' id='line_1_16' title="bbox 1884 422 3579 497; baseline 0.007 -19"><span class='ocrx_word' id='word_1_87' title='bbox 1884 424 1934 494; x_wconf 83' lang='grc' dir='ltr'><strong>Α</strong></span> <span class='ocrx_word' id='word_1_88' title='bbox 1959 422 2046 491; x_wconf 87' lang='lat' dir='ltr'><strong>tit,</strong></span> <span class='ocrx_word' id='word_1_89' title='bbox 2077 425 2226 496; x_wconf 90' lang='lat' dir='ltr'><strong>quod</strong></span> <span class='ocrx_word' id='word_1_90' title='bbox 2263 425 2358 481; x_wconf 90' lang='lat' dir='ltr'><strong>illa</strong></span> <span class='ocrx_word' id='word_1_91' title='bbox 2386 431 2545 482; x_wconf 71' lang='lat' dir='ltr'><strong>aetate</strong></span> <span class='ocrx_word' id='word_1_92' title='bbox 2567 425 2624 482; x_wconf 88' lang='lat' dir='ltr'><strong>in</strong></span> <span class='ocrx_word' id='word_1_93' title='bbox 2645 427 3040 497; x_wconf 82' lang='lat' dir='ltr'><strong>scripturarum</strong></span> <span class='ocrx_word' id='word_1_94' title='bbox 3071 428 3383 487; x_wconf 79' lang='lat' dir='ltr'><strong>eruditione</strong></span> <span class='ocrx_word' id='word_1_95' title='bbox 3415 432 3579 490; x_wconf 85' lang='lat' dir='ltr'><strong>unice</strong></span> 
     </span>
    </p>
   </div>
   <div class='ocr_carea' id='block_1_17' title="bbox 1960 512 3580 592">
    <p class='ocr_par' dir='ltr' id='par_1_17' title="bbox 1960 512 3580 592">
     <span class='ocr_line' id='line_1_17' title="bbox 1960 512 3580 592; baseline 0.006 -24"><span class='ocrx_word' id='word_1_96' title='bbox 1960 512 2274 570; x_wconf 84' lang='lat' dir='ltr'><strong>clarueruit.</strong></span> <span class='ocrx_word' id='word_1_97' title='bbox 2307 514 2462 580; x_wconf 84' lang='lat' dir='ltr'><strong>Quod</strong></span> <span class='ocrx_word' id='word_1_98' title='bbox 2501 515 2588 572; x_wconf 91' lang='lat' dir='ltr'><strong>vel</strong></span> <span class='ocrx_word' id='word_1_99' title='bbox 2644 516 2698 572; x_wconf 90' lang='lat' dir='ltr'><strong>in</strong></span> <span class='ocrx_word' id='word_1_100' title='bbox 2738 517 2846 574; x_wconf 86' lang='lat' dir='ltr'><strong>hoc</strong></span> <span class='ocrx_word' id='word_1_101' title='bbox 2900 517 3036 574; x_wconf 90' lang='lat' dir='ltr'><strong>satis</strong></span> <span class='ocrx_word' id='word_1_102' title='bbox 3093 518 3314 591; x_wconf 87' lang='lat' dir='ltr'><strong>probari</strong></span> <span class='ocrx_word' id='word_1_103' title='bbox 3355 521 3580 592; x_wconf 88' lang='lat' dir='ltr'><strong>poterit,</strong></span> 
     </span>
    </p>
   </div>
   <div class='ocr_carea' id='block_1_18' title="bbox 1961 605 3581 684">
    <p class='ocr_par' dir='ltr' id='par_1_18' title="bbox 1961 605 3581 684">
     <span class='ocr_line' id='line_1_18' title="bbox 1961 605 3581 684; baseline 0.007 -24"><span class='ocrx_word' id='word_1_104' title='bbox 1961 605 2108 678; x_wconf 89' lang='lat' dir='ltr'><strong>quod</strong></span> <span class='ocrx_word' id='word_1_105' title='bbox 2135 623 2276 678; x_wconf 92' lang='lat' dir='ltr'><strong>opus</strong></span> <span class='ocrx_word' id='word_1_106' title='bbox 2313 617 2515 664; x_wconf 71' lang='lat' dir='ltr'><strong>sanctae</strong></span> <span class='ocrx_word' id='word_1_107' title='bbox 2546 609 2810 666; x_wconf 59' lang='lat' dir='ltr'><strong>tecclesiae</strong></span> <span class='ocrx_word' id='word_1_108' title='bbox 2867 609 3032 666; x_wconf 89' lang='lat' dir='ltr'><strong>nimis</strong></span> <span class='ocrx_word' id='word_1_109' title='bbox 3084 611 3218 668; x_wconf 91' lang='lat' dir='ltr'><strong>utile</strong></span> <span class='ocrx_word' id='word_1_110' title='bbox 3258 611 3581 684; x_wconf 85' lang='lat' dir='ltr'><strong>elaboravit,</strong></span> 
     </span>
    </p>
   </div>
   <div class='ocr_carea' id='block_1_19' title="bbox 1961 697 3577 781">
    <p class='ocr_par' dir='ltr' id='par_1_19' title="bbox 1961 697 3577 781">
     <span class='ocr_line' id='line_1_19' title="bbox 1961 697 3577 781; baseline 0.007 -28"><span class='ocrx_word' id='word_1_111' title='bbox 1961 697 2090 754; x_wconf 91' lang='lat' dir='ltr'><strong>dum</strong></span> <span class='ocrx_word' id='word_1_112' title='bbox 2121 699 2344 757; x_wconf 90' lang='lat' dir='ltr'><strong>Olberto</strong></span> <span class='ocrx_word' id='word_1_113' title='bbox 2371 702 2612 759; x_wconf 85' lang='lat' dir='ltr'><strong>dictante</strong></span> <span class='ocrx_word' id='word_1_114' title='bbox 2640 709 2695 760; x_wconf 91' lang='lat' dir='ltr'><strong>et</strong></span> <span class='ocrx_word' id='word_1_115' title='bbox 2743 703 3098 780; x_wconf 88' lang='lat' dir='ltr'><strong>magistrante</strong></span> <span class='ocrx_word' id='word_1_116' title='bbox 3137 721 3400 781; x_wconf 85' lang='lat' dir='ltr'><strong>magnum</strong></span> <span class='ocrx_word' id='word_1_117' title='bbox 3441 705 3577 764; x_wconf 91' lang='lat' dir='ltr'><strong>illud</strong></span> 
     </span>
    </p>
   </div>
   <div class='ocr_carea' id='block_1_20' title="bbox 1961 793 3576 870">
    <p class='ocr_par' dir='ltr' id='par_1_20' title="bbox 1961 793 3576 870">
     <span class='ocr_line' id='line_1_20' title="bbox 1961 793 3576 870; baseline 0.005 -24"><span class='ocrx_word' id='word_1_118' title='bbox 1961 807 2236 848; x_wconf 88' lang='lat' dir='ltr'><strong>canonum</strong></span> <span class='ocrx_word' id='word_1_119' title='bbox 2283 793 2542 850; x_wconf 80' lang='lat' dir='ltr'><strong>volumen</strong></span> <span class='ocrx_word' id='word_1_120' title='bbox 2591 796 2976 863; x_wconf 90' lang='lat' dir='ltr'><strong>centonizavit,</strong></span> <span class='ocrx_word' id='word_1_121' title='bbox 3031 804 3090 852; x_wconf 87' lang='lat' dir='ltr'><strong>et</strong></span> <span class='ocrx_word' id='word_1_122' title='bbox 3130 796 3287 870; x_wconf 90' lang='lat' dir='ltr'><strong>quasi</strong></span> <span class='ocrx_word' id='word_1_123' title='bbox 3327 797 3576 854; x_wconf 85' lang='lat' dir='ltr'><strong>collectis</strong></span> 
     </span>
    </p>
   </div>
   <div class='ocr_carea' id='block_1_21' title="bbox 1962 879 3576 961">
    <p class='ocr_par' dir='ltr' id='par_1_21' title="bbox 1962 879 3576 961">
     <span class='ocr_line' id='line_1_21' title="bbox 1962 879 3576 961; baseline 0.006 -28"><span class='ocrx_word' id='word_1_124' title='bbox 1962 879 2191 936; x_wconf 79' lang='lat' dir='ltr'><strong>floribus</strong></span> <span class='ocrx_word' id='word_1_125' title='bbox 2223 883 2567 945; x_wconf 86' lang='lat' dir='ltr'><strong>omniformis</strong></span> <span class='ocrx_word' id='word_1_126' title='bbox 2605 887 2828 961; x_wconf 82' lang='lat' dir='ltr'><strong>generis</strong></span> <span class='ocrx_word' id='word_1_127' title='bbox 2867 885 2938 942; x_wconf 88' lang='lat' dir='ltr'><strong>de</strong></span> <span class='ocrx_word' id='word_1_128' title='bbox 2985 893 3142 958; x_wconf 90' lang='lat' dir='ltr'><strong>prato</strong></span> <span class='ocrx_word' id='word_1_129' title='bbox 3179 885 3576 958; x_wconf 81' lang='lat' dir='ltr'><strong>scripturarum</strong></span> 
     </span>
    </p>
   </div>
   <div class='ocr_carea' id='block_1_22' title="bbox 1961 972 3575 1046">
    <p class='ocr_par' dir='ltr' id='par_1_22' title="bbox 1961 972 3575 1046">
     <span class='ocr_line' id='line_1_22' title="bbox 1961 972 3575 1046; baseline 0.006 -23"><span class='ocrx_word' id='word_1_130' title='bbox 1961 984 2220 1025; x_wconf 86' lang='lat' dir='ltr'><strong>coronam</strong></span> <span class='ocrx_word' id='word_1_131' title='bbox 2249 972 2620 1043; x_wconf 89' lang='lat' dir='ltr'><strong>preciosorem</strong></span> <span class='ocrx_word' id='word_1_132' title='bbox 2651 989 2785 1030; x_wconf 87' lang='lat' dir='ltr'><strong>auro</strong></span> <span class='ocrx_word' id='word_1_133' title='bbox 2826 983 2882 1030; x_wconf 89' lang='lat' dir='ltr'><strong>et</strong></span> <span class='ocrx_word' id='word_1_134' title='bbox 2907 973 3124 1046; x_wconf 89' lang='lat' dir='ltr'><strong>topazio</strong></span> <span class='ocrx_word' id='word_1_135' title='bbox 3175 974 3236 1032; x_wconf 90' lang='lat' dir='ltr'><strong>in</strong></span> <span class='ocrx_word' id='word_1_136' title='bbox 3265 974 3432 1032; x_wconf 67' lang='lat' dir='ltr'><strong>aedito</strong></span> <span class='ocrx_word' id='word_1_137' title='bbox 3459 991 3575 1033; x_wconf 83' lang='lat' dir='ltr'><strong>aec-</strong></span> 
     </span>
    </p>
   </div>
   <div class='ocr_carea' id='block_1_23' title="bbox 1961 1061 3576 1139">
    <p class='ocr_par' dir='ltr' id='par_1_23' title="bbox 1961 1061 3576 1139">
     <span class='ocr_line' id='line_1_23' title="bbox 1961 1061 3576 1139; baseline 0.006 -22"><span class='ocrx_word' id='word_1_138' title='bbox 1961 1061 2146 1118; x_wconf 85' lang='lat' dir='ltr'><strong>clesiae</strong></span> <span class='ocrx_word' id='word_1_139' title='bbox 2201 1065 2507 1121; x_wconf 88' lang='lat' dir='ltr'><strong>collocavit.</strong></span> <span class='ocrx_word' id='word_1_140' title='bbox 2569 1067 2870 1139; x_wconf 87' lang='lat' dir='ltr'><strong>Episcopus</strong></span> <span class='ocrx_word' id='word_1_141' title='bbox 2905 1067 3000 1123; x_wconf 93' lang='lat' dir='ltr'><strong>ubi</strong></span> <span class='ocrx_word' id='word_1_142' title='bbox 3066 1068 3210 1124; x_wconf 90' lang='lat' dir='ltr'><strong>votis</strong></span> <span class='ocrx_word' id='word_1_143' title='bbox 3253 1069 3368 1126; x_wconf 88' lang='lat' dir='ltr'><strong>suis</strong></span> <span class='ocrx_word' id='word_1_144' title='bbox 3415 1069 3576 1126; x_wconf 90' lang='lat' dir='ltr'><strong>satis-</strong></span> 
     </span>
    </p>
   </div>
   <div class='ocr_carea' id='block_1_24' title="bbox 1961 1148 3578 1236">
    <p class='ocr_par' dir='ltr' id='par_1_24' title="bbox 1961 1148 3578 1236">
     <span class='ocr_line' id='line_1_24' title="bbox 1961 1148 3578 1236; baseline 0.01 -31"><span class='ocrx_word' id='word_1_145' title='bbox 1961 1148 2162 1206; x_wconf 81' lang='lat' dir='ltr'><strong>factum</strong></span> <span class='ocrx_word' id='word_1_146' title='bbox 2217 1167 2340 1208; x_wconf 90' lang='lat' dir='ltr'><strong>esse</strong></span> <span class='ocrx_word' id='word_1_147' title='bbox 2391 1155 2608 1224; x_wconf 88' lang='lat' dir='ltr'><strong>sensit,</strong></span> <span class='ocrx_word' id='word_1_148' title='bbox 2672 1157 2936 1234; x_wconf 88' lang='lat' dir='ltr'><strong>magistro</strong></span> <span class='ocrx_word' id='word_1_149' title='bbox 2991 1159 3272 1232; x_wconf 89' lang='lat' dir='ltr'><strong>Optionem</strong></span> <span class='ocrx_word' id='word_1_150' title='bbox 3335 1165 3578 1236; x_wconf 82' lang='lat' dir='ltr'><strong>optulit,</strong></span> 
     </span>
    </p>
   </div>
   <div class='ocr_carea' id='block_1_25' title="bbox 1961 1243 3578 1310">
    <p class='ocr_par' dir='ltr' id='par_1_25' title="bbox 1961 1243 3578 1310">
     <span class='ocr_line' id='line_1_25' title="bbox 1961 1243 3578 1310; baseline 0.009 -15"><span class='ocrx_word' id='word_1_151' title='bbox 1961 1247 2145 1296; x_wconf 90' lang='lat' dir='ltr'><strong>utrum</strong></span> <span class='ocrx_word' id='word_1_152' title='bbox 2179 1243 2364 1299; x_wconf 86' lang='lat' dir='ltr'><strong>mallet</strong></span> <span class='ocrx_word' id='word_1_153' title='bbox 2403 1261 2588 1300; x_wconf 90' lang='lat' dir='ltr'><strong>secum</strong></span> <span class='ocrx_word' id='word_1_154' title='bbox 2615 1245 2671 1300; x_wconf 92' lang='lat' dir='ltr'><strong>in</strong></span> <span class='ocrx_word' id='word_1_155' title='bbox 2698 1247 2912 1303; x_wconf 91' lang='lat' dir='ltr'><strong>honore</strong></span> <span class='ocrx_word' id='word_1_156' title='bbox 2943 1254 2998 1304; x_wconf 91' lang='lat' dir='ltr'><strong>et</strong></span> <span class='ocrx_word' id='word_1_157' title='bbox 3026 1249 3267 1306; x_wconf 88' lang='lat' dir='ltr'><strong>amicitia</strong></span> <span class='ocrx_word' id='word_1_158' title='bbox 3290 1267 3578 1310; x_wconf 90' lang='lat' dir='ltr'><strong>remanere</strong></span> 
     </span>
    </p>
   </div>
   <div class='ocr_carea' id='block_1_26' title="bbox 1963 1330 3580 1415">
    <p class='ocr_par' dir='ltr' id='par_1_26' title="bbox 1963 1330 3580 1415">
     <span class='ocr_line' id='line_1_26' title="bbox 1963 1330 3580 1415; baseline 0.009 -31"><span class='ocrx_word' id='word_1_159' title='bbox 1963 1345 2031 1384; x_wconf 89' lang='lat' dir='ltr'><strong>an</strong></span> <span class='ocrx_word' id='word_1_160' title='bbox 2059 1330 2128 1385; x_wconf 88' lang='lat' dir='ltr'><strong>ad</strong></span> <span class='ocrx_word' id='word_1_161' title='bbox 2155 1347 2284 1388; x_wconf 90' lang='lat' dir='ltr'><strong>suos</strong></span> <span class='ocrx_word' id='word_1_162' title='bbox 2309 1335 2627 1405; x_wconf 86' lang='lat' dir='ltr'><strong>repatriare.</strong></span> <span class='ocrx_word' id='word_1_163' title='bbox 2653 1334 2751 1392; x_wconf 90' lang='lat' dir='ltr'><strong>Ille</strong></span> <span class='ocrx_word' id='word_1_164' title='bbox 2777 1337 2946 1410; x_wconf 90' lang='lat' dir='ltr'><strong>elegit</strong></span> <span class='ocrx_word' id='word_1_165' title='bbox 2965 1337 3284 1410; x_wconf 87' lang='lat' dir='ltr'><strong>repatriare,</strong></span> <span class='ocrx_word' id='word_1_166' title='bbox 3315 1341 3447 1413; x_wconf 88' lang='lat' dir='ltr'><strong>quia</strong></span> <span class='ocrx_word' id='word_1_167' title='bbox 3465 1342 3580 1415; x_wconf 87' lang='lat' dir='ltr'><strong>pla-</strong></span> 
     </span>
    </p>
   </div>
   <div class='ocr_carea' id='block_1_27' title="bbox 1962 1424 3580 1509">
    <p class='ocr_par' dir='ltr' id='par_1_27' title="bbox 1962 1424 3580 1509">
     <span class='ocr_line' id='line_1_27' title="bbox 1962 1424 3580 1509; baseline 0.007 -29"><span class='ocrx_word' id='word_1_168' title='bbox 1962 1424 2076 1480; x_wconf 89' lang='lat' dir='ltr'><strong>cuit</strong></span> <span class='ocrx_word' id='word_1_169' title='bbox 2112 1424 2224 1509; x_wconf 88' lang='lat' dir='ltr'><strong>Deo</strong></span> <span class='ocrx_word' id='word_1_170' title='bbox 2255 1425 2329 1480; x_wconf 87' lang='lat' dir='ltr'><strong>ita</strong></span> <span class='ocrx_word' id='word_1_171' title='bbox 2370 1442 2469 1498; x_wconf 93' lang='lat' dir='ltr'><strong>pro</strong></span> <span class='ocrx_word' id='word_1_172' title='bbox 2513 1427 2678 1484; x_wconf 91' lang='lat' dir='ltr'><strong>nobis</strong></span> <span class='ocrx_word' id='word_1_173' title='bbox 2705 1428 3050 1501; x_wconf 76' lang='lat' dir='ltr'><strong>diapensare.</strong></span> <span class='ocrx_word' id='word_1_174' title='bbox 3092 1431 3232 1507; x_wconf 85' lang='lat' dir='ltr'><strong>Ergo</strong></span> <span class='ocrx_word' id='word_1_175' title='bbox 3272 1449 3397 1490; x_wconf 92' lang='lat' dir='ltr'><strong>cum</strong></span> <span class='ocrx_word' id='word_1_176' title='bbox 3451 1451 3580 1509; x_wconf 88' lang='lat' dir='ltr'><strong>gra-</strong></span> 
     </span>
    </p>
   </div>
   <div class='ocr_carea' id='block_1_28' title="bbox 238 1505 3586 1596">
    <p class='ocr_par' dir='ltr' id='par_1_28' title="bbox 238 1505 3586 1596">
     <span class='ocr_line' id='line_1_28' title="bbox 238 1505 3586 1596; baseline 0.004 -28"><span class='ocrx_word' id='word_1_177' title='bbox 238 1513 490 1586; x_wconf 89' lang='lat' dir='ltr'><strong>adprime</strong></span> <span class='ocrx_word' id='word_1_178' title='bbox 529 1513 802 1579; x_wconf 90' lang='lat' dir='ltr'><strong>eruditus,</strong></span> <span class='ocrx_word' id='word_1_179' title='bbox 835 1531 901 1570; x_wconf 85' lang='lat' dir='ltr'><strong>ex</strong></span> <span class='ocrx_word' id='word_1_180' title='bbox 921 1522 1184 1586; x_wconf 88' lang='lat' dir='ltr'><strong>provectu</strong></span> <span class='ocrx_word' id='word_1_181' title='bbox 1218 1529 1334 1571; x_wconf 62' lang='lat' dir='ltr'><strong>suae</strong></span> <span class='ocrx_word' id='word_1_182' title='bbox 1367 1515 1569 1571; x_wconf 89' lang='lat' dir='ltr'><strong>indolis</strong></span> <span class='ocrx_word' id='word_1_183' title='bbox 1595 1523 1862 1572; x_wconf 86' lang='lat' dir='ltr'><strong>monstra—</strong></span> <span class='ocrx_word' id='word_1_184' title='bbox 1905 1521 1911 1526; x_wconf 87' lang='lat'>&#39;</span> <span class='ocrx_word' id='word_1_185' title='bbox 1959 1505 2159 1571; x_wconf 84' lang='lat' dir='ltr'><strong>tiarum</strong></span> <span class='ocrx_word' id='word_1_186' title='bbox 2216 1517 2432 1574; x_wconf 89' lang='lat' dir='ltr'><strong>actione</strong></span> <span class='ocrx_word' id='word_1_187' title='bbox 2477 1518 2742 1592; x_wconf 90' lang='lat' dir='ltr'><strong>episcopo</strong></span> <span class='ocrx_word' id='word_1_188' title='bbox 2781 1519 3032 1579; x_wconf 89' lang='lat' dir='ltr'><strong>Baldrico</strong></span> <span class='ocrx_word' id='word_1_189' title='bbox 3071 1505 3382 1596; x_wconf 76' lang='lat' dir='ltr'><strong>remittitur,</strong></span> <span class='ocrx_word' id='word_1_190' title='bbox 3441 1505 3586 1582; x_wconf 72' lang='lat' dir='ltr'><strong>emi-</strong></span> 
     </span>
    </p>
   </div>
   <div class='ocr_carea' id='block_1_29' title="bbox 239 1603 1859 1680">
    <p class='ocr_par' dir='ltr' id='par_1_29' title="bbox 239 1603 1859 1680">
     <span class='ocr_line' id='line_1_29' title="bbox 239 1603 1859 1680; baseline 0.001 -20"><span class='ocrx_word' id='word_1_191' title='bbox 239 1603 336 1660; x_wconf 90' lang='lat' dir='ltr'><strong>bat</strong></span> <span class='ocrx_word' id='word_1_192' title='bbox 365 1603 546 1677; x_wconf 83' lang='lat' dir='ltr'><strong>qualis</strong></span> <span class='ocrx_word' id='word_1_193' title='bbox 581 1610 728 1660; x_wconf 86' lang='lat' dir='ltr'><strong>esset</strong></span> <span class='ocrx_word' id='word_1_194' title='bbox 781 1603 1022 1660; x_wconf 88' lang='lat' dir='ltr'><strong>futurus.</strong></span> <span class='ocrx_word' id='word_1_195' title='bbox 1063 1605 1161 1661; x_wconf 78' lang='lat' dir='ltr'><strong>ilic</strong></span> <span class='ocrx_word' id='word_1_196' title='bbox 1215 1605 1309 1661; x_wconf 92' lang='lat' dir='ltr'><strong>ubi</strong></span> <span class='ocrx_word' id='word_1_197' title='bbox 1356 1621 1423 1660; x_wconf 87' lang='lat' dir='ltr'><strong>ex</strong></span> <span class='ocrx_word' id='word_1_198' title='bbox 1465 1621 1562 1662; x_wconf 92' lang='lat' dir='ltr'><strong>ore</strong></span> <span class='ocrx_word' id='word_1_199' title='bbox 1615 1605 1859 1680; x_wconf 81' lang='lat' dir='ltr'><strong>Herigeri</strong></span> 
     </span>
    </p>
   </div>
   <div class='ocr_carea' id='block_1_30' title="bbox 1963 1608 3585 1689">
    <p class='ocr_par' dir='ltr' id='par_1_30' title="bbox 1963 1608 3585 1689">
     <span class='ocr_line' id='line_1_30' title="bbox 1963 1608 3585 1689; baseline 0.008 -27"><span class='ocrx_word' id='word_1_200' title='bbox 1963 1608 2151 1663; x_wconf 90' lang='lat' dir='ltr'><strong>nentia</strong></span> <span class='ocrx_word' id='word_1_201' title='bbox 2181 1608 2348 1666; x_wconf 92' lang='lat' dir='ltr'><strong>studii</strong></span> <span class='ocrx_word' id='word_1_202' title='bbox 2372 1619 2426 1667; x_wconf 85' lang='lat' dir='ltr'><strong>et</strong></span> <span class='ocrx_word' id='word_1_203' title='bbox 2451 1610 2740 1689; x_wconf 85' lang='lat' dir='ltr'><strong>religionis</strong></span> <span class='ocrx_word' id='word_1_204' title='bbox 2759 1611 2880 1684; x_wconf 86' lang='lat' dir='ltr'><strong>ejus</strong></span> <span class='ocrx_word' id='word_1_205' title='bbox 2910 1615 3260 1686; x_wconf 75' lang='lat' dir='ltr'><strong>praedicatur,</strong></span> <span class='ocrx_word' id='word_1_206' title='bbox 3287 1624 3342 1674; x_wconf 92' lang='lat' dir='ltr'><strong>et</strong></span> <span class='ocrx_word' id='word_1_207' title='bbox 3372 1635 3442 1675; x_wconf 91' lang='lat' dir='ltr'><strong>ne</strong></span> <span class='ocrx_word' id='word_1_208' title='bbox 3467 1617 3585 1675; x_wconf 86' lang='lat' dir='ltr'><strong>vice</strong></span> 
     </span>
    </p>
   </div>
   <div class='ocr_carea' id='block_1_31' title="bbox 245 1697 3584 1788">
    <p class='ocr_par' dir='ltr' id='par_1_31' title="bbox 245 1697 3584 1788">
     <span class='ocr_line' id='line_1_31' title="bbox 245 1697 3584 1788; baseline 0.004 -34"><span class='ocrx_word' id='word_1_209' title='bbox 245 1697 602 1756; x_wconf 88' lang='lat' dir='ltr'><strong>Lobiensium</strong></span> <span class='ocrx_word' id='word_1_210' title='bbox 633 1698 870 1766; x_wconf 85' lang='lat' dir='ltr'><strong>abbatis,</strong></span> <span class='ocrx_word' id='word_1_211' title='bbox 902 1698 1004 1755; x_wconf 91' lang='lat' dir='ltr'><strong>viri</strong></span> <span class='ocrx_word' id='word_1_212' title='bbox 1043 1714 1144 1756; x_wconf 94' lang='lat' dir='ltr'><strong>suo</strong></span> <span class='ocrx_word' id='word_1_213' title='bbox 1185 1706 1434 1771; x_wconf 89' lang='lat' dir='ltr'><strong>tempore</strong></span> <span class='ocrx_word' id='word_1_214' title='bbox 1465 1700 1864 1766; x_wconf 88' lang='lat' dir='ltr'><strong>dissertissimi,</strong></span> <span class='ocrx_word' id='word_1_215' title='bbox 1891 1699 2038 1788; x_wconf 64' lang='lat' dir='ltr'><strong>B733</strong></span> <span class='ocrx_word' id='word_1_216' title='bbox 2093 1699 2302 1757; x_wconf 92' lang='lat' dir='ltr'><strong>laboris</strong></span> <span class='ocrx_word' id='word_1_217' title='bbox 2346 1702 2432 1758; x_wconf 89' lang='lat' dir='ltr'><strong>sui</strong></span> <span class='ocrx_word' id='word_1_218' title='bbox 2485 1702 2795 1774; x_wconf 85' lang='lat' dir='ltr'><strong>frustretur,</strong></span> <span class='ocrx_word' id='word_1_219' title='bbox 2844 1704 3256 1764; x_wconf 78' lang='lat' dir='ltr'><strong>aﬂ&#39;ectuossime</strong></span> <span class='ocrx_word' id='word_1_220' title='bbox 3311 1710 3363 1766; x_wconf 93' lang='lat' dir='ltr'><strong>ei</strong></span> <span class='ocrx_word' id='word_1_221' title='bbox 3424 1725 3584 1767; x_wconf 89' lang='lat' dir='ltr'><strong>com-</strong></span> 
     </span>
    </p>
   </div>
   <div class='ocr_carea' id='block_1_32' title="bbox 242 1783 2281 1858">
    <p class='ocr_par' dir='ltr' id='par_1_32' title="bbox 242 1783 2281 1858">
     <span class='ocr_line' id='line_1_32' title="bbox 242 1783 2281 1858; baseline 0.003 -20"><span class='ocrx_word' id='word_1_222' title='bbox 242 1783 456 1856; x_wconf 87' lang='lat' dir='ltr'><strong>aliquid</strong></span> <span class='ocrx_word' id='word_1_223' title='bbox 488 1783 558 1840; x_wconf 94' lang='lat' dir='ltr'><strong>de</strong></span> <span class='ocrx_word' id='word_1_224' title='bbox 589 1785 900 1856; x_wconf 85' lang='lat' dir='ltr'><strong>septiformi</strong></span> <span class='ocrx_word' id='word_1_225' title='bbox 929 1801 1128 1858; x_wconf 87' lang='lat' dir='ltr'><strong>sapore</strong></span> <span class='ocrx_word' id='word_1_226' title='bbox 1158 1787 1358 1843; x_wconf 87' lang='lat' dir='ltr'><strong>artium</strong></span> <span class='ocrx_word' id='word_1_227' title='bbox 1387 1787 1552 1856; x_wconf 85' lang='lat' dir='ltr'><strong>bibit,</strong></span> <span class='ocrx_word' id='word_1_228' title='bbox 1575 1789 1724 1844; x_wconf 86' lang='lat' dir='ltr'><strong>sitim</strong></span> <span class='ocrx_word' id='word_1_229' title='bbox 1751 1794 1868 1844; x_wconf 89' lang='lat' dir='ltr'><strong>stu-</strong></span> <span class='ocrx_word' id='word_1_230' title='bbox 1895 1783 1938 1788; x_wconf 68' lang='grc'><strong>”</strong></span> <span class='ocrx_word' id='word_1_231' title='bbox 1971 1788 2281 1845; x_wconf 89' lang='lat' dir='ltr'><strong>mendatur.</strong></span> 
     </span>
    </p>
   </div>
   <div class='ocr_carea' id='block_1_33' title="bbox 247 1878 1869 1956">
    <p class='ocr_par' dir='ltr' id='par_1_33' title="bbox 247 1878 1869 1956">
     <span class='ocr_line' id='line_1_33' title="bbox 247 1878 1869 1956; baseline 0.003 -22"><span class='ocrx_word' id='word_1_232' title='bbox 247 1878 326 1935; x_wconf 92' lang='lat' dir='ltr'><strong>dii</strong></span> <span class='ocrx_word' id='word_1_233' title='bbox 358 1879 444 1936; x_wconf 89' lang='lat' dir='ltr'><strong>sui</strong></span> <span class='ocrx_word' id='word_1_234' title='bbox 478 1880 801 1955; x_wconf 81' lang='lat' dir='ltr'><strong>extinguere</strong></span> <span class='ocrx_word' id='word_1_235' title='bbox 847 1896 958 1937; x_wconf 90' lang='lat' dir='ltr'><strong>non</strong></span> <span class='ocrx_word' id='word_1_236' title='bbox 993 1883 1188 1952; x_wconf 91' lang='lat' dir='ltr'><strong>potuit.</strong></span> <span class='ocrx_word' id='word_1_237' title='bbox 1223 1881 1352 1939; x_wconf 88' lang='lat' dir='ltr'><strong>[deo</strong></span> <span class='ocrx_word' id='word_1_238' title='bbox 1381 1883 1580 1939; x_wconf 90' lang='lat' dir='ltr'><strong>ubiubi</strong></span> <span class='ocrx_word' id='word_1_239' title='bbox 1628 1883 1869 1956; x_wconf 88' lang='lat' dir='ltr'><strong>aliquem</strong></span> 
     </span>
    </p>
   </div>
   <div class='ocr_carea' id='block_1_34' title="bbox 242 1971 1870 2048">
    <p class='ocr_par' dir='ltr' id='par_1_34' title="bbox 242 1971 1870 2048">
     <span class='ocr_line' id='line_1_34' title="bbox 242 1971 1870 2048; baseline 0.002 -20"><span class='ocrx_word' id='word_1_240' title='bbox 242 1971 299 2028; x_wconf 89' lang='lat' dir='ltr'><strong>in</strong></span> <span class='ocrx_word' id='word_1_241' title='bbox 341 1972 570 2028; x_wconf 90' lang='lat' dir='ltr'><strong>scientia</strong></span> <span class='ocrx_word' id='word_1_242' title='bbox 621 1972 818 2028; x_wconf 89' lang='lat' dir='ltr'><strong>artium</strong></span> <span class='ocrx_word' id='word_1_243' title='bbox 866 1973 1090 2048; x_wconf 79' lang='lat' dir='ltr'><strong>egregie</strong></span> <span class='ocrx_word' id='word_1_244' title='bbox 1147 1991 1260 2046; x_wconf 78' lang='lat' dir='ltr'><strong>prae</strong></span> <span class='ocrx_word' id='word_1_245' title='bbox 1297 1975 1513 2031; x_wconf 72' lang='lat' dir='ltr'><strong>caeteris</strong></span> <span class='ocrx_word' id='word_1_246' title='bbox 1557 1976 1742 2031; x_wconf 89' lang='lat' dir='ltr'><strong>valere</strong></span> <span class='ocrx_word' id='word_1_247' title='bbox 1771 1992 1870 2030; x_wconf 86' lang='lat' dir='ltr'><strong>au-</strong></span> 
     </span>
    </p>
   </div>
   <div class='ocr_carea' id='block_1_35' title="bbox 241 2063 1868 2139">
    <p class='ocr_par' dir='ltr' id='par_1_35' title="bbox 241 2063 1868 2139">
     <span class='ocr_line' id='line_1_35' title="bbox 241 2063 1868 2139; baseline 0.002 -21"><span class='ocrx_word' id='word_1_248' title='bbox 241 2063 449 2130; x_wconf 88' lang='lat' dir='ltr'><strong>diebat,</strong></span> <span class='ocrx_word' id='word_1_249' title='bbox 477 2063 660 2119; x_wconf 90' lang='lat' dir='ltr'><strong>statim</strong></span> <span class='ocrx_word' id='word_1_250' title='bbox 705 2063 838 2120; x_wconf 93' lang='lat' dir='ltr'><strong>illuc</strong></span> <span class='ocrx_word' id='word_1_251' title='bbox 866 2065 1104 2120; x_wconf 84' lang='lat' dir='ltr'><strong>volabat.</strong></span> <span class='ocrx_word' id='word_1_252' title='bbox 1163 2075 1219 2121; x_wconf 91' lang='lat' dir='ltr'><strong>et</strong></span> <span class='ocrx_word' id='word_1_253' title='bbox 1258 2073 1465 2139; x_wconf 90' lang='lat' dir='ltr'><strong>quanto</strong></span> <span class='ocrx_word' id='word_1_254' title='bbox 1527 2067 1766 2138; x_wconf 91' lang='lat' dir='ltr'><strong>amplius</strong></span> <span class='ocrx_word' id='word_1_255' title='bbox 1795 2065 1868 2122; x_wconf 58' lang='grc' dir='ltr'><strong>εἰς</strong></span> 
     </span>
    </p>
   </div>
   <div class='ocr_carea' id='block_1_36' title="bbox 242 2155 1870 2232">
    <p class='ocr_par' dir='ltr' id='par_1_36' title="bbox 242 2155 1870 2232">
     <span class='ocr_line' id='line_1_36' title="bbox 242 2155 1870 2232; baseline 0.002 -21"><span class='ocrx_word' id='word_1_256' title='bbox 242 2155 440 2222; x_wconf 90' lang='lat' dir='ltr'><strong>tiebat,</strong></span> <span class='ocrx_word' id='word_1_257' title='bbox 475 2161 626 2211; x_wconf 93' lang='lat' dir='ltr'><strong>tanto</strong></span> <span class='ocrx_word' id='word_1_258' title='bbox 669 2155 885 2212; x_wconf 89' lang='lat' dir='ltr'><strong>avidius</strong></span> <span class='ocrx_word' id='word_1_259' title='bbox 909 2157 977 2212; x_wconf 90' lang='lat' dir='ltr'><strong>de</strong></span> <span class='ocrx_word' id='word_1_260' title='bbox 1017 2157 1364 2231; x_wconf 89' lang='lat' dir='ltr'><strong>singulorum</strong></span> <span class='ocrx_word' id='word_1_261' title='bbox 1395 2167 1618 2231; x_wconf 86' lang='lat' dir='ltr'><strong>pectere</strong></span> <span class='ocrx_word' id='word_1_262' title='bbox 1658 2159 1870 2232; x_wconf 91' lang='lat' dir='ltr'><strong>aliquid</strong></span> 
     </span>
    </p>
   </div>
   <div class='ocr_carea' id='block_1_37' title="bbox 247 2246 1872 2324">
    <p class='ocr_par' dir='ltr' id='par_1_37' title="bbox 247 2246 1872 2324">
     <span class='ocr_line' id='line_1_37' title="bbox 247 2246 1872 2324; baseline 0.002 -21"><span class='ocrx_word' id='word_1_263' title='bbox 247 2246 584 2304; x_wconf 88' lang='lat' dir='ltr'><strong>delectabile</strong></span> <span class='ocrx_word' id='word_1_264' title='bbox 615 2247 926 2304; x_wconf 87' lang='lat' dir='ltr'><strong>hauriebat.</strong></span> <span class='ocrx_word' id='word_1_265' title='bbox 977 2249 1110 2304; x_wconf 88' lang='lat' dir='ltr'><strong>Nam</strong></span> <span class='ocrx_word' id='word_1_266' title='bbox 1165 2255 1220 2305; x_wconf 90' lang='lat' dir='ltr'><strong>et</strong></span> <span class='ocrx_word' id='word_1_267' title='bbox 1269 2251 1512 2306; x_wconf 80' lang='lat' dir='ltr'><strong>Parisius</strong></span> <span class='ocrx_word' id='word_1_268' title='bbox 1547 2251 1872 2324; x_wconf 82' lang='lat' dir='ltr'><strong>aliquandiu</strong></span> 
     </span>
    </p>
   </div>
   <div class='ocr_carea' id='block_1_38' title="bbox 245 2339 1874 2413">
    <p class='ocr_par' dir='ltr' id='par_1_38' title="bbox 245 2339 1874 2413">
     <span class='ocr_line' id='line_1_38' title="bbox 245 2339 1874 2413; baseline 0.002 -17"><span class='ocrx_word' id='word_1_269' title='bbox 245 2340 397 2412; x_wconf 89' lang='lat' dir='ltr'><strong>apud</strong></span> <span class='ocrx_word' id='word_1_270' title='bbox 427 2339 603 2395; x_wconf 88' lang='lat' dir='ltr'><strong>sancti</strong></span> <span class='ocrx_word' id='word_1_271' title='bbox 643 2340 711 2375; x_wconf 77' lang='grc'><strong>⁷³⁷</strong></span> <span class='ocrx_word' id='word_1_272' title='bbox 763 2341 1019 2396; x_wconf 87' lang='lat' dir='ltr'><strong>Germani</strong></span> <span class='ocrx_word' id='word_1_273' title='bbox 1053 2358 1283 2413; x_wconf 89' lang='lat' dir='ltr'><strong>operam</strong></span> <span class='ocrx_word' id='word_1_274' title='bbox 1315 2344 1471 2400; x_wconf 83' lang='lat' dir='ltr'><strong>dedit</strong></span> <span class='ocrx_word' id='word_1_275' title='bbox 1518 2353 1572 2399; x_wconf 91' lang='lat' dir='ltr'><strong>et</strong></span> <span class='ocrx_word' id='word_1_276' title='bbox 1609 2345 1792 2399; x_wconf 87' lang='lat' dir='ltr'><strong>studio</strong></span> <span class='ocrx_word' id='word_1_277' title='bbox 1819 2351 1874 2400; x_wconf 91' lang='lat' dir='ltr'><strong>et</strong></span> 
     </span>
    </p>
   </div>
   <div class='ocr_carea' id='block_1_39' title="bbox 248 2429 1888 2506">
    <p class='ocr_par' dir='ltr' id='par_1_39' title="bbox 248 2429 1888 2506">
     <span class='ocr_line' id='line_1_39' title="bbox 248 2429 1888 2506; baseline 0.001 -21"><span class='ocrx_word' id='word_1_278' title='bbox 248 2437 455 2486; x_wconf 66' lang='lat' dir='ltr'><strong>sancta:</strong></span> <span class='ocrx_word' id='word_1_279' title='bbox 484 2445 606 2502; x_wconf 68' lang='lat' dir='ltr'><strong>quae</strong></span> <span class='ocrx_word' id='word_1_280' title='bbox 638 2429 714 2484; x_wconf 89' lang='lat' dir='ltr'><strong>ibi</strong></span> <span class='ocrx_word' id='word_1_281' title='bbox 741 2429 991 2487; x_wconf 88' lang='lat' dir='ltr'><strong>fervebat</strong></span> <span class='ocrx_word' id='word_1_282' title='bbox 1021 2431 1306 2506; x_wconf 87' lang='lat' dir='ltr'><strong>religioni.</strong></span> <span class='ocrx_word' id='word_1_283' title='bbox 1346 2432 1502 2504; x_wconf 69' lang='lat' dir='ltr'><strong>Apud</strong></span> <span class='ocrx_word' id='word_1_284' title='bbox 1533 2433 1721 2487; x_wconf 89' lang='lat' dir='ltr'><strong>arbem</strong></span> <span class='ocrx_word' id='word_1_285' title='bbox 1754 2432 1888 2486; x_wconf 86' lang='lat' dir='ltr'><strong>Tri--</strong></span> 
     </span>
    </p>
   </div>
   <div class='ocr_carea' id='block_1_40' title="bbox 251 2523 1874 2600">
    <p class='ocr_par' dir='ltr' id='par_1_40' title="bbox 251 2523 1874 2600">
     <span class='ocr_line' id='line_1_40' title="bbox 251 2523 1874 2600; baseline 0.001 -21"><span class='ocrx_word' id='word_1_286' title='bbox 251 2523 524 2579; x_wconf 88' lang='lat' dir='ltr'><strong>cassinam</strong></span> <span class='ocrx_word' id='word_1_287' title='bbox 557 2523 798 2579; x_wconf 89' lang='lat' dir='ltr'><strong>triennio</strong></span> <span class='ocrx_word' id='word_1_288' title='bbox 837 2525 1066 2591; x_wconf 87' lang='lat' dir='ltr'><strong>studuit,</strong></span> <span class='ocrx_word' id='word_1_289' title='bbox 1118 2525 1211 2580; x_wconf 92' lang='lat' dir='ltr'><strong>ubi</strong></span> <span class='ocrx_word' id='word_1_290' title='bbox 1252 2533 1407 2600; x_wconf 87' lang='lat' dir='ltr'><strong>grata</strong></span> <span class='ocrx_word' id='word_1_291' title='bbox 1444 2525 1562 2580; x_wconf 88' lang='lat' dir='ltr'><strong>vice</strong></span> <span class='ocrx_word' id='word_1_292' title='bbox 1603 2532 1658 2580; x_wconf 85' lang='lat' dir='ltr'><strong>et</strong></span> <span class='ocrx_word' id='word_1_293' title='bbox 1704 2527 1874 2581; x_wconf 91' lang='lat' dir='ltr'><strong>multa</strong></span> 
     </span>
    </p>
   </div>
   <div class='ocr_carea' id='block_1_41' title="bbox 247 2617 1875 2690">
    <p class='ocr_par' dir='ltr' id='par_1_41' title="bbox 247 2617 1875 2690">
     <span class='ocr_line' id='line_1_41' title="bbox 247 2617 1875 2690; baseline 0.002 -16"><span class='ocrx_word' id='word_1_294' title='bbox 247 2617 319 2674; x_wconf 90' lang='lat' dir='ltr'><strong>ab</strong></span> <span class='ocrx_word' id='word_1_295' title='bbox 350 2617 474 2674; x_wconf 87' lang='lat' dir='ltr'><strong>aliis</strong></span> <span class='ocrx_word' id='word_1_296' title='bbox 514 2617 730 2686; x_wconf 90' lang='lat' dir='ltr'><strong>didicit,</strong></span> <span class='ocrx_word' id='word_1_297' title='bbox 764 2627 820 2675; x_wconf 90' lang='lat' dir='ltr'><strong>et</strong></span> <span class='ocrx_word' id='word_1_298' title='bbox 857 2620 1164 2690; x_wconf 84' lang='lat' dir='ltr'><strong>prudenter</strong></span> <span class='ocrx_word' id='word_1_299' title='bbox 1201 2620 1341 2676; x_wconf 88' lang='lat' dir='ltr'><strong>alios</strong></span> <span class='ocrx_word' id='word_1_300' title='bbox 1371 2621 1579 2678; x_wconf 91' lang='lat' dir='ltr'><strong>docuit.</strong></span> <span class='ocrx_word' id='word_1_301' title='bbox 1633 2622 1740 2678; x_wconf 86' lang='lat' dir='ltr'><strong>Sed</strong></span> <span class='ocrx_word' id='word_1_302' title='bbox 1770 2636 1875 2677; x_wconf 90' lang='lat' dir='ltr'><strong>nec</strong></span> 
     </span>
    </p>
   </div>
   <div class='ocr_carea' id='block_1_42' title="bbox 249 2706 1874 2786">
    <p class='ocr_par' dir='ltr' id='par_1_42' title="bbox 249 2706 1874 2786">
     <span class='ocr_line' id='line_1_42' title="bbox 249 2706 1874 2786; baseline 0.002 -25"><span class='ocrx_word' id='word_1_303' title='bbox 249 2706 499 2763; x_wconf 83' lang='lat' dir='ltr'><strong>Fulberti</strong></span> <span class='ocrx_word' id='word_1_304' title='bbox 535 2706 886 2763; x_wconf 88' lang='lat' dir='ltr'><strong>Carnotensis</strong></span> <span class='ocrx_word' id='word_1_305' title='bbox 930 2709 1178 2780; x_wconf 91' lang='lat' dir='ltr'><strong>episc0pi</strong></span> <span class='ocrx_word' id='word_1_306' title='bbox 1235 2725 1358 2765; x_wconf 91' lang='lat' dir='ltr'><strong>cum</strong></span> <span class='ocrx_word' id='word_1_307' title='bbox 1402 2710 1736 2786; x_wconf 82' lang='lat' dir='ltr'><strong>subterfugit</strong></span> <span class='ocrx_word' id='word_1_308' title='bbox 1773 2727 1874 2765; x_wconf 86' lang='lat' dir='ltr'><strong>au-</strong></span> 
     </span>
    </p>
   </div>
   <div class='ocr_carea' id='block_1_43' title="bbox 252 2797 1874 2870">
    <p class='ocr_par' dir='ltr' id='par_1_43' title="bbox 252 2797 1874 2870">
     <span class='ocr_line' id='line_1_43' title="bbox 252 2797 1874 2870; baseline 0.002 -18"><span class='ocrx_word' id='word_1_309' title='bbox 252 2797 485 2866; x_wconf 90' lang='lat' dir='ltr'><strong>dientia,</strong></span> <span class='ocrx_word' id='word_1_310' title='bbox 535 2813 700 2869; x_wconf 90' lang='lat' dir='ltr'><strong>quem</strong></span> <span class='ocrx_word' id='word_1_311' title='bbox 757 2797 815 2852; x_wconf 92' lang='lat' dir='ltr'><strong>in</strong></span> <span class='ocrx_word' id='word_1_312' title='bbox 882 2797 1078 2870; x_wconf 78' lang='lat' dir='ltr'><strong>peritia</strong></span> <span class='ocrx_word' id='word_1_313' title='bbox 1138 2798 1448 2855; x_wconf 88' lang='lat' dir='ltr'><strong>liberalium</strong></span> <span class='ocrx_word' id='word_1_314' title='bbox 1503 2802 1701 2857; x_wconf 88' lang='lat' dir='ltr'><strong>artium</strong></span> <span class='ocrx_word' id='word_1_315' title='bbox 1760 2806 1874 2857; x_wconf 87' lang='lat' dir='ltr'><strong>tota</strong></span> 
     </span>
    </p>
   </div>
   <div class='ocr_carea' id='block_1_44' title="bbox 253 2891 1878 2968">
    <p class='ocr_par' dir='ltr' id='par_1_44' title="bbox 253 2891 1878 2968">
     <span class='ocr_line' id='line_1_44' title="bbox 253 2891 1878 2968; baseline 0.001 -20"><span class='ocrx_word' id='word_1_316' title='bbox 253 2891 588 2966; x_wconf 62' lang='lat' dir='ltr'><strong>praedicabat</strong></span> <span class='ocrx_word' id='word_1_317' title='bbox 615 2893 861 2949; x_wconf 87' lang='lat' dir='ltr'><strong>Francia.</strong></span> <span class='ocrx_word' id='word_1_318' title='bbox 913 2893 979 2948; x_wconf 83' lang='lat' dir='ltr'><strong>At</strong></span> <span class='ocrx_word' id='word_1_319' title='bbox 1027 2901 1318 2966; x_wconf 85' lang='lat' dir='ltr'><strong>postquam</strong></span> <span class='ocrx_word' id='word_1_320' title='bbox 1352 2902 1412 2951; x_wconf 91' lang='lat' dir='ltr'><strong>ut</strong></span> <span class='ocrx_word' id='word_1_321' title='bbox 1469 2912 1602 2966; x_wconf 89' lang='lat' dir='ltr'><strong>apes</strong></span> <span class='ocrx_word' id='word_1_322' title='bbox 1631 2897 1878 2968; x_wconf 89' lang='lat' dir='ltr'><strong>pruden-</strong></span> 
     </span>
    </p>
   </div>
   <div class='ocr_carea' id='block_1_45' title="bbox 2038 1879 3578 1962">
    <p class='ocr_par' dir='ltr' id='par_1_45' title="bbox 2038 1879 3578 1962">
     <span class='ocr_line' id='line_1_45' title="bbox 2038 1879 3578 1962; baseline 0.009 -28"><span class='ocrx_word' id='word_1_323' title='bbox 2038 1880 2128 1936; x_wconf 78' lang='lat'><strong>28.</strong></span> <span class='ocrx_word' id='word_1_324' title='bbox 2188 1879 2319 1936; x_wconf 90' lang='lat' dir='ltr'><strong>Cum</strong></span> <span class='ocrx_word' id='word_1_325' title='bbox 2365 1897 2500 1956; x_wconf 88' lang='lat' dir='ltr'><strong>ergo</strong></span> <span class='ocrx_word' id='word_1_326' title='bbox 2528 1883 2684 1940; x_wconf 91' lang='lat' dir='ltr'><strong>locus</strong></span> <span class='ocrx_word' id='word_1_327' title='bbox 2729 1885 3195 1944; x_wconf 88' lang='lat' dir='ltr'><strong>Gemmelacensis</strong></span> <span class='ocrx_word' id='word_1_328' title='bbox 3225 1895 3445 1947; x_wconf 90' lang='lat' dir='ltr'><strong>vacaret</strong></span> <span class='ocrx_word' id='word_1_329' title='bbox 3473 1907 3578 1962; x_wconf 87' lang='lat' dir='ltr'><strong>pa-</strong></span> 
     </span>
    </p>
   </div>
   <div class='ocr_carea' id='block_1_46' title="bbox 1968 1971 3588 2053">
    <p class='ocr_par' dir='ltr' id='par_1_46' title="bbox 1968 1971 3588 2053">
     <span class='ocr_line' id='line_1_46' title="bbox 1968 1971 3588 2053; baseline 0.007 -29"><span class='ocrx_word' id='word_1_330' title='bbox 1968 1976 2137 2038; x_wconf 91' lang='lat' dir='ltr'><strong>store,</strong></span> <span class='ocrx_word' id='word_1_331' title='bbox 2173 1971 2452 2028; x_wconf 89' lang='lat' dir='ltr'><strong>Baldricus</strong></span> <span class='ocrx_word' id='word_1_332' title='bbox 2489 1973 2786 2046; x_wconf 90' lang='lat' dir='ltr'><strong>episcopus</strong></span> <span class='ocrx_word' id='word_1_333' title='bbox 2823 1976 3059 2032; x_wconf 88' lang='lat' dir='ltr'><strong>sollicita</strong></span> <span class='ocrx_word' id='word_1_334' title='bbox 3088 1993 3214 2034; x_wconf 92' lang='lat' dir='ltr'><strong>cum</strong></span> <span class='ocrx_word' id='word_1_335' title='bbox 3246 1978 3361 2034; x_wconf 90' lang='lat' dir='ltr'><strong>suis</strong></span> <span class='ocrx_word' id='word_1_336' title='bbox 3389 1977 3588 2053; x_wconf 83' lang='lat' dir='ltr'><strong>agebat</strong></span> 
     </span>
    </p>
   </div>
   <div class='ocr_carea' id='block_1_47' title="bbox 1970 2059 3587 2139">
    <p class='ocr_par' dir='ltr' id='par_1_47' title="bbox 1970 2059 3587 2139">
     <span class='ocr_line' id='line_1_47' title="bbox 1970 2059 3587 2139; baseline 0.006 -25"><span class='ocrx_word' id='word_1_337' title='bbox 1970 2059 2392 2131; x_wconf 89' lang='lat' dir='ltr'><strong>deliberatione,</strong></span> <span class='ocrx_word' id='word_1_338' title='bbox 2425 2065 2522 2136; x_wconf 87' lang='lat' dir='ltr'><strong>qui</strong></span> <span class='ocrx_word' id='word_1_339' title='bbox 2574 2064 2776 2139; x_wconf 90' lang='lat' dir='ltr'><strong>dignus</strong></span> <span class='ocrx_word' id='word_1_340' title='bbox 2807 2072 2954 2122; x_wconf 88' lang='lat' dir='ltr'><strong>esset</strong></span> <span class='ocrx_word' id='word_1_341' title='bbox 2984 2065 3146 2136; x_wconf 85' lang='lat' dir='ltr'><strong>hujus</strong></span> <span class='ocrx_word' id='word_1_342' title='bbox 3193 2068 3587 2138; x_wconf 88' lang='lat' dir='ltr'><strong>pastoralitatis</strong></span> 
     </span>
    </p>
   </div>
   <div class='ocr_carea' id='block_1_48' title="bbox 1971 2160 3586 2233">
    <p class='ocr_par' dir='ltr' id='par_1_48' title="bbox 1971 2160 3586 2233">
     <span class='ocr_line' id='line_1_48' title="bbox 1971 2160 3586 2233; baseline 0.006 -22"><span class='ocrx_word' id='word_1_343' title='bbox 1971 2171 2159 2212; x_wconf 92' lang='lat' dir='ltr'><strong>curam</strong></span> <span class='ocrx_word' id='word_1_344' title='bbox 2181 2161 2480 2231; x_wconf 90' lang='lat' dir='ltr'><strong>suscipere.</strong></span> <span class='ocrx_word' id='word_1_345' title='bbox 2513 2160 2592 2215; x_wconf 82' lang='lat' dir='ltr'><strong>Ad</strong></span> <span class='ocrx_word' id='word_1_346' title='bbox 2623 2175 2894 2216; x_wconf 86' lang='lat' dir='ltr'><strong>summum</strong></span> <span class='ocrx_word' id='word_1_347' title='bbox 2928 2161 3132 2233; x_wconf 88' lang='lat' dir='ltr'><strong>placuit</strong></span> <span class='ocrx_word' id='word_1_348' title='bbox 3170 2161 3416 2218; x_wconf 92' lang='lat' dir='ltr'><strong>omnium</strong></span> <span class='ocrx_word' id='word_1_349' title='bbox 3451 2179 3586 2220; x_wconf 90' lang='lat' dir='ltr'><strong>sen-</strong></span> 
     </span>
    </p>
   </div>
   <div class='ocr_carea' id='block_1_49' title="bbox 1972 2247 3582 2326">
    <p class='ocr_par' dir='ltr' id='par_1_49' title="bbox 1972 2247 3582 2326">
     <span class='ocr_line' id='line_1_49' title="bbox 1972 2247 3582 2326; baseline 0.006 -26"><span class='ocrx_word' id='word_1_350' title='bbox 1972 2247 2176 2302; x_wconf 58' lang='lat' dir='ltr'><strong>tentiae.</strong></span> <span class='ocrx_word' id='word_1_351' title='bbox 2205 2247 2428 2306; x_wconf 89' lang='lat' dir='ltr'><strong>Olberto</strong></span> <span class='ocrx_word' id='word_1_352' title='bbox 2445 2247 2664 2326; x_wconf 88' lang='lat' dir='ltr'><strong>gemina</strong></span> <span class='ocrx_word' id='word_1_353' title='bbox 2681 2250 2912 2306; x_wconf 91' lang='lat' dir='ltr'><strong>scientia</strong></span> <span class='ocrx_word' id='word_1_354' title='bbox 2933 2251 3202 2311; x_wconf 90' lang='lat' dir='ltr'><strong>adornato</strong></span> <span class='ocrx_word' id='word_1_355' title='bbox 3225 2252 3373 2308; x_wconf 90' lang='lat' dir='ltr'><strong>hunc</strong></span> <span class='ocrx_word' id='word_1_356' title='bbox 3403 2252 3582 2310; x_wconf 92' lang='lat' dir='ltr'><strong>locum</strong></span> 
     </span>
    </p>
   </div>
   <div class='ocr_carea' id='block_1_50' title="bbox 1974 2341 3584 2418">
    <p class='ocr_par' dir='ltr' id='par_1_50' title="bbox 1974 2341 3584 2418">
     <span class='ocr_line' id='line_1_50' title="bbox 1974 2341 3584 2418; baseline 0.004 -23"><span class='ocrx_word' id='word_1_357' title='bbox 1974 2356 2086 2410; x_wconf 82' lang='lat' dir='ltr'><strong>prae</strong></span> <span class='ocrx_word' id='word_1_358' title='bbox 2117 2341 2377 2396; x_wconf 88' lang='lat' dir='ltr'><strong>omnibus</strong></span> <span class='ocrx_word' id='word_1_359' title='bbox 2429 2351 2762 2414; x_wconf 88' lang='lat' dir='ltr'><strong>competere.</strong></span> <span class='ocrx_word' id='word_1_360' title='bbox 2803 2343 2976 2418; x_wconf 81' lang='lat' dir='ltr'><strong>Igitur</strong></span> <span class='ocrx_word' id='word_1_361' title='bbox 3027 2343 3096 2398; x_wconf 91' lang='lat' dir='ltr'><strong>ab</strong></span> <span class='ocrx_word' id='word_1_362' title='bbox 3152 2343 3416 2416; x_wconf 90' lang='lat' dir='ltr'><strong>episcopo</strong></span> <span class='ocrx_word' id='word_1_363' title='bbox 3461 2361 3584 2400; x_wconf 93' lang='lat' dir='ltr'><strong>cum</strong></span> 
     </span>
    </p>
   </div>
   <div class='ocr_carea' id='block_1_51' title="bbox 1975 2431 3581 2504">
    <p class='ocr_par' dir='ltr' id='par_1_51' title="bbox 1975 2431 3581 2504">
     <span class='ocr_line' id='line_1_51' title="bbox 1975 2431 3581 2504; baseline 0.004 -20"><span class='ocrx_word' id='word_1_364' title='bbox 1975 2431 2325 2504; x_wconf 88' lang='lat' dir='ltr'><strong>lngobrando</strong></span> <span class='ocrx_word' id='word_1_365' title='bbox 2357 2432 2558 2488; x_wconf 89' lang='lat' dir='ltr'><strong>abbate</strong></span> <span class='ocrx_word' id='word_1_366' title='bbox 2597 2449 2698 2488; x_wconf 91' lang='lat' dir='ltr'><strong>suo</strong></span> <span class='ocrx_word' id='word_1_367' title='bbox 2738 2433 3036 2488; x_wconf 88' lang='lat' dir='ltr'><strong>accersitus</strong></span> <span class='ocrx_word' id='word_1_368' title='bbox 3083 2434 3178 2489; x_wconf 91' lang='lat' dir='ltr'><strong>Dei</strong></span> <span class='ocrx_word' id='word_1_369' title='bbox 3221 2440 3276 2489; x_wconf 89' lang='lat' dir='ltr'><strong>et</strong></span> <span class='ocrx_word' id='word_1_370' title='bbox 3335 2435 3581 2490; x_wconf 91' lang='lat' dir='ltr'><strong>omnium</strong></span> 
     </span>
    </p>
   </div>
   <div class='ocr_carea' id='block_1_52' title="bbox 1975 2518 3584 2593">
    <p class='ocr_par' dir='ltr' id='par_1_52' title="bbox 1975 2518 3584 2593">
     <span class='ocr_line' id='line_1_52' title="bbox 1975 2518 3584 2593; baseline 0.002 -20"><span class='ocrx_word' id='word_1_371' title='bbox 1975 2518 2484 2589; x_wconf 89' lang='lat' dir='ltr'><strong>bonorumjudicio</strong></span> <span class='ocrx_word' id='word_1_372' title='bbox 2538 2521 2605 2575; x_wconf 85' lang='lat' dir='ltr'><strong>ad</strong></span> <span class='ocrx_word' id='word_1_373' title='bbox 2637 2521 2885 2593; x_wconf 85' lang='lat' dir='ltr'><strong>regimen</strong></span> <span class='ocrx_word' id='word_1_374' title='bbox 2932 2522 3196 2578; x_wconf 73' lang='lat' dir='ltr'><strong>aecclesize</strong></span> <span class='ocrx_word' id='word_1_375' title='bbox 3241 2531 3325 2578; x_wconf 91' lang='lat' dir='ltr'><strong>est</strong></span> <span class='ocrx_word' id='word_1_376' title='bbox 3355 2523 3584 2589; x_wconf 87' lang='lat' dir='ltr'><strong>electus,</strong></span> 
     </span>
    </p>
   </div>
   <div class='ocr_carea' id='block_1_53' title="bbox 1973 2603 3590 2684">
    <p class='ocr_par' dir='ltr' id='par_1_53' title="bbox 1973 2603 3590 2684">
     <span class='ocr_line' id='line_1_53' title="bbox 1973 2603 3590 2684; baseline 0.002 -22"><span class='ocrx_word' id='word_1_377' title='bbox 1973 2614 2028 2663; x_wconf 88' lang='lat' dir='ltr'><strong>et</strong></span> <span class='ocrx_word' id='word_1_378' title='bbox 2055 2603 2154 2678; x_wconf 88' lang='lat' dir='ltr'><strong>per</strong></span> <span class='ocrx_word' id='word_1_379' title='bbox 2182 2625 2380 2664; x_wconf 91' lang='lat' dir='ltr'><strong>manus</strong></span> <span class='ocrx_word' id='word_1_380' title='bbox 2434 2608 2770 2684; x_wconf 86' lang='lat' dir='ltr'><strong>lngobrandi</strong></span> <span class='ocrx_word' id='word_1_381' title='bbox 2805 2609 3022 2666; x_wconf 90' lang='lat' dir='ltr'><strong>abbatis</strong></span> <span class='ocrx_word' id='word_1_382' title='bbox 3061 2616 3116 2666; x_wconf 89' lang='lat' dir='ltr'><strong>et</strong></span> <span class='ocrx_word' id='word_1_383' title='bbox 3149 2609 3466 2668; x_wconf 90' lang='lat' dir='ltr'><strong>Godescalci</strong></span> <span class='ocrx_word' id='word_1_384' title='bbox 3505 2627 3590 2666; x_wconf 87' lang='lat' dir='ltr'><strong>ar-</strong></span> 
     </span>
    </p>
   </div>
   <div class='ocr_carea' id='block_1_54' title="bbox 1973 2697 3590 2758">
    <p class='ocr_par' dir='ltr' id='par_1_54' title="bbox 1973 2697 3590 2758">
     <span class='ocr_line' id='line_1_54' title="bbox 1973 2697 3590 2758; baseline 0.004 -6"><span class='ocrx_word' id='word_1_385' title='bbox 1973 2697 2287 2754; x_wconf 89' lang='lat' dir='ltr'><strong>chidiaconi</strong></span> <span class='ocrx_word' id='word_1_386' title='bbox 2325 2698 2456 2754; x_wconf 91' lang='lat' dir='ltr'><strong>illuc</strong></span> <span class='ocrx_word' id='word_1_387' title='bbox 2509 2705 2592 2754; x_wconf 89' lang='lat' dir='ltr'><strong>est</strong></span> <span class='ocrx_word' id='word_1_388' title='bbox 2629 2699 2953 2755; x_wconf 88' lang='lat' dir='ltr'><strong>destinatus.</strong></span> <span class='ocrx_word' id='word_1_389' title='bbox 3015 2699 3493 2756; x_wconf 89' lang='lat' dir='ltr'><strong>Gemmelacenses</strong></span> <span class='ocrx_word' id='word_1_390' title='bbox 3529 2706 3590 2758; x_wconf 88' lang='lat' dir='ltr'><strong>ut</strong></span> 
     </span>
    </p>
   </div>
   <div class='ocr_carea' id='block_1_55' title="bbox 1972 2793 3588 2864">
    <p class='ocr_par' dir='ltr' id='par_1_55' title="bbox 1972 2793 3588 2864">
     <span class='ocr_line' id='line_1_55' title="bbox 1972 2793 3588 2864; baseline 0.001 -14"><span class='ocrx_word' id='word_1_391' title='bbox 1972 2795 2267 2856; x_wconf 85' lang='lat' dir='ltr'><strong>audierunt</strong></span> <span class='ocrx_word' id='word_1_392' title='bbox 2297 2795 2626 2851; x_wconf 88' lang='lat' dir='ltr'><strong>inconsultis</strong></span> <span class='ocrx_word' id='word_1_393' title='bbox 2653 2795 2759 2850; x_wconf 90' lang='lat' dir='ltr'><strong>sibi</strong></span> <span class='ocrx_word' id='word_1_394' title='bbox 2801 2793 3056 2851; x_wconf 91' lang='lat' dir='ltr'><strong>abbatem</strong></span> <span class='ocrx_word' id='word_1_395' title='bbox 3097 2795 3262 2864; x_wconf 91' lang='lat' dir='ltr'><strong>mitti,</strong></span> <span class='ocrx_word' id='word_1_396' title='bbox 3291 2795 3458 2851; x_wconf 89' lang='lat' dir='ltr'><strong>stulta</strong></span> <span class='ocrx_word' id='word_1_397' title='bbox 3487 2811 3588 2852; x_wconf 89' lang='lat' dir='ltr'><strong>ru-</strong></span> 
     </span>
    </p>
   </div>
   <div class='ocr_carea' id='block_1_56' title="bbox 1974 2886 3591 2960">
    <p class='ocr_par' dir='ltr' id='par_1_56' title="bbox 1974 2886 3591 2960">
     <span class='ocr_line' id='line_1_56' title="bbox 1974 2886 3591 2960; baseline 0.001 -17"><span class='ocrx_word' id='word_1_398' title='bbox 1974 2888 2208 2944; x_wconf 87' lang='lat' dir='ltr'><strong>sticitate</strong></span> <span class='ocrx_word' id='word_1_399' title='bbox 2240 2887 2543 2960; x_wconf 88' lang='lat' dir='ltr'><strong>episcopali</strong></span> <span class='ocrx_word' id='word_1_400' title='bbox 2566 2887 2897 2952; x_wconf 88' lang='lat' dir='ltr'><strong>auctoritati,</strong></span> <span class='ocrx_word' id='word_1_401' title='bbox 2931 2887 3097 2944; x_wconf 92' lang='lat' dir='ltr'><strong>immo</strong></span> <span class='ocrx_word' id='word_1_402' title='bbox 3123 2887 3220 2943; x_wconf 90' lang='lat' dir='ltr'><strong>Dei</strong></span> <span class='ocrx_word' id='word_1_403' title='bbox 3250 2886 3591 2944; x_wconf 90' lang='lat' dir='ltr'><strong>ordinationi</strong></span> 
     </span>
    </p>
   </div>
   <div class='ocr_carea' id='block_1_57' title="bbox 249 2981 3589 3074">
    <p class='ocr_par' dir='ltr' id='par_1_57' title="bbox 249 2981 3589 3074">
     <span class='ocr_line' id='line_1_57' title="bbox 249 2981 3589 3074; baseline 0 -36"><span class='ocrx_word' id='word_1_404' title='bbox 249 2981 464 3038; x_wconf 85' lang='lat' dir='ltr'><strong>tissima</strong></span> <span class='ocrx_word' id='word_1_405' title='bbox 503 2999 603 3054; x_wconf 88' lang='lat' dir='ltr'><strong>per</strong></span> <span class='ocrx_word' id='word_1_406' title='bbox 639 2983 810 3038; x_wconf 87' lang='lat' dir='ltr'><strong>ﬂorea</strong></span> <span class='ocrx_word' id='word_1_407' title='bbox 844 2999 970 3039; x_wconf 89' lang='lat' dir='ltr'><strong>rura</strong></span> <span class='ocrx_word' id='word_1_408' title='bbox 1023 2990 1315 3048; x_wconf 77' lang='lat' dir='ltr'><strong>exercitus,</strong></span> <span class='ocrx_word' id='word_1_409' title='bbox 1351 2984 1560 3058; x_wconf 91' lang='lat' dir='ltr'><strong>liquido</strong></span> <span class='ocrx_word' id='word_1_410' title='bbox 1605 2986 1870 3042; x_wconf 73' lang='lat' dir='ltr'><strong>doctrinae</strong></span> <span class='ocrx_word' id='word_1_411' title='bbox 1895 3007 1943 3074; x_wconf 64' lang='grc' dir='ltr'>α</span> <span class='ocrx_word' id='word_1_412' title='bbox 1972 2983 2266 3040; x_wconf 90' lang='lat' dir='ltr'><strong>voluerunt</strong></span> <span class='ocrx_word' id='word_1_413' title='bbox 2293 2983 2488 3047; x_wconf 90' lang='lat' dir='ltr'><strong>obniti,</strong></span> <span class='ocrx_word' id='word_1_414' title='bbox 2524 2984 2732 3039; x_wconf 90' lang='lat' dir='ltr'><strong>nullam</strong></span> <span class='ocrx_word' id='word_1_415' title='bbox 2749 2982 2998 3040; x_wconf 90' lang='lat' dir='ltr'><strong>volentes</strong></span> <span class='ocrx_word' id='word_1_416' title='bbox 3029 2981 3292 3038; x_wconf 87' lang='lat' dir='ltr'><strong>exhibere</strong></span> <span class='ocrx_word' id='word_1_417' title='bbox 3321 2989 3376 3038; x_wconf 92' lang='lat' dir='ltr'><strong>et</strong></span> <span class='ocrx_word' id='word_1_418' title='bbox 3393 2981 3589 3052; x_wconf 86' lang='lat' dir='ltr'><strong>subje-</strong></span> 
     </span>
    </p>
   </div>
   <div class='ocr_carea' id='block_1_58' title="bbox 249 3074 3594 3148">
    <p class='ocr_par' dir='ltr' id='par_1_58' title="bbox 249 3074 3594 3148">
     <span class='ocr_line' id='line_1_58' title="bbox 249 3074 3594 3148; baseline 0.001 -17"><span class='ocrx_word' id='word_1_419' title='bbox 249 3081 478 3132; x_wconf 88' lang='lat' dir='ltr'><strong>nectare</strong></span> <span class='ocrx_word' id='word_1_420' title='bbox 507 3083 595 3131; x_wconf 89' lang='lat' dir='ltr'><strong>est</strong></span> <span class='ocrx_word' id='word_1_421' title='bbox 632 3075 924 3144; x_wconf 89' lang='lat' dir='ltr'><strong>distentus,</strong></span> <span class='ocrx_word' id='word_1_422' title='bbox 957 3076 1026 3131; x_wconf 86' lang='lat' dir='ltr'><strong>ad</strong></span> <span class='ocrx_word' id='word_1_423' title='bbox 1056 3077 1355 3133; x_wconf 88' lang='lat' dir='ltr'><strong>alvearium</strong></span> <span class='ocrx_word' id='word_1_424' title='bbox 1387 3078 1628 3134; x_wconf 87' lang='lat' dir='ltr'><strong>coenobii</strong></span> <span class='ocrx_word' id='word_1_425' title='bbox 1665 3077 1752 3134; x_wconf 92' lang='lat' dir='ltr'><strong>sui</strong></span> <span class='ocrx_word' id='word_1_426' title='bbox 1783 3085 1868 3132; x_wconf 87' lang='lat' dir='ltr'><strong>est</strong></span> <span class='ocrx_word' id='word_1_427' title='bbox 1967 3078 2228 3145; x_wconf 91' lang='lat' dir='ltr'><strong>ctionem,</strong></span> <span class='ocrx_word' id='word_1_428' title='bbox 2271 3081 2428 3148; x_wconf 87' lang='lat' dir='ltr'><strong>cujus</strong></span> <span class='ocrx_word' id='word_1_429' title='bbox 2452 3079 2716 3135; x_wconf 87' lang='lat' dir='ltr'><strong>dolebant</strong></span> <span class='ocrx_word' id='word_1_430' title='bbox 2741 3079 2864 3134; x_wconf 89' lang='lat' dir='ltr'><strong>sine</strong></span> <span class='ocrx_word' id='word_1_431' title='bbox 2889 3095 2988 3134; x_wconf 89' lang='lat' dir='ltr'><strong>sua</strong></span> <span class='ocrx_word' id='word_1_432' title='bbox 3014 3078 3294 3134; x_wconf 82' lang='lat' dir='ltr'><strong>voluntate</strong></span> <span class='ocrx_word' id='word_1_433' title='bbox 3324 3085 3380 3134; x_wconf 86' lang='lat' dir='ltr'><strong>et</strong></span> <span class='ocrx_word' id='word_1_434' title='bbox 3408 3074 3594 3134; x_wconf 90' lang='lat' dir='ltr'><strong>consi-</strong></span> 
     </span>
    </p>
   </div>
   <div class='ocr_carea' id='block_1_59' title="bbox 249 3165 1865 3244">
    <p class='ocr_par' dir='ltr' id='par_1_59' title="bbox 249 3165 1865 3244">
     <span class='ocr_line' id='line_1_59' title="bbox 249 3165 1865 3244; baseline 0.001 -22"><span class='ocrx_word' id='word_1_435' title='bbox 249 3181 558 3240; x_wconf 80' lang='lat' dir='ltr'><strong>regressus,</strong></span> <span class='ocrx_word' id='word_1_436' title='bbox 593 3165 782 3240; x_wconf 91' lang='lat' dir='ltr'><strong>ibique</strong></span> <span class='ocrx_word' id='word_1_437' title='bbox 809 3167 1030 3226; x_wconf 88' lang='lat' dir='ltr'><strong>vivebat</strong></span> <span class='ocrx_word' id='word_1_438' title='bbox 1058 3168 1317 3244; x_wconf 86' lang='lat' dir='ltr'><strong>religiose</strong></span> <span class='ocrx_word' id='word_1_439' title='bbox 1339 3170 1641 3238; x_wconf 89' lang='lat' dir='ltr'><strong>studiosus,</strong></span> <span class='ocrx_word' id='word_1_440' title='bbox 1669 3176 1723 3225; x_wconf 91' lang='lat' dir='ltr'><strong>et</strong></span> <span class='ocrx_word' id='word_1_441' title='bbox 1752 3175 1865 3225; x_wconf 89' lang='lat' dir='ltr'><strong>stu-</strong></span> 
     </span>
    </p>
   </div>
   <div class='ocr_carea' id='block_1_60' title="bbox 250 3255 756 3330">
    <p class='ocr_par' dir='ltr' id='par_1_60' title="bbox 250 3255 756 3330">
     <span class='ocr_line' id='line_1_60' title="bbox 250 3255 756 3330; baseline 0.004 -20"><span class='ocrx_word' id='word_1_442' title='bbox 250 3255 412 3312; x_wconf 88' lang='lat' dir='ltr'><strong>diose</strong></span> <span class='ocrx_word' id='word_1_443' title='bbox 445 3255 756 3330; x_wconf 88' lang='lat' dir='ltr'><strong>religiosus.</strong></span> 
     </span>
    </p>
   </div>
   <div class='ocr_carea' id='block_1_61' title="bbox 319 3347 1872 3424">
    <p class='ocr_par' dir='ltr' id='par_1_61' title="bbox 319 3347 1872 3424">
     <span class='ocr_line' id='line_1_61' title="bbox 319 3347 1872 3424; baseline 0.003 -20"><span class='ocrx_word' id='word_1_444' title='bbox 319 3347 412 3404; x_wconf 71' lang='lat'><strong>27.</strong></span> <span class='ocrx_word' id='word_1_445' title='bbox 450 3348 523 3404; x_wconf 89' lang='lat' dir='ltr'><strong>Ea</strong></span> <span class='ocrx_word' id='word_1_446' title='bbox 563 3354 890 3421; x_wconf 88' lang='lat' dir='ltr'><strong>tempestate</strong></span> <span class='ocrx_word' id='word_1_447' title='bbox 945 3351 1292 3407; x_wconf 85' lang='lat' dir='ltr'><strong>Burchardus</strong></span> <span class='ocrx_word' id='word_1_448' title='bbox 1349 3351 1572 3424; x_wconf 91' lang='lat' dir='ltr'><strong>quidam</strong></span> <span class='ocrx_word' id='word_1_449' title='bbox 1611 3352 1669 3407; x_wconf 92' lang='lat' dir='ltr'><strong>in</strong></span> <span class='ocrx_word' id='word_1_450' title='bbox 1709 3352 1872 3408; x_wconf 86' lang='lat' dir='ltr'><strong>Wor-</strong></span> 
     </span>
    </p>
   </div>
   <div class='ocr_carea' id='block_1_62' title="bbox 247 3442 1868 3516">
    <p class='ocr_par' dir='ltr' id='par_1_62' title="bbox 247 3442 1868 3516">
     <span class='ocr_line' id='line_1_62' title="bbox 247 3442 1868 3516; baseline 0.001 -18"><span class='ocrx_word' id='word_1_451' title='bbox 247 3443 497 3500; x_wconf 89' lang='lat' dir='ltr'><strong>macensi</strong></span> <span class='ocrx_word' id='word_1_452' title='bbox 528 3442 750 3499; x_wconf 89' lang='lat' dir='ltr'><strong>civitate</strong></span> <span class='ocrx_word' id='word_1_453' title='bbox 789 3443 950 3499; x_wconf 88' lang='lat' dir='ltr'><strong>datus</strong></span> <span class='ocrx_word' id='word_1_454' title='bbox 979 3453 1097 3500; x_wconf 88' lang='lat' dir='ltr'><strong>erat</strong></span> <span class='ocrx_word' id='word_1_455' title='bbox 1125 3444 1446 3516; x_wconf 85' lang='lat' dir='ltr'><strong>episcOpus,</strong></span> <span class='ocrx_word' id='word_1_456' title='bbox 1477 3446 1562 3501; x_wconf 89' lang='lat' dir='ltr'><strong>vir</strong></span> <span class='ocrx_word' id='word_1_457' title='bbox 1586 3461 1708 3500; x_wconf 91' lang='lat' dir='ltr'><strong>cum</strong></span> <span class='ocrx_word' id='word_1_458' title='bbox 1741 3447 1868 3516; x_wconf 87' lang='lat' dir='ltr'><strong>cpi-</strong></span> 
     </span>
    </p>
   </div>
   <div class='ocr_carea' id='block_1_63' title="bbox 246 3531 1872 3608">
    <p class='ocr_par' dir='ltr' id='par_1_63' title="bbox 246 3531 1872 3608">
     <span class='ocr_line' id='line_1_63' title="bbox 246 3531 1872 3608; baseline 0.001 -21"><span class='ocrx_word' id='word_1_459' title='bbox 246 3531 457 3603; x_wconf 87' lang='lat' dir='ltr'><strong>scopali</strong></span> <span class='ocrx_word' id='word_1_460' title='bbox 496 3532 706 3587; x_wconf 87' lang='lat' dir='ltr'><strong>honore</strong></span> <span class='ocrx_word' id='word_1_461' title='bbox 738 3547 849 3587; x_wconf 92' lang='lat' dir='ltr'><strong>non</strong></span> <span class='ocrx_word' id='word_1_462' title='bbox 877 3531 1159 3608; x_wconf 85' lang='lat' dir='ltr'><strong>indignus,</strong></span> <span class='ocrx_word' id='word_1_463' title='bbox 1203 3541 1314 3588; x_wconf 89' lang='lat' dir='ltr'><strong>tum</strong></span> <span class='ocrx_word' id='word_1_464' title='bbox 1375 3550 1474 3605; x_wconf 91' lang='lat' dir='ltr'><strong>pro</strong></span> <span class='ocrx_word' id='word_1_465' title='bbox 1495 3533 1761 3603; x_wconf 85' lang='lat' dir='ltr'><strong>juvenilis</strong></span> <span class='ocrx_word' id='word_1_466' title='bbox 1796 3550 1872 3589; x_wconf 68' lang='lat' dir='ltr'><strong>ae-</strong></span> 
     </span>
    </p>
   </div>
   <div class='ocr_carea' id='block_1_64' title="bbox 247 3625 1874 3698">
    <p class='ocr_par' dir='ltr' id='par_1_64' title="bbox 247 3625 1874 3698">
     <span class='ocr_line' id='line_1_64' title="bbox 247 3625 1874 3698; baseline 0 -16"><span class='ocrx_word' id='word_1_467' title='bbox 247 3626 378 3683; x_wconf 89' lang='lat' dir='ltr'><strong>tatis</strong></span> <span class='ocrx_word' id='word_1_468' title='bbox 429 3626 642 3680; x_wconf 85' lang='lat' dir='ltr'><strong>fervore</strong></span> <span class='ocrx_word' id='word_1_469' title='bbox 695 3625 996 3681; x_wconf 89' lang='lat' dir='ltr'><strong>litterarum</strong></span> <span class='ocrx_word' id='word_1_470' title='bbox 1043 3626 1240 3682; x_wconf 91' lang='lat' dir='ltr'><strong>studiis</strong></span> <span class='ocrx_word' id='word_1_471' title='bbox 1280 3634 1554 3698; x_wconf 88' lang='lat' dir='ltr'><strong>oportune</strong></span> <span class='ocrx_word' id='word_1_472' title='bbox 1595 3627 1874 3685; x_wconf 87' lang='lat' dir='ltr'><strong>.intentus.</strong></span> 
     </span>
    </p>
   </div>
   <div class='ocr_carea' id='block_1_65' title="bbox 254 3713 1882 3790">
    <p class='ocr_par' dir='ltr' id='par_1_65' title="bbox 254 3713 1882 3790">
     <span class='ocr_line' id='line_1_65' title="bbox 254 3713 1882 3790; baseline 0.001 -19"><span class='ocrx_word' id='word_1_473' title='bbox 254 3716 304 3771; x_wconf 84' lang='lat' dir='ltr'><strong>Is</strong></span> <span class='ocrx_word' id='word_1_474' title='bbox 355 3713 608 3770; x_wconf 87' lang='lat' dir='ltr'><strong>Baldrico</strong></span> <span class='ocrx_word' id='word_1_475' title='bbox 633 3715 842 3788; x_wconf 91' lang='lat' dir='ltr'><strong>junlori</strong></span> <span class='ocrx_word' id='word_1_476' title='bbox 891 3713 1296 3790; x_wconf 88' lang='lat' dir='ltr'><strong>Tungrensium</strong></span> <span class='ocrx_word' id='word_1_477' title='bbox 1356 3717 1620 3788; x_wconf 85' lang='lat' dir='ltr'><strong>episcOpo</strong></span> <span class='ocrx_word' id='word_1_478' title='bbox 1652 3716 1882 3773; x_wconf 86' lang='lat' dir='ltr'><strong>fiducia-</strong></span> 
     </span>
    </p>
   </div>
   <div class='ocr_carea' id='block_1_66' title="bbox 253 3807 1886 3882">
    <p class='ocr_par' dir='ltr' id='par_1_66' title="bbox 253 3807 1886 3882">
     <span class='ocr_line' id='line_1_66' title="bbox 253 3807 1886 3882; baseline 0.001 -18"><span class='ocrx_word' id='word_1_479' title='bbox 253 3809 386 3864; x_wconf 90' lang='lat' dir='ltr'><strong>liter</strong></span> <span class='ocrx_word' id='word_1_480' title='bbox 405 3807 634 3864; x_wconf 89' lang='lat' dir='ltr'><strong>mandat</strong></span> <span class='ocrx_word' id='word_1_481' title='bbox 661 3839 733 3850; x_wconf 90' lang='lat'><strong>-—</strong></span> <span class='ocrx_word' id='word_1_482' title='bbox 762 3808 884 3878; x_wconf 86' lang='lat' dir='ltr'><strong>ejus</strong></span> <span class='ocrx_word' id='word_1_483' title='bbox 914 3825 1116 3882; x_wconf 88' lang='lat' dir='ltr'><strong>nempe</strong></span> <span class='ocrx_word' id='word_1_484' title='bbox 1148 3809 1564 3866; x_wconf 89' lang='lat' dir='ltr'><strong>contubernalis</strong></span> <span class='ocrx_word' id='word_1_485' title='bbox 1593 3817 1646 3866; x_wconf 91' lang='lat' dir='ltr'><strong>et</strong></span> <span class='ocrx_word' id='word_1_486' title='bbox 1677 3811 1886 3868; x_wconf 91' lang='lat' dir='ltr'><strong>amicus</strong></span> 
     </span>
    </p>
   </div>
   <div class='ocr_carea' id='block_1_67' title="bbox 254 3895 1882 3972">
    <p class='ocr_par' dir='ltr' id='par_1_67' title="bbox 254 3895 1882 3972">
     <span class='ocr_line' id='line_1_67' title="bbox 254 3895 1882 3972; baseline 0 -20"><span class='ocrx_word' id='word_1_487' title='bbox 254 3896 314 3952; x_wconf 89' lang='lat' dir='ltr'><strong>in</strong></span> <span class='ocrx_word' id='word_1_488' title='bbox 365 3895 582 3968; x_wconf 84' lang='lat' dir='ltr'><strong>palacio</strong></span> <span class='ocrx_word' id='word_1_489' title='bbox 612 3896 760 3972; x_wconf 86' lang='lat' dir='ltr'><strong>regis</strong></span> <span class='ocrx_word' id='word_1_490' title='bbox 807 3896 1176 3954; x_wconf 90' lang='lat' dir='ltr'><strong>fuerat—ut</strong></span> <span class='ocrx_word' id='word_1_491' title='bbox 1230 3897 1336 3953; x_wconf 88' lang='lat' dir='ltr'><strong>sibi</strong></span> <span class='ocrx_word' id='word_1_492' title='bbox 1369 3899 1607 3972; x_wconf 89' lang='lat' dir='ltr'><strong>aliquem</strong></span> <span class='ocrx_word' id='word_1_493' title='bbox 1657 3899 1882 3956; x_wconf 89' lang='lat' dir='ltr'><strong>litterali</strong></span> 
     </span>
    </p>
   </div>
   <div class='ocr_carea' id='block_1_68' title="bbox 255 3988 1886 4066">
    <p class='ocr_par' dir='ltr' id='par_1_68' title="bbox 255 3988 1886 4066">
     <span class='ocr_line' id='line_1_68' title="bbox 255 3988 1886 4066; baseline 0.003 -22"><span class='ocrx_word' id='word_1_494' title='bbox 255 3988 501 4046; x_wconf 90' lang='lat' dir='ltr'><strong>scientia</strong></span> <span class='ocrx_word' id='word_1_495' title='bbox 533 3989 828 4060; x_wconf 76' lang='lat' dir='ltr'><strong>praeditum</strong></span> <span class='ocrx_word' id='word_1_496' title='bbox 847 3989 1068 4066; x_wconf 84' lang='lat' dir='ltr'><strong>dirigat,</strong></span> <span class='ocrx_word' id='word_1_497' title='bbox 1091 3990 1252 4061; x_wconf 89' lang='lat' dir='ltr'><strong>cujus</strong></span> <span class='ocrx_word' id='word_1_498' title='bbox 1280 4007 1386 4064; x_wconf 90' lang='lat' dir='ltr'><strong>ope</strong></span> <span class='ocrx_word' id='word_1_499' title='bbox 1411 3998 1466 4048; x_wconf 89' lang='lat' dir='ltr'><strong>et</strong></span> <span class='ocrx_word' id='word_1_500' title='bbox 1489 3993 1738 4048; x_wconf 90' lang='lat' dir='ltr'><strong>doctrina</strong></span> <span class='ocrx_word' id='word_1_501' title='bbox 1769 3993 1886 4065; x_wconf 91' lang='lat' dir='ltr'><strong>ipse</strong></span> 
     </span>
    </p>
   </div>
   <div class='ocr_carea' id='block_1_69' title="bbox 259 4078 1889 4152">
    <p class='ocr_par' dir='ltr' id='par_1_69' title="bbox 259 4078 1889 4152">
     <span class='ocr_line' id='line_1_69' title="bbox 259 4078 1889 4152; baseline 0.003 -18"><span class='ocrx_word' id='word_1_502' title='bbox 259 4078 318 4136; x_wconf 89' lang='lat' dir='ltr'><strong>in</strong></span> <span class='ocrx_word' id='word_1_503' title='bbox 367 4079 684 4136; x_wconf 88' lang='lat' dir='ltr'><strong>eruditione</strong></span> <span class='ocrx_word' id='word_1_504' title='bbox 733 4079 1134 4151; x_wconf 89' lang='lat' dir='ltr'><strong>scripturarum</strong></span> <span class='ocrx_word' id='word_1_505' title='bbox 1183 4079 1457 4152; x_wconf 88' lang='lat' dir='ltr'><strong>proficere</strong></span> <span class='ocrx_word' id='word_1_506' title='bbox 1502 4083 1695 4138; x_wconf 90' lang='lat' dir='ltr'><strong>valeat.</strong></span> <span class='ocrx_word' id='word_1_507' title='bbox 1757 4083 1889 4148; x_wconf 85' lang='lat' dir='ltr'><strong>Quis</strong></span> 
     </span>
    </p>
   </div>
   <div class='ocr_carea' id='block_1_70' title="bbox 254 4171 1893 4246">
    <p class='ocr_par' dir='ltr' id='par_1_70' title="bbox 254 4171 1893 4246">
     <span class='ocr_line' id='line_1_70' title="bbox 254 4171 1893 4246; baseline 0.001 -19"><span class='ocrx_word' id='word_1_508' title='bbox 254 4177 412 4228; x_wconf 89' lang='lat' dir='ltr'><strong>tanto</strong></span> <span class='ocrx_word' id='word_1_509' title='bbox 445 4171 564 4228; x_wconf 90' lang='lat' dir='ltr'><strong>viro</strong></span> <span class='ocrx_word' id='word_1_510' title='bbox 594 4171 737 4227; x_wconf 89' lang='lat' dir='ltr'><strong>mitti</strong></span> <span class='ocrx_word' id='word_1_511' title='bbox 767 4171 971 4246; x_wconf 89' lang='lat' dir='ltr'><strong>dignus</strong></span> <span class='ocrx_word' id='word_1_512' title='bbox 997 4179 1142 4227; x_wconf 88' lang='lat' dir='ltr'><strong>esset</strong></span> <span class='ocrx_word' id='word_1_513' title='bbox 1177 4171 1474 4246; x_wconf 86' lang='lat' dir='ltr'><strong>diligenter</strong></span> <span class='ocrx_word' id='word_1_514' title='bbox 1503 4173 1791 4245; x_wconf 65' lang='lat' dir='ltr'><strong>qumritur,</strong></span> <span class='ocrx_word' id='word_1_515' title='bbox 1825 4173 1893 4229; x_wconf 71' lang='lat' dir='ltr'><strong>et</strong></span> 
     </span>
    </p>
   </div>
   <div class='ocr_carea' id='block_1_71' title="bbox 255 4260 1894 4337">
    <p class='ocr_par' dir='ltr' id='par_1_71' title="bbox 255 4260 1894 4337">
     <span class='ocr_line' id='line_1_71' title="bbox 255 4260 1894 4337; baseline 0 -19"><span class='ocrx_word' id='word_1_516' title='bbox 255 4261 478 4318; x_wconf 88' lang='lat' dir='ltr'><strong>tandem</strong></span> <span class='ocrx_word' id='word_1_517' title='bbox 511 4262 579 4316; x_wconf 90' lang='lat' dir='ltr'><strong>ad</strong></span> <span class='ocrx_word' id='word_1_518' title='bbox 622 4261 728 4318; x_wconf 87' lang='lat' dir='ltr'><strong>hoc</strong></span> <span class='ocrx_word' id='word_1_519' title='bbox 768 4261 954 4316; x_wconf 88' lang='lat' dir='ltr'><strong>nullus</strong></span> <span class='ocrx_word' id='word_1_520' title='bbox 992 4260 1214 4317; x_wconf 89' lang='lat' dir='ltr'><strong>Olberto</strong></span> <span class='ocrx_word' id='word_1_521' title='bbox 1241 4261 1418 4337; x_wconf 88' lang='lat' dir='ltr'><strong>magis</strong></span> <span class='ocrx_word' id='word_1_522' title='bbox 1468 4262 1704 4318; x_wconf 90' lang='lat' dir='ltr'><strong>idoneus</strong></span> <span class='ocrx_word' id='word_1_523' title='bbox 1736 4262 1894 4318; x_wconf 83' lang='lat' dir='ltr'><strong>inve-</strong></span> 
     </span>
    </p>
   </div>
   <div class='ocr_carea' id='block_1_72' title="bbox 1968 3165 3596 3239">
    <p class='ocr_par' dir='ltr' id='par_1_72' title="bbox 1968 3165 3596 3239">
     <span class='ocr_line' id='line_1_72' title="bbox 1968 3165 3596 3239; baseline 0 -17"><span class='ocrx_word' id='word_1_524' title='bbox 1968 3168 2044 3224; x_wconf 93' lang='lat' dir='ltr'><strong>lio</strong></span> <span class='ocrx_word' id='word_1_525' title='bbox 2073 3166 2268 3224; x_wconf 86' lang='lat' dir='ltr'><strong>factam</strong></span> <span class='ocrx_word' id='word_1_526' title='bbox 2309 3185 2434 3224; x_wconf 90' lang='lat' dir='ltr'><strong>esse</strong></span> <span class='ocrx_word' id='word_1_527' title='bbox 2475 3169 2825 3224; x_wconf 90' lang='lat' dir='ltr'><strong>electionem.</strong></span> <span class='ocrx_word' id='word_1_528' title='bbox 2879 3165 3040 3222; x_wconf 90' lang='lat' dir='ltr'><strong>Stulti</strong></span> <span class='ocrx_word' id='word_1_529' title='bbox 3095 3173 3150 3222; x_wconf 91' lang='lat' dir='ltr'><strong>et</strong></span> <span class='ocrx_word' id='word_1_530' title='bbox 3179 3167 3316 3232; x_wconf 86' lang='lat' dir='ltr'><strong>ceci,</strong></span> <span class='ocrx_word' id='word_1_531' title='bbox 3357 3166 3452 3239; x_wconf 92' lang='lat' dir='ltr'><strong>qui</strong></span> <span class='ocrx_word' id='word_1_532' title='bbox 3482 3181 3596 3224; x_wconf 88' lang='lat' dir='ltr'><strong>non</strong></span> 
     </span>
    </p>
   </div>
   <div class='ocr_carea' id='block_1_73' title="bbox 1971 3255 3596 3330">
    <p class='ocr_par' dir='ltr' id='par_1_73' title="bbox 1971 3255 3596 3330">
     <span class='ocr_line' id='line_1_73' title="bbox 1971 3255 3596 3330; baseline 0 -20"><span class='ocrx_word' id='word_1_533' title='bbox 1971 3255 2372 3330; x_wconf 84' lang='lat' dir='ltr'><strong>intellegebant</strong></span> <span class='ocrx_word' id='word_1_534' title='bbox 2410 3257 2608 3312; x_wconf 91' lang='lat' dir='ltr'><strong>melius</strong></span> <span class='ocrx_word' id='word_1_535' title='bbox 2636 3273 2734 3312; x_wconf 89' lang='lat' dir='ltr'><strong>sua</strong></span> <span class='ocrx_word' id='word_1_536' title='bbox 2761 3272 2861 3328; x_wconf 90' lang='lat' dir='ltr'><strong>spe</strong></span> <span class='ocrx_word' id='word_1_537' title='bbox 2888 3273 2921 3312; x_wconf 88' lang='lat' dir='ltr'><strong>a</strong></span> <span class='ocrx_word' id='word_1_538' title='bbox 2949 3257 3061 3312; x_wconf 88' lang='lat' dir='ltr'><strong>Deo</strong></span> <span class='ocrx_word' id='word_1_539' title='bbox 3088 3255 3195 3310; x_wconf 91' lang='lat' dir='ltr'><strong>sibi</strong></span> <span class='ocrx_word' id='word_1_540' title='bbox 3221 3255 3452 3311; x_wconf 90' lang='lat' dir='ltr'><strong>consuli.</strong></span> <span class='ocrx_word' id='word_1_541' title='bbox 3484 3255 3596 3311; x_wconf 85' lang='lat' dir='ltr'><strong>Re-</strong></span> 
     </span>
    </p>
   </div>
   <div class='ocr_carea' id='block_1_74' title="bbox 1969 3343 3597 3416">
    <p class='ocr_par' dir='ltr' id='par_1_74' title="bbox 1969 3343 3597 3416">
     <span class='ocr_line' id='line_1_74' title="bbox 1969 3343 3597 3416; baseline 0.001 -19"><span class='ocrx_word' id='word_1_542' title='bbox 1969 3343 2182 3416; x_wconf 92' lang='lat' dir='ltr'><strong>liquum</strong></span> <span class='ocrx_word' id='word_1_543' title='bbox 2213 3345 2323 3400; x_wconf 86' lang='lat' dir='ltr'><strong>dici</strong></span> <span class='ocrx_word' id='word_1_544' title='bbox 2351 3362 2475 3400; x_wconf 92' lang='lat' dir='ltr'><strong>cum</strong></span> <span class='ocrx_word' id='word_1_545' title='bbox 2507 3353 2674 3400; x_wconf 89' lang='lat' dir='ltr'><strong>nocte</strong></span> <span class='ocrx_word' id='word_1_546' title='bbox 2706 3343 3138 3416; x_wconf 87' lang='lat' dir='ltr'><strong>superveniente</strong></span> <span class='ocrx_word' id='word_1_547' title='bbox 3179 3345 3234 3398; x_wconf 94' lang='lat' dir='ltr'><strong>in</strong></span> <span class='ocrx_word' id='word_1_548' title='bbox 3273 3345 3375 3399; x_wconf 88' lang='lat' dir='ltr'><strong>hac</strong></span> <span class='ocrx_word' id='word_1_549' title='bbox 3411 3343 3597 3399; x_wconf 82' lang='lat' dir='ltr'><strong>rebel-</strong></span> 
     </span>
    </p>
   </div>
   <div class='ocr_carea' id='block_1_75' title="bbox 1971 3433 3588 3506">
    <p class='ocr_par' dir='ltr' id='par_1_75' title="bbox 1971 3433 3588 3506">
     <span class='ocr_line' id='line_1_75' title="bbox 1971 3433 3588 3506; baseline 0.001 -16"><span class='ocrx_word' id='word_1_550' title='bbox 1971 3435 2142 3502; x_wconf 81' lang='lat' dir='ltr'><strong>lienis</strong></span> <span class='ocrx_word' id='word_1_551' title='bbox 2191 3437 2564 3492; x_wconf 88' lang='lat' dir='ltr'><strong>obstinatione</strong></span> <span class='ocrx_word' id='word_1_552' title='bbox 2605 3443 3002 3506; x_wconf 87' lang='lat' dir='ltr'><strong>consumptum</strong></span> <span class='ocrx_word' id='word_1_553' title='bbox 3061 3441 3163 3490; x_wconf 90' lang='lat' dir='ltr'><strong>est.</strong></span> <span class='ocrx_word' id='word_1_554' title='bbox 3222 3433 3381 3490; x_wconf 87' lang='lat' dir='ltr'><strong>Mane</strong></span> <span class='ocrx_word' id='word_1_555' title='bbox 3421 3433 3588 3504; x_wconf 88' lang='lat' dir='ltr'><strong>facto,</strong></span> 
     </span>
    </p>
   </div>
   <div class='ocr_carea' id='block_1_76' title="bbox 1972 3521 3601 3602">
    <p class='ocr_par' dir='ltr' id='par_1_76' title="bbox 1972 3521 3601 3602">
     <span class='ocr_line' id='line_1_76' title="bbox 1972 3521 3601 3602; baseline 0.001 -22"><span class='ocrx_word' id='word_1_556' title='bbox 1972 3525 2243 3582; x_wconf 88' lang='lat' dir='ltr'><strong>clarorum</strong></span> <span class='ocrx_word' id='word_1_557' title='bbox 2273 3526 2516 3582; x_wconf 89' lang='lat' dir='ltr'><strong>virorum</strong></span> <span class='ocrx_word' id='word_1_558' title='bbox 2562 3526 2656 3598; x_wconf 84' lang='lat' dir='ltr'><strong>qui</strong></span> <span class='ocrx_word' id='word_1_559' title='bbox 2685 3525 2964 3602; x_wconf 87' lang='lat' dir='ltr'><strong>legatione</strong></span> <span class='ocrx_word' id='word_1_560' title='bbox 2991 3521 3244 3596; x_wconf 80' lang='lat' dir='ltr'><strong>episcOpi</strong></span> <span class='ocrx_word' id='word_1_561' title='bbox 3283 3523 3601 3600; x_wconf 82' lang='lat' dir='ltr'><strong>fungeban-</strong></span> 
     </span>
    </p>
   </div>
   <div class='ocr_carea' id='block_1_77' title="bbox 1981 3615 3598 3690">
    <p class='ocr_par' dir='ltr' id='par_1_77' title="bbox 1981 3615 3598 3690">
     <span class='ocr_line' id='line_1_77' title="bbox 1981 3615 3598 3690; baseline -0.001 -18"><span class='ocrx_word' id='word_1_562' title='bbox 1981 3625 2070 3672; x_wconf 92' lang='lat' dir='ltr'><strong>tur</strong></span> <span class='ocrx_word' id='word_1_563' title='bbox 2099 3617 2332 3673; x_wconf 91' lang='lat' dir='ltr'><strong>emolliti</strong></span> <span class='ocrx_word' id='word_1_564' title='bbox 2360 3617 2617 3684; x_wconf 89' lang='lat' dir='ltr'><strong>consilio,</strong></span> <span class='ocrx_word' id='word_1_565' title='bbox 2672 3617 2922 3690; x_wconf 86' lang='lat' dir='ltr'><strong>quamvis</strong></span> <span class='ocrx_word' id='word_1_566' title='bbox 2971 3616 3130 3672; x_wconf 90' lang='lat' dir='ltr'><strong>inviti</strong></span> <span class='ocrx_word' id='word_1_567' title='bbox 3173 3615 3502 3672; x_wconf 88' lang='lat' dir='ltr'><strong>destiterunt</strong></span> <span class='ocrx_word' id='word_1_568' title='bbox 3531 3615 3598 3672; x_wconf 92' lang='lat' dir='ltr'><strong>ab</strong></span> 
     </span>
    </p>
   </div>
   <div class='ocr_carea' id='block_1_78' title="bbox 1983 3709 3604 3779">
    <p class='ocr_par' dir='ltr' id='par_1_78' title="bbox 1983 3709 3604 3779">
     <span class='ocr_line' id='line_1_78' title="bbox 1983 3709 3604 3779; baseline -0.001 -12"><span class='ocrx_word' id='word_1_569' title='bbox 1983 3727 2120 3767; x_wconf 91' lang='lat' dir='ltr'><strong>ausu</strong></span> <span class='ocrx_word' id='word_1_570' title='bbox 2145 3711 2458 3779; x_wconf 89' lang='lat' dir='ltr'><strong>temerario,</strong></span> <span class='ocrx_word' id='word_1_571' title='bbox 2489 3711 2576 3767; x_wconf 84' lang='lat' dir='ltr'><strong>vix</strong></span> <span class='ocrx_word' id='word_1_572' title='bbox 2603 3712 2826 3768; x_wconf 92' lang='lat' dir='ltr'><strong>tandem</strong></span> <span class='ocrx_word' id='word_1_573' title='bbox 2857 3710 3080 3767; x_wconf 88' lang='lat' dir='ltr'><strong>adducti</strong></span> <span class='ocrx_word' id='word_1_574' title='bbox 3129 3709 3456 3768; x_wconf 89' lang='lat' dir='ltr'><strong>submittere</strong></span> <span class='ocrx_word' id='word_1_575' title='bbox 3484 3727 3604 3766; x_wconf 91' lang='lat' dir='ltr'><strong>ma-</strong></span> 
     </span>
    </p>
   </div>
   <div class='ocr_carea' id='block_1_79' title="bbox 1985 3802 3600 3860">
    <p class='ocr_par' dir='ltr' id='par_1_79' title="bbox 1985 3802 3600 3860">
     <span class='ocr_line' id='line_1_79' title="bbox 1985 3802 3600 3860; baseline 0.001 -2"><span class='ocrx_word' id='word_1_576' title='bbox 1985 3819 2092 3859; x_wconf 90' lang='lat' dir='ltr'><strong>nus</strong></span> <span class='ocrx_word' id='word_1_577' title='bbox 2129 3802 2316 3859; x_wconf 90' lang='lat' dir='ltr'><strong>abbati</strong></span> <span class='ocrx_word' id='word_1_578' title='bbox 2345 3820 2376 3858; x_wconf 91' lang='lat' dir='ltr'><strong>a</strong></span> <span class='ocrx_word' id='word_1_579' title='bbox 2405 3803 2517 3859; x_wconf 91' lang='lat' dir='ltr'><strong>Deo</strong></span> <span class='ocrx_word' id='word_1_580' title='bbox 2549 3802 2743 3860; x_wconf 90' lang='lat' dir='ltr'><strong>salutis</strong></span> <span class='ocrx_word' id='word_1_581' title='bbox 2772 3803 2842 3840; x_wconf 70' lang='lat'><strong>73&#39;</strong></span> <span class='ocrx_word' id='word_1_582' title='bbox 2873 3819 2986 3859; x_wconf 68' lang='lat' dir='ltr'><strong>suae</strong></span> <span class='ocrx_word' id='word_1_583' title='bbox 3009 3803 3209 3860; x_wconf 88' lang='lat' dir='ltr'><strong>electo.</strong></span> <span class='ocrx_word' id='word_1_584' title='bbox 3256 3802 3366 3859; x_wconf 85' lang='lat' dir='ltr'><strong>Hoc</strong></span> <span class='ocrx_word' id='word_1_585' title='bbox 3395 3802 3600 3860; x_wconf 85' lang='lat' dir='ltr'><strong>factum</strong></span> 
     </span>
    </p>
   </div>
   <div class='ocr_carea' id='block_1_80' title="bbox 1987 3891 3603 3967">
    <p class='ocr_par' dir='ltr' id='par_1_80' title="bbox 1987 3891 3603 3967">
     <span class='ocr_line' id='line_1_80' title="bbox 1987 3891 3603 3967; baseline -0.001 -16"><span class='ocrx_word' id='word_1_586' title='bbox 1987 3901 2074 3951; x_wconf 86' lang='lat' dir='ltr'><strong>est</strong></span> <span class='ocrx_word' id='word_1_587' title='bbox 2097 3894 2131 3948; x_wconf 94' lang='lat'>8</span> <span class='ocrx_word' id='word_1_588' title='bbox 2185 3893 2314 3949; x_wconf 88' lang='lat' dir='ltr'><strong>ldus</strong></span> <span class='ocrx_word' id='word_1_589' title='bbox 2360 3893 2584 3967; x_wconf 81' lang='lat' dir='ltr'><strong>Augusti</strong></span> <span class='ocrx_word' id='word_1_590' title='bbox 2612 3893 2908 3949; x_wconf 93' lang='lat' dir='ltr'><strong>millesimo</strong></span> <span class='ocrx_word' id='word_1_591' title='bbox 2939 3891 3270 3949; x_wconf 90' lang='lat' dir='ltr'><strong>duodecimo</strong></span> <span class='ocrx_word' id='word_1_592' title='bbox 3311 3908 3457 3949; x_wconf 90' lang='lat' dir='ltr'><strong>anno</strong></span> <span class='ocrx_word' id='word_1_593' title='bbox 3486 3893 3603 3950; x_wconf 92' lang='lat' dir='ltr'><strong>Do-</strong></span> 
     </span>
    </p>
   </div>
   <div class='ocr_carea' id='block_1_81' title="bbox 1989 3981 3606 4053">
    <p class='ocr_par' dir='ltr' id='par_1_81' title="bbox 1989 3981 3606 4053">
     <span class='ocr_line' id='line_1_81' title="bbox 1989 3981 3606 4053; baseline 0 -13"><span class='ocrx_word' id='word_1_594' title='bbox 1989 3986 2151 4053; x_wconf 91' lang='lat' dir='ltr'><strong>mini;</strong></span> <span class='ocrx_word' id='word_1_595' title='bbox 2220 3991 2572 4041; x_wconf 89' lang='lat' dir='ltr'><strong>consecratus</strong></span> <span class='ocrx_word' id='word_1_596' title='bbox 2609 3993 2694 4042; x_wconf 91' lang='lat' dir='ltr'><strong>est</strong></span> <span class='ocrx_word' id='word_1_597' title='bbox 2746 3993 2930 4041; x_wconf 90' lang='lat' dir='ltr'><strong>autem</strong></span> <span class='ocrx_word' id='word_1_598' title='bbox 2987 3985 3049 4040; x_wconf 86' lang='grc'><strong>11</strong></span> <span class='ocrx_word' id='word_1_599' title='bbox 3120 3981 3392 4039; x_wconf 87' lang='lat' dir='ltr'><strong>Kalendas</strong></span> <span class='ocrx_word' id='word_1_600' title='bbox 3448 3982 3606 4040; x_wconf 86' lang='lat' dir='ltr'><strong>Octo—</strong></span> 
     </span>
    </p>
   </div>
   <div class='ocr_carea' id='block_1_82' title="bbox 1988 4075 2125 4130">
    <p class='ocr_par' dir='ltr' id='par_1_82' title="bbox 1988 4075 2125 4130">
     <span class='ocr_line' id='line_1_82' title="bbox 1988 4075 2125 4130; baseline 0 0"><span class='ocrx_word' id='word_1_601' title='bbox 1988 4075 2125 4130; x_wconf 92' lang='lat' dir='ltr'><strong>bris.</strong></span> 
     </span>
    </p>
   </div>
   <div class='ocr_carea' id='block_1_83' title="bbox 2059 4165 3608 4244">
    <p class='ocr_par' dir='ltr' id='par_1_83' title="bbox 2059 4165 3608 4244">
     <span class='ocr_line' id='line_1_83' title="bbox 2059 4165 3608 4244; baseline -0.003 -20"><span class='ocrx_word' id='word_1_602' title='bbox 2059 4169 2148 4225; x_wconf 74' lang='lat'><strong>29.</strong></span> <span class='ocrx_word' id='word_1_603' title='bbox 2193 4169 2438 4242; x_wconf 85' lang='lat' dir='ltr'><strong>Adeptus</strong></span> <span class='ocrx_word' id='word_1_604' title='bbox 2469 4183 2602 4244; x_wconf 86' lang='lat' dir='ltr'><strong>ergo</strong></span> <span class='ocrx_word' id='word_1_605' title='bbox 2657 4183 2846 4224; x_wconf 89' lang='lat' dir='ltr'><strong>curam</strong></span> <span class='ocrx_word' id='word_1_606' title='bbox 2899 4165 3316 4238; x_wconf 87' lang='lat' dir='ltr'><strong>pastoralitatis,</strong></span> <span class='ocrx_word' id='word_1_607' title='bbox 3372 4179 3486 4220; x_wconf 87' lang='lat' dir='ltr'><strong>non</strong></span> <span class='ocrx_word' id='word_1_608' title='bbox 3523 4179 3608 4220; x_wconf 88' lang='lat' dir='ltr'><strong>se-</strong></span> 
     </span>
    </p>
   </div>
   <div class='ocr_carea' id='block_1_84' title="bbox 1992 4254 3608 4338">
    <p class='ocr_par' dir='ltr' id='par_1_84' title="bbox 1992 4254 3608 4338">
     <span class='ocr_line' id='line_1_84' title="bbox 1992 4254 3608 4338; baseline -0.004 -21"><span class='ocrx_word' id='word_1_609' title='bbox 1992 4262 2173 4338; x_wconf 89' lang='lat' dir='ltr'><strong>gniter</strong></span> <span class='ocrx_word' id='word_1_610' title='bbox 2225 4262 2510 4318; x_wconf 88' lang='lat' dir='ltr'><strong>laborabat</strong></span> <span class='ocrx_word' id='word_1_611' title='bbox 2551 4275 2756 4317; x_wconf 90' lang='lat' dir='ltr'><strong>nomen</strong></span> <span class='ocrx_word' id='word_1_612' title='bbox 2789 4259 3001 4314; x_wconf 86' lang='lat' dir='ltr'><strong>abbatis</strong></span> <span class='ocrx_word' id='word_1_613' title='bbox 3037 4258 3270 4328; x_wconf 91' lang='lat' dir='ltr'><strong>implere</strong></span> <span class='ocrx_word' id='word_1_614' title='bbox 3307 4254 3485 4312; x_wconf 85' lang='lat' dir='ltr'><strong>factis.</strong></span> <span class='ocrx_word' id='word_1_615' title='bbox 3543 4255 3608 4310; x_wconf 89' lang='lat' dir='ltr'><strong>Et</strong></span> 
     </span>
    </p>
   </div>
   <div class='ocr_carea' id='block_1_85' title="bbox 257 4346 3605 4456">
    <p class='ocr_par' dir='ltr' id='par_1_85' title="bbox 257 4346 3605 4456">
     <span class='ocr_line' id='line_1_85' title="bbox 257 4346 3605 4456; baseline -0.002 -47"><span class='ocrx_word' id='word_1_616' title='bbox 257 4353 428 4421; x_wconf 85' lang='lat' dir='ltr'><strong>nitur,</strong></span> <span class='ocrx_word' id='word_1_617' title='bbox 470 4358 526 4408; x_wconf 91' lang='lat' dir='ltr'><strong>et</strong></span> <span class='ocrx_word' id='word_1_618' title='bbox 545 4352 692 4408; x_wconf 87' lang='lat' dir='ltr'><strong>bona</strong></span> <span class='ocrx_word' id='word_1_619' title='bbox 733 4351 980 4408; x_wconf 90' lang='lat' dir='ltr'><strong>omnium</strong></span> <span class='ocrx_word' id='word_1_620' title='bbox 1003 4353 1070 4407; x_wconf 91' lang='lat' dir='ltr'><strong>de</strong></span> <span class='ocrx_word' id='word_1_621' title='bbox 1101 4367 1168 4407; x_wconf 91' lang='lat' dir='ltr'><strong>eo</strong></span> <span class='ocrx_word' id='word_1_622' title='bbox 1191 4351 1564 4420; x_wconf 89' lang='lat' dir='ltr'><strong>estimatione,</strong></span> <span class='ocrx_word' id='word_1_623' title='bbox 1598 4353 1664 4408; x_wconf 91' lang='lat' dir='ltr'><strong>ad</strong></span> <span class='ocrx_word' id='word_1_624' title='bbox 1688 4353 1882 4408; x_wconf 90' lang='lat' dir='ltr'><strong>urbem</strong></span> <span class='ocrx_word' id='word_1_625' title='bbox 1903 4387 1960 4456; x_wconf 82' lang='lat' dir='ltr'><strong>D</strong></span> <span class='ocrx_word' id='word_1_626' title='bbox 1985 4371 2110 4414; x_wconf 91' lang='lat' dir='ltr'><strong>cum</strong></span> <span class='ocrx_word' id='word_1_627' title='bbox 2155 4354 2314 4410; x_wconf 92' lang='lat' dir='ltr'><strong>initio</strong></span> <span class='ocrx_word' id='word_1_628' title='bbox 2358 4352 2690 4410; x_wconf 91' lang='lat' dir='ltr'><strong>occurrisset</strong></span> <span class='ocrx_word' id='word_1_629' title='bbox 2737 4351 2788 4406; x_wconf 91' lang='lat' dir='ltr'><strong>ei</strong></span> <span class='ocrx_word' id='word_1_630' title='bbox 2849 4365 3050 4425; x_wconf 86' lang='lat' dir='ltr'><strong>magna</strong></span> <span class='ocrx_word' id='word_1_631' title='bbox 3091 4347 3172 4403; x_wconf 92' lang='lat' dir='ltr'><strong>rei</strong></span> <span class='ocrx_word' id='word_1_632' title='bbox 3231 4346 3605 4402; x_wconf 66' lang='lat' dir='ltr'><strong>restaurandte</strong></span> 
     </span>
    </p>
   </div>
   <div class='ocr_carea' id='block_1_86' title="bbox 254 4441 1882 4518">
    <p class='ocr_par' dir='ltr' id='par_1_86' title="bbox 254 4441 1882 4518">
     <span class='ocr_line' id='line_1_86' title="bbox 254 4441 1882 4518; baseline 0 -18"><span class='ocrx_word' id='word_1_633' title='bbox 254 4443 600 4518; x_wconf 83' lang='lat' dir='ltr'><strong>Vangionum</strong></span> <span class='ocrx_word' id='word_1_634' title='bbox 661 4443 942 4518; x_wconf 89' lang='lat' dir='ltr'><strong>dirigitur.</strong></span> <span class='ocrx_word' id='word_1_635' title='bbox 1000 4441 1312 4498; x_wconf 85' lang='lat' dir='ltr'><strong>Honoritice</strong></span> <span class='ocrx_word' id='word_1_636' title='bbox 1363 4443 1432 4497; x_wconf 88' lang='lat' dir='ltr'><strong>ab</strong></span> <span class='ocrx_word' id='word_1_637' title='bbox 1466 4444 1729 4514; x_wconf 82' lang='lat' dir='ltr'><strong>episcOpo</strong></span> <span class='ocrx_word' id='word_1_638' title='bbox 1761 4460 1882 4500; x_wconf 89' lang='lat' dir='ltr'><strong>sus-</strong></span> 
     </span>
    </p>
   </div>
   <div class='ocr_carea' id='block_1_87' title="bbox 254 4535 1884 4611">
    <p class='ocr_par' dir='ltr' id='par_1_87' title="bbox 254 4535 1884 4611">
     <span class='ocr_line' id='line_1_87' title="bbox 254 4535 1884 4611; baseline -0.001 -18"><span class='ocrx_word' id='word_1_639' title='bbox 254 4543 476 4609; x_wconf 90' lang='lat' dir='ltr'><strong>ceptus,</strong></span> <span class='ocrx_word' id='word_1_640' title='bbox 517 4552 770 4609; x_wconf 89' lang='lat' dir='ltr'><strong>magnam</strong></span> <span class='ocrx_word' id='word_1_641' title='bbox 812 4535 1200 4591; x_wconf 84' lang='lat' dir='ltr'><strong>familiaritatis</strong></span> <span class='ocrx_word' id='word_1_642' title='bbox 1253 4551 1376 4592; x_wconf 91' lang='lat' dir='ltr'><strong>cum</strong></span> <span class='ocrx_word' id='word_1_643' title='bbox 1425 4552 1492 4592; x_wconf 91' lang='lat' dir='ltr'><strong>eo</strong></span> <span class='ocrx_word' id='word_1_644' title='bbox 1530 4537 1760 4611; x_wconf 82' lang='lat' dir='ltr'><strong>gratiam</strong></span> <span class='ocrx_word' id='word_1_645' title='bbox 1802 4543 1884 4593; x_wconf 91' lang='lat' dir='ltr'><strong>est</strong></span> 
     </span>
    </p>
   </div>
   <div class='ocr_carea' id='block_1_88' title="bbox 255 4625 1884 4700">
    <p class='ocr_par' dir='ltr' id='par_1_88' title="bbox 255 4625 1884 4700">
     <span class='ocr_line' id='line_1_88' title="bbox 255 4625 1884 4700; baseline -0.001 -18"><span class='ocrx_word' id='word_1_646' title='bbox 255 4625 544 4700; x_wconf 90' lang='lat' dir='ltr'><strong>indeptus.</strong></span> <span class='ocrx_word' id='word_1_647' title='bbox 580 4626 884 4698; x_wconf 85' lang='lat' dir='ltr'><strong>Episcopus</strong></span> <span class='ocrx_word' id='word_1_648' title='bbox 913 4625 1118 4682; x_wconf 88' lang='lat' dir='ltr'><strong>nobilis</strong></span> <span class='ocrx_word' id='word_1_649' title='bbox 1153 4633 1210 4682; x_wconf 92' lang='lat' dir='ltr'><strong>et</strong></span> <span class='ocrx_word' id='word_1_650' title='bbox 1241 4631 1439 4697; x_wconf 87' lang='lat' dir='ltr'><strong>potens</strong></span> <span class='ocrx_word' id='word_1_651' title='bbox 1470 4641 1578 4682; x_wconf 92' lang='lat' dir='ltr'><strong>non</strong></span> <span class='ocrx_word' id='word_1_652' title='bbox 1611 4627 1884 4698; x_wconf 79' lang='lat' dir='ltr'><strong>dedigna-</strong></span> 
     </span>
    </p>
   </div>
   <div class='ocr_carea' id='block_1_89' title="bbox 255 4720 1883 4798">
    <p class='ocr_par' dir='ltr' id='par_1_89' title="bbox 255 4720 1883 4798">
     <span class='ocr_line' id='line_1_89' title="bbox 255 4720 1883 4798; baseline -0.001 -19"><span class='ocrx_word' id='word_1_653' title='bbox 255 4729 350 4779; x_wconf 88' lang='lat' dir='ltr'><strong>tur</strong></span> <span class='ocrx_word' id='word_1_654' title='bbox 374 4736 436 4777; x_wconf 90' lang='lat' dir='ltr'><strong>se</strong></span> <span class='ocrx_word' id='word_1_655' title='bbox 474 4721 800 4778; x_wconf 89' lang='lat' dir='ltr'><strong>submittere</strong></span> <span class='ocrx_word' id='word_1_656' title='bbox 849 4721 919 4776; x_wconf 91' lang='lat' dir='ltr'><strong>ad</strong></span> <span class='ocrx_word' id='word_1_657' title='bbox 959 4720 1190 4798; x_wconf 81' lang='lat' dir='ltr'><strong>formam</strong></span> <span class='ocrx_word' id='word_1_658' title='bbox 1249 4721 1528 4792; x_wconf 90' lang='lat' dir='ltr'><strong>discipuli,</strong></span> <span class='ocrx_word' id='word_1_659' title='bbox 1577 4721 1883 4777; x_wconf 89' lang='lat' dir='ltr'><strong>monachus</strong></span> 
     </span>
    </p>
   </div>
   <div class='ocr_carea' id='block_1_90' title="bbox 257 4809 1881 4886">
    <p class='ocr_par' dir='ltr' id='par_1_90' title="bbox 257 4809 1881 4886">
     <span class='ocr_line' id='line_1_90' title="bbox 257 4809 1881 4886; baseline -0.001 -20"><span class='ocrx_word' id='word_1_660' title='bbox 257 4809 486 4867; x_wconf 87' lang='lat' dir='ltr'><strong>humilis</strong></span> <span class='ocrx_word' id='word_1_661' title='bbox 515 4818 570 4867; x_wconf 91' lang='lat' dir='ltr'><strong>et</strong></span> <span class='ocrx_word' id='word_1_662' title='bbox 597 4810 926 4886; x_wconf 88' lang='lat' dir='ltr'><strong>peregrinus</strong></span> <span class='ocrx_word' id='word_1_663' title='bbox 951 4827 1062 4867; x_wconf 93' lang='lat' dir='ltr'><strong>non</strong></span> <span class='ocrx_word' id='word_1_664' title='bbox 1093 4811 1320 4867; x_wconf 88' lang='lat' dir='ltr'><strong>timetin</strong></span> <span class='ocrx_word' id='word_1_665' title='bbox 1343 4817 1494 4866; x_wconf 90' lang='lat' dir='ltr'><strong>tanto</strong></span> <span class='ocrx_word' id='word_1_666' title='bbox 1525 4810 1642 4866; x_wconf 89' lang='lat' dir='ltr'><strong>viro</strong></span> <span class='ocrx_word' id='word_1_667' title='bbox 1657 4825 1881 4882; x_wconf 83' lang='lat' dir='ltr'><strong>cperam</strong></span> 
     </span>
    </p>
   </div>
   <div class='ocr_carea' id='block_1_91' title="bbox 257 4902 1886 4979">
    <p class='ocr_par' dir='ltr' id='par_1_91' title="bbox 257 4902 1886 4979">
     <span class='ocr_line' id='line_1_91' title="bbox 257 4902 1886 4979; baseline -0.002 -19"><span class='ocrx_word' id='word_1_668' title='bbox 257 4903 524 4960; x_wconf 82' lang='lat' dir='ltr'><strong>exhibere</strong></span> <span class='ocrx_word' id='word_1_669' title='bbox 581 4904 848 4979; x_wconf 86' lang='lat' dir='ltr'><strong>magistri.</strong></span> <span class='ocrx_word' id='word_1_670' title='bbox 894 4903 956 4960; x_wconf 88' lang='lat' dir='ltr'><strong>Et</strong></span> <span class='ocrx_word' id='word_1_671' title='bbox 993 4919 1182 4960; x_wconf 88' lang='lat' dir='ltr'><strong>revera</strong></span> <span class='ocrx_word' id='word_1_672' title='bbox 1215 4903 1592 4959; x_wconf 88' lang='lat' dir='ltr'><strong>necessarium</strong></span> <span class='ocrx_word' id='word_1_673' title='bbox 1643 4902 1721 4957; x_wconf 92' lang='lat' dir='ltr'><strong>illi</strong></span> <span class='ocrx_word' id='word_1_674' title='bbox 1771 4908 1886 4958; x_wconf 90' lang='lat' dir='ltr'><strong>erat</strong></span> 
     </span>
    </p>
   </div>
   <div class='ocr_carea' id='block_1_92' title="bbox 259 4998 1886 5075">
    <p class='ocr_par' dir='ltr' id='par_1_92' title="bbox 259 4998 1886 5075">
     <span class='ocr_line' id='line_1_92' title="bbox 259 4998 1886 5075; baseline -0.002 -19"><span class='ocrx_word' id='word_1_675' title='bbox 259 5005 322 5056; x_wconf 87' lang='lat' dir='ltr'><strong>ut</strong></span> <span class='ocrx_word' id='word_1_676' title='bbox 342 4999 553 5072; x_wconf 90' lang='lat' dir='ltr'><strong>politus</strong></span> <span class='ocrx_word' id='word_1_677' title='bbox 578 5005 728 5056; x_wconf 88' lang='lat' dir='ltr'><strong>esset</strong></span> <span class='ocrx_word' id='word_1_678' title='bbox 756 4999 826 5055; x_wconf 91' lang='lat' dir='ltr'><strong>ad</strong></span> <span class='ocrx_word' id='word_1_679' title='bbox 863 5014 1104 5075; x_wconf 88' lang='lat' dir='ltr'><strong>unguem</strong></span> <span class='ocrx_word' id='word_1_680' title='bbox 1146 4998 1472 5070; x_wconf 87' lang='lat' dir='ltr'><strong>multiplicis</strong></span> <span class='ocrx_word' id='word_1_681' title='bbox 1501 4998 1766 5054; x_wconf 79' lang='lat' dir='ltr'><strong>doctrinae</strong></span> <span class='ocrx_word' id='word_1_682' title='bbox 1795 5015 1886 5054; x_wconf 88' lang='lat' dir='ltr'><strong>ar-</strong></span> 
     </span>
    </p>
   </div>
   <div class='ocr_carea' id='block_1_93' title="bbox 260 5087 1886 5159">
    <p class='ocr_par' dir='ltr' id='par_1_93' title="bbox 260 5087 1886 5159">
     <span class='ocr_line' id='line_1_93' title="bbox 260 5087 1886 5159; baseline 0 -15"><span class='ocrx_word' id='word_1_683' title='bbox 260 5087 458 5155; x_wconf 82' lang='lat' dir='ltr'><strong>tificio,</strong></span> <span class='ocrx_word' id='word_1_684' title='bbox 499 5088 660 5158; x_wconf 90' lang='lat' dir='ltr'><strong>cujus</strong></span> <span class='ocrx_word' id='word_1_685' title='bbox 690 5088 814 5144; x_wconf 87' lang='lat' dir='ltr'><strong>laus</strong></span> <span class='ocrx_word' id='word_1_686' title='bbox 851 5095 908 5145; x_wconf 90' lang='lat' dir='ltr'><strong>et</strong></span> <span class='ocrx_word' id='word_1_687' title='bbox 939 5089 1229 5145; x_wconf 60' lang='lat' dir='ltr'><strong>aestimatio</strong></span> <span class='ocrx_word' id='word_1_688' title='bbox 1271 5088 1552 5159; x_wconf 88' lang='lat' dir='ltr'><strong>pendebat</strong></span> <span class='ocrx_word' id='word_1_689' title='bbox 1589 5105 1618 5143; x_wconf 90' lang='lat' dir='ltr'><strong>a</strong></span> <span class='ocrx_word' id='word_1_690' title='bbox 1651 5095 1758 5144; x_wconf 90' lang='lat' dir='ltr'><strong>tam</strong></span> <span class='ocrx_word' id='word_1_691' title='bbox 1796 5105 1886 5144; x_wconf 89' lang='lat' dir='ltr'><strong>sa-</strong></span> 
     </span>
    </p>
   </div>
   <div class='ocr_carea' id='block_1_94' title="bbox 1987 4437 3607 4517">
    <p class='ocr_par' dir='ltr' id='par_1_94' title="bbox 1987 4437 3607 4517">
     <span class='ocr_line' id='line_1_94' title="bbox 1987 4437 3607 4517; baseline -0.006 -14"><span class='ocrx_word' id='word_1_692' title='bbox 1987 4445 2280 4504; x_wconf 84' lang='lat' dir='ltr'><strong>difﬁcultas</strong></span> <span class='ocrx_word' id='word_1_693' title='bbox 2310 4477 2378 4486; x_wconf 90' lang='lat'>—</span> <span class='ocrx_word' id='word_1_694' title='bbox 2404 4446 2612 4517; x_wconf 92' lang='lat' dir='ltr'><strong>quippe</strong></span> <span class='ocrx_word' id='word_1_695' title='bbox 2648 4460 2771 4499; x_wconf 92' lang='lat' dir='ltr'><strong>cum</strong></span> <span class='ocrx_word' id='word_1_696' title='bbox 2809 4441 3052 4497; x_wconf 88' lang='lat' dir='ltr'><strong>exterius</strong></span> <span class='ocrx_word' id='word_1_697' title='bbox 3103 4439 3386 4514; x_wconf 89' lang='lat' dir='ltr'><strong>ingrueret</strong></span> <span class='ocrx_word' id='word_1_698' title='bbox 3423 4437 3607 4514; x_wconf 85' lang='lat' dir='ltr'><strong>gravis</strong></span> 
     </span>
    </p>
   </div>
   <div class='ocr_carea' id='block_1_95' title="bbox 1984 4531 3607 4603">
    <p class='ocr_par' dir='ltr' id='par_1_95' title="bbox 1984 4531 3607 4603">
     <span class='ocr_line' id='line_1_95' title="bbox 1984 4531 3607 4603; baseline -0.007 -9"><span class='ocrx_word' id='word_1_699' title='bbox 1984 4537 2063 4594; x_wconf 91' lang='lat' dir='ltr'><strong>rei</strong></span> <span class='ocrx_word' id='word_1_700' title='bbox 2088 4537 2378 4593; x_wconf 88' lang='lat' dir='ltr'><strong>familiaris</strong></span> <span class='ocrx_word' id='word_1_701' title='bbox 2404 4535 2665 4602; x_wconf 88' lang='lat' dir='ltr'><strong>tenuitas,</strong></span> <span class='ocrx_word' id='word_1_702' title='bbox 2694 4532 2926 4588; x_wconf 89' lang='lat' dir='ltr'><strong>interius</strong></span> <span class='ocrx_word' id='word_1_703' title='bbox 2951 4539 3132 4586; x_wconf 89' lang='lat' dir='ltr'><strong>autem</strong></span> <span class='ocrx_word' id='word_1_704' title='bbox 3161 4531 3414 4585; x_wconf 89' lang='lat' dir='ltr'><strong>horreret</strong></span> <span class='ocrx_word' id='word_1_705' title='bbox 3438 4543 3607 4603; x_wconf 87' lang='lat' dir='ltr'><strong>gran-</strong></span> 
     </span>
    </p>
   </div>
   <div class='ocr_carea' id='block_1_96' title="bbox 1986 4619 3607 4702">
    <p class='ocr_par' dir='ltr' id='par_1_96' title="bbox 1986 4619 3607 4702">
     <span class='ocr_line' id='line_1_96' title="bbox 1986 4619 3607 4702; baseline -0.006 -16"><span class='ocrx_word' id='word_1_706' title='bbox 1986 4631 2072 4686; x_wconf 93' lang='lat' dir='ltr'><strong>dis</strong></span> <span class='ocrx_word' id='word_1_707' title='bbox 2109 4628 2502 4702; x_wconf 85' lang='lat' dir='ltr'><strong>inreligiositas</strong></span> <span class='ocrx_word' id='word_1_708' title='bbox 2547 4657 2607 4666; x_wconf 90' lang='lat'><strong>—</strong></span> <span class='ocrx_word' id='word_1_709' title='bbox 2652 4640 2761 4680; x_wconf 94' lang='lat' dir='ltr'><strong>non</strong></span> <span class='ocrx_word' id='word_1_710' title='bbox 2810 4623 2968 4679; x_wconf 85' lang='lat' dir='ltr'><strong>facile</strong></span> <span class='ocrx_word' id='word_1_711' title='bbox 3005 4622 3076 4657; x_wconf 62' lang='grc' dir='ltr'><strong>’κο</strong></span> <span class='ocrx_word' id='word_1_712' title='bbox 3113 4619 3445 4680; x_wconf 89' lang='lat' dir='ltr'><strong>memoranti</strong></span> <span class='ocrx_word' id='word_1_713' title='bbox 3487 4635 3607 4678; x_wconf 81' lang='lat' dir='ltr'><strong>cre-</strong></span> 
     </span>
    </p>
   </div>
   <div class='ocr_carea' id='block_1_97' title="bbox 1984 4711 3610 4794">
    <p class='ocr_par' dir='ltr' id='par_1_97' title="bbox 1984 4711 3610 4794">
     <span class='ocr_line' id='line_1_97' title="bbox 1984 4711 3610 4794; baseline -0.006 -16"><span class='ocrx_word' id='word_1_714' title='bbox 1984 4723 2105 4790; x_wconf 88' lang='lat' dir='ltr'><strong>das,</strong></span> <span class='ocrx_word' id='word_1_715' title='bbox 2145 4737 2306 4794; x_wconf 90' lang='lat' dir='ltr'><strong>quam</strong></span> <span class='ocrx_word' id='word_1_716' title='bbox 2368 4719 2522 4774; x_wconf 88' lang='lat' dir='ltr'><strong>brevi</strong></span> <span class='ocrx_word' id='word_1_717' title='bbox 2577 4725 2632 4773; x_wconf 89' lang='lat' dir='ltr'><strong>et</strong></span> <span class='ocrx_word' id='word_1_718' title='bbox 2682 4733 2848 4788; x_wconf 90' lang='lat' dir='ltr'><strong>quam</strong></span> <span class='ocrx_word' id='word_1_719' title='bbox 2901 4714 3061 4771; x_wconf 78' lang='lat' dir='ltr'><strong>facile</strong></span> <span class='ocrx_word' id='word_1_720' title='bbox 3089 4721 3274 4787; x_wconf 92' lang='lat' dir='ltr'><strong>optata</strong></span> <span class='ocrx_word' id='word_1_721' title='bbox 3327 4714 3381 4771; x_wconf 92' lang='lat' dir='ltr'><strong>ei</strong></span> <span class='ocrx_word' id='word_1_722' title='bbox 3423 4711 3610 4770; x_wconf 87' lang='lat' dir='ltr'><strong>arrisit</strong></span> 
     </span>
    </p>
   </div>
   <div class='ocr_carea' id='block_1_98' title="bbox 1983 4801 3640 4886">
    <p class='ocr_par' dir='ltr' id='par_1_98' title="bbox 1983 4801 3640 4886">
     <span class='ocr_line' id='line_1_98' title="bbox 1983 4801 3640 4886; baseline -0.004 -16"><span class='ocrx_word' id='word_1_723' title='bbox 1983 4814 2342 4886; x_wconf 89' lang='lat' dir='ltr'><strong>prosperitas.</strong></span> <span class='ocrx_word' id='word_1_724' title='bbox 2395 4811 2528 4866; x_wconf 86' lang='lat' dir='ltr'><strong>Nam</strong></span> <span class='ocrx_word' id='word_1_725' title='bbox 2561 4815 2622 4865; x_wconf 92' lang='lat' dir='ltr'><strong>ut</strong></span> <span class='ocrx_word' id='word_1_726' title='bbox 2662 4808 2967 4880; x_wconf 89' lang='lat' dir='ltr'><strong>prudenter</strong></span> <span class='ocrx_word' id='word_1_727' title='bbox 3004 4805 3451 4879; x_wconf 89' lang='lat' dir='ltr'><strong>indisciplinatos</strong></span> <span class='ocrx_word' id='word_1_728' title='bbox 3495 4801 3640 4864; x_wconf 80' lang='lat' dir='ltr'><strong>mo-&#39;</strong></span> 
     </span>
    </p>
   </div>
   <div class='ocr_carea' id='block_1_99' title="bbox 1985 4896 3610 4976">
    <p class='ocr_par' dir='ltr' id='par_1_99' title="bbox 1985 4896 3610 4976">
     <span class='ocr_line' id='line_1_99' title="bbox 1985 4896 3610 4976; baseline -0.007 -13"><span class='ocrx_word' id='word_1_729' title='bbox 1985 4923 2074 4963; x_wconf 90' lang='lat' dir='ltr'><strong>res</strong></span> <span class='ocrx_word' id='word_1_730' title='bbox 2091 4921 2280 4962; x_wconf 86' lang='lat' dir='ltr'><strong>eorum</strong></span> <span class='ocrx_word' id='word_1_731' title='bbox 2312 4903 2634 4976; x_wconf 84' lang='lat' dir='ltr'><strong>corrigeret,</strong></span> <span class='ocrx_word' id='word_1_732' title='bbox 2671 4916 2864 4976; x_wconf 89' lang='lat' dir='ltr'><strong>pravas</strong></span> <span class='ocrx_word' id='word_1_733' title='bbox 2889 4899 3008 4955; x_wconf 90' lang='lat' dir='ltr'><strong>vias</strong></span> <span class='ocrx_word' id='word_1_734' title='bbox 3054 4913 3268 4967; x_wconf 88' lang='lat' dir='ltr'><strong>eorum,</strong></span> <span class='ocrx_word' id='word_1_735' title='bbox 3299 4898 3505 4972; x_wconf 88' lang='lat' dir='ltr'><strong>quibus</strong></span> <span class='ocrx_word' id='word_1_736' title='bbox 3542 4896 3610 4952; x_wconf 91' lang='lat' dir='ltr'><strong>ll-</strong></span> 
     </span>
    </p>
   </div>
   <div class='ocr_carea' id='block_1_100' title="bbox 1984 4981 3612 5066">
    <p class='ocr_par' dir='ltr' id='par_1_100' title="bbox 1984 4981 3612 5066">
     <span class='ocr_line' id='line_1_100' title="bbox 1984 4981 3612 5066; baseline -0.008 -16"><span class='ocrx_word' id='word_1_737' title='bbox 1984 4995 2134 5050; x_wconf 88' lang='lat' dir='ltr'><strong>licite</strong></span> <span class='ocrx_word' id='word_1_738' title='bbox 2181 4992 2434 5066; x_wconf 86' lang='lat' dir='ltr'><strong>vagando</strong></span> <span class='ocrx_word' id='word_1_739' title='bbox 2489 4990 2747 5048; x_wconf 89' lang='lat' dir='ltr'><strong>aberrare</strong></span> <span class='ocrx_word' id='word_1_740' title='bbox 2790 4988 3066 5056; x_wconf 90' lang='lat' dir='ltr'><strong>solebant,</strong></span> <span class='ocrx_word' id='word_1_741' title='bbox 3116 4987 3294 5060; x_wconf 88' lang='lat' dir='ltr'><strong>spinis</strong></span> <span class='ocrx_word' id='word_1_742' title='bbox 3341 4981 3612 5060; x_wconf 89' lang='lat' dir='ltr'><strong>regularis</strong></span> 
     </span>
    </p>
   </div>
   <div class='ocr_carea' id='block_1_101' title="bbox 1987 5072 3614 5156">
    <p class='ocr_par' dir='ltr' id='par_1_101' title="bbox 1987 5072 3614 5156">
     <span class='ocr_line' id='line_1_101' title="bbox 1987 5072 3614 5156; baseline -0.007 -16"><span class='ocrx_word' id='word_1_743' title='bbox 1987 5084 2295 5156; x_wconf 65' lang='lat' dir='ltr'><strong>disciplinae</strong></span> <span class='ocrx_word' id='word_1_744' title='bbox 2324 5083 2607 5154; x_wconf 86' lang='lat' dir='ltr'><strong>sepiebat;</strong></span> <span class='ocrx_word' id='word_1_745' title='bbox 2629 5082 2836 5137; x_wconf 89' lang='lat' dir='ltr'><strong>deinde</strong></span> <span class='ocrx_word' id='word_1_746' title='bbox 2863 5079 2981 5135; x_wconf 91' lang='lat' dir='ltr'><strong>vias</strong></span> <span class='ocrx_word' id='word_1_747' title='bbox 3001 5076 3372 5144; x_wconf 90' lang='lat' dir='ltr'><strong>rectitudinis,</strong></span> <span class='ocrx_word' id='word_1_748' title='bbox 3407 5072 3614 5148; x_wconf 89' lang='lat' dir='ltr'><strong>quibus</strong></span> 
     </span>
    </p>
   </div>
   <div class='ocr_carea' id='block_1_102' title="bbox 263 5165 3617 5254">
    <p class='ocr_par' dir='ltr' id='par_1_102' title="bbox 263 5165 3617 5254">
     <span class='ocr_line' id='line_1_102' title="bbox 263 5165 3617 5254; baseline -0.004 -17"><span class='ocrx_word' id='word_1_749' title='bbox 263 5179 469 5252; x_wconf 85' lang='lat' dir='ltr'><strong>pientis</strong></span> <span class='ocrx_word' id='word_1_750' title='bbox 499 5180 762 5252; x_wconf 91' lang='lat' dir='ltr'><strong>discipuli</strong></span> <span class='ocrx_word' id='word_1_751' title='bbox 789 5180 975 5254; x_wconf 88' lang='lat' dir='ltr'><strong>suptili</strong></span> <span class='ocrx_word' id='word_1_752' title='bbox 1006 5181 1238 5253; x_wconf 90' lang='lat' dir='ltr'><strong>judicio.</strong></span> <span class='ocrx_word' id='word_1_753' title='bbox 1281 5181 1548 5246; x_wconf 85' lang='lat' dir='ltr'><strong>Quantum</strong></span> <span class='ocrx_word' id='word_1_754' title='bbox 1581 5189 1766 5236; x_wconf 92' lang='lat' dir='ltr'><strong>autem</strong></span> <span class='ocrx_word' id='word_1_755' title='bbox 1805 5181 1889 5237; x_wconf 92' lang='lat' dir='ltr'><strong>vir</strong></span> <span class='ocrx_word' id='word_1_756' title='bbox 1988 5177 2057 5232; x_wconf 91' lang='lat' dir='ltr'><strong>ad</strong></span> <span class='ocrx_word' id='word_1_757' title='bbox 2087 5176 2252 5231; x_wconf 88' lang='lat' dir='ltr'><strong>vitam</strong></span> <span class='ocrx_word' id='word_1_758' title='bbox 2284 5175 2544 5230; x_wconf 90' lang='lat' dir='ltr'><strong>incedere</strong></span> <span class='ocrx_word' id='word_1_759' title='bbox 2571 5175 2861 5241; x_wconf 89' lang='lat' dir='ltr'><strong>deberent,</strong></span> <span class='ocrx_word' id='word_1_760' title='bbox 2904 5171 2987 5227; x_wconf 92' lang='lat' dir='ltr'><strong>eis</strong></span> <span class='ocrx_word' id='word_1_761' title='bbox 3017 5169 3364 5227; x_wconf 91' lang='lat' dir='ltr'><strong>ostendebat.</strong></span> <span class='ocrx_word' id='word_1_762' title='bbox 3407 5166 3469 5221; x_wconf 89' lang='lat' dir='ltr'><strong>Et</strong></span> <span class='ocrx_word' id='word_1_763' title='bbox 3513 5165 3617 5222; x_wconf 89' lang='lat' dir='ltr'><strong>do-</strong></span> 
     </span>
    </p>
   </div>
   <div class='ocr_carea' id='block_1_103' title="bbox 261 5255 3614 5342">
    <p class='ocr_par' dir='ltr' id='par_1_103' title="bbox 261 5255 3614 5342">
     <span class='ocr_line' id='line_1_103' title="bbox 261 5255 3614 5342; baseline -0.004 -16"><span class='ocrx_word' id='word_1_764' title='bbox 261 5274 432 5326; x_wconf 70' lang='lat' dir='ltr'><strong>tantae</strong></span> <span class='ocrx_word' id='word_1_765' title='bbox 471 5271 814 5327; x_wconf 89' lang='lat' dir='ltr'><strong>auctoritatis</strong></span> <span class='ocrx_word' id='word_1_766' title='bbox 843 5287 910 5327; x_wconf 85' lang='lat' dir='ltr'><strong>ex</strong></span> <span class='ocrx_word' id='word_1_767' title='bbox 942 5268 1148 5327; x_wconf 89' lang='lat' dir='ltr'><strong>Olberti</strong></span> <span class='ocrx_word' id='word_1_768' title='bbox 1188 5269 1441 5326; x_wconf 89' lang='lat' dir='ltr'><strong>doctrina</strong></span> <span class='ocrx_word' id='word_1_769' title='bbox 1473 5269 1798 5342; x_wconf 74' lang='lat' dir='ltr'><strong>profecerit,</strong></span> <span class='ocrx_word' id='word_1_770' title='bbox 1823 5285 1889 5325; x_wconf 88' lang='lat' dir='ltr'><strong>ex</strong></span> <span class='ocrx_word' id='word_1_771' title='bbox 1991 5275 2110 5325; x_wconf 90' lang='lat' dir='ltr'><strong>ctus</strong></span> <span class='ocrx_word' id='word_1_772' title='bbox 2148 5268 2298 5340; x_wconf 87' lang='lat' dir='ltr'><strong>quod</strong></span> <span class='ocrx_word' id='word_1_773' title='bbox 2329 5274 2516 5339; x_wconf 91' lang='lat' dir='ltr'><strong>pastor</strong></span> <span class='ocrx_word' id='word_1_774' title='bbox 2557 5271 2839 5339; x_wconf 88' lang='lat' dir='ltr'><strong>pastorum</strong></span> <span class='ocrx_word' id='word_1_775' title='bbox 2877 5261 3246 5320; x_wconf 81' lang='lat' dir='ltr'><strong>comminatur</strong></span> <span class='ocrx_word' id='word_1_776' title='bbox 3277 5255 3614 5332; x_wconf 89' lang='lat' dir='ltr'><strong>pastoribus,</strong></span> 
     </span>
    </p>
   </div>
   <div class='ocr_carea' id='block_1_104' title="bbox 261 5349 3640 5432">
    <p class='ocr_par' dir='ltr' id='par_1_104' title="bbox 261 5349 3640 5432">
     <span class='ocr_line' id='line_1_104' title="bbox 261 5349 3640 5432; baseline -0.003 -17"><span class='ocrx_word' id='word_1_777' title='bbox 261 5359 482 5417; x_wconf 88' lang='lat' dir='ltr'><strong>actibus</strong></span> <span class='ocrx_word' id='word_1_778' title='bbox 521 5359 643 5430; x_wconf 88' lang='lat' dir='ltr'><strong>ejus</strong></span> <span class='ocrx_word' id='word_1_779' title='bbox 671 5360 1040 5418; x_wconf 87' lang='lat' dir='ltr'><strong>estimandum</strong></span> <span class='ocrx_word' id='word_1_780' title='bbox 1071 5359 1212 5417; x_wconf 89' lang='lat' dir='ltr'><strong>erit:</strong></span> <span class='ocrx_word' id='word_1_781' title='bbox 1267 5358 1336 5416; x_wconf 91' lang='lat' dir='ltr'><strong>de</strong></span> <span class='ocrx_word' id='word_1_782' title='bbox 1381 5373 1491 5432; x_wconf 92' lang='lat' dir='ltr'><strong>quo</strong></span> <span class='ocrx_word' id='word_1_783' title='bbox 1523 5359 1658 5416; x_wconf 90' lang='lat' dir='ltr'><strong>satis</strong></span> <span class='ocrx_word' id='word_1_784' title='bbox 1686 5359 1894 5416; x_wconf 89' lang='lat' dir='ltr'><strong>consti-</strong></span> <span class='ocrx_word' id='word_1_785' title='bbox 1993 5361 2089 5432; x_wconf 91' lang='lat' dir='ltr'><strong>qui</strong></span> <span class='ocrx_word' id='word_1_786' title='bbox 2115 5359 2448 5432; x_wconf 83' lang='lat' dir='ltr'><strong>semetipsos</strong></span> <span class='ocrx_word' id='word_1_787' title='bbox 2488 5367 2542 5416; x_wconf 88' lang='lat' dir='ltr'><strong>et</strong></span> <span class='ocrx_word' id='word_1_788' title='bbox 2564 5374 2676 5416; x_wconf 92' lang='lat' dir='ltr'><strong>non</strong></span> <span class='ocrx_word' id='word_1_789' title='bbox 2705 5373 2930 5432; x_wconf 88' lang='lat' dir='ltr'><strong>gregem</strong></span> <span class='ocrx_word' id='word_1_790' title='bbox 2954 5353 3049 5411; x_wconf 90' lang='lat' dir='ltr'><strong>Dei</strong></span> <span class='ocrx_word' id='word_1_791' title='bbox 3077 5357 3333 5426; x_wconf 89' lang='lat' dir='ltr'><strong>pascunt,</strong></span> <span class='ocrx_word' id='word_1_792' title='bbox 3365 5349 3462 5424; x_wconf 91' lang='lat' dir='ltr'><strong>qui</strong></span> <span class='ocrx_word' id='word_1_793' title='bbox 3493 5364 3640 5406; x_wconf 85' lang='lat' dir='ltr'><strong>cum</strong></span> 
     </span>
    </p>
   </div>
   <div class='ocr_carea' id='block_1_105' title="bbox 1635 5467 2273 5533">
    <p class='ocr_par' dir='ltr' id='par_1_105' title="bbox 1635 5467 2273 5533">
     <span class='ocr_line' id='line_1_105' title="bbox 1635 5467 2273 5533; baseline 0.014 -9"><span class='ocrx_word' id='word_1_794' title='bbox 1635 5468 1856 5526; x_wconf 68' lang='lat' dir='ltr'><strong>VARLE</strong></span> <span class='ocrx_word' id='word_1_795' title='bbox 1898 5467 2172 5527; x_wconf 83' lang='lat' dir='ltr'><strong>LECTION</strong></span> <span class='ocrx_word' id='word_1_796' title='bbox 2179 5469 2273 5533; x_wconf 83' lang='lat' dir='ltr'><strong>ES.</strong></span> 
     </span>
    </p>
   </div>
   <div class='ocr_carea' id='block_1_106' title="bbox 334 5559 3618 5629">
    <p class='ocr_par' dir='ltr' id='par_1_106' title="bbox 334 5559 3618 5629">
     <span class='ocr_line' id='line_1_106' title="bbox 334 5559 3618 5629; baseline -0.003 -1"><span class='ocrx_word' id='word_1_797' title='bbox 334 5570 410 5610; x_wconf 80' lang='grc'><strong>⁷³⁷</strong></span> <span class='ocrx_word' id='word_1_798' title='bbox 429 5577 682 5629; x_wconf 87' lang='lat' dir='ltr'><strong>sanctum</strong></span> <span class='ocrx_word' id='word_1_799' title='bbox 722 5570 1053 5628; x_wconf 83' lang='lat' dir='ltr'><strong>Germanum</strong></span> <span class='ocrx_word' id='word_1_800' title='bbox 1080 5585 1220 5628; x_wconf 80' lang='lat' dir='ltr'><strong>corr.</strong></span> <span class='ocrx_word' id='word_1_801' title='bbox 1249 5567 1426 5628; x_wconf 89' lang='lat' dir='ltr'><strong>sancti</strong></span> <span class='ocrx_word' id='word_1_802' title='bbox 1489 5567 1818 5625; x_wconf 86' lang='lat' dir='ltr'><strong>Germanic.</strong></span> <span class='ocrx_word' id='word_1_803' title='bbox 1917 5568 1986 5606; x_wconf 75' lang='grc'><strong>⁷⁸⁸</strong></span> <span class='ocrx_word' id='word_1_804' title='bbox 2007 5569 2207 5628; x_wconf 88' lang='lat' dir='ltr'><strong>vicem.</strong></span> <span class='ocrx_word' id='word_1_805' title='bbox 2266 5584 2402 5626; x_wconf 81' lang='lat' dir='ltr'><strong>corr.</strong></span> <span class='ocrx_word' id='word_1_806' title='bbox 2460 5569 2602 5626; x_wconf 85' lang='lat' dir='ltr'><strong>vice.</strong></span> <span class='ocrx_word' id='word_1_807' title='bbox 2694 5564 2764 5603; x_wconf 71' lang='lat'><strong>73°</strong></span> <span class='ocrx_word' id='word_1_808' title='bbox 2786 5570 2868 5624; x_wconf 74' lang='lat' dir='ltr'><strong>ita</strong></span> <span class='ocrx_word' id='word_1_809' title='bbox 2907 5563 3094 5622; x_wconf 67' lang='lat' dir='ltr'><strong>eodem.</strong></span> <span class='ocrx_word' id='word_1_810' title='bbox 3167 5560 3238 5598; x_wconf 72' lang='grc' dir='ltr'><strong>πο</strong></span> <span class='ocrx_word' id='word_1_811' title='bbox 3269 5559 3618 5621; x_wconf 70' lang='grc' dir='ltr'><strong>ἰαοίιίεοοηοο</strong></span> 
     </span>
    </p>
   </div>
   <div class='ocr_carea' id='block_1_107' title="bbox 265 5641 511 5702">
    <p class='ocr_par' dir='ltr' id='par_1_107' title="bbox 265 5641 511 5702">
     <span class='ocr_line' id='line_1_107' title="bbox 265 5641 511 5702; baseline 0.004 -5"><span class='ocrx_word' id='word_1_812' title='bbox 265 5641 511 5702; x_wconf 84' lang='lat' dir='ltr'><strong>facilec.</strong></span> 
     </span>
    </p>
   </div>
   <div class='ocr_carea' id='block_1_108' title="bbox 641 5740 3272 5810">
    <p class='ocr_par' dir='ltr' id='par_1_108' title="bbox 641 5740 3272 5810">
     <span class='ocr_line' id='line_1_108' title="bbox 641 5740 3272 5810; baseline -0.002 0"><span class='ocrx_word' id='word_1_813' title='bbox 641 5747 952 5810; x_wconf 75' lang='lat' dir='ltr'><strong>PATROL.</strong></span> <span class='ocrx_word' id='word_1_814' title='bbox 1007 5744 1205 5809; x_wconf 88' lang='lat' dir='ltr'><strong>CLX.</strong></span> <span class='ocrx_word' id='word_1_815' title='bbox 3191 5740 3272 5806; x_wconf 77' lang='lat'><strong>20</strong></span> 
     </span>
    </p>
   </div>
  </div>
