3938 6050
371 267 477 325 619

1592 268 1935 323 SIGEBERTI
1976 267 2491 326 GEMBLACENSIS.

3593 269 3704 326 620

373 397 697 456 auctoritate
727 404 781 455 et
810 396 1053 468 potentia
1080 397 1161 453 eis
1188 397 1485 470 imperant,
1533 405 1588 455 et
1619 399 1768 454 nulla
1799 406 1985 470 pater—
2010 402 2063 470 Α
2091 399 2298 455 salubri
2353 407 2581 471 accepto
2636 399 2891 468 consilio,
2950 399 3253 474 annitente'
3282 399 3388 455 sibi
3446 399 3561 455 tilio
3606 415 3711 457 suo

371 489 562 544 uitatis
587 486 877 544 affectione
902 504 999 544 eos
1024 490 1093 543 ab
1123 490 1326 545 erroris
1357 490 1519 545 devio
1552 498 1833 557 revocant,
1884 507 1988 547 nec

371 598 402 636 a
449 581 593 636 malo
620 581 875 637 dolentes
924 580 989 616 7“
1040 581 1303 649 liberant,
1349 582 1497 655 quod
1545 582 1822 638 infirmum
1871 591 1987 639 erat

371 669 651 744 alligabat,
683 671 829 743 quod
859 669 1200 726 confractum
1254 680 1369 727 erat
1402 672 1803 739 consolidabat,
1837 672 1983 744 quod

369 762 624 834 periebat
654 761 989 834 requirebat,
1029 769 1085 818 et
1122 763 1374 835 exemplo
1401 764 1703 837 evangelici
1745 764 1987 820 Samari-

369 857 485 912 taui
526 855 807 912 ulceribus
852 871 1045 911 eorum
1096 856 1284 911 vinum
1345 858 1655 913 severitatis
1704 864 1759 913 et
1801 858 1984 914 oleum

368 950 596 1022 pietatis
617 949 965 1006 infundebat.
1000 950 1112 1006 Nec
1141 967 1267 1007 eum
1289 968 1418 1023 spes
1441 951 1655 1008 fefellit.
1689 952 1806 1009 Non
1838 953 1987 1008 enim

370 1044 527 1115 prius
555 1044 787 1111 destitit,
829 1061 1017 1118 quam,
1040 1051 1264 1117 accepto
1296 1046 1604 1102 ventilabro
1636 1047 1990 1102 discretionis

372 1148 494 1203 qua:
532 1138 616 1190 est
653 1141 829 1188 mater
874 1134 1159 1200 virtutum,
1210 1134 1398 1205 paleas
1441 1135 1698 1190 vitiorum
1740 1135 1809 1190 de
1863 1152 1990 1191 arca

372 1223 652 1279 dominica
689 1222 952 1288 excussit,
980 1231 1034 1277 et
1063 1239 1233 1296 grana
1257 1224 1513 1279 virtutum
1548 1225 1604 1278 in
1645 1226 1843 1280 horreo
1871 1225 1988 1293 Dei,

371 1311 428 1367 in
470 1311 790 1384 pectoribus
820 1312 1032 1367 scilicet
1069 1311 1337 1379 ﬁdelium,
1382 1320 1612 1388 purgata
1654 1313 1983 1369 recondidit.

368 1405 480 1460 Nec
510 1406 616 1461 hoc
644 1404 777 1460 satis
825 1420 947 1459 esse
976 1403 1155 1458 visum
1206 1413 1291 1459 est
1319 1403 1480 1459 bonae
1520 1406 1640 1475 ejus
1666 1404 1987 1475 intentioni,

368 1516 590 1571 semper
636 1500 689 1555 in
719 1498 996 1553 anteriora
1054 1498 1323 1553 tendenti.
1359 1499 1552 1555 Sciens
1591 1501 1800 1573 quippe
1858 1503 1988 1574 quia

369 1590 620 1648 otiositas
652 1590 876 1645 inimica
905 1596 990 1645 est
1029 1590 1248 1658 animai,
1274 1606 1404 1647 suos
1433 1592 1546 1661 jam
1586 1593 1719 1648 satis
1746 1593 1987 1649 imbutos

367 1688 557 1737 sancta
620 1680 912 1754 religione,
968 1680 1170 1736 studiis
1221 1681 1387 1737 etiam
1439 1683 1743 1738 litterarum
1798 1685 1988 1739 docuit

369 1776 617 1832 studiose
648 1775 929 1840 insistere;
955 1782 1015 1830 ut
1043 1775 1174 1830 dum
1202 1792 1302 1847 per
1338 1778 1564 1833 semitas
1589 1779 1982 1850 scripturarum

368 1866 546 1922 oculis
606 1870 774 1936 atque
829 1863 1032 1918 animis
1075 1864 1387 1937 relegerent
1453 1873 1667 1937 patrum
1731 1866 2007 1941 vestigia,’

367 1955 575 2010 scirent
629 1952 1009 2009 indubitanter
1061 1969 1312 2009 errorum
1367 1971 1559 2011 cavere
1600 1973 1630 2011 a
1668 1957 1755 2013 via
1815 1965 1871 2012 et
1917 1959 1985 2013 ad

367 2050 513 2107 viam
561 2050 805 2107 veritatis
861 2050 1181 2105 sectandam
1236 2051 1388 2107 nulla
1439 2060 1765 2124 paterentur
1809 2052 1987 2110 offen-

368 2143 573 2199 dicula.

438 2233 527 2291 30.
566 2234 755 2305 Itaque
779 2233 909 2289 dum
941 2240 1141 2305 printer
1172 2233 1261 2289 illa
1283 2251 1405 2306 quae
1433 2235 1778 2291 extrinsecus
1806 2244 1986 2307 erant,

367 2331 593 2400 urgeret
653 2342 778 2381 eum
821 2325 1085 2381 instantia
1134 2342 1235 2381 sua
1287 2325 1590 2393 cotidiana,
1629 2328 1840 2383 scilicet
1878 2329 1991 2383 aui-

368 2435 581 2475 marum
648 2419 753 2473 sibi
835 2419 1252 2474 commissarum
1320 2418 1638 2474 sollicitudo
1706 2420 1987 2486 continua,

367 2507 533 2567 bonae
564 2507 831 2564 voluntati
864 2508 984 2578 ejus
1025 2508 1429 2579 cooperabatur
1467 2509 1760 2581 utrobique
1791 2509 1991 2564 Divini-

368 2600 495 2655 tatis
522 2598 946 2669 omnipotentia.
975 2598 1259 2670 Siquidem
1304 2605 1595 2670 postquam
1642 2600 1873 2655 interius
1901 2601 1985 2656 vis

368 2689 542 2747 divini
562 2689 774 2746 timoris
801 2697 857 2745 et
886 2688 1099 2745 fervore
1128 2689 1417 2763 religionis
1448 2691 1697 2754 recaluit,
1738 2708 1863 2748 mox
1891 2709 1982 2748 ex-

369 2783 546 2839 terius
572 2797 640 2838 ex
666 2781 818 2837 bono
854 2796 1033 2836 rerum
1066 2787 1336 2851 proventu
1365 2782 1697 2851 ,exuperavit
1725 2783 1801 2837 rei
1833 2782 1986 2837 fami-

365 2872 517 2929 liaris
554 2870 857 2944 Opulentia.
910 2869 1255 2941 Quapropter
1308 2869 1392 2925 vir
1449 2871 1560 2925 Deo
1610 2871 1842 2926 devotus
1897 2871 1980 2928 Ol-

365 2961 554 3018 bertus
591 2961 646 3017 in
692 2961 893 3017 bonam
924 2975 1078 3031 spem
1124 2960 1412 3025 adductus,
1457 2976 1750 3015 successus
1781 2977 1979 3034 urgere

364 3065 494 3106 suos
530 3049 699 3121 capit
728 3047 1036 3103 instantius.
1082 3048 1144 3101 Et
1184 3048 1381 3103 videns
1431 3050 1821 3106 monasterium
1853 3067 1977 3106 cum
2006 3102 2052 3121 ι,

2004 3102 2025 3165 (

360 3143 724 3224 qfﬁcinissuis
740 3142 1075 3199 monachicae
1089 3142 1414 3198 habitationi
1430 3144 1613 3200 minus
1633 3162 1753 3200 esse
1772 3146 1975 3215 habile,
2006 3142 2055 3165 "

361 3229 628 3308 qbodsibi
659 3233 991 3305 displicebat
1029 3248 1128 3303 pro
1155 3249 1254 3288 sua
1286 3233 1550 3290 brevitate
1581 3242 1637 3290 et
1667 3236 1797 3307 quia
1827 3237 1977 3292 nulla

360 3327 580 3384 decoris
625 3332 878 3382 ornatum
928 3332 1044 3380 erat
1097 3334 1410 3394 venustate,
1471 3328 1775 3399 praesertim
1824 3330 1975 3400 quod

351 3419 466 3488 jam
506 3417 737 3489 jamque
773 3415 1052 3471 videretur
1089 3414 1329 3470 minitari
1389 3416 1606 3469 ruinam
1664 3432 1763 3487 pro
1805 3417 1975 3472 nimia

356 3517 650 3576 vetustate,
694 3525 928 3582 sperans
958 3509 1028 3564 de
1053 3508 1166 3564 Deo
1198 3509 1294 3581 qui
1325 3509 1484 3565 dives
1514 3519 1600 3565 est
1639 3510 1694 3564 in
1752 3512 1972 3567 miseri-

355 3604 564 3671 cordia,
588 3620 735 3659 anno
762 3602 1100 3675 praelationis
1127 3619 1242 3659 suae
1260 3603 1498 3674 septimo
1528 3619 1683 3660 nova:
1706 3605 1968 3661 aecclesize

354 3693 518 3765 carpit
543 3692 711 3749 ordiri
743 3689 1119 3746 fundamenta.

423 3782 512 3839 3i.
558 3780 820 3835 Videntes
852 3789 1033 3834 autem
1075 3779 1273 3835 Christi
1314 3779 1506 3835 ﬁdeles
1541 3781 1596 3834 in
1650 3781 1771 3836 dies
1804 3780 1973 3852 proﬁ-

353 3892 482 3932 cere
545 3876 723 3942 illum,
789 3872 1101 3929 voluntaria
1165 3873 1522 3929 succurrendi
1597 3875 1971 3945 Oportunitate

350 3962 471 4031 ejus
499 3958 820 4016 animabant
847 3960 1113 4013 animum.
1141 3960 1424 4015 Baldricus
1447 3960 1723 4032 siquidem
1754 3963 1969 4033 episco-

352 4069 457 4125 pus
480 4051 732 4126 gaudens
754 4066 813 4105 se
854 4066 966 4106 non
987 4066 1111 4107 esse
1143 4051 1460 4106 frustratum
1491 4053 1560 4107 dc
1590 4052 1809 4108 abbatis
1839 4070 1871 4108 a
1909 4070 1971 4110 se

348 4142 511 4197 electi
537 4141 684 4195 bona
712 4138 1087 4206 estimatione,
1118 4146 1289 4195 totum
1331 4157 1390 4195 se
1422 4141 1718 4196 transfudit
1762 4142 1816 4195 in
1851 4142 1970 4211 ejus

346 4233 665 4298 dilectione,
698 4238 752 4287 et
789 4231 1091 4287 aecclesiam
1135 4232 1192 4286 in
1243 4233 1556 4289 Baveuchin
1600 4242 1656 4289 et
1694 4234 1966 4289 novellam

345 4323 709 4380 azcclesiolam
744 4322 800 4377 in
842 4322 990 4384 lleis,
1046 4321 1316 4377 decimam
1359 4339 1581 4395 quoque
1616 4323 1673 4377 in
1717 4323 1965 4377 Bernun-

2090 488 2291 543 comite
2338 488 2615 553 Heinrico,
2673 488 2905 544 fundum
2971 488 3323 559 preprictatis
3371 503 3484 542 sua:
3556 488 3712 559 quod

2088 580 2311 636 Tortosa
2338 590 2585 647 vocatur,
2636 582 2692 635 in
2733 581 2998 652 parochia
3042 580 3257 647 Basciu,
3291 581 3511 635 tradidit
3551 580 3711 635 Gem-

2088 670 2382 724 melacensi
2418 669 2558 724 loco.
2599 670 2661 724 Et
2692 669 2823 741 quia
2854 669 2973 740 ipse
3000 684 3187 725 comes
3215 668 3359 723 infra
3388 668 3710 739 parochiam

2089 760 2591 816 Gemmelacensem
2634 761 2874 815 habebat
2903 760 3111 833 aliquot
3136 775 3360 815 mansos
3379 759 3505 831 jure
3536 759 3712 814 bene-

2088 854 2199 910 ﬁcii
2225 871 2256 909 a
2278 856 2428 931 regia
2450 872 2616 910 manu
2643 855 2824 911 collati
2845 856 2901 909 in
2930 855 3109 911 viculo
3139 854 3336 926 Eyneis
3357 854 3527 921 dicto,
3559 854 3708 910 facto

2090 946 2288 1001 iterum
2336 947 2498 1019 justa:
2558 947 3010 1003 commutationis
3054 946 3362 1003 ratiocinio.
3422 947 3709 1001 Tortosam

2088 1036 2210 1106 ipse
2242 1036 2451 1107 recepit
2476 1045 2530 1091 et
2557 1036 2624 1090 ad
2644 1036 2737 1107 jus
2766 1034 3023 1090 beneﬁcii
3063 1037 3145 1091 sui
3180 1036 3481 1101 transtulit,
3504 1035 3710 1106 Eyneis

2088 1140 2219 1180 vero
2257 1125 2576 1195 proprietati
2606 1124 2869 1180 aacclesize
2917 1123 3382 1179 Gemmelacensis
3413 1122 3705 1177 transcribi

2089 1212 2237 1279 fecit,
2297 1214 2447 1285 quod
2500 1229 2598 1285 pro
2668 1213 2967 1269 vicinitatis
3041 1214 3415 1284 oportunitate
3484 1213 3708 1285 utrique

2089 1303 2228 1374 parti
2263 1305 2439 1375 magis
2469 1304 2886 1359 accommodum
2914 1303 3034 1358 fuit.
3068 1303 3220 1368 Quod
3266 1320 3336 1358 ne
3365 1303 3486 1374 quis
3526 1312 3709 1375 poste—

2091 1412 2275 1451 rorum
2327 1396 2555 1451 auderet
2591 1394 2906 1452 convellere
2945 1395 3354 1452 corroboratum
3410 1402 3492 1450 est
3539 1396 3707 1469 regiae

2038 1530 2041 1533 .
2088 1500 2282 1539 manus
2310 1483 2656 1552 auctoritate,
2688 1490 2750 1538 ut
2794 1484 2957 1540 docet
3012 1483 3348 1556 conscriptio
3387 1482 3550 1553 hujus
3582 1499 3707 1539 car-

2087 1576 2214 1630 tulae
2241 1593 2254 1629 :

2157 1672 2222 1721 In
2251 1682 2468 1722 nomine
2493 1673 2698 1723 sancta:
2737 1674 2788 1722 et
2838 1667 3130 1722 indiuiduae
3188 1670 3485 1724 Trinitatis.
3539 1672 3706 1724 Hein-

2086 1759 2231 1812 ricus
2256 1759 2438 1825 gratia
2474 1760 2566 1811 Dei
2603 1761 2965 1811 Romanorum
3005 1772 3174 1811 caesar
3199 1763 3484 1827 augustas,
3528 1761 3709 1813 omni-

2085 1852 2182 1906 bus
2208 1855 2268 1906 in
2291 1854 2495 1907 Christo
2524 1855 2614 1921 pie
2638 1855 2813 1906 vivere
2849 1852 3166 1908 volentibus.
3197 1859 3388 1908 Notum
3415 1868 3524 1908 esse
3550 1856 3706 1910 volu-

2084 1959 2206 1997 mus
2227 1943 2471 1997 omnibus
2502 1949 2616 1996 tam
2636 1943 2988 2011 prtesentibus
3024 1960 3191 2013 quam
3213 1946 3419 2012 futuris
3439 1947 3707 2014 quoddam

2086 2044 2282 2093 nostrae
2309 2039 2510 2093 donum
2556 2039 2860 2107 dignitatis,
2914 2038 3052 2107 quod
3077 2039 3322 2108 precibus
3367 2040 3713 2108 quorundam

2086 2136 2393 2186 nostrorum
2422 2131 2666 2196 ﬁdelium
2694 2130 3016 2199 quibusdam
3057 2134 3383 2187 contulimus
3430 2134 3708 2187 aecclesiis:

2087 2227 2434 2294 Congregatio
2460 2224 2847 2280 Gemblacensis
2882 2227 3130 2281 aacclesiae
3157 2230 3219 2281 in
3240 2243 3379 2297 pago
3407 2232 3717 2284 Damuensi

2087 2320 2206 2372 sitae
2234 2361 2251 2387 ,
2306 2321 2367 2372 in
2428 2319 2717 2387 parrochia
2780 2320 2980 2373 scilicet
3040 2320 3362 2376 Leodicensis
3414 2323 3664 2377 (ecclesia:
3694 2365 3713 2391 ,

2090 2413 2329 2463 asstante
2355 2407 2606 2462 advocato
2631 2422 2728 2462 suo
2745 2408 3024 2476 quandam
3052 2410 3339 2479 cujusdam
3370 2416 3527 2465 terrae
3561 2426 3713 2466 com-

2092 2504 2451 2556 mutationem
2491 2503 2694 2567 fecerat
2732 2516 2857 2555 cum
2903 2505 3151 2558 Heinrico
3199 2504 3556 2572 Nivigellensis
3612 2504 3713 2559 ab-

2090 2589 2251 2644 balice
2302 2591 2575 2657 advocato,
2629 2604 2797 2659 quam
2849 2596 3061 2645 constat
3105 2593 3315 2658 factam
3350 2592 3537 2647 ordine
3588 2595 3711 2649 isto.

2085 2688 2431 2754 Congregatio
2484 2683 2873 2740 Gemblacensis
2911 2685 3160 2740 (ecclesiae
3214 2687 3546 2755 Nivigellensi
3589 2701 3704 2742 tec-

2084 2774 2256 2828 clesice
2301 2776 2537 2843 quinque
2585 2772 2726 2828 dedit
2770 2788 2987 2828 mansos
3042 2776 3101 2828 in
3146 2775 3276 2829 villa
3323 2779 3514 2830 Basciu
3561 2776 3709 2831 dicta

2083 2869 2230 2932 sitos,
2279 2865 2670 2935 praedictusque
2704 2865 2992 2920 advocatus
3046 2866 3294 2921 cecclesice
3346 2868 3711 2936 Nivigellensis

2078 2959 2307 3014 reddidit
2330 2962 2378 3013 ei
2408 2959 2623 3013 totidem
2647 2961 2734 3013 sui
2766 2958 3010 3025 beneﬁcii
3053 2975 3087 3015 α
3115 2976 3202 3015 me
3227 2962 3329 3016 sibi
3373 2962 3491 3015 dati
3516 2964 3577 3015 in
3602 2977 3702 3031 pa-

2077 3053 2262 3106 rochia
2323 3049 2687 3105 Gemblacensi
2737 3053 2950 3119 positos.
3008 3053 3175 3120 Super
3225 3067 3327 3121 quo
3396 3053 3706 3107 concambio

2077 3150 2319 3200 nostram
2358 3143 2691 3212 imperialem
2728 3143 3049 3211 dignitatem
3087 3144 3409 3199 Leodicensis
3456 3145 3705 3199 cecclesiaz

2076 3238 2345 3304 episcopus
2383 3233 2616 3288 Wolbodo
2644 3234 2835 3301 addiit,
2869 3240 2920 3288 et
2949 3240 3010 3287 ut
3037 3236 3360 3300 ﬁrmitatem
3417 3235 3703 3293 inviolabi-

2075 3326 2179 3379 lem
2205 3327 2468 3394 aptineret
2514 3339 2611 3392 per
2634 3338 2721 3377 me
2755 3323 2970 3378 devotus
3027 3327 3218 3379 oravit.
3251 3327 3415 3393 Cujus
3449 3327 3706 3393 petitioni

2074 3434 2353 3474 assensum
2404 3419 2567 3485 facile
2614 3419 2844 3487 praebui,
2916 3421 3175 3487 quoniam
3224 3424 3275 3473 et
3324 3420 3700 3485 ﬁdelissimum

2071 3526 2199 3567 eum
2223 3514 2361 3565 milii
2414 3513 2473 3564 in
2499 3510 2747 3566 omnibus
2776 3512 3025 3579 comperi,
3081 3516 3133 3565 et
3188 3513 3403 3580 utrique
3443 3513 3695 3567 cecclesice

2067 3603 2441 3659 concambium
2466 3604 2600 3657 utile
2626 3616 2734 3657 esse
2773 3603 2962 3657 multis
2980 3602 3371 3658 adtestantibus
3397 3609 3692 3672 recognovi.

2072 3700 2177 3751 Hoc
2206 3697 2374 3763 igitur
2402 3698 2682 3764 utriusque
2732 3695 2979 3749 wcclesice
3026 3710 3286 3751 consensu
3322 3697 3564 3761 ﬁdelium
3603 3699 3693 3764 fa-

2070 3794 2221 3843 ctum
2243 3790 2550 3853 ﬁrmamus,
2577 3790 2630 3839 et
2672 3788 2734 3838 in
2757 3791 3024 3839 aeternum
3048 3784 3358 3840 inviolabile
3382 3791 3434 3839 et
3488 3788 3697 3842 immu-

2074 3881 2235 3935 tabile
2270 3895 2378 3935 esse
2428 3879 2596 3933 edicto
2650 3878 2925 3946 imperiali
2967 3878 3326 3933 decernimus.
3368 3882 3435 3932 Et
3487 3885 3548 3932 ut
3584 3872 3703 3935 lucc

2070 3975 2256 4024 nostra
2312 3969 2608 4022 auctoritas
2646 3952 3101 4036 praeceptumque
3122 3969 3485 4023 consensionis
3520 3969 3702 4023 invio—
3750 3972 3755 3979 ‘

2071 4063 2183 4118 lata
2212 4063 2455 4130 deinceps
2479 4066 2818 4129 permaneat,
2855 4062 3123 4129 jussimus
3160 4062 3256 4116 hoc
3296 4060 3578 4129 conscribi,
3613 4065 3696 4116 si-

2068 4153 2285 4221 gillique
2312 4153 2483 4206 nostri
2501 4153 2845 4219 impressione
2870 4152 3152 4204 munitum
3173 4153 3402 4219 signari.

2137 4243 2363 4310 Signum
2410 4240 2596 4294 damni
2648 4242 2886 4294 Heinrici
2936 4242 3277 4295 invictissimi
3323 4244 3689 4296 Romanorum

2072 4331 2409 4400 imperatoris
2460 4331 2682 4397 augusti
2732 4331 3012 4384 Gonterius
3062 4330 3420 4384 cancellarius
3481 4332 3550 4399 (L.
3616 4328 3692 4363 πθ

344 4411 442 4467 fait
490 4412 609 4485 [seu
647 4412 718 4447 7“
771 4411 829 4465 in
870 4409 1207 4483 Sombresia]
1254 4393 1692 4467 Gemmelacensi
1754 4412 1976 4466 tradidit

2082 4393 2165 4491 DL}
2212 4424 2327 4475 vice
2375 4393 2736 4474 Erchdnbaldi
2783 4420 3237 4489 archicappellani
3286 4393 3494 4475 notavi:
3547 4424 3690 4473 Data

344 4503 630 4560 aecclesiie.

412 4598 501 4653 32.
526 4597 732 4653 Eodem
753 4611 973 4669 quoque
1014 4602 1264 4668 tempore
1298 4596 1412 4667 (an.
1455 4595 1613 4663 1015,
1664 4597 1812 4668 Sept.
1845 4598 1959 4669 ΧΗ)

342 4689 636 4744 commissa
663 4705 847 4762 pugna
878 4688 931 4743 iu
973 4688 1207 4744 Floridis
1234 4688 1378 4743 inter
1405 4688 1756 4744 Lantbertum
1788 4690 1963 4746 comi-

340 4787 475 4848 tem,
506 4778 680 4834 ﬁlium
711 4780 976 4851 Ragineri
1006 4780 1331 4856 Longicolli,
1365 4790 1419 4837 et
1465 4781 1825 4837 Godefridum
1858 4782 1958 4837 du-

339 4886 481 4938 cem,
513 4884 636 4925 cum
669 4868 989 4924 Lambertus
1006 4868 1213 4924 ibidem
1240 4868 1442 4942 gladiis
1467 4885 1630 4925 cesus
1655 4870 1961 4942 accepisset

334 4966 458 5021 vitae
515 4962 703 5032 tinem,
761 4962 998 5031 conjunx
1074 4962 1193 5032 ejus
1255 4962 1531 5036 Gerberga
1586 4963 1955 5032 nobilissima,

335 5058 549 5133 peccati
586 5056 688 5113 viri
719 5056 805 5111 sui
835 5065 1188 5127 compuncta,
1245 5073 1369 5112 cum
1398 5057 1597 5113 animae
1649 5060 1769 5128 ejus
1797 5060 1958 5115 abso-

331 5152 602 5209 lutionem
651 5158 705 5204 et
756 5147 1006 5220 requiem
1059 5157 1334 5220 quaareret
1385 5165 1483 5220 per
1529 5149 1955 5206 elemosinarum

332 5238 600 5307 remedia,
640 5239 813 5295 voluit
852 5246 911 5294 ut
951 5239 1119 5295 etiam
1165 5241 1414 5296 aecclesia
1465 5240 1949 5311 Gemmelacensis,

330 5330 486 5399 cujus
513 5332 630 5403 ipse
660 5348 847 5389 comes
876 5331 1137 5388 defensor
1185 5332 1386 5401 fuerat,
1436 5350 1501 5389 ex
1534 5334 1722 5391 debito
1755 5336 1952 5390 animae

329 5417 506 5491 ipsius
554 5424 891 5493 persolveret
929 5424 1137 5499 jugiter
1164 5425 1473 5482 orationum
1524 5427 1733 5482 munia.
1798 5426 1952 5482 Unde

2064 4513 2099 4568 6
2128 4513 2238 4566 Kal.
2293 4516 2412 4567 Dec.
2457 4511 2748 4566 indictione
2784 4511 3041 4576 secunda,
3092 4525 3239 4565 anno
3266 4510 3550 4564 dominica:
3596 4512 3689 4563 in-

2062 4606 2397 4661 carnationis
2440 4602 2598 4671 iOI8,
2641 4617 2786 4657 anno
2816 4616 2938 4657 vero
2974 4601 3161 4656 do-mni
3187 4602 3430 4656 Heinrici
3463 4601 3690 4656 secundi

2061 4697 2341 4763 regnantis
2371 4693 2457 4759 l7,
2490 4694 2701 4761 imperii
2728 4690 2780 4745 5.
2811 4694 3009 4745 Actum
3038 4690 3237 4747 Leodio.

2132 4787 2219 4841 33.
2262 4784 2444 4839 Abbas
2492 4783 2762 4853 Olpertus,
2814 4782 3065 4854 gaudens
3104 4782 3235 4855 quia
3278 4797 3380 4853 per
3414 4780 3684 4838 auxilium

2060 4878 2331 4933 bonorum
2378 4876 2615 4931 virorum
2681 4873 2857 4929 labori
2913 4890 3014 4929 suo
3070 4873 3277 4930 bonum
3336 4880 3669 4944 proventum

2062 4971 2203 5025 lleus
2229 4968 2525 5035 inferebat,
2552 4967 2621 5022 ad
2664 4966 2918 5041 augenda
2956 4965 3181 5022 fratrum
3225 4966 3523 5037 stipendia,
3555 4982 3683 5037 quae

2058 5058 2226 5114 nimis
2257 5056 2446 5112 tenuia
2475 5062 2653 5123 erant,
2702 5054 2950 5110 animum
2997 5053 3344 5110 intendebat.
3378 5054 3440 5110 Et
3495 5053 3685 5109 sciens

2056 5168 2182 5207 esse
2211 5150 2630 5216 monachorum,
2658 5156 2717 5204 ut
2739 5147 2928 5203 labore
2958 5148 3144 5203 vivant
3176 5162 3459 5213 manuum,
3492 5163 3682 5202 exem-

2054 5241 2146 5314 plo
2180 5247 2396 5312 patrum
2430 5246 2484 5294 et
2521 5238 2925 5310 apostolorum,
2970 5236 3293 5292 continuato
3324 5252 3449 5292 cum
3478 5233 3687 5304 fratri-

2055 5333 2159 5387 bus
2189 5330 2397 5397 labore,
2430 5328 2737 5385 secundum
2776 5326 2927 5398 quod
2976 5324 3285 5381 necessitas
3345 5321 3686 5395 paupertatis

2052 5421 2310 5497 exigebat
2357 5425 2411 5475 et
2436 5418 2691 5477 voluntas
2731 5414 3063 5472 obedientiae
3095 5413 3386 5481 suadebat,
3427 5412 3482 5467 in
3514 5427 3686 5484 opor-

1666 5530 1887 5587 VARIE
1933 5527 2290 5587 LECTIONES
2305 5568 2318 5582 .

397 5616 465 5653 πί
487 5625 570 5674 tes
597 5636 624 5674 e
637 5636 779 5678 corr.

329 5692 622 5758 peratoris.

859 5622 929 5660 7“
950 5639 1050 5680 seu
1088 5624 1147 5679 in
1197 5624 1516 5681 Sombresia
1566 5627 1756 5683 sceculo
1808 5643 1879 5681 xu
1938 5628 2131 5683 addita
2195 5627 2253 5679 in
2309 5639 2352 5678 c.
2438 5620 2508 5656 ⁷⁸³
2537 5619 2691 5675 adest
2737 5633 3136 5687 monogramma
3190 5616 3433 5672 θείην-ἰοί
3461 5616 3514 5672 11
3556 5616 3671 5672 im—
