3938 6050
194 259 285 317 621

1204 261 1221 273 ’
1269 260 1475 317 GESTA
1515 259 1821 317 ABBATUM
1863 257 2433 315 GEMBLACENSIUM.

3415 260 3522 319 622

192 397 330 453 tuuis
371 397 673 468 supradicti
706 397 896 470 praedii
950 399 1086 454 locis
1114 398 1273 455 factis
1304 401 1574 456 aestauriis
1611 401 1680 436 7“
1710 400 1798 458 vi-
1827 403 1878 470 Α
1903 399 2054 454 nobis
2081 415 2248 468 quam
2291 412 2389 468 pro
2418 397 2522 452 illis
2549 396 2882 452 orationibus
2929 403 3122 452 vacent
3148 399 3209 452 in
3243 403 3354 454 tota
3381 400 3524 468 ipso-

188 489 326 544 varia
355 489 424 543 ad
457 489 814 560 recipiendos
865 489 1046 561 pisces
1079 491 1421 557 construxit;
1479 491 1629 563 quod
1683 491 1799 546 fra-

189 582 322 632 trum
354 575 550 632 usibus
577 576 711 631 satis
739 576 872 632 utile
898 593 1020 633 esse
1041 577 1301 649 providit.

254 666 338 724 34.
375 667 672 722 Successor
698 666 936 722 Baldrici
984 667 1256 739 Wolpodo
1291 671 1402 737 (an.
1445 666 1632 737 1018),
1673 667 1802 738 quia

189 755 408 812 omnino
435 756 656 812 deditus
681 763 797 811 erat
821 763 1024 812 sanctae
1053 757 1340 832 religionis
1368 757 1573 812 studio.
1608 757 1800 812 Olber-

177 851 288 901 tum
315 845 572 900 abbatem
610 845 904 917 religiosus
938 846 1157 901 caeteris
1187 845 1372 902 vivere
1412 845 1606 900 libenti
1650 845 1800 900 acci-

188 934 372 1005 piebat
413 935 620 1002 animo,
653 941 708 990 et
755 950 881 990 cum
921 935 1180 1010 dignatus
1227 951 1330 990 suo
1366 936 1532 990 latere
1564 945 1620 990 ct
1649 934 1799 990 auri-

189 1026 327 1093 cula,
358 1026 426 1081 ad
470 1025 702 1082 meliora
727 1043 856 1082 eum
888 1027 1120 1082 tendere
1171 1043 1271 1082 sua
1307 1027 1645 1099 provocabat
1672 1043 1796 1101 gra-

187 1117 278 1172 tia.
307 1117 462 1173 Unde
485 1118 636 1190 quod
670 1117 906 1190 primum
945 1119 996 1174 ei
1022 1119 1278 1186 occurrit,
1309 1136 1431 1190 quae
1483 1126 1800 1175 antecessor

188 1225 316 1264 suus
366 1209 516 1264 illius
545 1209 720 1285 gratia
771 1210 1032 1266 mcclesiae
1081 1211 1519 1267 Gemmelacensi
1550 1211 1798 1278 tradidit,

187 1314 300 1354 suae
351 1297 725 1370 stipulationis
767 1299 1093 1355 auctoritate
1141 1298 1514 1366 confirmavit;
1573 1299 1802 1370 insuper

187 1387 355 1459 ipsam
392 1387 697 1444 (ecclesiam
747 1387 1256 1445 Gemmelacensem
1310 1388 1676 1444 immanitatis
1725 1387 1800 1442 li-

188 1477 392 1533 bertate
431 1477 656 1533 donavit
685 1484 740 1532 et
770 1479 891 1533 haec
927 1479 1246 1548 hujusmodi
1277 1486 1443 1536 sarta:
1473 1478 1797 1534 testimonio

187 1567 418 1638 posteris
453 1567 834 1624 conservanda
867 1567 1184 1642 assignavit.

259 1659 524 1728 Wolpodo,
579 1662 672 1714 Dei
707 1660 1018 1730 disponente
1053 1662 1338 1717 clementia
1366 1668 1570 1718 sanctae
1623 1662 1804 1718 Laodi-

183 1749 349 1802 censis
370 1719 622 1802 ξεσοιὲδέιε
649 1719 942 1818 episcopus,
999 1749 1330 1806 omnibusin
1358 1752 1560 1806 Christo
1585 1753 1676 1822 pie
1715 1755 1800 1806 vi-
1826 1719 1876 1788 Β

181 1854 301 1895 vere
339 1840 654 1896 volentibus.
713 1844 1006 1911 Unicuique
1068 1845 1266 1898 Christi
1311 1845 1554 1910 ﬁdelium
1599 1847 1801 1900 scimus

183 1934 497 1990 omnimodis
547 1949 656 1990 esse
711 1935 1120 2005 elaborandum,
1171 1943 1234 1992 ut
1291 1940 1584 2007 pro-mereri
1636 1941 1801 2008 possit

184 2027 419 2093 gratiam
441 2031 774 2081 sanctorum.
819 2029 953 2090 Quia
977 2031 1054 2082 sic
1091 2034 1207 2082 tam
1225 2031 1456 2098 propriae
1480 2030 1798 2098 fragilitatis

173 2128 336 2184 quam
361 2115 430 2148 7‘5
456 2116 692 2172 demonis
729 2122 780 2171 et
818 2117 980 2186 hujus
1010 2117 1207 2172 mundi
1233 2120 1578 2173 concuti-mur
1612 2120 1799 2186 ﬂucti-

180 2210 298 2280 bus,
329 2217 383 2268 et
405 2215 628 2268 nonnisi
649 2227 837 2268 eorum
863 2213 996 2280 freti
1019 2215 1337 2282 patrociniis
1354 2213 1638 2268 subsistere
1669 2228 1800 2283 pos-

175 2306 369 2360 simus.
404 2305 546 2359 Unde
571 2307 750 2360 sancti
778 2307 922 2360 Petri
955 2307 1314 2374 apostolorum
1361 2309 1622 2376 principis
1667 2321 1801 2360 san-

172 2399 348 2468 ctique
385 2401 644 2468 Eas-aperti
669 2401 928 2469 martyris
959 2401 1296 2468 aliorumque
1333 2405 1650 2455 sanctorum
1697 2415 1800 2469 pa-

174 2493 404 2546 trocinia
453 2507 556 2562 quo
591 2495 748 2563 potui
795 2493 948 2548 modo
994 2507 1233 2562 quwrere
1277 2492 1588 2561 deliberavi,
1641 2508 1802 2562 quem

170 2587 226 2636 et
268 2581 518 2637 omnibus
549 2587 663 2636 tam
696 2583 1049 2652 praesentibus
1077 2598 1246 2651 quam
1275 2583 1802 2649 futurisnotiﬁeare

173 2673 431 2743 disposui.
482 2676 792 2730 Antecessor
841 2689 995 2729 meus
1033 2675 1313 2730 Baldricus
1361 2675 1544 2729 divino
1593 2679 1646 2730 et
1693 2677 1803 2743 ipse

181 2769 362 2820 tactus
385 2767 610 2833 fervore,
650 2767 930 2835 quandam
956 2766 1253 2820 (ecclesiam
1281 2768 1342 2820 in
1365 2768 1632 2821 Bavechin
1661 2770 1802 2821 certe

183 2863 373 2911 nostra
417 2859 584 2911 sitam
611 2857 975 2912 Gemblacensi
1025 2858 1167 2912 dedit
1215 2859 1482 2926 wcclesiaz,
1513 2861 1574 2912 in
1608 2860 1804 2913 honore

175 2951 618 3020 supradictorum
643 2952 916 3006 dedicatos.
941 2953 1091 3007 Dedit
1121 2958 1173 3007 et
1200 2953 1432 3008 decimas
1458 2953 1801 3022 quorundam

176 3044 476 3106 sartorum,
524 3055 644 3109 qua:
697 3041 920 3109 quidam
948 3043 1007 3096 in
1053 3042 1188 3096 silva
1245 3041 1568 3112 [Sombresiaz
1604 3041 1674 3076 ⁷⁸⁸
1728 3039 1796 3114 et]

177 3134 300 3187 Heis
343 3132 485 3187 dicta
522 3132 760 3202 ejusdem
798 3133 1184 3188 Gemblacensis
1213 3135 1459 3189 (ecclesia:
1498 3133 1794 3200 sariebant,

171 3235 397 3290 quisque
419 3220 562 3275 nulli
613 3226 1008 3276 antecessorum
1044 3228 1350 3277 nostrorum
1401 3223 1570 3278 alicui
1604 3237 1797 3292 parro-

168 3313 310 3368 chiae
349 3315 777 3382 assignaverant.
819 3317 883 3367 Et
911 3315 1022 3368 haec
1066 3315 1317 3384 quiddem
1363 3315 1464 3370 sub
1497 3317 1798 3370 testimonio

166 3405 392 3458 testium
427 3403 740 3459 idoneorum
761 3404 1031 3473 praedictos
1094 3405 1342 3459 cecclesire
1390 3406 1647 3473 contulit,
1711 3407 1802 3461 sed

176 3497 458 3552 cartalam
488 3496 796 3552 traditionis
851 3502 1022 3552 morte
1043 3503 1348 3567 praeventus
1403 3513 1512 3552 non
1561 3500 1706 3564 fecit.
1739 3503 1803 3552 In

173 3607 288 3661 qua
317 3593 570 3658 facienda
595 3593 774 3648 volens
800 3609 888 3648 me
931 3594 1112 3660 facere
1129 3595 1450 3663 participem
1473 3597 1590 3663 ejus
1613 3593 1802 3649 elemo-

176 3683 337 3748 sinai,
366 3681 688 3750 pradictum
715 3682 916 3738 donum
944 3681 1045 3737 sub
1081 3683 1310 3737 cartulie
1331 3684 1488 3748 ﬁrmo
1515 3685 1802 3752 consigna-

177 3771 346 3824 tione.
404 3769 545 3824 Addo
599 3776 652 3824 et
700 3771 851 3825 aliud
886 3787 956 3826 ex
987 3778 1148 3841 parte
1198 3775 1371 3826 nostri
1407 3772 1630 3840 donum,
1669 3773 1806 3842 quod

177 3854 432 3910 omnibus
460 3856 574 3911 volo
600 3871 708 3912 esse
760 3863 972 3913 notum.
1005 3861 1276 3914 Instinctu
1329 3865 1508 3916 nostro
1563 3860 1727 3916 abbas
1753 3867 1804 3916 et

176 3950 523 4016 congregatio
575 3949 820 4018 praedicti
847 3951 950 4006 loci
979 3952 1276 4006 (ecclesiam
1325 3968 1522 4008 novam
1559 3954 1800 4019 aediﬁca—

173 4041 279 4106 vit,
325 4043 495 4109 juxta
523 4055 690 4109 quam
718 4045 947 4111 antiqua
998 4046 1206 4111 relicta,
1238 4047 1368 4114 quia
1414 4051 1533 4100 erat
1567 4051 1804 4115 parvula

177 4135 234 4184 et
261 4132 368 4186 cito
390 4131 632 4201 lapsura,
664 4133 968 4188 claustrum
995 4141 1046 4190 et
1079 4139 1264 4191 omnia
1295 4137 1664 4192 transmutare
1703 4153 1802 4192 cu-

176 4230 338 4280 rant.
367 4226 466 4282 Sed
491 4229 571 4282 his
598 4229 915 4298 quandoque
939 4231 1138 4299 factis;
1186 4234 1378 4286 timent
1415 4235 1805 4288 circumitionis

175 4314 405 4370 obsonia
433 4315 501 4368 ab
528 4316 764 4371 (ecclesia
793 4321 1023 4388 antiqM
1079 4321 1340 4388 exigenda
1377 4335 1488 4376 esse
1512 4321 1580 4376 ab
1605 4325 1806 4392 episco-

176 4407 268 4475 pis
322 4407 530 4472 futuris
555 4451 571 4474 ,
630 4423 696 4463 ea
740 4409 942 4464 scilicet
1019 4414 1310 4480 occasione,
1367 4414 1505 4482 quod
1544 4420 1812 4470 monaste-

183 4496 344 4548 rium
369 4495 583 4550 desierit
610 4499 726 4566 ipsa
754 4513 884 4553 esse.
908 4502 1073 4568 Cujus
1101 4502 1182 4554 rei
1217 4504 1481 4557 rationem
1533 4503 1814 4573 diligenter

179 4585 517 4652 investigans
571 4601 699 4641 cum
744 4587 954 4655 multis,
997 4592 1247 4658 comperi,
1289 4590 1357 4644 ab
1409 4593 1528 4660 ipsa
1574 4593 1812 4648 «ecclesia

174 4676 549 4732 Gemblacensi
597 4681 820 4734 servitia
848 4680 1035 4750 aliqua
1059 4681 1189 4736 data
1225 4697 1336 4738 non
1366 4684 1536 4749 fuisse
1571 4687 1810 4739 circum-

179 4767 373 4822 itionis
402 4767 603 4822 scilicet
625 4770 740 4822 vice
767 4771 1186 4826 antecessoribus
1217 4774 1364 4838 meis,
1403 4787 1473 4828 ex
1498 4789 1599 4842 quo
1628 4775 1812 4828 eadem

180 4857 412 4913 abbatia
445 4861 826 4929 muniﬁcentia
851 4865 990 4932 regis
1023 4863 1264 4933 subjecta
1298 4871 1376 4922 est
1403 4867 1512 4921 sedi
1567 4867 1809 4923 (ecclesia:

180 4948 533 5005 Leodicensis.
573 4955 730 5008 Hanc
757 4959 1151 5009 antecessorum
1194 4970 1438 5010 meorum
1474 4957 1816 5014 clementiam

178 5053 246 5092 in
269 5041 534 5107 futurum
559 5040 897 5098 decernimus
947 5045 1388 5113 conservandam,
1419 5047 1620 5102 scilicet
1649 5053 1712 5102 ut
1749 5047 1816 5102 ab

175 5129 421 5184 (ecclesia
473 5131 855 5202 Gemblacensi,
884 5135 1037 5189 salva
1068 5140 1287 5190 tantam
1315 5138 1656 5193 ordinatione
1675 5153 1816 5208 pon-

179 5219 404 5283 tiﬁcali,
461 5217 774 5276 servitutem
829 5225 1221 5280 circumitionis
1255 5228 1539 5294 requirant
1579 5229 1813 5284 nullam.

181 5311 502 5366 Secundum
536 5319 852 5370 sanctorum
887 5330 1163 5372 canonum
1199 5319 1455 5372 instituta
1497 5323 1818 5388 permittant

182 5403 480 5458 monachos
527 5405 705 5458 vitam
751 5405 1009 5462 deducere
1056 5408 1233 5476 quiete
1269 5407 1430 5476 bona,
1481 5413 1543 5463 ut
1583 5414 1698 5464 tam
1721 5427 1820 5480 pro

1834 4457 1890 4526 D

1901 506 2031 546 rum
2071 493 2202 546 vita.
2238 495 2344 560 Ego
2379 489 2612 560 Wolpodo
2652 491 2922 558 episcopus
2965 491 3186 545 nomine
3230 504 3340 546 non
3376 505 3530 560 opere

1900 581 2192 650 subscripsi
2214 585 2265 635 et
2294 579 2632 644 conﬁrmavi.

1973 672 2060 730 35.
2117 672 2400 728 Baldricus
2451 687 2586 743 sepe
2638 687 2805 742 supra
2831 671 3168 744 Znominatus
3224 670 3522 744 episcopus

1903 777 2028 817 cum
2076 762 2408 818 retributore
2440 760 2689 817 omnium
2739 761 2853 816 Deo
2907 760 3115 816 faciens
3142 760 3522 816 commertium

1903 851 2206 922 proﬁcuum
2246 851 2376 918 sibi,
2427 849 2594 922 elegit
2641 849 2708 904 de
2755 849 3020 920 perituris
3072 857 3276 906 aeterna
3323 851 3394 904 ab
3452 865 3518 905 eo

1900 941 2150 995 mercari.
2203 939 2334 996 Ideo
2388 956 2513 995 eum
2573 939 2843 1010 adoptans
2902 940 3162 994 heredem
3201 938 3516 1010 patrimonii

1899 1031 2007 1096 sui,
2034 1031 2350 1087 coenobium
2385 1031 2441 1086 in
2463 1032 2675 1087 honore
2706 1030 2890 1086 fratris
2920 1031 3137 1087 Domini
3165 1031 3354 1086 Jacobi
3387 1030 3515 1086 fun-

1901 1119 2054 1176 duvit
2083 1121 2140 1174 in
2171 1119 2352 1174 insula
2377 1119 2726 1187 Leodicensi,
2757 1136 2820 1175 ac
2847 1119 3155 1190 portionem
3185 1117 3511 1174 substantiae

1902 1213 2242 1285 temporalis,
2276 1229 2398 1286 qum
2429 1229 2495 1268 ex
2524 1214 2695 1269 multa
2726 1215 2886 1285 copia
2915 1214 3184 1270 nobilium
3225 1220 3517 1286 parentum

1901 1321 2128 1361 suorum
2157 1321 2283 1361 eum
2323 1305 2704 1379 contingebat,
2745 1305 3020 1380 delegavit
3048 1305 3146 1362 ibi.
3183 1305 3290 1360 Sed
3335 1305 3524 1360 imma-

1903 1401 2026 1450 turo
2049 1401 2239 1466 raptus
2291 1393 2508 1463 funere,
2541 1409 2646 1449 nec
2677 1394 2861 1465 potuit
2901 1394 2957 1448 in
2988 1395 3096 1450 hoc
3118 1393 3260 1451 votis
3297 1393 3413 1451 suis
3455 1393 3524 1450 ad

1903 1485 2132 1556 plenum
2182 1483 2524 1539 satisfacere.
2584 1482 2748 1554 Cujus
2787 1481 2895 1538 loci
2975 1483 3328 1554 providentia
3393 1483 3525 1556 quis

1904 1577 2041 1632 nulli
2099 1577 2281 1633 adhuc
2307 1577 2588 1652 assignat:
2617 1583 2756 1642 erat,
2809 1575 2877 1630 ad
2917 1591 3140 1631 manum
3179 1575 3358 1632 solius
3395 1575 3525 1647 epi-

1904 1669 2056 1740 sc0pi
2109 1668 2414 1740 spectabat.
2461 1668 2612 1724 Unde
2653 1683 2943 1724 successor
2991 1667 3526 1740 BaldriciWolpodo

1906 1759 2000 1832 pie
2027 1761 2320 1828 sollicitus,
2361 1760 2552 1816 habito
2581 1759 2814 1816 consilio
2845 1775 2968 1816 cum
2996 1760 3113 1815 suis
3140 1759 3526 1828 familiaribus,

1901 1849 2228 1905 deliberavit
2281 1849 2465 1905 locum
2525 1849 2676 1905 illum
2735 1849 3153 1921 prudentissimi
3191 1847 3410 1905 abbatis
3435 1848 3527 1904 Ol-

1901 1941 2042 1996 berti
2089 1941 2431 1997 committere
2463 1939 2756 2007 (manibus.
2790 1941 2946 2006 Quod
2987 1940 3081 1996 ille
3135 1939 3228 1996 diu
3259 1940 3526 1996 multum-

1900 2045 2008 2104 que
2052 2031 2353 2086 reluctatus
2394 2028 2693 2086 declinavit
2726 2029 3028 2098 humiliter,
3078 2037 3134 2084 at
3159 2028 3249 2085 vix
3297 2029 3522 2084 tandem

1898 2121 2144 2192 suscepit
2173 2121 2504 2178 obedienter
2524 2127 2580 2176 et
2617 2126 2878 2176 executus
2907 2127 2990 2176 est
3037 2119 3358 2192 prudenter.
3391 2119 3524 2174 Nam

1903 2213 2174 2269 aedificato
2191 2215 2428 2270 claustro
2455 2229 2578 2268 cum
2609 2211 2850 2268 officinis
2869 2212 3001 2276 suis,
3027 2221 3192 2284 prout
3209 2209 3524 2284 patiebatur

1902 2307 2250 2377 oportunitas
2272 2306 2558 2378 temporis,
2591 2306 2858 2378 colligens
2885 2305 3014 2361 hinc
3039 2303 3172 2360 inde
3196 2303 3345 2362 viros
3373 2303 3516 2360 bene

1902 2396 2144 2453 directos
2157 2397 2225 2452 ad
2254 2412 2503 2453 normam
2544 2393 2856 2467 disciplinae
2887 2393 3174 2470 regularis,
3198 2401 3252 2450 et
3280 2393 3520 2450 maxime

1902 2506 1967 2546 ex
2007 2491 2303 2562 disciplina
2343 2489 2559 2546 abbatis
2607 2487 2886 2554 Ricbardi,
2935 2487 3030 2560 qui
3068 2493 3202 2546 tunc
3255 2485 3523 2558 temporis

1901 2579 2112 2652 ubique
2151 2579 2554 2652 praedicabatur
2597 2577 2654 2632 in
2701 2576 2916 2634 fervore
2963 2581 3169 2631 sanctae
3209 2573 3515 2649 religionis,

1901 2654 2113 2744 primus
2145 2672 2256 2728 illic
2295 2671 2637 2742 propositum
2677 2669 3018 2726 monachicae
3051 2665 3412 2739 professionis
3439 2665 3522 2720 in-

1901 2763 2100 2832 stituit,
2132 2771 2188 2819 et
2218 2763 2400 2836 quoad
2439 2762 2596 2830 vixit,
2644 2763 2828 2818 locum
2871 2760 3026 2815 illum
3064 2759 3133 2814 ad
3171 2757 3391 2815 laudem
3423 2755 3522 2812 Dei

1903 2865 1958 2912 et
1985 2855 2272 2912 hominum
2301 2854 2682 2912 strenuissime
2711 2851 3060 2928 gubernavit.

1972 2942 2060 2999 36.
2115 2943 2226 2998 Nec
2272 2942 2457 2998 minus
2505 2941 2768 3012 insistens
2810 2945 2971 3012 cepto
3014 2938 3172 3010 operi
3211 2936 3524 2994 Gemmela-

1901 3029 2084 3086 censis
2121 3029 2410 3094 azcclesise,
2463 3027 2732 3101 quicquid
2763 3043 2794 3082 a
2838 3027 3139 3098 semetipso
3187 3025 3528 3082 omnimodis

1899 3117 2203 3174 laborando
2232 3123 2448 3190 poterat
2501 3124 2849 3188 extorquere,
2877 3123 3052 3172 totum
3107 3113 3394 3191 satagebat
3419 3129 3522 3172 ex-

1899 3211 2143 3282 pendere
2183 3209 2240 3264 in
2265 3209 2502 3265 utilitate
2543 3207 2622 3264 rei
2653 3207 3076 3264 secclesiasticae.
3121 3207 3276 3264 Unde
3307 3205 3378 3263 ad
3413 3211 3525 3262 tam

1899 3307 2213 3374 promptum
2245 3301 2404 3357 bonae
2443 3299 2770 3356 intentionis
2813 3297 3092 3366 aﬂectum,
3131 3297 3523 3354 subministra-

1901 3397 1996 3452 bat
2023 3396 2329 3452 divinitatis
2372 3395 2548 3470 gratia
2599 3399 2848 3465 Optatum
2905 3391 3184 3448 effectum.
3241 3390 3525 3462 Siquidem

1902 3491 2182 3547 arridente
2221 3491 2326 3546 sibi
2355 3489 2528 3544 multo
2555 3505 2816 3545 successu
2847 3486 3230 3560 prosperitatis
3255 3485 3526 3540 maturius

1903 3597 2004 3636 sua
2033 3596 2132 3651 spe
2162 3580 2300 3636 vidit
2351 3577 2885 3635 consummationem
2941 3575 3087 3646 cepti
3125 3575 3332 3646 operis,
3385 3573 3528 3631 infra

1903 3669 2198 3724 triennium
2258 3667 2374 3724 fere
2415 3665 2688 3723 aediﬁcata
2729 3663 2978 3720 aecclesia
3018 3679 3139 3719 cum
3190 3661 3530 3718 utensilibus

1903 3759 2042 3828 suis,
2083 3765 2398 3817 constructo
2451 3758 2616 3814 etiam
2647 3758 2888 3814 claustro
2945 3772 3071 3812 cum
3117 3752 3360 3811 ofﬁcinis
3387 3754 3527 3823 suis,

1905 3855 1982 3917 et,
2013 3849 2164 3922 quod
2191 3848 2370 3924 magis
2407 3853 2525 3903 erat
2551 3846 2603 3903 ei
2643 3862 2701 3901 1n
2737 3852 2886 3914 voto,
2909 3843 3026 3914 jam
3057 3842 3126 3899 ad
3159 3843 3385 3916 plenum
3416 3840 3522 3899 fer-

1904 3949 2070 3998 vente
2111 3941 2188 3997 ibi
2215 3948 2420 3997 sanctze
2469 3939 2753 4014 religionis
2779 3939 2982 4007 studio,
3023 3935 3278 3992 litteralis
3305 3950 3528 4009 quoque

1906 4037 2154 4094 scientiae
2213 4051 2326 4092 non
2383 4033 2742 4090 mediocriter
2785 4032 3008 4107 vigente
3059 4029 3348 4086 exercitio.
3404 4029 3529 4100 Ipse

1906 4128 2112 4184 nullam
2164 4143 2320 4199 paene
2352 4143 2456 4182 nec
2508 4125 2657 4182 curis
2687 4123 2856 4180 animi
2915 4138 3020 4178 nec
3057 4121 3234 4178 labori
3279 4119 3528 4193 corporis

1906 4223 2099 4278 laxans
2127 4223 2400 4294 quietem,
2431 4236 2652 4292 semper
2672 4219 2936 4275 tendebat
2954 4217 3022 4272 ad
3055 4217 3242 4287 operis
3266 4231 3527 4272 consum-

1906 4315 2228 4372 mationem.
2292 4316 2370 4370 lta
2432 4313 2690 4370 omnibus
2759 4311 3037 4384 apparatis
3101 4326 3166 4365 ex
3222 4307 3526 4375 voluntate,

1913 4406 2324 4462 dedicationem
2354 4405 2506 4460 illius
2543 4404 2806 4460 aacclesize
2832 4400 3100 4458 celebrari
3132 4398 3264 4454 fecit
3291 4396 3531 4451 maxima

1913 4502 2160 4558 omnium
2189 4502 2495 4558 vicinorum
2535 4499 2816 4555 alacritate
2865 4515 2897 4553 a
2938 4494 3194 4551 Durando
3223 4491 3530 4550 venerabili

1912 4589 2338 4646 Laodicensium
2407 4587 2646 4659 praesule
2703 4587 2738 4640 8
2797 4583 3068 4640 Kalendas
3123 4579 3352 4654 Augusti
3398 4579 3528 4634 mil-

1909 4681 2106 4738 lesimo
2132 4681 2395 4737 vicesimo
2435 4678 2684 4735 secundo
2723 4692 2868 4733 anno
2912 4674 3148 4732 Domini.
3202 4673 3312 4729 Nec
3355 4671 3529 4751 multo

1910 4779 2034 4844 post
2061 4773 2360 4828 oratorium
2407 4771 2580 4826 sancti
2621 4768 2776 4826 Pauli
2829 4768 2993 4824 situm
3050 4764 3192 4820 infra
3229 4764 3530 4820 claustrum

1909 4866 1942 4920 6
1982 4865 2252 4920 Kalendas
2287 4863 2439 4919 Junii
2495 4879 2526 4916 a
2577 4877 2898 4918 successore
2936 4859 3177 4916 Durandi
3219 4857 3530 4934 Raginardo

1916 4957 2157 5012 dedicari
2201 4954 2350 5022 fecit,
2383 4954 2531 5026 apud
2570 4955 2728 5023 cujus
2767 4953 3007 5008 animum
3047 4951 3348 5006 maximum
3395 4948 3536 5004 ami-

1917 5045 2058 5101 citim
2083 5043 2267 5100 locum
2291 5043 2545 5114 Optinere
2575 5042 2793 5098 meruit.
2814 5041 3010 5097 Postea
3029 5039 3194 5094 etiam
3217 5042 3531 5093 constructo

1915 5133 2122 5206 duplici
2153 5131 2416 5199 oratorio,
2449 5130 2678 5186 inferius
2703 5130 2912 5186 scilicet
2940 5129 2998 5184 in
3027 5129 3238 5183 honore
3267 5121 3536 5180 Johannis

1917 5225 2172 5298 baptista:
2195 5223 2533 5281 etJobannis
2549 5221 2924 5298 evangelistze,
2945 5219 3202 5292 superius
3231 5216 3288 5270 in
3325 5215 3538 5269 honore

1917 5315 2200 5372 Michaelis
2229 5313 2544 5387 archangeli
2586 5319 2641 5368 et
2680 5309 2944 5382 Stephani
2973 5301 3428 5380 prothomartyris
3467 5301 3536 5355 ab

1919 5411 2117 5468 eodem
2149 5409 2463 5486 Raginardo
2493 5407 2836 5464 sollemniter
2893 5401 3134 5461 dedicari
3165 5399 3296 5456 fecit
3337 5397 3372 5452 2
3411 5396 3541 5452 ldus

1562 5536 1780 5594 VARIIE
1802 5538 2181 5596 LECTIONES.

257 5649 330 5686 7“
356 5652 428 5708 iis
455 5669 482 5708 e
511 5670 655 5712 corr.
699 5653 768 5691 ⁷⁵⁵
801 5664 910 5712 tam
937 5674 1078 5714 corr.
1099 5674 1286 5730 quam.
1323 5659 1393 5697 ⁷⁸⁸
1425 5660 1752 5720 εοηώτθεὶω
1782 5670 1836 5721 et
1859 5668 1986 5735 post
2009 5664 2142 5721 add.
