3938 6050
183 304 297 362 625

1252 301 1460 359 GESTA
1505 299 1814 359 ABBATUM
1855 299 2428 360 GEMBLACENSIUM.

3421 285 3528 364 626

180 438 250 489 ex
304 430 489 505 palliis
533 429 726 486 decem
757 433 814 485 et
851 430 1021 498 ‘octo;'
1061 430 1276 486 casulas
1321 430 1648 496 duodecim;
1681 429 1804 484 dia-
1829 429 1885 500 Α
1909 436 2130 486 cantum
2159 430 2326 486 etiam
2357 431 2426 486 de
2453 445 2520 488 eo
2549 429 2906 499 mediﬁcavit,
2945 432 3278 505 entiphonas
3307 448 3529 508 quoque

183 527 402 585 conalia
449 526 592 592 duo;
650 523 1068 582 subdiaconalia
1127 533 1418 599 quattuor;
1474 526 1648 594 albas,
1701 530 1810 580 sto-

184 621 287 689 las,
320 619 528 693 tapetia
552 626 608 674 et
635 617 764 684 alia,
801 633 927 690 quas
957 620 1210 692 quamvis
1257 625 1620 678 numerentur
1670 619 1816 674 inter

180 710 484 782 subsiciva,
511 709 634 780 ejus
659 714 844 764 tamen
875 706 1148 766 industria
1177 719 1234 768 et
1271 710 1453 767 studio
1484 715 1614 765 sunt
1663 723 1816 764 com-

186 808 398 872 parata,
453 806 550 856 aut
579 797 701 870 ejus
745 796 954 852 amoris
991 797 1162 872 gratia
1209 814 1241 854 a
1277 797 1373 854 Dei
1403 795 1665 852 ﬁdelibus
1707 811 1818 852 tec-

187 875 375 944 clesiae
403 887 621 945 collata.
668 887 799 954 Quae
830 887 1055 962 quidem
1091 886 1344 960 quamvis
1375 901 1488 942 non
1519 891 1648 942 sunt
1676 885 1815 941 adeo

180 979 359 1038 multa
383 997 484 1053 pro
504 979 678 1054 precii
697 981 1052 1038 estimatione
1081 986 1138 1036 et
1161 979 1468 1036 alienarum
1499 976 1812 1035 divitiarum

186 1061 625 1142 comparatione,
655 1079 786 1126 sunt
815 1076 1001 1126 tamen
1032 1068 1207 1126 multa
1251 1067 1304 1124 ei
1357 1083 1558 1142 magna
1595 1073 1652 1122 et
1684 1081 1814 1138 pre-

186 1160 336 1218 ciosa
372 1177 470 1233 pro
517 1161 667 1218 bona
710 1161 834 1233 ejus
881 1160 1212 1228 intentione,
1272 1157 1401 1231 quia
1431 1165 1814 1214 remunerator

187 1253 462 1312 bonorum
493 1255 638 1312 Deus
677 1271 793 1312 non
835 1255 1057 1312 estimat
1083 1269 1148 1310 ex
1193 1259 1421 1326 quanto,
1449 1253 1546 1308 sed
1591 1265 1703 1324 quo
1724 1249 1811 1308 vel

187 1344 338 1417 quali
364 1345 475 1401 sibi
514 1343 778 1401 offeratur
799 1345 1006 1402 animo.

260 1437 347 1493 42.
382 1437 447 1493 Et
486 1437 618 1510 quia
657 1453 782 1496 cum
812 1435 1102 1512 religionis
1149 1435 1335 1493 studio
1389 1434 1574 1508 vigere
1605 1432 1814 1490 fecerat

191 1527 357 1582 etiam
401 1526 654 1583 litterulis
683 1527 930 1584 scientiae
958 1527 1231 1594 studium,
1259 1542 1332 1582 ne
1376 1531 1434 1580 et
1493 1523 1550 1580 in
1583 1523 1690 1580 hoc
1729 1523 1812 1582 eis

189 1613 410 1670 deesset
435 1614 583 1671 unde
623 1615 940 1687 hujusmodi
981 1618 1116 1672 artis
1143 1622 1559 1690 exequerentur
1598 1615 1812 1671 exerci-

188 1705 352 1776 tium,
391 1707 851 1765 sumministravit
896 1708 981 1764 eis
1029 1709 1196 1766 etiam
1252 1707 1467 1780 copiam
1517 1709 1806 1766 librorum.

392 1757 851 1765 __-_--____-_----.--
901 1757 980 1764 --_
1031 1757 1196 1766 ---_.-_
1256 1757 1467 1780 "rw---
1518 1757 1805 1766 --_.--_---.

188 1793 310 1850 Non
359 1810 556 1864 passus
614 1795 764 1852 enim
807 1804 868 1853 ut
910 1813 1011 1870 per
1065 1797 1238 1855 otium
1273 1812 1434 1854 mens
1485 1803 1579 1855 aut
1616 1757 1890 1854 manusB

193 1895 388 1940 eorum
421 1893 788 1956 torpesceret,
808 1887 1015 1943 utiliter
1028 1887 1301 1959 profectui
1328 1901 1519 1942 eorum
1547 1887 1816 1960 praevidet

191 1972 322 2028 dum
361 1988 458 2030 eos
496 1981 552 2029 et
587 1989 690 2046 per
721 1975 1003 2032 scribendi
1041 1977 1290 2032 laborem
1329 1986 1570 2046 exercet,
1619 1984 1674 2032 et
1702 1975 1812 2032 fre-

192 2063 390 2136 quenti
419 2063 812 2136 scripturarum
840 2065 1204 2122 meditatione
1248 2065 1466 2122 animos
1521 2081 1713 2124 eorum
1743 2066 1813 2122 ad

188 2155 423 2212 meliora
471 2166 774 2228 promovet.
828 2158 1129 2230 Appellens
1179 2173 1314 2232 ergo
1360 2158 1604 2214 animum
1653 2158 1811 2231 quasi

191 2249 332 2306 alter
387 2251 612 2323 quidam
658 2252 1020 2322 Philadellus,
1084 2255 1152 2309 ad
1212 2254 1644 2310 construendam
1713 2269 1811 2326 pro

191 2357 362 2417 posse
407 2360 507 2401 sua
540 2345 932 2402 bibliothecam
973 2347 1297 2418 plenariam,
1327 2355 1486 2403 vetus
1523 2353 1578 2402 et
1609 2362 1810 2403 novum

191 2443 585 2492 testamentum
636 2438 1010 2494 continentem
1042 2439 1100 2493 in
1129 2453 1240 2494 uno
1295 2437 1581 2495 volumine
1621 2445 1806 2495 trans-

185 2529 496 2600 scripsitm
528 2530 810 2586 historiam
866 2531 1013 2587 Et"50
1043 2532 1243 2588 divinae
1269 2531 1493 2604 quidem
1526 2531 1808 2604 scripturae

186 2618 315 2690 plus
375 2637 538 2692 quam
577 2629 799 2677 centum
857 2623 1141 2696 congessit
1177 2623 1491 2688 volumina;
1547 2621 1810 2678 secularis

185 2729 322 2770 vero
354 2715 662 2786 disciplina:
683 2717 857 2772 libros
883 2717 1306 2792 quinquaginta.
1332 2717 1641 2774 Mirandum
1672 2733 1807 2772 sane

192 2822 368 2861 unum
435 2807 720 2862 hominem
783 2807 838 2862 in
891 2815 1043 2864 tanta
1101 2809 1367 2866 tenuitate
1424 2825 1605 2864 rerum
1663 2813 1815 2863 tanta

186 2895 434 2966 potuisse
473 2912 819 2967 comparare,
864 2898 971 2952 nisi
1005 2904 1320 2954 occurreret
1358 2898 1566 2964 animo,
1607 2898 1806 2953 timen-

189 2983 344 3069 tibus
363 2985 532 3041 Deum
564 2987 702 3041 nihil
733 2987 954 3042 deesse.

1913 533 2082 590 super
2107 519 2458 575 matutinales
2489 519 2680 575 laudes
2705 520 2762 574 in
2793 520 3025 576 transitu
3063 528 3270 576 sanctae
3309 520 3532 576 Walde—

1915 609 2128 682 drudis,
2158 613 2278 683 ipse
2317 625 2504 668 comes
2537 612 2845 686 Raginerus
2879 619 2934 668 et
2972 611 3260 670 Hathuidis
3288 612 3528 686 conjunx

1915 703 2038 776 ejus
2075 703 2344 776 quicquid
2383 704 2577 775 praedii
2607 703 2910 765 .habebant
2953 705 3010 760 in
3071 705 3205 762 Dion
3267 705 3529 762 recclesiae

1917 799 2118 850 nostra),
2151 793 2396 849 tradidit.

1984 886 2074 941 44.
2129 885 2258 941 Tam
2317 885 2650 942 laudabilem
2712 893 2769 942 et
2826 884 3016 943 utilem
3073 884 3238 942 vitam
3297 886 3526 962 degens,

1915 984 2206 1050 postquam
2241 977 2297 1032 in
2346 979 2415 1036 37
2445 994 2622 1035 annos
2649 979 2830 1056 exegit
2859 985 3080 1051 tempus
3106 995 3218 1034 sua:
3254 979 3529 1050 praelatio-

1914 1070 2020 1137 nis,
2059 1071 2231 1126 sensit
2264 1087 2325 1126 se
2361 1087 2394 1126 a
2449 1072 2558 1128 Deo
2588 1071 2806 1128 invitari
2843 1074 2912 1128 ad
2963 1073 3216 1131 bravium
3270 1089 3529 1146 supernae

1913 1161 2219 1218 vocationis
2245 1161 2353 1233 (an.
2389 1161 2568 1232 1048).
2614 1163 2676 1219 Et
2713 1165 2968 1237 exemplo
3011 1165 3218 1222 domini
3247 1167 3400 1233 Jesu,
3431 1166 3528 1238 qui

1913 1250 2241 1307 transiturus
2266 1251 2335 1306 ad
2369 1251 2600 1316 Patrem,
2632 1267 2754 1308 cum
2773 1252 3059 1310 dilexisset
3085 1271 3216 1313 suos
3246 1256 3340 1328 qui
3371 1265 3530 1313 erant

1913 1341 1971 1398 in
1998 1339 2225 1410 mundo,
2284 1341 2340 1396 in
2381 1340 2548 1398 finem
2579 1357 2678 1398 eos
2731 1342 2946 1411 dilexit,
3004 1343 3169 1399 etiam
3227 1345 3347 1416 ipse
3383 1343 3532 1402 ﬁlios

1913 1449 2064 1502 suos,
2096 1448 2237 1504 quos
2267 1433 2377 1491 Deo
2411 1435 2466 1489 in
2495 1434 2621 1490 sinu
2655 1440 2918 1491 maternae
2959 1435 3276 1492 dulcedinis
3305 1453 3527 1510 genue-
3591 1474 3594 1482 ι

1911 1539 1996 1586 rat
2050 1536 2106 1584 et
2152 1529 2351 1586 aﬂ‘ectu
2417 1539 2662 1602 paternas
2732 1529 3120 1587 sollicitudinis
3176 1530 3527 1601 educaverat,

1913 1638 2091 1695 usque
2109 1622 2165 1678 in
2195 1620 2365 1678 tinem
2397 1621 2608 1677 dilexit.
2635 1621 2736 1688 Qui
2767 1623 2898 1694 quia
2927 1621 3147 1678 duobus
3175 1622 3530 1678 monasteriis

1913 1719 2170 1783 praeerat,
2203 1719 2259 1766 et
2297 1711 2369 1766 ob
2407 1710 2462 1765 id
2493 1711 2753 1768 continua
2781 1711 3010 1786 regendi
3055 1711 3318 1767 instantia
3357 1712 3527 1767 alter-

1914 1802 2084 1859 natim
2115 1801 2516 1858 habitationem
2543 1818 2697 1857 suam
2737 1810 2950 1858 mutare
2981 1809 3366 1872 consueverat,
3396 1809 3529 1860 tunc

1915 1897 1971 1952 in
2002 1897 2438 1953 Gemmelacensi
2469 1897 2726 1954 coenobio
2769 1897 3092 1970 aliquandiu
3130 1907 3526 1967 commoratus,

1913 1988 2150 2043 natalem
2190 1988 2564 2058 apostolorum
2609 1986 2752 2042 Petri
2807 1995 2863 2042 et
2901 1987 3051 2042 Pauli
3106 1989 3522 2047 solemnizabat.

1911 2079 1975 2135 Et
1995 2079 2346 2154 congregatis
2369 2077 2496 2134 ﬁliis
2526 2078 2664 2145 suis,
2699 2078 2908 2148 prolixe
2928 2085 2983 2134 et
3014 2079 3104 2150 pie
3126 2080 3527 2136 sermocinatus

1913 2175 1996 2224 est
2023 2167 2124 2235 eis,
2154 2177 2209 2223 et
2237 2177 2504 2240 quantum
2532 2173 2744 2238 poterat
2774 2166 3034 2222 facundia
3063 2167 3252 2222 diserti
3282 2168 3528 2224 doctoris

1912 2267 1967 2316 et
1996 2262 2175 2332 pietas
2200 2259 2482 2316 aﬁ'ectuosi
2522 2243 3002 2332 patris,‘moncbat
3038 2274 3156 2325 eos,
3187 2274 3256 2314 ne
3295 2260 3364 2314 ab
3392 2276 3522 2314 ara-

1912 2359 1994 2408 tro
2015 2352 2279 2408 dominici
2307 2353 2495 2424 operis
2525 2352 2720 2407 oculos
2741 2359 3075 2418 averterent,
3105 2359 3164 2406 ut
3191 2367 3223 2406 a
3251 2350 3524 2408 fermento

1911 2441 2241 2497 secularium
2275 2446 2552 2506 caverent,
2600 2445 2660 2494 ut
2698 2455 2810 2494 non
2848 2440 3026 2495 solum
3061 2457 3242 2495 coram
3292 2441 3401 2496 Deo
3427 2439 3526 2496 sed

1911 2535 2074 2591 etiam
2107 2551 2290 2590 coram
2319 2533 2642 2588 hominibus
2671 2532 2816 2587 bona
2844 2533 3220 2602 providerent,
3251 2540 3306 2587 et
3333 2539 3529 2588 caetera

1911 2625 1968 2680 id
1998 2640 2194 2701 genus,
2225 2638 2347 2694 quae
2377 2622 2452 2694 pii
2487 2631 2542 2676 et
2571 2620 2842 2692 sapientis
2872 2621 2973 2674 viri
3006 2619 3289 2675 eructabat
3309 2628 3522 2692 pectus.

1912 2721 2055 2776 inter
2085 2718 2422 2791 loquendum
2455 2723 2578 2771 ante
2611 2716 2780 2770 altare
2810 2715 2984 2770 sancti
3015 2715 3160 2770 Petri
3201 2731 3297 2771 eos
3335 2715 3528 2772 eduvit

1915 2827 2041 2866 cum
2112 2807 2418 2880 psalmodia
2497 2815 2550 2860 et
2634 2805 2886 2860 oratione
2963 2813 3241 2876 pastorum
3319 2803 3524 2876 pastori

1917 2921 2015 2960 eos
2063 2901 2490 2966 commendavit,
2548 2901 2615 2956 ab
2681 2901 2940 2956 omnibus
2978 2899 3289 2954 commissis
3337 2908 3527 2970 pasto-

1915 2997 2014 3052 rali
2047 3003 2320 3068 potestate
2369 2995 2626 3062 absolvit,
2683 2999 2738 3049 et
2774 2992 3045 3064 spirituali
3093 2991 3530 3049 sanctificatione

190 3083 197 3091 ’
259 3077 352 3134 43.
391 3077 504 3154 Ego
544 3095 680 3134 sane
719 3079 850 3134 dum
891 3078 1202 3136 studiorum
1255 3079 1468 3153 ingenii
1520 3085 1574 3135 et
1602 3079 1807 3134 laboris
1833 3114 1884 3184 C
1908 3089 2209 3145 benedixit.
2254 3089 2316 3142 Et
2346 3095 2404 3143 ut
2433 3087 2688 3143 ultimum
2715 3086 2838 3142 vale
2881 3101 2996 3141 non
3027 3085 3149 3139 sine
3179 3085 3420 3140 lacrimis
3449 3085 3532 3140 eis

191 3173 331 3229 tanti
369 3174 468 3229 viri
527 3175 813 3240 recordor,
865 3175 1094 3232 omnino
1135 3174 1398 3240 demiror,
1445 3175 1593 3247 quod
1633 3175 1690 3230 in
1744 3189 1810 3230 eo

189 3262 428 3339 geminae
475 3264 724 3319 scientia),
775 3271 880 3319 tam
933 3265 1158 3340 egregie
1199 3265 1456 3320 claruerit
1517 3265 1582 3300 ⁷⁶¹
1632 3265 1808 3338 vigor.

189 3353 232 3408 Α
265 3370 438 3425 puero
467 3356 616 3410 enim
657 3357 712 3411 in
743 3357 1048 3414 solitudine
1077 3357 1356 3414 claustrali
1385 3357 1674 3426 educatus,
1703 3365 1811 3412 tam

189 3449 392 3504 sollers
438 3457 494 3504 et
531 3451 779 3520 prudens
807 3459 1068 3522 apparuit
1125 3450 1182 3506 in
1235 3451 1604 3522 disponendis
1651 3467 1819 3506 mun-

185 3521 350 3593 danis
379 3521 567 3606 rebus,
610 3546 670 3595 ut
699 3539 789 3594 vix
818 3521 1022 3612 aliquis
1075 3521 1408 3596 secularium
1451 3539 1736 3596 videretur
1767 3539 1816 3594 ei

187 3625 590 3698 praeferendus.
643 3628 706 3683 Et
759 3635 949 3684 contra
1024 3629 1155 3684 dum
1220 3645 1278 3684 se
1340 3628 1700 3700 restringeret
1751 3628 1819 3682 ad

191 3717 434 3792 rigorem
485 3719 808 3774 monasticae
868 3719 1326 3783 conversationis,
1382 3718 1437 3773 id
1493 3718 1612 3790 ipse
1677 3719 1824 3774 inter

191 3807 485 3878 strepitum
535 3808 938 3864 recolesiasticze
966 3808 1373 3880 procurationis
1405 3807 1662 3880 explebat
1689 3808 1824 3862 sub-

196 3899 390 3954 sicivis
415 3900 622 3972 operis,
645 3901 901 3973 quod’vix
922 3901 1123 3973 aliquis
1144 3902 1281 3957 alter
1306 3901 1605 3974 attingeret
1624 3916 1825 3957 vacans

199 3993 316 4051 Deo
346 3996 404 4050 in
443 3996 688 4068 quietem
726 3997 1043 4054 monasticae
1082 3998 1418 4054 solitudinis.
1463 3998 1572 4053 Nec
1624 3997 1825 4052 frustra

201 4085 350 4144 fama
393 4089 638 4145 nominis
687 4090 806 4160 ejus
860 4091 1067 4162 ubique
1122 4091 1486 4161 discurrebat,
1529 4094 1598 4150 de
1667 4095 1825 4162 cujus

201 4180 458 4236 doctrina
487 4187 596 4236 tam
653 4181 832 4237 dulcis
871 4183 1011 4238 odor
1050 4183 1215 4257 longe
1254 4185 1476 4256 lateque
1521 4186 1823 4242 crescebat.

204 4270 459 4346 Exceptis
485 4275 633 4330 enim
666 4275 772 4330 illis
799 4292 938 4348 quos
961 4276 1019 4331 in
1049 4276 1398 4346 subjectione
1428 4295 1529 4334 sua
1559 4280 1615 4335 in
1641 4281 1826 4336 studio

205 4375 264 4427 et
307 4365 579 4442 religione
619 4368 870 4434 nutrivit,
901 4369 1102 4425 multas
1150 4371 1422 4426 clericalis
1451 4373 1664 4428 ordinis
1702 4389 1830 4444 per-

1913 3179 2060 3241 fecit,
2118 3177 2383 3232 Leodium
2424 3177 2579 3231 abiit.
2616 3177 2922 3250 Urgebatur
2959 3175 3106 3229 enim
3147 3175 3286 3230 tristi
3336 3174 3531 3231 nuntio

1913 3273 1982 3326 de
2012 3269 2328 3326 inﬁrmitate
2359 3269 2584 3342 gloriosi
2633 3268 2884 3340 episcOpi
2933 3266 3242 3330 Wathonis,
3273 3268 3362 3322 cui
3415 3267 3532 3338 ipse

1915 3360 2078 3416 etiam
2107 3361 2210 3415 hoc
2241 3359 2481 3414 debebat
2522 3365 2724 3428 praeter
2761 3357 3128 3412 reverentiam
3168 3355 3371 3411 debitae
3399 3355 3533 3410 subv

1915 3453 2176 3524 jectionis
2214 3451 2362 3522 quod
2392 3452 2512 3519 ejus
2550 3449 2964 3520 condiscipulus
2991 3455 3045 3502 et
3083 3464 3114 3502 a
3153 3463 3328 3518 puero
3361 3446 3537 3501 luerat

1921 3537 2352 3609 contubernalis,
2403 3551 2458 3599 et
2497 3542 2564 3596 ab
2604 3541 2734 3596 inde
2775 3541 2912 3596 inita
2960 3540 3105 3596 inter
3132 3555 3229 3596 eos
3274 3539 3535 3595 amicitiae

1921 3636 2096 3713 gratia
2126 3651 2250 3690 cum
2291 3633 2410 3704 ipsa
2449 3638 2610 3686 aetate
2666 3629 2788 3684 sine
2831 3628 3061 3700 querela
3100 3629 3264 3684 simul
3305 3643 3538 3686 concrc-

1922 3736 2094 3796 verat,
2123 3735 2181 3782 et
2209 3733 2268 3781 ut
2299 3725 2372 3779 ita
2425 3724 2604 3778 dicam
2635 3738 2761 3778 cum
2813 3722 2896 3776 eis
2925 3721 3262 3776 insenuerat.
3311 3721 3540 3793 Episco-

1925 3835 2028 3890 pus
2065 3815 2316 3891 gaudens
2341 3829 2401 3866 re
2447 3811 2795 3866 consulatum
2827 3825 2948 3865 esse
2983 3817 3174 3881 Optata
3224 3809 3538 3866 visitatione

1924 3909 2108 3975 amici,
2163 3906 2230 3962 ab
2263 3921 2328 3960 eo
2388 3903 2440 3958 in
2473 3903 2695 3960 nomine
2744 3901 2962 3958 Domini
2993 3901 3300 3970 secundum
3331 3917 3538 3972 praece-

1927 4009 2081 4074 ptum
2113 3995 2554 4070 apostolilacobi
2575 3995 2809 4066 expetiit
2838 3993 3090 4069 inungui.
3129 3992 3540 4048 Peractoinun-

1926 4091 2126 4149 ctionis
2156 4088 2358 4150 ofﬁcio.
2393 4105 2516 4144 cum
2545 4087 2865 4142 missionem
2909 4090 3121 4157 peteret
3148 4084 3216 4140 ab
3250 4085 3540 4157 episcOpo,

1927 4193 1983 4240 et
2028 4184 2211 4239 adhuc
2263 4183 2331 4236 de
2362 4195 2460 4251 spe
2500 4179 2625 4234 vita:
2654 4193 2766 4232 sua:
2806 4174 3137 4231 ﬁducialiter
3177 4185 3434 4247 quereret
3472 4175 3542 4230 ab

1928 4293 2016 4340 eo,
2045 4277 2340 4348 episcopus
2393 4279 2570 4326 tactus
2602 4270 2800 4341 spiritu
2840 4267 3060 4323 divino:
3104 4267 3297 4332 Hodie,
3339 4267 3539 4338 inquit,

1927 4386 2034 4426 non
2058 4371 2282 4426 moriar.
2329 4383 2358 4420 ο
2388 4366 2550 4418 amici
2586 4365 2710 4428 mei,
2742 4361 2832 4416 sed
2860 4375 2980 4414 cras
3009 4361 3068 4412 in
3095 4359 3302 4414 Christi
3326 4360 3540 4414 nomine

205 4453 395 4522 Sonas,
425 4457 692 4528 quosdam
735 4457 900 4512 etiam
949 4458 1205 4526 curiales,
1266 4460 1516 4516 doctrina
1563 4479 1662 4518 sua
1701 4451 2220 4534 pro-Dsuccurrite
2247 4459 2399 4514 mihi.
2446 4455 2542 4516 ille
2581 4453 2885 4522 desperans
2915 4451 2984 4506 de
3011 4448 3120 4504 vita
3159 4449 3346 4515 amici,
3388 4464 3542 4504 reso-

209 4550 401 4630 movit,
433 4567 665 4621 quorum
698 4551 929 4609 illustris
957 4555 1203 4626 probitas
1247 4555 1335 4611 vel
1365 4557 1603 4630 dignitas
1634 4565 1824 4630 postea

208 4629 418 4720 sanctae
434 4641 698 4698 aecclesiae
715 4660 936 4720 magnae
949 4645 1172 4702 utilitati
1197 4653 1252 4702 et
1273 4649 1545 4704 honestati
1569 4629 1688 4704 fuit.
1715 4649 1821 4704 Sed

210 4716 266 4786 3t
291 4731 351 4785 in
392 4733 496 4787 hoc
543 4731 598 4786 in
629 4716 895 4789 recclesiis
926 4735 1020 4790 Dei
1060 4735 1184 4804 ejus
1221 4735 1516 4792 laudabilis
1553 4738 1827 4794 memoria

208 4821 396 4902 adhuc
426 4821 582 4888 vivit,
632 4824 780 4894 quod
830 4824 972 4880 vitas
1016 4825 1325 4897 aliquorum
1383 4825 1454 4861 ⁷⁵³
1510 4824 1826 4882 sanctorum

210 4915 497 4992 aliquibus
523 4917 576 4970 in
609 4917 744 4973 locis
771 4918 985 4989 liquide
1025 4926 1078 4973 et
1107 4920 1278 4990 polite
1311 4923 1644 4992 composuit,
1677 4929 1731 4976 et
1760 4923 1829 4977 de

210 4991 386 5078 gestis
410 5020 599 5060 eorum
625 5005 680 5060 in
703 5007 866 5062 laude
889 5007 985 5062 Dei
1011 5009 1318 5064 secundum
1341 4991 1583 5083 regulam
1609 5011 1832 5066 musicas

213 5095 548 5166 disciplinae,
580 5097 634 5150 in
665 5086 776 5168 qua
803 5097 1036 5153 multum
1068 5099 1306 5168 valebat,
1342 5101 1660 5157 dulcissime
1692 5117 1830 5156 can-

215 5195 302 5244 tus
333 5191 690 5249 modificavit.
725 5193 873 5248 Inter
924 5210 1048 5266 qum
1098 5195 1230 5266 quia
1282 5201 1508 5270 rogante
1561 5196 1835 5268 Raginero

216 5281 420 5336 comite
457 5281 624 5339 vitam
651 5285 826 5340 sancti
883 5285 1084 5340 Veroui
1133 5283 1472 5341 confessoris
1502 5288 1835 5358 composuit,

1924 4553 2071 4608 lutus
2099 4551 2156 4606 in
2198 4546 2438 4603 lacrimis
2469 4560 2576 4598 nec
2604 4543 2794 4596 valens
2824 4547 3134 4610 temperare
3175 4537 3390 4594 dolori:
3422 4541 3542 4596 Non

1925 4649 2092 4709 sinat,
2126 4640 2322 4712 inquit,
2366 4643 2503 4693 Deus
2551 4652 2634 4691 me
2663 4637 2861 4704 septem
2898 4633 3012 4687 dies
3051 4633 3391 4703 supervivere
3415 4631 3538 4688 tibi.

1929 4740 1992 4794 Et
2021 4737 2089 4792 ad
2135 4731 2528 4790 monasterium
2579 4728 2750 4784 sancti
2788 4726 2976 4783 Jacobi
3029 4726 3116 4782 cui
3167 4732 3402 4798 praeerat
3453 4742 3545 4782 re-

1929 4844 2173 4904 gressus,
2211 4825 2381 4896 cmpit
2419 4821 2646 4877 destitui
2678 4818 2926 4890 corporis
2957 4818 3188 4886 viribus,
3221 4833 3346 4888 mox
3376 4818 3542 4874 etiam

1931 4917 2115 4974 vexari
2137 4916 2332 4970 acriter
2362 4910 2626 4967 febribus.
2658 4908 2794 4974 Quid
2819 4907 2989 4962 multa
3011 4907 3038 4960 ?
3062 4907 3375 4963 Secundum
3410 4924 3548 4978 pra:-

1935 5011 2136 5066 diclum
2157 5017 2212 5062 et
2231 5013 2415 5061 votum
2449 5004 2666 5076 piorum
2697 5001 2961 5066 virorum,
2988 5000 3229 5055 crastino
3255 4999 3365 5060 die,
3400 4997 3546 5068 quod

1935 5111 2018 5156 est
2045 5099 2078 5154 8
2111 5099 2238 5152 ldus
2279 5095 2432 5158 Julii,
2473 5092 2770 5162 cpiscopus
2823 5089 3075 5162 migravit
3122 5088 3190 5143 ad
3232 5085 3547 5152 Dominum,

1938 5188 2116 5244 Abbas
2145 5181 2474 5254 autcm,.qui
2517 5178 2781 5250 episcOpo
2821 5178 3052 5232 dimidio
3083 5175 3281 5232 animai
3310 5189 3424 5228 sua;
3459 5189 3550 5228 se—

1939 5287 2086 5354 ptem
2110 5278 2230 5332 dies
2257 5272 2613 5346 supervivere
2633 5269 2830 5336 noluit,
2851 5268 2972 5340 ipso
3003 5265 3241 5338 septimo
3264 5263 3371 5330 die,
3401 5261 3550 5334 quod

1578 5454 1796 5508 VARl/E
1819 5448 2186 5510 LECTIONES.

287 5626 360 5661 πθ
424 5641 454 5681 e
499 5641 636 5682 corr.
686 5642 733 5681 ο.

207 5704 484 5768 posuerat.

791 5631 1030 5702 Fortasse
1077 5631 1573 5702 fuitconseripsit.

571 5697 638 5732 τω
669 5696 914 5754 clarierit
961 5696 1096 5756 corr.
1133 5702 1389 5758 claruerit
1411 5696 1454 5758 cl

1690 5631 1760 5668 πο
1784 5633 1898 5687 Alio
1945 5631 2252 5683 atramento
2298 5623 2470 5690 pergit
2529 5619 2668 5673 idem
2723 5614 2920 5681 scriba,
2959 5613 3054 5681 qui
3105 5614 3155 5664 et
3209 5605 3558 5678 transcripsit

1553 5704 1619 5738 ⁷⁵³
1648 5703 1862 5774 aliquas
1911 5703 2099 5756 statim
2124 5711 2264 5752 corr.
2309 5692 2616 5762 aliquorum
2649 5705 2694 5743 ϐ.
