3938 6050
407 289 509 346 627

1633 277 1978 335 ΒιϐΕΒΕΒΤΙ
2019 275 2526 334 GEMBLACENSIS.

3642 278 3750 334 628

409 417 545 475 est2
573 416 705 470 ldus
734 413 885 480 Julii,
917 412 1138 468 felicem
1165 411 1419 482 spiritum
1456 410 1597 467 caelo
1627 410 1872 466 reddidit
1899 408 2029 463 mil-
2056 412 2103 481 Α
2131 405 2411 482 dignitati,
2452 404 2620 461 credo
2666 418 2769 460 nos
2805 402 2972 459 modo
3023 401 3135 457 illic
3172 417 3272 458 sua
3306 401 3575 457 tutabitur
3622 420 3753 478 gra-

407 508 603 565 lesimo
635 504 1061 580 quadragesimo
1077 512 1270 560 octavo
1300 519 1444 559 anno
1474 502 1712 559 Domini.

476 602 566 656 45.
609 601 673 655 At
709 598 971 669 exequias
992 597 1205 652 funeris
1227 597 1350 666 ejus
1378 612 1488 668 quo
1519 594 1894 651 venerationis
1925 593 2029 649 ho-

409 709 565 759 nore,
609 707 719 763 quo
750 688 1123 746 miserationis
1181 687 1373 743 dolore
1404 696 1732 758 prosecutus
1786 685 1855 740 sit
1896 700 2028 759 grex

406 781 649 840 ccenobii
671 781 982 852 utriusque,
1012 778 1106 850 qui
1147 777 1204 831 in
1223 777 1437 834 Christo
1469 776 1572 831 sub
1605 776 1726 844 ejus
1772 773 2028 846 profece-

408 887 492 935 rat
529 877 897 944 institutione,
928 889 1328 947 supervacuum
1380 881 1464 927 est
1494 886 1820 927 memorare.
1864 870 2027 924 Gem-

408 972 751 1027 melacenses
781 966 1055 1040 siquidem
1091 965 1281 1021 audita
1313 964 1388 1035 pii
1421 962 1661 1035 pastoris
1686 961 2027 1027 infirmitate,

411 1067 500 1123 cui
533 1071 657 1138 post
686 1065 860 1119 Deum
891 1068 947 1118 et
976 1062 1213 1133 primum
1244 1060 1351 1116 loci
1386 1060 1561 1115 nostri
1593 1065 2026 1141 constructorem

408 1156 751 1227 Wicpertum
773 1152 1036 1226 quicquid
1062 1167 1209 1222 pene
1250 1149 1535 1204 habebant
1564 1148 1883 1216 gaudebant
1921 1147 2029 1202 im-

410 1252 624 1318 putare,
668 1244 773 1316 piae
828 1241 1141 1297 dilectionis
1186 1240 1289 1295 alis
1348 1255 1458 1295 non
1509 1238 1846 1293 distulerunt
1900 1237 2031 1292 illuc

409 1337 725 1393 convolare.
761 1332 1133 1391 Contristabat
1156 1347 1253 1387 eos
1291 1346 1402 1386 non
1444 1329 1798 1384 mediocriter
1840 1345 2029 1383 aman-

415 1425 612 1482 tissimi
667 1424 836 1494 patris
884 1420 1196 1486 destitutio,
1256 1418 1356 1474 sed
1392 1417 1515 1487 plus
1566 1433 1730 1488 quam
1790 1416 1899 1471 dici
1943 1416 2028 1473 vel

411 1517 562 1574 credi
616 1515 788 1588 possit
832 1512 1127 1568 miserabili
1189 1510 1655 1566 contristabantur
1702 1507 2027 1573 infortunio,

414 1607 563 1678 quod
594 1604 896 1661 carendum
929 1602 1009 1657 eis
1035 1609 1181 1656 esset
1206 1601 1453 1672 corporis
1477 1600 1599 1668 ejus
1631 1599 1861 1673 pignore
1894 1614 2025 1669 pre-

412 1694 575 1750 tioso.
621 1694 679 1749 Et
708 1693 754 1747 si
785 1692 1027 1762 aliquam
1062 1690 1206 1745 viam
1239 1689 1320 1743 eis
1347 1688 1658 1759 aperuisset
1691 1688 1782 1741 Dei
1827 1687 2027 1761 digna-

410 1785 510 1852 tio,
544 1784 682 1839 nihil
721 1782 1019 1855 optabilius
1056 1797 1244 1837 eorum
1288 1780 1533 1835 omnium
1570 1779 1778 1834 insedit
1814 1779 2021 1844 animo,

410 1892 573 1947 quam
607 1873 660 1928 id
690 1889 853 1945 agere
883 1872 1069 1943 aliquo
1102 1870 1287 1935 modo,
1316 1875 1377 1923 ut
1417 1885 1617 1939 corpus
1648 1868 1893 1924 defuncti
1934 1885 2024 1924 re-

410 1966 617 2022 ferrent
649 1963 1078 2022 Gemmelacensi
1111 1962 1370 2017 coenobio
1416 1962 1523 2016 Sed
1547 1961 1601 2015 id
1632 1978 1735 2017 nec
1767 1962 2027 2033 precibus

407 2058 683 2130 eptinere,
727 2072 829 2111 nec
852 2055 1033 2126 aliqua
1063 2054 1292 2110 omnino
1332 2054 1547 2109 ratione
1576 2063 1873 2125 potuerunt
1906 2053 2024 2108 effi-

408 2163 555 2214 cere,
595 2144 965 2220 gaudentibus
1012 2139 1223 2198 civibus
1253 2143 1321 2197 ad
1372 2144 1597 2198 tutelam
1644 2143 1881 2197 civitatis
1911 2158 2024 2197 suae

410 2236 832 2309 praesentialiter
876 2243 985 2290 tam
1042 2235 1215 2289 sancti
1301 2233 1405 2290 viri
1472 2233 1779 2304 patrocinia
1831 2249 2026 2304 prove-

411 2330 576 2385 nisse.
621 2329 880 2400 Sepultus
907 2334 991 2383 est
1019 2326 1185 2401 igitur
1225 2326 1279 2380 in
1319 2325 1573 2380 aecclesia
1603 2325 1777 2380 sancti
1808 2326 2017 2389 Jacobi,

410 2428 471 2476 ut
503 2420 692 2475 decuit
723 2420 958 2491 primum
981 2419 1238 2473 abbatem
1263 2418 1439 2489 ipsius
1468 2417 1597 2481 loci,
1630 2423 1683 2472 et
1711 2418 1813 2472 hoc
1848 2417 2025 2489 epita-

412 2510 603 2583 phium
637 2512 959 2581 inscriptum
984 2517 1067 2565 est
1096 2510 1333 2563 libitinae
1366 2509 1540 2580 ipsius
1572 2508 1797 2563 tumuli:

412 2608 511 2660 Hic
536 2606 606 2640 ⁷⁵³
619 2610 757 2673 iacet
776 2607 1031 2660 abbatum
1053 2606 1345 2673 speculum,
1364 2605 1520 2659 decus
1547 2611 1597 2658 et
1621 2606 2021 2669 monachorum,

487 2698 671 2752 Abbas
711 2698 976 2763 Olbertus,
1007 2700 1101 2765 ﬂos
1118 2697 1383 2766 pamdise
1413 2701 1560 2762 tuus,

409 2792 638 2859 Przfuit
666 2791 916 2845 (ecclesiis
944 2788 1178 2844 normali
1208 2791 1428 2842 tramite
1448 2788 1621 2853 binis;

481 2884 686 2951 Leggia
709 2898 900 2951 corpus
926 2882 1107 2937 habes.
1142 2879 1354 2935 Gcmblc
1393 2878 1622 2933 curme
1653 2879 1813 2933 doles.

476 2974 567 3029 46.
610 2973 823 3027 Perlato
854 2973 920 3025 ad
974 2971 1455 3025 Gemmelacenscs
1488 2977 1595 3023 tam
1631 2968 1773 3022 tristi
1805 2968 2022 3035 nuntio,

406 3061 663 3118 omnibus
691 3063 869 3130 palam
917 3059 1118 3114 factum
1160 3066 1242 3114 est
1274 3057 1449 3128 ipsius
1496 3057 1739 3112 veritatis
1771 3058 2023 3113 testimo-

405 3153 519 3218 nio,
553 3168 661 3224 qua
686 3150 1076 3221 pastoralitatis
1104 3149 1482 3205 sollicitudine
1508 3164 1703 3204 omnes
1733 3149 2020 3217 habuerat,

406 3258 516 3313 qua
573 3240 917 3313 paternitatis
965 3239 1258 3294 dulcedine
1325 3254 1518 3295 omnes
1564 3238 1850 3304 nutrierat,
1917 3253 2024 3308 qua

405 3333 653 3390 karitatis
704 3332 1067 3387 unanimitate
1124 3347 1319 3386 omnes
1396 3347 1427 3385 a
1484 3345 1653 3402 parvo
1713 3346 1891 3401 usque
1956 3330 2026 3384 ad

405 3442 667 3499 magnum
719 3425 824 3480 sibi
874 3425 930 3479 in
988 3423 1198 3480 Christo
1273 3423 1617 3479 devinxerat.
1689 3422 1820 3487 Quis
1877 3422 2022 3476 enim

410 3518 610 3590 peterit
636 3517 845 3584 dicere,
876 3517 999 3589 quis
1024 3516 1230 3572 dicenti
1277 3516 1482 3587 poterit
1510 3514 1761 3581 credere,
1792 3521 2027 3586 quantus

407 3608 535 3663 ilico
576 3607 823 3662 omnium
862 3606 1037 3662 factus
1068 3605 1140 3660 sit
1162 3620 1488 3671 concursus,
1524 3611 1764 3676 quantus
1800 3604 2023 3659 fratrum

408 3699 737 3754 merentium
770 3697 937 3753 fuerit
963 3697 1163 3761 luctus,
1192 3702 1432 3767 quantus
1462 3711 1766 3766 pauperum
1793 3696 2023 3759 clamor,

407 3800 646 3865 quantus
674 3792 1007 3863 pupillorum
1037 3800 1091 3845 et
1118 3791 1407 3845 viduarum
1438 3788 1637 3845 dolor?
1666 3789 1746 3843 Ab
1778 3790 2025 3845 omnium

408 3896 505 3935 ore
532 3889 693 3934 sonat
723 3896 820 3950 pro
851 3880 1065 3935 collatis
1094 3879 1199 3933 sibi
1229 3877 1522 3933 beneficiis
1548 3880 1843 3952 gratiarum
1864 3879 2025 3944 actio,

408 3976 516 4024 tam
563 3968 652 4038 pia
678 3967 728 4022 ei
759 3968 1091 4022 exaudibilis
1137 3983 1236 4038 pro
1269 3966 1621 4023 absolutione
1676 3969 1872 4023 animm
1908 3969 2027 4038 ejus

407 4057 476 4112 ab
516 4055 707 4111 amicis
747 4053 945 4110 Christi
1002 4056 1069 4110 ad
1118 4055 1316 4111 coelum
1379 4057 1765 4113 transmittitur
1826 4057 2023 4112 oratio.

407 4146 537 4211 Quis
593 4159 783 4200 eorum
841 4144 936 4215 qui
993 4153 1102 4199 tam
1166 4143 1493 4200 aﬂ'ectuosas
1542 4146 1677 4200 vidit
1740 4147 2025 4218 exequias,

407 4235 551 4307 quis,
598 4249 753 4310 rogo,
798 4240 905 4288 tam
961 4234 1102 4306 pias,
1147 4242 1255 4289 tam
1324 4235 1568 4303 meritas,
1616 4242 1724 4290 tam
1768 4236 2022 4307 profusas

404 4314 621 4384 dubitet
669 4328 836 4382 Deum
877 4334 1192 4398 acceptasse
1260 4326 1536 4394 lacrimas,
1593 4344 1728 4400 quas
1766 4344 1879 4383 non
1928 4345 2021 4383 ex-

2055 1735 2102 1802 Β

2053 3105 2103 3173 C

2128 495 2225 561 tia,
2268 510 2407 567 quos
2460 494 2551 550 hic
2603 499 2711 548 tam
2777 498 3009 564 paterna
3066 491 3295 548 nutrivit
3332 491 3750 563 misericordia.

2128 588 2298 641 Amen
2329 585 2419 639 ⁷⁵⁸.

2591 676 2675 731 DE
2700 673 2963 730 MYSACH
3002 672 3275 729 ABBATE.

2195 770 2284 824 47.
2340 767 2621 825 Deodvino
2671 769 2728 823 in
2769 767 3030 823 cathedra
3072 767 3337 829 aecclesiaa
3390 768 3753 825 Leodicensis

2126 858 2446 934 subrogato,
2478 858 2692 930 Mysacb
2721 857 2899 912 virum
2940 872 3072 912 sane
3110 855 3493 912 venerabilem
3538 872 3750 933 cogno-

2127 960 2317 1010 mento
2343 952 2703 1009 Malhelinum
2730 951 2985 1008 abbatem
3019 951 3279 1007 substitui
3311 951 3750 1008 Gemmelaeensi

2130 1043 2407 1111 coenobio,
2465 1058 2696 1099 concors
2751 1041 2922 1097 totius
2980 1040 3432 1115 congregationis
3484 1039 3753 1113 expetivit

2130 1134 2346 1190 electio.
2382 1135 2432 1189 ls
2451 1133 2641 1190 abbati
2663 1133 2884 1189 Olberto
2909 1132 3405 1205 consanguinitatis
3423 1131 3753 1201 conjunctus

2129 1223 2297 1291 linea,
2326 1231 2381 1279 et
2410 1239 2442 1278 a
2468 1223 2663 1294 primis
2688 1222 2851 1278 annis
2877 1238 3000 1277 cum
3032 1219 3196 1276 fratre
3223 1235 3324 1277 suo
3375 1236 3517 1293 eque
3543 1236 3747 1277 inemo

2129 1313 2324 1371 rabilis
2360 1315 2486 1371 vitae
2519 1315 2787 1387 Fulquino
2826 1314 3157 1388 regulariter
3183 1320 3239 1368 et
3263 1313 3509 1369 studiose
3537 1313 3595 1368 in
3625 1314 3752 1383 ejus

2131 1412 2398 1467 educatus
2444 1410 2760 1481 disciplina,
2789 1409 2857 1464 ad
2913 1410 3019 1465 hoc
3042 1415 3275 1480 uterque
3310 1409 3551 1464 excrevit
3588 1410 3751 1464 bonae

2130 1502 2334 1557 indolis
2382 1501 2670 1567 industria,
2731 1509 2792 1555 ut
2844 1516 3058 1572 magnae
3106 1499 3363 1555 utilitatis
3414 1500 3596 1556 locum
3627 1515 3756 1557 sor-

2131 1596 2221 1651 tiri
2252 1604 2601 1652 mererentur
2631 1595 2686 1650 in
2718 1595 2814 1650 Dei
2844 1595 3117 1651 aecclesia.
3169 1595 3243 1650 Ex
3273 1594 3475 1667 quibus
3519 1594 3754 1667 Fulqni-

2131 1688 2445 1757 nusjunior
2495 1695 2656 1743 aetate
2713 1687 3028 1743 nominatus
3070 1688 3128 1741 in
3185 1687 3451 1742 exercitio
3498 1686 3753 1742 litteratis

2124 1777 2396 1844 scientiae,
2449 1776 2692 1851 glorioso
2735 1774 3146 1831 Stabulensium
3199 1774 3389 1830 abbati
3430 1774 3637 1846 Peponi
3678 1777 3751 1831 ad

2126 1866 2395 1941 regendas
2452 1877 2745 1936 puerorum
2794 1864 2970 1919 scolas
2999 1864 3262 1931 directus,
3304 1869 3360 1918 et
3386 1879 3485 1934 per
3540 1864 3753 1936 aliquot

2126 1970 2304 2011 annos
2353 1956 2409 2009 in
2466 1971 2680 2010 morum
2720 1954 3010 2009 honestate
3052 1953 3122 2007 ab
3177 1967 3243 2008 eo
3286 1952 3417 2007 satis
3460 1952 3749 2023 probatus,

2127 2060 2229 2115 per
2265 2045 2635 2099 interventum
2666 2043 2787 2112 ejus
2826 2043 2877 2096 in
2913 2042 3160 2098 Mettensi
3192 2042 3330 2097 urbe
3378 2041 3446 2096 ad
3499 2042 3754 2113 regimen

2128 2135 2362 2190 abbatire
2421 2135 2595 2190 sancti
2636 2134 2909 2190 Vincentii
2967 2134 3222 2204 martyris
3286 2139 3371 2188 est
3434 2141 3745 2203 promotus,

2128 2226 2276 2298 quod
2309 2242 2487 2297 usque
2517 2226 2584 2280 ad
2617 2225 2783 2281 tinem
2811 2225 2939 2281 vitae
2974 2241 3090 2280 suae
3130 2224 3339 2280 utiliter
3368 2232 3422 2280 et
3454 2224 3750 2279 laudabili-

2123 2328 2207 2375 ter
2283 2331 2365 2376 est
2420 2328 2701 2376 executus.
2758 2320 2975 2392 Mysach
3020 2318 3088 2353 ’⁷⁵⁷
3133 2325 3315 2374 autem
3373 2318 3543 2374 frater
3601 2319 3745 2387 ejus,

2127 2411 2292 2465 etiam
2352 2409 2581 2464 Virduni
2632 2408 2735 2464 sub
2779 2409 3050 2464 Richardo
3104 2409 3299 2464 abbate
3354 2408 3408 2461 in
3458 2408 3751 2481 gymnasio

2125 2499 2441 2554 monasticae
2494 2497 2803 2568 disciplima
2852 2498 3181 2571 regulariter
3231 2497 3582 2565 exercitatus,
3640 2514 3745 2568 per

2126 2590 2313 2646 omnia
2353 2590 2407 2644 in
2435 2590 2637 2646 virtute.
2671 2589 3007 2645 obedientiae
3057 2588 3191 2644 satis
3228 2595 3314 2643 est
3352 2588 3639 2659 probatus.
3681 2589 3751 2645 At

2126 2691 2418 2757 postquam
2465 2684 2721 2740 inventus
2751 2690 2833 2739 est
2859 2685 3027 2740 etiam
3058 2700 3179 2739 esse
3234 2684 3453 2755 patiens
3487 2683 3745 2742 laborum

2128 2784 2181 2832 et
2206 2783 2466 2832 strenuus
2510 2784 2563 2831 et
2617 2777 2862 2847 prudens
2900 2775 2954 2830 in
2996 2776 3359 2847 dispositione
3394 2775 3750 2830 aacclesiasti-

2128 2884 2314 2923 carum
2341 2885 2544 2935 rerum,
2575 2868 2812 2924 domnus
2832 2866 3009 2922 abbas
3029 2867 3281 2922 Olbertus
3303 2883 3426 2922 eum
3458 2882 3559 2923 suo
3584 2866 3747 2922 lateri

2127 2957 2444 3025 adjunctum
2478 2957 2802 3027 participem
2835 2956 2963 3012 fecit
2990 2957 3238 3011 omnium
3264 2972 3494 3028 operum
3526 2964 3582 3012 et
3607 2970 3750 3012 con-

2125 3044 2376 3100 siliorum
2410 3061 2655 3101 suorum.
2692 3045 2753 3099 Et
2784 3045 3052 3100 ordinans
3078 3060 3205 3100 eum
3240 3045 3750 3117 sibipraepositum,

2126 3137 2402 3193 commisit
2452 3138 2573 3206 ejus
2623 3138 2927 3208 prudentiae
2954 3136 3228 3193 secundas
3266 3145 3448 3209 partes
3488 3138 3739 3193 omnium

2127 3245 2330 3284 rerum.
2376 3230 2435 3284 ln
2465 3229 2622 3300 cujus
2651 3229 2985 3285 obedientiae
3028 3230 3357 3285 executione
3395 3235 3544 3284 tanta
3571 3229 3755 3301 viquit

2127 3318 2506 3388 subjeetione,
2538 3326 2597 3374 ut
2627 3318 2780 3373 nulla
2809 3334 3053 3390 unquam
3093 3318 3349 3374 titillatus
3374 3317 3448 3373 sit
3472 3318 3753 3389 superbiae

2128 3411 2431 3467 inflatione.
2486 3411 2552 3465 Et
2580 3427 2681 3481 per
2728 3411 2931 3466 multos
2983 3426 3162 3467 annos
3193 3419 3299 3466 tam
3339 3411 3641 3482 prudenter
3696 3418 3755 3466 et

2127 3502 2338 3557 utiliter
2366 3503 2523 3572 vixit,
2556 3511 2619 3558 ut
2666 3509 2955 3574 postquam
2986 3502 3202 3575 {sanctae
3250 3503 3531 3558 memoriae
3573 3501 3753 3557 abbas

2128 3588 2384 3646 Olbertus
2417 3591 2671 3646 humanae
2692 3598 2903 3647 natura;
2931 3593 3116 3661 cessit,
3140 3593 3325 3648 nullus
3355 3592 3407 3647 ei
3437 3591 3532 3663 qui
3559 3606 3752 3648 succe-

2127 3689 2284 3753 peret
2307 3683 2528 3751 dignior
2557 3699 2625 3739 eo
2648 3684 2911 3739 inventus
2938 3686 3031 3741 sit.
3064 3686 3251 3757 itaque
3281 3687 3313 3739 7
3341 3684 3613 3740 Kalendas
3630 3683 3748 3739 Au-

2125 3776 2269 3851 gusti
2311 3777 2544 3849 adeptus
2594 3778 2663 3813 7"
2737 3779 2918 3835 locum
2991 3780 3279 3854 regiminis
3325 3778 3702 3835 aecelesiastici
3735 3822 3749 3846 ,

2125 3877 2482 3923 consecratus
2511 3874 2693 3923 autem
2725 3870 2757 3923 7
2803 3868 2932 3924 ldus
2972 3869 3223 3942 Augusti,
3262 3869 3585 3924 attendebat
3625 3869 3753 3923 dili-

2123 3955 2271 4027 genti
2305 3954 2571 4011 instantia
2615 3957 2720 4012 sibi
2754 3966 2809 4012 et
2857 3957 3034 4031 gregi.
3088 3956 3221 4010 Nam
3247 3956 3552 4012 secundum
3598 3957 3751 4028 quod

2125 4043 2415 4111 didicerat,
2465 4044 2792 4116 regulariter
2851 4054 2906 4101 et
2964 4046 3056 4116 pie
3112 4044 3350 4112 vivebat,
3415 4055 3469 4100 et
3523 4054 3749 4101 secun-

2125 4139 2254 4193 dum
2296 4139 2442 4211 quod
2475 4140 2696 4195 vivebat
2725 4141 2892 4195 etiam
2923 4141 3060 4196 alios
3103 4157 3288 4197 vivere
3326 4143 3582 4197 docebant.
3636 4141 3748 4197 Res

2122 4230 2386 4286 mcclesiae
2411 4232 2716 4305 antiquitus
2749 4232 3039 4288 attributas
3084 4233 3169 4288 vel
3209 4242 3404 4305 postea
3440 4234 3750 4306 adquisitas

2124 4335 2223 4391 pro
2260 4327 2423 4390 captu
2470 4326 2525 4375 et
2556 4337 2716 4392 posse
2746 4337 2846 4377 suo
2903 4321 2960 4377 in
3007 4323 3159 4378 nullo
3191 4338 3436 4394 unquam
3478 4321 3745 4397 neglexit,

405 4416 696 4489 torquebat
726 4416 909 4488 aliqua
939 4416 1176 4470 carnalis
1214 4414 1519 4471 affectionis
1559 4417 1878 4483 necessitas,
1920 4417 2015 4473 sed
2045 4411 2097 4478 Ι)
2124 4424 2227 4464 nec
2274 4407 2489 4464 incuria
2534 4411 2626 4465 vel
2686 4411 2905 4467 inscitia
2953 4427 3052 4466 sua
3105 4427 3198 4466 eas
3245 4411 3524 4479 diminuit,
3574 4411 3749 4467 immo

405 4526 543 4582 quas
592 4508 849 4564 eliciebat
902 4507 1105 4579 placita
1181 4509 1290 4563 Deo
1339 4508 1646 4579 spiritualis
1702 4509 2021 4566 dilectionis

405 4601 626 4672 pietas?
653 4600 753 4665 Qui
804 4616 935 4673 ergo
981 4607 1061 4656 tot
1113 4600 1323 4656 amicos
1376 4600 1769 4655 conciliaverat
1816 4602 1919 4656 sibi
1953 4603 2020 4657 de

408 4686 714 4757 iniquitatis
743 4703 1076 4755 mammona,
1110 4696 1363 4759 receptus
1389 4695 1473 4743 est
1506 4689 1575 4743 ab
1607 4689 1689 4745 eis
1726 4690 1781 4743 in
1815 4697 2020 4746 aeterna

407 4776 778 4832 tabernacula.
824 4777 882 4831 Et
912 4778 1041 4850 quia
1086 4780 1226 4834 bene
1267 4779 1622 4847 ministravit,
1673 4781 1844 4856 gradu
1873 4782 2020 4839 bono

405 4867 683 4940 adquisito
736 4868 843 4924 sibi
896 4869 965 4905 ⁷⁵⁵
998 4911 1013 4935 ,
1095 4871 1338 4927 caelestis
1388 4870 1555 4926 curiae
1630 4874 1901 4945 ascriptus
1952 4874 2021 4910 ⁷⁵⁵

2116 4503 2235 4577 jugi
2278 4503 2466 4559 labore
2522 4513 2579 4559 et
2630 4505 2919 4580 vigilantia
2969 4505 3358 4577 multiplicavit
3413 4506 3753 4561 adversariis

2122 4597 2384 4652 {ecclesiae
2439 4598 2701 4654 audacter
2751 4614 2973 4669 semper
3027 4600 3246 4668 restitit,
3308 4599 3589 4670 stipendia
3632 4598 3751 4655 fra-

2125 4700 2263 4746 trum
2312 4692 2552 4748 fidcliter
2581 4672 2822 4761 adauxit,
2866 4702 2923 4749 et
2976 4710 3046 4749 ne
3085 4711 3184 4765 per
3221 4695 3468 4769 singulas
3518 4710 3748 4750 currere

2122 4796 2263 4852 opus
2316 4783 2406 4850 sit,
2440 4782 2680 4838 utilitate
2721 4782 3114 4839 accclesiastica
3158 4783 3308 4840 intus
3337 4792 3391 4839 et
3420 4791 3569 4839 extra
3602 4784 3749 4839 nihil

2122 4876 2311 4932 curius
2346 4894 2587 4948 unquam
2618 4877 2830 4933 habuit;

855 5079 1683 5177 CONTINUATIO
1751 5083 2315 5175 AUCTORE
2382 5084 3272 5177 GODESCHALCO.

475 5285 564 5341 48.
595 5284 716 5356 Ipse
762 5283 830 5319 ⁷⁵⁸³
857 5283 1023 5339 etiam
1055 5294 1183 5341 ante
1213 5292 1269 5342 et
1313 5295 1463 5342 retro
1515 5287 1787 5354 oculatus,
1837 5288 2020 5343 sciens

403 5378 723 5437 interiorem
760 5380 1040 5437 hominem
1072 5382 1193 5438 sine
1230 5383 1489 5440 exteriori
1533 5398 1644 5439 non
1693 5398 1859 5455 posse
1883 5382 2019 5438 sub-

2119 5290 2336 5358 sistere,
2370 5306 2721 5364 quacumque
2753 5292 2809 5346 in
2839 5291 3062 5346 abbatia
3081 5292 3366 5348 invenerat
3393 5302 3449 5347 et
3474 5308 3596 5364 quae
3619 5292 3741 5363 ipse

2120 5381 2460 5454 adquisierat
2505 5384 2562 5438 in
2591 5384 2729 5439 duas
2763 5389 2943 5455 partes
2972 5383 3248 5453 dividens,
3293 5384 3348 5438 in
3379 5384 3527 5440 victu
3550 5392 3605 5439 et
3637 5401 3740 5441 ve-

1748 5513 1966 5569 VARI/E
2012 5511 2284 5570 LEC‘MON
2292 5513 2387 5568 ES.

475 5615 545 5650 ⁷³³
566 5620 749 5690 Versus
777 5620 939 5675 rubro
954 5627 1258 5675 atramento
1282 5623 1486 5690 scripti.
1577 5620 1667 5690 7³⁸
1700 5640 1713 5673 :
1743 5637 1756 5673 :
1790 5620 1916 5674 sibi.

2016 5619 2085 5654 ⁷⁵⁵
2106 5620 2380 5690 ascriptus
2425 5636 2437 5673 :
2464 5635 2478 5673 :
2504 5618 2560 5674 d.

2686 5617 2755 5652 ⁷⁸⁸
2779 5632 2941 5672 amen
2979 5635 3025 5673 c.
3151 5615 3221 5653 ⁷⁸⁷
3249 5619 3420 5674 minio
3447 5620 3730 5688 scriptum.

406 5686 475 5722 ⁷⁵⁸
489 5694 607 5761 post
636 5688 869 5759 adeptus
896 5706 1114 5745 erasum
1143 5697 1228 5745 est
1246 5707 1293 5745 ο.
1369 5686 1438 5726 πθ
1464 5686 1581 5746 alia
1602 5708 1774 5746 inanu
1803 5696 1975 5762 pergit
2002 5694 2185 5763 prima
2203 5686 2350 5747 linea
2379 5694 2442 5745 in
2469 5692 2577 5747 loco
2599 5704 2720 5746 raso
2749 5696 2971 5759 scripta.
