3934 6054
262 213 369 270 629

1210 209 1391 265 GEST.
1434 210 1577 264 ABB.
1621 207 1840 264 GEMBL
1899 237 1970 248 --
2011 206 2268 264 CONTIN.
2311 205 2627 263 GODESCH.

3477 211 3586 268 630

259 343 390 398 stitu
440 340 665 396 fratrum
710 339 1005 395 distribuit.
1041 339 1370 395 Vestiarium
1423 341 1498 396 ita
1553 338 1878 412 composuit.
1907 343 1958 410 Α
1987 338 2218 393 salutem
2253 337 2540 406 aecclesim,
2562 353 2666 393 nec
2687 337 3026 395 medicorum
3050 341 3315 397 auxilium
3349 341 3612 415 qnesivit,

257 431 511 502 Quilpue
547 429 716 485 libras
753 445 1104 485 nummorum
1145 429 1200 484 in
1243 429 1373 485 villa
1421 430 1684 502 Templus
1715 430 1881 499 dicta,

255 528 310 576 et
331 529 442 576 tres
472 520 644 574 libras
669 519 724 574 in
752 519 880 575 villa
919 520 1177 585 Pheroth,
1200 527 1314 576 tres
1349 521 1520 576 libras
1551 530 1605 576 et
1652 526 1890 592 quatuor

255 613 466 669 solidos
513 612 570 668 in
609 611 739 668 villa
771 610 996 680 Mannil,
1046 621 1171 668 octo
1203 613 1420 669 solidos
1467 614 1540 668 de
1597 620 1743 668 terra
1788 611 1888 667 Fa-

255 703 428 758 stradi
472 702 527 757 in
555 702 686 756 villa
723 701 860 764 Niel,
892 701 949 755 in
996 701 1124 757 villa
1169 701 1427 758 Esuatica
1483 709 1542 758 et
1580 703 1886 774 municipio

255 803 417 858 Eueis
435 801 701 874 quosdam
734 799 942 854 reditus
970 800 1247 855 decrevit:
1281 799 1338 854 in
1369 799 1503 855 villa
1547 799 1716 854 etiam
1763 813 1888 870 qua!

257 892 458 948 Castris
501 890 702 947 dicitur
738 890 772 945 4
813 889 983 944 libras
1024 889 1380 944 denariorum
1433 889 1726 944 annuatim
1775 895 1888 943 sta-

257 981 384 1050 tuit,
412 997 476 1036 ea
509 981 721 1036 ratione
770 988 829 1034 ut
873 994 988 1034 uno
1017 994 1164 1034 anno
1213 978 1449 1050 pellicia:
1507 995 1536 1032 a
1564 977 1888 1035 vestierario

258 1079 317 1128 et
354 1071 528 1127 altero
558 1069 747 1142 pellici
773 1085 804 1124 a
829 1069 935 1125 loci
977 1069 1294 1140 praeposito,
1322 1074 1377 1123 et
1397 1068 1628 1124 cuculla:
1659 1076 1718 1122 et
1749 1067 1890 1122 tuni-

257 1179 338 1219 cae
369 1163 632 1219 fratribus
679 1163 944 1217 darentur
991 1178 1023 1217 a
1087 1162 1408 1219 camerario.
1461 1163 1516 1217 lu
1552 1161 1680 1217 villa
1719 1160 1885 1216 etiam

257 1255 404 1312 Turb
425 1255 594 1324 dicta,
619 1272 743 1328 qua:
775 1255 882 1310 sita
909 1261 994 1310 est
1036 1255 1094 1309 in
1133 1270 1274 1328 pago
1325 1253 1684 1311 Bracbantico
1717 1271 1890 1325 super

252 1361 452 1417 aquam
503 1359 631 1417 quae
699 1343 770 1400 ob
849 1343 1204 1398 dulcedinem
1285 1353 1340 1398 et
1428 1343 1731 1399 bonitatem
1801 1343 1886 1399 sui

254 1437 394 1494 Oilla
406 1436 553 1508 (896)
579 1437 647 1490 ab
661 1435 860 1492 incolis
877 1435 983 1491 dici
993 1443 1099 1503 tur,
1123 1435 1474 1491 medietatem
1489 1436 1698 1491 reditus
1718 1435 1887 1492 totius

253 1527 397 1583 villae
420 1525 760 1582 vestierario
787 1525 1082 1600 delegavit.
1113 1525 1236 1580 Post
1261 1525 1378 1580 haee
1404 1525 1707 1581 Balduinns
1733 1525 1898 1580 cleri-
1998 1527 2151 1593 tudo,
2194 1541 2263 1580 ne
2305 1525 2356 1580 ei
2385 1525 2710 1581 succederet
2757 1527 2852 1598 qui
2883 1535 3220 1603 congregata
3246 1529 3614 1604 dispergeret,
3717 1540 3723 1544 ‘

252 1631 353 1670 cus
383 1613 717 1670 Souciensis
748 1611 1070 1669 fraternitati
1103 1621 1305 1668 nostra:
1343 1613 1604 1678 sociatus,
1663 1613 1889 1668 alteram

253 1703 644 1770 medietatem,
679 1717 802 1775 quae
841 1702 1037 1771 eljure
1066 1701 1383 1773 patrimonii
1411 1701 1779 1774 competebat,
1819 1702 1892 1757 ob

255 1797 494 1851 salutem
537 1795 736 1850 animae
776 1811 889 1850 suae
920 1794 1142 1862 adjecit.
1171 1793 1368 1848 Statuit
1410 1795 1598 1860 etiam,
1627 1805 1687 1850 ut
1713 1810 1893 1850 came-

258 1890 438 1945 rarius
467 1905 568 1960 per
595 1904 655 1944 se
686 1887 953 1954 villicum,
989 1887 1343 1942 investitnras
1372 1896 1426 1943 et
1456 1887 1659 1959 placita
1694 1886 1892 1942 habeat

261 1981 522 2038 villarum
550 1980 654 2036 sub
710 1996 771 2035 se
803 1979 1144 2052 degentium.
1209 1978 1505 2035 Cellerario
1536 1979 1603 2034 ad
1643 1979 1890 2052 saginam

267 2073 700 2145 comparandam
732 2078 953 2127 centum
986 2071 1194 2127 solidos
1223 2071 1482 2126 instituit.
1517 2072 1595 2127 Ad
1627 2072 1890 2128 utensilia

260 2163 638 2234 comparanda
675 2160 1044 2228 officinarum,
1076 2161 1181 2215 hoc
1210 2167 1295 2216 est
1325 2161 1602 2234 coquinae,
1641 2161 1887 2232 pistrini,

251 2255 485 2321 cambze,
518 2254 787 2328 granarii,
829 2253 1056 2326 triginta
1085 2253 1296 2309 solidos
1327 2254 1396 2309 de
1439 2271 1610 2309 censu
1641 2255 1888 2310 cortilio-

263 2367 386 2406 rnm
410 2350 693 2405 annuatim
720 2349 836 2404 dari
863 2349 1111 2414 censuit;
1140 2349 1384 2404 decimas
1400 2349 1510 2404 feni
1535 2349 1686 2404 unde
1715 2349 1888 2404 boves

253 2456 388 2496 suos
434 2439 611 2495 aleret
649 2439 836 2494 dedit:
889 2439 1246 2509 praebendam
1287 2447 1341 2494 et
1395 2439 1610 2494 calceos
1650 2437 1890 2492 bubulco

253 2529 352 2602 qui
423 2529 577 2602 ligna
639 2527 710 2582 de
748 2527 886 2582 silva
941 2543 1044 2599 per
1097 2526 1348 2602 singulos
1413 2526 1533 2581 dies
1591 2525 1892 2580 adduceret

253 2617 560 2672 stabilivit:
621 2617 838 2672 hortum
895 2616 961 2671 ad
1021 2616 1212 2671 holera
1270 2615 1546 2684 facienda,
1621 2613 1889 2669 bnbulca-

261 2705 400 2760 riam
433 2712 637 2760 cortem
697 2721 823 2759 cum
863 2704 1082 2760 cortilio
1123 2704 1367 2759 bubulco
1422 2703 1716 2776 delegavit.
1767 2701 1890 2756 Haec

261 2797 450 2853 omnia
499 2798 601 2852 sub
631 2813 765 2852 cura
815 2797 1088 2852 cellerarii
1139 2804 1411 2864 statuens,
1463 2812 1714 2850 mensam
1769 2793 1886 2848 fra-

259 2895 402 2943 trum
471 2888 574 2942 sub
641 2903 764 2958 ejus
845 2902 975 2942 cura
1047 2887 1354 2942 constituit.
1432 2885 1620 2957 itaque
1681 2899 1882 2956 panem

1989 426 2088 481 sed
2129 427 2185 481 in
2216 427 2329 502 Deo
2361 425 2692 482 fiducialiter
2730 428 2992 498 speravit.
3029 429 3090 484 Et
3121 429 3250 484 dum
3291 429 3366 485 ita
3405 429 3613 487 bonum

1989 530 2219 587 operum
2260 531 2483 571 suorum
2527 517 3058 574 consummationem
3120 519 3396 590 patienter
3444 535 3617 591 cxpe-

1989 613 2120 672 ctat,
2173 623 2272 678 per
2338 607 2515 678 ipsius
2570 607 2853 679 patientiae
2917 608 3171 665 virtutem
3242 610 3443 666 bonam
3509 611 3616 666 sibi

1991 699 2529 755 consummationem
2591 707 2882 772 praeparat.
2940 701 3202 757 Excoctus
3233 717 3363 778 ergo
3419 702 3516 758 diu
3561 703 3617 758 in

1991 791 2213 847 camino
2269 791 2642 848 tribulationis
2694 797 2751 846 et
2801 791 3158 861 infirmitatis,
3215 802 3504 867 postquam
3546 795 3617 851 23

1989 897 2166 938 annos
2211 882 2266 936 in
2315 883 2587 958 regimine
2659 883 2918 954 explevit,
2989 883 3023 941 3
3101 885 3231 941 Idus
3294 885 3617 945 Novembris

1991 978 2240 1034 debitum
2273 979 2438 1034 solvit
2469 979 2828 1036 humanitatis
2853 995 2999 1036 anno
3021 981 3162 1036 1071
3198 981 3436 1040 Domini.

2419 1071 2504 1124 DE
2545 1071 2874 1127 TIETMARO
2915 1073 3184 1128 ABBATE.

2059 1163 2148 1217 51.
2184 1160 2450 1218 Defuncto
2489 1162 2692 1218 Misach
2730 1163 2954 1233 abbate,
2999 1165 3094 1238 qui
3131 1172 3289 1238 pater
3313 1174 3424 1223 tam
3468 1183 3615 1224 ama-

1988 1251 2120 1307 bilis
2179 1259 2234 1307 et
2281 1252 2552 1307 aecclesiae
2609 1253 2703 1307 Dei
2753 1261 2861 1308 tam
2915 1255 3068 1310 utilis
3125 1255 3323 1323 fuerat,
3380 1257 3615 1314 multum

1987 1345 2220 1398 meroris
2255 1349 2310 1397 et
2353 1341 2748 1398 sollicitudinis
2787 1343 3281 1402 Gemblacensibus
3322 1363 3612 1404 remanse-

1987 1443 2090 1490 rat.
2120 1434 2302 1490 Meror
2347 1441 2464 1489 erat
2493 1435 2562 1489 de
2605 1434 2739 1489 tanti
2772 1437 3006 1507 pastoris
3057 1437 3380 1506 amissione,
3406 1440 3615 1497 sollici-

1997 1617 2248 1689 dispersa
2273 1632 2384 1672 non
2411 1626 2796 1693 congregaret.
2823 1618 2930 1673 Sed
2961 1619 3398 1676 misericorditer
3416 1637 3616 1679 conso-

1992 1708 2135 1763 latus
2183 1717 2266 1764 est
2295 1724 2392 1764 eos
2423 1709 2567 1763 Deus
2597 1716 2754 1780 pater
2783 1709 3313 1780 misericordiarum,
3356 1711 3494 1768 daus
3531 1715 3614 1770 eis

1991 1815 2056 1854 ex
2085 1797 2282 1854 eodem
2317 1797 2551 1852 cenobio
2578 1797 2837 1853 abbatem
2866 1799 3092 1855 nomine
3131 1801 3482 1858 'l‘ietmarum.
3520 1803 3615 1860 llic

1992 1903 2080 1958 per
2137 1886 2323 1942 omnia
2361 1902 2604 1958 sequens
2677 1887 2911 1963 vestigia
2987 1889 3416 1960 praedecessoris
3501 1892 3610 1958 sui,

1991 1978 2214 2034 adauxit
2243 1977 2427 2050 potius
2453 1993 2616 2050 quam
2638 1978 2841 2034 minuit
2870 1979 3231 2036 substantiam
3263 1982 3611 2039 monasterii.

1991 2067 2091 2133 Qui
2139 2067 2270 2121 dum
2319 2065 2662 2138 temporibus
2717 2067 2945 2123 antefati
2987 2069 3204 2125 abbatis
3241 2078 3430 2127 custos
3466 2077 3613 2128 esset

1987 2159 2272 2228 aecclesiae,
2330 2159 2623 2215 ambouem
2667 2161 2946 2235 evangelii
3002 2169 3058 2216 et
3116 2160 3380 2218 feretrum
3433 2164 3609 2219 sancti

1991 2248 2247 2320 Exuperii
2286 2263 2420 2304 auro
2451 2255 2506 2303 ct
2545 2255 2775 2320 argento
2803 2249 3042 2317 vestivit,
3074 2258 3128 2305 et
3156 2265 3326 2322 Opere
3367 2250 3610 2326 anaglifo

1989 2337 2290 2393 decoravit.
2337 2337 2470 2394 Huic
2507 2337 2736 2410 gloriam
2781 2338 2972 2392 mundi
3012 2337 3240 2413 fugienti
3278 2347 3333 2394 et
3359 2355 3608 2410 pauper-

1994 2438 2158 2486 tatem
2206 2430 2404 2486 Christi
2442 2431 2498 2485 in
2554 2429 2818 2486 omnibus
2850 2431 3129 2503 sequenti,
3163 2431 3431 2502 praedium
3465 2431 3608 2488 Huc-

1991 2527 2133 2582 berti
2180 2527 2387 2589 clerici.
2417 2527 2513 2599 qui
2545 2533 2796 2598 apostata
2827 2526 3007 2582 dictus
3054 2525 3254 2594 fuerat,
3305 2537 3610 2584 conventus

1991 2617 2218 2672 fratrum
2240 2617 2698 2672 indominicatum
2729 2615 2900 2672 dedit.
2939 2617 3060 2688 ipse
3091 2615 3350 2672 fratribus
3373 2616 3610 2674 fraterna

1990 2715 2046 2764 et
2076 2718 2304 2780 paterna
2338 2709 2723 2764 vicissitudine
2752 2724 2820 2763 ex
2853 2707 3126 2763 reditibus
3155 2709 3277 2778 ejus
3318 2709 3510 2780 praedii
3538 2711 3608 2766 50

1987 2798 2198 2854 solidos
2259 2799 2572 2866 redonavit,
2612 2814 2679 2853 ea
2733 2796 3055 2853 conditione
3095 2804 3154 2852 ut
3207 2813 3238 2852 a
3280 2813 3339 2852 se
3383 2813 3610 2853 succes-

1988 2890 2210 2946 soribus
2252 2891 2368 2945 suis
2419 2891 2705 2946 annuatim
2749 2890 2817 2945 ad
2868 2905 3001 2945 usus
3060 2888 3284 2944 fratrum
3340 2889 3396 2944 iu
3453 2889 3607 2946 festis

258 2976 522 3031 librarum
590 2975 818 3030 duarum
847 2993 860 3041 ς
911 2974 1191 3046 legumen,
1242 2975 1512 3046 Ρίεοτιιιη,
1563 2989 1660 3030 seu
1721 2973 1878 3028 faba.
1913 3021 1961 3090 Ο
1987 2983 2283 3056 praacipnis
2309 2983 2418 3040 duo
2440 2983 2960 3040 solididarentnrin
2989 2981 3327 3053 emptionem
3351 2981 3605 3053 piscium.

270 3065 337 3090 AA
406 3065 741 3090 -.η-..ιέΑ-..Α-
798 3064 1026 3090 ..ΑΛ-...λε
1104 3065 1372 3090 ...ΑΗΔ-..ιζ
1477 3079 1702 3090 Λυσι-...οι
1801 3077 1859 3090 ιη.
2058 3072 2125 3090 un
2175 3075 2188 3090 Ι
2228 3081 2238 3090 .
2260 3089 2268 3090 ,
2380 3079 2418 3090 ..
2542 3089 2547 3090 ,
2679 3089 2687 3090 κ
2721 3088 2804 3090 ,,,_
2852 3071 3020 3090 1_,,,,-!
3053 3071 3069 3090 l
3093 3071 3194 3090 ξ-.-
3222 3071 3288 3090 ,J!
3326 3087 3426 3090 ,,,,--
3457 3071 3602 3090 ,_--.0

259 3065 341 3120 Ad
403 3065 743 3135 emptionem
798 3064 1029 3120 secundi
1104 3065 1421 3136 pulmenti,
1475 3079 1744 3130 ovorum,
1799 3077 1886 3116 ca-

2055 3072 2146 3128 52.
2173 3075 2278 3128 lste
2305 3079 2460 3145 pater
2491 3089 2591 3144 per
2609 3088 2808 3128 manus
2835 3071 3023 3128 domui
3053 3071 3291 3126 Lietardi
3323 3071 3605 3144 prtepositi

258 3153 363 3215 sei,
393 3168 492 3208 seu
537 3153 770 3223 piscium
811 3153 1005 3207 decem
1037 3162 1093 3207 et
1139 3163 1263 3208 octo
1321 3152 1583 3208 denarios
1622 3167 1722 3223 per
1767 3151 1886 3205 dies

1996 3163 2070 3218 sui
2123 3163 2351 3235 criptam
2409 3162 2464 3217 in
2497 3163 2712 3218 honore
2744 3169 2948 3217 sanctae
3003 3161 3100 3216 Dei
3141 3161 3430 3237 genitricis
3471 3177 3605 3218 cou-

259 3245 528 3320 siugulos.
561 3247 602 3298 A
631 3244 892 3299 Kalendis
930 3244 1182 3300 Octobris
1211 3258 1387 3316 usque
1427 3245 1495 3298 ad
1547 3244 1882 3300 dominicam

261 3335 691 3409 septuagesima;
743 3333 965 3388 tertium
1022 3334 1364 3405 pulmentum
1417 3334 1712 3390 herbarum
1758 3336 1883 3390 hor-

263 3431 533 3498 tensium,
581 3431 756 3498 justas
806 3429 942 3483 duas
1002 3429 1230 3484 cervice:
1292 3429 1504 3496 diatim,
1575 3445 1885 3484 mensuram

262 3519 385 3576 viui
416 3534 514 3589 per
563 3518 815 3592 singulos
865 3525 1100 3589 quatuor
1144 3518 1346 3574 diebus
1383 3518 1710 3574 ebdomadis
1763 3535 1887 3574 cum

263 3611 500 3667 karitate
529 3609 775 3676 sabbati;
818 3609 1128 3681 paximotes
1167 3610 1546 3682 similagiueos
1580 3611 1632 3665 in
1675 3611 1891 3666 duode-

262 3705 371 3760 cim
404 3703 702 3774 praecipuis
752 3702 1256 3774 sollempnitatibus
1297 3703 1428 3758 anui
1475 3705 1608 3759 hora
1650 3703 1888 3776 prandii,

266 3796 554 3868 placentas
583 3801 638 3850 et
682 3793 898 3850 oblatas
957 3811 1084 3850 cum
1145 3795 1269 3849 aliis
1300 3795 1548 3851 bellariis
1587 3795 1653 3850 ad
1697 3812 1890 3851 cenam

268 3887 676 3942 ammiuistrare
707 3887 990 3959 praecepit.
1043 3887 1172 3942 Cras
1221 3887 1472 3944 forsitam
1513 3888 1663 3944 dicet
1693 3888 1892 3960 aliquis

275 3980 591 4053 qualitatem
651 3980 1010 4052 perpendens
1068 3981 1358 4051 praesentis
1407 3980 1710 4052 temporis:
1766 3981 1894 4035 Fal-

272 4086 392 4126 sum
421 4075 518 4137 est,
551 4070 696 4140 quod
724 4071 808 4125 hic
848 4071 1075 4138 legitur;
1119 4087 1398 4141 nunquam
1435 4071 1539 4126 tali
1592 4071 1766 4125 seculo
1808 4073 1894 4125 usi

275 4172 403 4220 sunt
456 4165 707 4219 monachi
753 4165 904 4219 illius
957 4167 1227 4234 temporis.
1287 4165 1398 4220 Scit
1453 4165 1618 4232 Deus,
1660 4164 1753 4236 qui
1810 4171 1894 4218 est

275 4274 490 4313 summa
536 4259 757 4325 veritas,
799 4259 931 4331 quia
965 4260 1115 4331 quod
1175 4259 1286 4316 vidi
1337 4260 1552 4332 scripsi;
1609 4268 1662 4316 et
1709 4261 1890 4316 adhuc

274 4355 573 4419 supersunt
604 4355 774 4403 testes
813 4349 1000 4404 idonei
1029 4349 1120 4404 76°.

347 4436 436 4490 49.
468 4436 691 4492 Addidit
716 4437 1000 4492 annuatim
1041 4437 1306 4493 mcclesiae
1344 4438 1558 4493 custodi
1583 4437 1650 4492 90
1687 4437 1897 4492 solidos

279 4540 628 4581 nummorum
663 4526 1142 4596 etcoemptionem
1173 4526 1309 4592 vini,
1343 4543 1406 4580 ex
1430 4541 1538 4597 quo
1569 4526 1636 4561 ⁷⁶¹
1667 4525 1896 4581 cotidia-

279 4632 412 4671 num
445 4617 628 4672 missae
654 4615 984 4672 sacrificium
1013 4623 1231 4686 oportet
1269 4617 1559 4672 celebrari.
1609 4617 1685 4671 Ad
1735 4616 1898 4671 anni-

280 4707 581 4764 versariam
621 4709 766 4764 diem
810 4725 922 4764 suae
962 4708 1327 4779 depositionis
1367 4709 1649 4764 constituit
1686 4725 1894 4763 annua-

281 4801 380 4855 tim
433 4801 548 4854 dari
607 4801 866 4856 fratribus
920 4801 952 4856 8
1019 4801 1320 4856 solidorum
1373 4801 1683 4867 karitatem,
1725 4799 1897 4873 gratia

277 4893 385 4966 pia:
441 4893 861 4948 recordationis.
896 4893 956 4947 lu
1010 4893 1276 4949 memoria
1305 4901 1510 4948 aeterna
1562 4892 1666 4948 erit
1715 4892 1896 4948 bonus

278 4985 652 5055 dispensator,
701 4985 768 5039 ab
809 4984 1099 5041 auditione
1156 4985 1300 5039 mala
1347 5000 1458 5040 non
1499 4984 1732 5048 timebit,
1767 4985 1895 5057 quia

280 5089 413 5145 spes
450 5074 570 5142 ejus
599 5089 822 5144 semper
853 5073 908 5126 in
936 5073 1168 5128 Domino
1199 5073 1320 5128 fuit.

352 5160 441 5217 50.
470 5162 668 5218 Ultima
695 5169 839 5218 etate
855 5161 1124 5236 egrotavit
1151 5162 1341 5218 dolore
1369 5163 1570 5233 pedum
1598 5164 1900 5219 vehemen-

280 5255 518 5323 tissime,
574 5256 672 5310 sed
740 5271 844 5310 nec
895 5256 952 5309 in
1007 5254 1123 5326 ipsa
1185 5255 1502 5312 infirmitate
1573 5259 1901 5334 neglegebat

1986 3251 2204 3318 struxit,
2257 3257 2312 3304 et
2351 3250 2654 3306 cancellum
2685 3249 2874 3304 altaris
2909 3250 3086 3305 sancti
3127 3250 3274 3306 Petri
3303 3266 3369 3306 ex
3406 3250 3602 3305 humili

1989 3351 2044 3399 et
2092 3358 2258 3414 parvo
2318 3342 2373 3396 in
2428 3341 2603 3396 forma
2649 3357 2757 3413 qua
2787 3357 2936 3396 nunc
2966 3341 3211 3396 cernitur
3243 3341 3606 3409 reformavit;

1989 3433 2358 3499 infirmorum,
2383 3432 2680 3498 infantum,
2723 3432 2996 3502 hospitum
3027 3448 3445 3504 pauperumque
3464 3449 3613 3488 sem-

1989 3541 2090 3596 per
2117 3540 2304 3580 curam
2347 3522 2779 3594 praecordialiter
2829 3521 3053 3580 habuit:
3096 3523 3448 3594 praebendam
3497 3523 3610 3580 fra-

1991 3626 2134 3672 trum
2166 3615 2211 3670 si
2254 3630 2362 3670 non
2392 3614 2633 3680 adauxit,
2668 3613 2722 3667 in
2763 3613 2914 3668 nullo
2957 3613 3236 3682 diminuit,
3267 3615 3364 3670 sed
3395 3615 3609 3684 vinum,

1991 3709 2194 3780 pisces,
2238 3706 2474 3761 similam
2517 3704 2862 3777 temporibus
2901 3703 3118 3760 statutis
3169 3707 3320 3786 omni
3361 3713 3612 3779 tempore

1991 3801 2118 3855 vitae
2145 3815 2258 3854 suae
2299 3797 2510 3870 absque
2567 3797 2678 3852 ulla
2708 3797 3097 3854 retractatione
3147 3799 3608 3855 subministravit.

2063 3889 2152 3946 53.
2187 3889 2394 3944 Frauco
2431 3887 2593 3944 miles
2641 3903 2815 3958 nepos
2861 3887 2984 3958 ejus
3021 3887 3358 3962 cognomine
3390 3889 3613 3966 Longus

1994 3979 2062 4034 de
2110 3979 2240 4034 villa
2265 3978 2412 4032 Lirul
2455 3977 2600 4033 dicta
2632 3977 2797 4037 ﬁliam
2842 3977 3012 4034 villici
3045 3977 3338 4034 Alberonis
3378 3978 3434 4033 in
3473 3993 3612 4034 con-

1989 4071 2202 4144 jugium
2243 4069 2457 4138 accepit
2478 4077 2532 4124 et
2569 4067 2639 4122 ab
2659 4069 2884 4136 abbate,
2917 4075 3112 4141 utpote
3154 4085 3186 4124 a
3229 4078 3458 4140 parente
3485 4085 3611 4137 suo,

1997 4160 2318 4217 molendino
2358 4159 2414 4214 in
2461 4159 2768 4230 municipio
2823 4159 2985 4214 Eneis
3039 4160 3150 4216 sito
3187 4159 3312 4228 jure
3351 4159 3610 4217 beneficii

1993 4257 2332 4316 muneratur,
2383 4249 2486 4304 hac
2514 4249 2753 4316 ratione,
2792 4254 2854 4303 ut
2891 4247 3154 4318 quamdiu
3207 4247 3327 4318 ipse
3355 4255 3410 4303 et
3449 4249 3612 4304 heres

1917 4369 1977 4437 D
1999 4341 2118 4411 ejus
2145 4340 2417 4407 viverent,
2450 4339 2556 4395 hoc
2583 4338 2916 4402 fruerentur,
2956 4345 3011 4392 et
3039 4338 3084 4392 si
3115 4337 3224 4392 vita
3253 4337 3612 4410 decederent,

1999 4432 2337 4489 monasterio
2368 4431 2764 4486 restitueretur.
2814 4428 2958 4483 Infra
2996 4428 3442 4500 quinquennium
3474 4445 3608 4502 ergo

1999 4527 2163 4582 tribui
2193 4524 2383 4580 liberis
2418 4540 2482 4577 ex
2511 4524 2592 4578 eis
2640 4522 2958 4594 procreatis,
3005 4521 3219 4575 France
3248 4521 3394 4592 apud
3435 4521 3612 4578 Distre

2000 4619 2054 4674 in
2087 4618 2232 4673 bello
2272 4615 2576 4688 perimitur,
2613 4621 2668 4668 et
2722 4613 2790 4666 ab
2841 4610 3035 4666 amicis
3065 4612 3288 4680 relatus,
3348 4612 3402 4666 in
3433 4613 3611 4684 cymi-

1999 4708 2136 4763 terio
2168 4702 2604 4760 Gemmelaceusi
2646 4717 2770 4756 cum
2820 4701 3004 4755 multis
3031 4700 3274 4756 lacrimis
3321 4701 3607 4773 sepelitur.

1997 4801 2117 4856 Filii
2152 4799 2317 4854 etiam
2376 4797 2519 4865 ejus,
2563 4804 2691 4849 ante
2739 4799 2972 4848 mortem
3021 4793 3091 4828 ⁷⁸³
3145 4794 3316 4865 patris
3362 4802 3418 4850 et
3467 4801 3606 4865 post,

1999 4888 2276 4943 hominem
2327 4891 2534 4940 exuunt
2601 4881 2690 4936 His
2721 4881 2798 4935 ita
2827 4880 3247 4950 decedentibus,
3275 4882 3446 4937 abbas
3485 4898 3609 4954 qua:

1999 4977 2230 5031 dederat
2285 4972 2504 5044 repetit,
2551 4980 2634 5024 set
2685 4968 2846 5025 aliter
2895 4986 3059 5041 quam
3109 4971 3368 5041 sperabat
3405 4969 3607 5024 evenit.

2001 5067 2332 5124 Reinfredus
2383 5063 2531 5120 enim
2564 5062 2723 5118 miles
2768 5061 3043 5118 Maﬁensis
3080 5061 3316 5118 conubio
3373 5061 3614 5117 sociatus

2001 5161 2204 5217 relicta:
2247 5155 2562 5224 Francouis,
2614 5155 2801 5212 omnia
2843 5171 2968 5227 qua:
3008 5155 3128 5224 ejus
3177 5153 3416 5219 fuerant,
3447 5152 3614 5207 anui-

2000 5260 2149 5308 tente
2181 5259 2236 5306 et
2277 5249 2570 5316 adjuvante
2619 5245 2898 5301 Alberone
2927 5243 3132 5310 villico,
3167 5242 3291 5312 jure
3339 5239 3615 5314 conjugali

1635 5386 1853 5441 VARle
1883 5381 2256 5440 LECTIONES.

353 5485 422 5520 ῖ⁶⁰
449 5486 571 5541 Alio
595 5491 826 5557 tempore
846 5487 1024 5542 eadem
1051 5503 1242 5543 manus
1271 5492 1450 5558 pergit
1527 5489 1591 5522 τω
1617 5505 1683 5543 ex
1715 5505 1824 5559 quo
1849 5506 1876 5543 ο
1901 5504 2040 5544 corr.
2127 5485 2196 5519 ⁷⁸³
2220 5481 2561 5551 sequebatur
2602 5479 2778 5548 primo
2796 5476 2918 5544 ejus
2948 5488 3072 5530 mox
3093 5487 3326 5528 erasum.

359 5656 502 5724 (896)
539 5657 578 5712 l.
605 5672 654 5710 c.
680 5619 882 5710 oleum.

1855 5585 2060 5641 NOTIE.
