3934 6054
272 107 371 166 631

1488 102 1832 162 SlGEBERTl
1884 100 2395 163 GEMBLACENSIS.

3505 100 3635 157 δεῖ
3648 138 3651 141 ,

274 248 528 314 occupat.
561 240 745 296 Abbas
772 248 827 296 et
853 243 1109 311 parentes
1139 238 1436 295 Franconis
1473 253 1643 309 super
1688 237 1805 293 haec
1833 251 1891 291 re
1914 239 1971 309 Α
1997 240 2332 291 conventum
2360 248 2451 290 res
2479 231 2745 301 defertur,
2775 229 3044 288 instinctu
3094 228 3364 300 majorum
3412 227 3633 286 Albero

275 330 566 404 indignati,
594 327 950 384 Reinfredum
972 328 1370 403 aggrediuntur
1399 328 1456 382 in
1487 326 1687 398 placito
1717 341 1884 397 gene-

275 421 405 485 rali;
438 425 703 487 setsocer
731 417 931 473 Albero
971 434 1234 493 generum
1268 434 1366 490 per
1395 417 1579 473 omnia
1610 414 1879 471 defendit.

280 510 400 563 Haec
429 522 517 562 res
564 503 657 560 diu
698 512 972 576 protracta
1002 507 1069 561 ad
1118 506 1455 562 audientiam
1488 505 1739 577 pervenit
1762 505 1883 577 epi—

276 600 431 671 scopi
465 599 706 654 Henrici.
766 598 925 654 Pater
971 599 1250 655 Reinfredi
1300 608 1435 654 tunc
1490 582 1892 654 forte'villicus

278 701 398 748 erat
429 691 704 763 episc0pi,
739 691 927 762 Itaque
961 690 1030 725 ⁷⁸³
1061 690 1355 762 episcopus
1385 687 1668 743 blanditiis
1695 687 1896 742 delini-

278 791 366 839 tus
414 787 469 835 et
498 779 824 835 muneribus
872 786 1183 847 excecatus,
1228 778 1502 834 consentit
1548 785 1795 850 peccato,
1847 778 1901 833 et

280 873 565 945 injustitiae
597 875 722 946 lege
754 872 996 939 decreta,
1030 872 1356 928 Reinfredus
1384 872 1561 929 victor
1591 872 1771 927 extitit
1801 887 1900 942 per

279 970 483 1028 omnia.
543 969 632 1024 Sic
677 967 1060 1024 molendinum
1111 965 1312 1038 injuste
1367 967 1550 1021 abbati
1601 966 1892 1034 aufertur;

280 1060 359 1115 sic
414 1059 647 1113 heredes
677 1057 910 1129 proximi
940 1057 1281 1125 exheredati,
1322 1058 1502 1112 adhuc
1544 1057 1712 1111 nimie
1752 1072 1892 1112 con-

281 1155 609 1221 queruntur.
643 1150 841 1205 Albero
883 1165 980 1221 pro
1039 1149 1141 1204 hac
1195 1147 1520 1204 infidelitate
1560 1148 1895 1204 villicatione

1988 345 2114 388 cum
2154 327 2269 383 suis
2300 327 2557 382 omnibus
2596 325 2918 397 despicitur,
2945 331 3167 396 pactum
3218 323 3631 390 contemnitur,

1985 430 2041 480 et
2089 428 2149 477 ut
2193 435 2291 492 pro
2340 418 2817 476 excommunicato
2884 417 3156 474 habeatur
3222 417 3290 472 ab
3357 417 3635 474 omnibus

1993 511 2385 569 conclamatur.
2445 507 2777 578 Prtepositus
2805 506 2862 562 in
2920 505 3195 562 sententia
3224 520 3323 561 sua
3361 520 3634 577 perseve-

1995 612 2100 672 rat,
2154 618 2276 675 qure
2306 600 2492 656 oblata
2521 599 2738 655 fuerant
2774 598 2948 655 invito
2978 597 3182 654 abbate
3204 604 3261 653 et
3288 597 3478 652 invitis
3507 597 3634 652 fra-

2005 696 2182 753 tribus
2207 692 2458 764 suscipit,
2501 691 2691 764 sicque
2717 691 2785 746 ab
2805 690 3093 763 utriusque
3118 687 3369 761 partibus
3396 689 3630 744 disces—

2002 803 2123 842 sum
2151 793 2254 840 est.
2294 780 2634 838 Beinbaldus
2662 779 2845 852 itaque
2887 794 3010 834 cum
3048 793 3243 834 socero
3274 793 3375 834 suo
3411 778 3637 833 Beren-

1998 878 2152 954 gario
2176 876 2231 931 in
2253 873 2557 930 hereditate
2588 871 2730 927 male
2762 871 3037 944 adquisita
3062 870 3333 937 succedit,
3375 870 3478 926 sed
3503 870 3631 925 Deo

1997 972 2079 1028 sic
2149 969 2369 1025 volente
2415 980 2606 1022 aversa
2661 963 2792 1020 satis
2860 963 3083 1019 fortuna
3158 962 3399 1037 graviter
3452 960 3663 1025 ambo,

1998 1064 2329 1125 atteruntur,
2363 1057 2501 1112 adeo
2522 1063 2582 1112 ut
2602 1056 2693 1112 die
2725 1055 2960 1129 quadam
2993 1055 3124 1111 dum
3151 1055 3317 1129 juges
3345 1053 3414 1108 ab
3445 1069 3630 1126 opere

1998 1149 2113 1223 agri
2144 1148 2474 1207 relaxantur.
2508 1144 2564 1199 in
2588 1145 2787 1216 palude
2807 1144 3012 1215 praedio
3048 1143 3311 1216 contigua
3338 1158 3631 1199 necaren-
3663 1174 3669 1178 -

284 1240 544 1312 privatus,
597 1245 682 1293 set
728 1254 829 1310 pro
860 1239 1125 1309 injustitia
1167 1256 1199 1294 a
1252 1242 1359 1296 Deo
1393 1256 1503 1296 non
1549 1241 1793 1313 punitus,
1837 1242 1893 1295 in
1992 1249 2097 1297 tur.
2129 1238 2327 1294 Albero
2372 1236 2561 1291 divina
2586 1236 3071 1292 animadversione
3107 1236 3311 1292 damno
3349 1235 3633 1291 domesti-

283 1329 654 1385 ecclesiastica
683 1329 857 1383 inhiat
904 1337 1027 1401 post
1059 1330 1173 1398 jam
1205 1330 1335 1385 dicti
1369 1330 1495 1386 facti
1534 1332 1890 1386 decennium.

283 1422 559 1476 Allodium
593 1422 740 1476 enim
792 1422 906 1476 Ruz
936 1422 1164 1490 dictum,
1215 1423 1365 1494 quod
1403 1423 1592 1478 Petrus
1632 1424 1896 1479 Calvellus

1994 1351 2180 1393 carum
2212 1350 2394 1389 rerum
2423 1331 2706 1406 afﬂigitur,
2739 1330 2993 1406 conjugis
3029 1331 3217 1398 etiam,
3246 1330 3374 1386 ﬁdae
3404 1330 3542 1386 satis
3568 1338 3634 1387 et

1996 1429 2159 1479 castae
2198 1420 2469 1488 mulieris,
2501 1419 2867 1475 contubernio
2895 1420 3168 1490 privatur;
3193 1419 3313 1490 ipse
3341 1417 3411 1473 ad
3435 1424 3628 1474 extre-

286 1517 477 1567 sancto
493 1511 653 1566 Petro
667 1510 1126 1566 coramindoneis
1148 1512 1382 1566 testibus
1405 1513 1723 1580 tradiderat,
1748 1515 1896 1568 mala
1929 1574 1966 1581 __
1996 1531 2148 1570 mum
2173 1512 2361 1567 multis
2392 1511 2815 1566 necessitatibus
2841 1511 3090 1581 corporis
3134 1510 3410 1577 astrictus,
3441 1516 3629 1566 morte

286 1605 441 1654 actus
469 1600 791 1670 cupiditate,
819 1598 924 1653 sibi
964 1599 1205 1654 rediberi
1234 1608 1409 1673 rogat,
1443 1600 1636 1656 dicens
1676 1618 1733 1657 se
1761 1609 1897 1657 tem-
1926 1574 1974 1640 Β
2000 1608 2207 1664 ﬁnitur.
2247 1607 2631 1661 Perversorum
2658 1604 2949 1659 hominum
2982 1620 3132 1659 nunc
3152 1603 3370 1659 interim
3395 1609 3629 1674 postpo-

286 1705 421 1760 pore
474 1689 787 1744 traditionis
842 1704 875 1742 a
932 1688 1092 1745 Petro
1146 1689 1564 1744 denominatum
1638 1692 1898 1746 heredem

2023 1710 2164 1758 tatur
2184 1701 2416 1767 mentio,
2442 1700 2779 1768 etjustorurr.
2797 1698 3139 1755 describatur
3154 1698 3275 1754 laus
3295 1707 3350 1753 et
3374 1697 3628 1755 devotio.

289 1783 628 1853 adoptivum.
669 1782 851 1837 Abbas
891 1789 945 1837 et
1008 1782 1336 1854 praepositus
1394 1785 1521 1855 plus
1567 1801 1728 1857 quam
1791 1785 1899 1840 dici

290 1883 472 1948 potest
518 1875 772 1940 admirati
801 1892 969 1947 super
1008 1876 1131 1943 hoc,
1193 1883 1388 1952 rogant
1420 1882 1475 1932 et
1526 1885 1820 1949 precantur
1848 1884 1907 1933 ut

293 1970 525 2026 desistat
553 1970 621 2024 ab
656 1970 895 2040 incepto.
932 1970 1027 2024 Ille
1057 1971 1111 2024 in
1145 1970 1353 2025 malitia
1393 1987 1775 2042 perseverans,
1809 1989 1908 2043 per

292 2078 556 2137 generum
582 2062 959 2130 Reinfredum,
987 2064 1082 2135 qui
1113 2071 1242 2119 tunc
1271 2064 1486 2120 villicus
1516 2072 1631 2120 erat
1660 2066 1906 2137 episcOpi

297 2156 561 2227 episcopo
603 2162 987 2226 praesentatur,
1040 2172 1261 2211 causam
1288 2172 1442 2210 suam
1505 2162 1559 2211 et
1587 2157 1761 2211 multa
1792 2157 1906 2213 veri

297 2245 499 2302 similia
528 2245 777 2316 epiSCOpi
808 2245 1013 2318 ingerit
1050 2245 1298 2300 auribus.
1350 2244 1651 2317 Episcopus
1687 2262 1798 2300 rem
1840 2247 1909 2301 ad

298 2338 587 2394 consilium
621 2336 796 2393 defert
829 2355 843 2403 ;
903 2336 1135 2393 consilio
1176 2337 1311 2392 inito
1342 2337 1449 2392 hoc
1483 2337 1764 2392 decretum
1806 2345 1909 2406 est,

298 2435 359 2483 ut
398 2428 444 2481 si
500 2426 701 2481 Albero
769 2441 891 2497 quae
948 2427 1172 2497 petebat
1212 2426 1574 2495 jurejurando
1612 2441 1742 2482 vera
1788 2443 1912 2481 esse

297 2517 560 2583 firmaret,
589 2516 736 2587 quod
759 2515 1026 2586 querebat
1051 2516 1348 2587 acciperet,
1377 2516 1728 2591 sigillumque
1750 2532 1909 2570 suum

298 2628 421 2667 cum
454 2608 687 2680 epistola
714 2607 897 2662 abbati
936 2608 1120 2680 dirigit
1148 2610 1616 2679 praesentandum.
1649 2610 1833 2663 Abbas
1853 2616 1912 2664 ut

297 2703 760 2781 legitepistolam,
795 2702 1026 2759 frontem
1061 2719 1262 2777 rugans
1289 2710 1343 2758 et
1374 2710 1566 2775 pectus
1597 2706 1909 2776 percutiens

214 2846 223 2849 ,
295 2797 590 2869 praeposito
635 2795 927 2871 legendam
969 2796 1209 2850 tradidit.
1256 2795 1587 2866 Praepositus
1644 2804 1702 2852 ut
1754 2798 1907 2872 legit,

295 2886 444 2941 diem
474 2886 661 2957 placiti
693 2884 898 2940 statuit.
944 2883 1038 2939 Die
1071 2885 1236 2952 dicta,
1278 2886 1448 2940 abbas
1497 2886 1765 2942 interesse
1798 2904 1907 2942 non

294 3070 450 3138 jussu
506 3067 777 3122 adunatur
843 3066 1051 3122 contio.
1113 3066 1241 3121 Cum
1307 3068 1423 3122 suis
1479 3068 1710 3123 testibus
1759 3069 1915 3123 adest

299 3157 523 3223 Albero,
555 3157 703 3229 quod
733 3156 998 3228 querebat
1025 3156 1145 3211 sine
1168 3157 1431 3212 dilatione
1455 3156 1593 3213 falso
1624 3156 1915 3213 confirmat

301 3256 666 3303 sacramento.
716 3247 854 3301 Vera
884 3263 1011 3302 esse
1054 3261 1176 3317 qua;
1201 3246 1500 3315 juraveral,
1560 3255 1726 3301 testes
1777 3262 1912 3318 pro-

303 3346 609 3413 sequuntur
630 3355 758 3394 vero
788 3339 1034 3411 perjurio
1073 3339 1261 3410 sicque
1315 3339 1394 3393 rei
1423 3339 1826 3395 aecclesiasticae
1858 3338 1918 3394 fit

302 3431 628 3487 maledictus
658 3437 712 3486 et
736 3431 972 3501 injustus
995 3444 1275 3500 pervasor.

373 3523 462 3579 54.
485 3522 784 3578 Dicendum
819 3522 1029 3593 paucis,
1063 3536 1185 3592 quae
1204 3535 1300 3576 eos
1330 3519 1626 3575 subsecuta
1653 3530 1736 3575 est
1762 3519 1915 3575 ultio.

301 3617 455 3672 Justo
474 3617 567 3671 Dei
594 3614 897 3685 judicioob
929 3613 1230 3685 perjurium
1261 3613 1492 3669 diversis
1520 3612 1698 3667 modis
1724 3627 1920 3667 omnes

303 3710 643 3785 afﬂiguntur,
677 3716 731 3763 ct
774 3708 841 3762 ad
880 3706 1136 3761 ultimum
1170 3704 1386 3759 diutino
1427 3706 1690 3778 languore
1727 3722 1918 3761 excru-

305 3805 455 3870 ciati,
513 3801 623 3857 vita
661 3800 959 3856 decedunt.
1004 3798 1202 3852 Albero
1233 3813 1402 3868 super
1432 3797 1487 3851 id
1534 3798 1684 3869 quod
1721 3798 1923 3854 fecerat

304 3908 429 3947 sero
473 3889 720 3962 penisus,
783 3887 1028 3942 decrevit
1066 3887 1215 3956 quod
1262 3893 1575 3956 pervaserat
1618 3887 1919 3943 Reinbaldo

306 3979 420 4034 filio
476 3993 576 4032 suo
632 3976 762 4031 dare
812 3975 913 4029 sub
973 3974 1252 4029 taxatione
1298 3974 1464 4029 annui
1532 3991 1750 4031 census.
1810 3977 1920 4033 Hoc

307 4081 465 4146 pacto
499 4072 732 4138 firmato,
770 4070 962 4125 leudes
1000 4070 1281 4142 praepositi
1314 4069 1549 4125 Lietardi
1579 4071 1918 4143 Stephanum

306 4170 517 4227 scilicet
547 4168 878 4224 monachum
928 4173 984 4222 et
1040 4166 1370 4222 Everardum
1430 4167 1693 4238 pistorem
1751 4185 1918 4241 expe-

305 4267 446 4327 tunt,
487 4275 610 4332 quae
642 4264 1007 4314 tractaverant
1033 4257 1288 4320 edocent,
1340 4265 1398 4312 ut
1431 4257 1650 4313 duobus
1684 4257 1751 4293 ⁷⁸⁸
1773 4275 1917 4313 mar-

1939 4303 1996 4372 D

2074 1793 2165 1847 5-5.
2198 1789 2505 1845 Adelardus
2535 1788 2782 1843 fratuelis
2807 1789 2917 1860 jam
2951 1788 3083 1844 dicti
3111 1787 3327 1843 abbatis
3354 1803 3419 1843 ex
3449 1786 3632 1843 milite

2008 1884 2064 1938 in
2117 1883 2447 1939 monachum
2486 1888 2759 1947 attonsus,
2797 1887 3004 1950 partem
3044 1880 3231 1936 allodii
3263 1879 3371 1935 sibi
3398 1894 3635 1950 compe-

2008 1973 2193 2042 tentis,
2227 1979 2508 2028 annuente
2535 1977 2707 2025 matre
2748 1977 2803 2024 et
2838 1970 3053 2038 vitrico,
3084 1985 3185 2041 per
3226 1984 3424 2023 manus
3453 1984 3635 2024 avun—

2008 2066 2116 2122 culi
2149 2065 2233 2119 sui
2274 2063 2491 2119 abbatis
2522 2071 2577 2118 et
2607 2060 2858 2118 advocati
2900 2061 3152 2117 Balduini
3185 2060 3410 2117 tradidit
3434 2065 3633 2115 sancto

2009 2157 2188 2212 Petro.
2219 2153 2485 2208 Sacerdos
2524 2151 2819 2226 religiosus
2871 2150 2940 2185 7G5
2984 2150 3249 2206 Beroldus
3296 2148 3523 2206 nomine
3562 2162 3634 2203 ea

2009 2256 2338 2322 tempestate
2403 2248 2643 2304 sociatus
2699 2253 2783 2302 est
2844 2246 3170 2302 fraternitati
3242 2252 3462 2301 nostra.
3524 2241 3630 2308 Qui

2013 2351 2218 2417 quanta
2241 2342 2389 2397 bona
2421 2341 2549 2397 huic
2580 2348 2781 2397 nostrae
2806 2339 3000 2397 fecerit
3028 2340 3318 2408 aacclesiw,
3359 2346 3636 2397 testantur

2014 2436 2134 2504 ejus
2189 2451 2377 2507 Opera.
2452 2433 2645 2489 Hilaris
2698 2434 2854 2489 dator
2927 2439 2983 2488 et
3036 2433 3094 2487 in
3158 2435 3633 2505 oportunitatibus

2013 2534 2304 2597 promptus
2325 2524 2425 2580 fuit
2445 2524 2682 2593 adjutor.

2083 2617 2171 2670 56.
2221 2616 2392 2685 Hujus
2431 2615 2594 2671 etiam
2648 2612 2861 2668 abbatis
2914 2617 3162 2685 tempore
3217 2613 3511 2671 defunctus
3548 2622 3636 2671 est

2012 2706 2283 2762 Guarinus
2314 2706 2641 2772 monachus,
2673 2704 2755 2758 vir
2780 2703 3027 2759 omnium
3056 2703 3328 2759 bonorum
3367 2706 3640 2762 memoria

2012 2799 2235 2872 dignus,
2253 2798 2346 2869 qui
2371 2812 2471 2867 per
2489 2796 2693 2851 multos
2715 2796 2954 2851 annosin
2980 2794 3360 2852 Gemblacensi
3375 2797 3638 2854 emnobio

1962 2943 1983 2965 Ἰ
2012 2888 2230 2943 functus
2270 2887 2546 2958 prioratus
2576 2885 2759 2941 officio
2791 2885 3051 2940 omnibus
3092 2886 3181 2956 pie
3218 2886 3538 2942 viventibus
3577 2888 3635 2943 in

297 2979 413 3034 vult
436 2946 660 3049 placito,
694 2994 807 3031 rem
849 2992 1069 3033 omnem
1102 2978 1398 3034 committit
1442 2981 1758 3050 praeposito,
1792 2980 1911 3049 ejus
1938 2946 1986 3010 θ

2017 2978 2231 3033 Christo
2280 2976 2540 3049 proderat
2592 2975 2765 3030 verbo
2832 2984 2887 3030 et
2943 2976 3219 3047 exemplo.
3281 2976 3378 3033 Hic
3429 2977 3637 3034 Olberti

2016 3069 2230 3125 abbatis
2278 3067 2730 3142 consanguineus
2770 3075 2824 3122 et
2875 3067 3180 3139 discipulus
3227 3066 3352 3135 fuit,
3403 3070 3637 3141 ejusque

2016 3160 2180 3216 vitam
2210 3164 2264 3212 et
2290 3172 2474 3213 mores
2532 3157 2795 3226 imitatus,
2828 3158 2898 3213 ad
2948 3160 3053 3215 hoc
3105 3159 3435 3230 profecerat,
3467 3169 3527 3216 ut
3565 3163 3635 3218 ab

2018 3252 2107 3306 his
2138 3248 2344 3306 finibus
2383 3259 2498 3307 erat
2528 3260 2713 3320 notus,
2745 3269 2937 3308 aurum
2992 3252 3063 3289 ⁷⁸⁸
3098 3255 3272 3310 multo
3310 3256 3634 3312 meritorum

2020 3342 2148 3415 igne
2182 3346 2472 3414 purgatum
2497 3348 2551 3396 et
2575 3356 2667 3396 vas
2700 3341 2898 3397 honori
2928 3342 3024 3397 Dei
3061 3350 3249 3413 aptum
3280 3346 3639 3418 cognomina-

2020 3440 2185 3489 retur.
2220 3433 2345 3489 Erat
2374 3434 2523 3488 enim
2555 3433 2797 3492 intentus
2817 3436 3071 3507 jejuniis,
3111 3437 3317 3510 vigiliis
3338 3446 3393 3493 et
3423 3436 3633 3493 oratio—

2021 3523 2185 3578 nibus
2230 3531 2285 3578 et
2334 3523 2627 3578 cotidianis
2685 3527 2975 3581 missarum
3041 3526 3528 3583 celebrationibus.
3582 3526 3636 3582 Si

2020 3615 2241 3687 quando
2293 3621 2497 3679 tamen,
2549 3615 2695 3686 quod
2746 3632 2930 3671 rarum
2996 3624 3132 3682 erat,
3188 3632 3220 3671 a
3297 3617 3390 3672 tali
3469 3632 3634 3688 opere

2021 3707 2271 3774 vacabat,
2335 3706 2540 3761 nullam
2600 3708 2852 3779 requiem
2911 3708 3159 3764 habebat
3206 3709 3432 3781 Spiritus
3496 3711 3636 3779 ejus,

2022 3803 2157 3873 quin
2197 3802 2406 3874 aliquid
2456 3801 2750 3856 mundanae
2778 3808 2869 3856 aut
2920 3802 3120 3858 divinae
3170 3804 3535 3875 philosophiae
3580 3810 3640 3858 ut

2021 3892 2106 3945 vir
2142 3892 2392 3946 eruditus
2449 3900 2787 3963 proponeret
2824 3900 2879 3947 et
2933 3900 3234 3963 exponeret
3272 3892 3548 3950 fratribus.
3576 3895 3635 3949 ln

2020 3987 2231 4036 tantum
2259 3989 2441 4036 autem
2503 3981 2668 4036 etiam
2710 3981 2766 4035 in
2798 3982 2904 4037 hoc
2929 3980 3085 4037 affuit
3113 3983 3164 4039 ei
3223 3983 3411 4039 divina
3440 3985 3633 4059 gratia,

2019 4082 2078 4126 ut
2098 4088 2161 4125 ex
2196 4080 2325 4125 tunc
2350 4080 2404 4125 et
2426 4087 2573 4126 nunc
2604 4087 2702 4142 per
2727 4086 2854 4126 eum
2883 4078 2937 4127 et
2966 4087 3068 4143 per
3095 4088 3191 4128 eos
3222 4089 3363 4145 quos
3386 4074 3637 4129 instruxit

2019 4165 2271 4221 eruditos
2332 4152 2478 4221 viros
2537 4163 2793 4219 habuerit
2832 4172 3020 4220 nostra
3057 4165 3323 4222 aecclesia.
3385 4166 3531 4222 Obiit
3571 4168 3635 4222 15

2022 4255 2137 4310 Kal.
2186 4256 2329 4323 Maii,
2370 4264 2425 4310 et
2473 4254 2699 4309 fratrum
2732 4254 3081 4311 orationibus
3111 4256 3370 4329 luctuque
3399 4264 3454 4313 et
3484 4257 3635 4314 lacri-
3670 4324 3673 4327 _

306 4353 387 4410 cis
448 4352 661 4429 argenti
744 4350 917 4407 abbas
990 4351 1428 4423 praepositusque
1502 4352 1743 4422 acceptis
1805 4348 2127 4408 suasumis
2198 4355 2538 4420 prosecutus,
2610 4348 2754 4403 intra
2800 4349 3067 4419 templum
3153 4357 3236 4405 est
3320 4352 3630 4408 tumulatus.

308 4443 638 4501 assentirent
687 4439 1039 4507 diffinitioni;
1094 4455 1161 4496 eo
1229 4446 1388 4511 pacto
1466 4449 1526 4495 ut
1585 4441 1921 4498 Reinbaldus

311 4531 593 4607 annuatim
620 4545 720 4600 pro
753 4528 1024 4584 reditibus
1054 4528 1303 4597 ejusdem
1335 4528 1524 4584 allodii
1556 4529 1747 4585 decem
1788 4532 1925 4586 soli-

311 4623 412 4679 dos
443 4624 719 4695 persolvat
749 4622 841 4677 die
871 4621 1049 4677 sancti
1097 4621 1344 4677 Servatii.
1391 4621 1722 4693 Prmpositus
1751 4640 1780 4677 a
1811 4624 1925 4680 suis

309 4729 631 4785 persuasus,
662 4714 741 4769 rei
785 4713 897 4783 jam
930 4713 1089 4769 dicta:
1145 4713 1423 4770 consentit
1449 4715 1611 4770 otius.
1654 4714 1837 4769 Abbas
1858 4716 1925 4769 ab

310 4808 393 4863 eis
426 4806 776 4873 convenitur,
822 4814 881 4861 ut
919 4821 1206 4862 assensum
1268 4806 1510 4878 praebeat
1549 4815 1786 4881 rogatur.
1829 4808 1925 4864 llle

311 4919 538 4975 prorsus
566 4901 779 4970 abnuit,
812 4911 867 4957 et
892 4901 1065 4958 iratus
1095 4901 1163 4957 ab
1195 4917 1384 4957 eorum
1415 4918 1475 4958 se
1502 4902 1698 4958 avertit
1727 4903 1922 4959 oculis.

312 4994 594 5051 Postremo
641 4993 926 5050 nimietate
980 5009 1173 5048 eorum
1225 4992 1499 5048 obtunsus
1543 4993 1702 5062 jubet
1754 5001 1813 5049 ut
1872 4994 1931 5048 in

2025 4439 2219 4503 Quanti
2260 4445 2443 4494 autem
2476 4437 2642 4493 fuerit
2668 4438 2783 4492 suis
2827 4439 3353 4510 contemporalibus,
3392 4442 3632 4498 ostendit

2028 4529 2371 4601 epitaphium
2413 4529 2554 4599 ejus,
2595 4529 2773 4599 cujus,
2798 4544 2900 4585 nos
2944 4530 3048 4586 hoc
3077 4531 3328 4601 dysticon
3367 4535 3631 4604 apposui-

2028 4637 2172 4687 mus,
2200 4626 2260 4676 ut
2287 4619 2436 4691 quod
2460 4620 2528 4675 de
2559 4635 2626 4675 eo
2657 4619 2912 4687 diximus,
2941 4619 3012 4675 sit
3040 4621 3396 4677 credibilius:
3640 4676 3647 4683 ,

2026 4715 2249 4779 Norma,
2289 4713 2472 4779 decus,
2502 4710 2795 4780 speculum,
2826 4708 3109 4779 Guerinus,
3153 4712 3325 4768 honor
3350 4714 3632 4771 monacho-

3404 4810 3565 4881 trum,

2100 4900 2318 4965 Doctor,
2352 4897 2588 4964 Gembla,
2616 4901 2740 4953 tuus
2768 4898 2866 4953 hoc
2894 4899 3096 4954 tumulo
3124 4898 3345 4968 legitur.

2100 4993 2190 5049 57.
2222 4993 2313 5047 Vir
2342 4993 2526 5047 multa":
2554 4992 2800 5048 scientiw
2831 4993 3174 5069 Sigebertus,
3216 5000 3415 5051 nostrae
3446 4997 3631 5052 recole-

313 5090 616 5164 praasentia
672 5096 979 5146 conventus
1044 5087 1201 5143 fieret
1265 5088 1414 5159 quod
1471 5088 1780 5160 petebatur.
1851 5088 1931 5143 Ad
2029 5087 2128 5143 size
2184 5086 2507 5143 monachus.
2552 5084 2855 5157 supradicti
2885 5086 3100 5143 abbatis
3145 5086 3403 5142 Tietmari
3456 5089 3635 5144 horta-

1665 5217 1886 5273 VARl/E
1906 5216 2283 5272 LECTIONES.

386 5320 456 5356 ⁷³³
480 5321 591 5377 alio
616 5321 916 5375 atramento
948 5319 1134 5388 pergit
1151 5332 1197 5373 c.

1288 5316 1358 5353 7“
1387 5317 1607 5374 duabus
1633 5333 1770 5373 corr.
1805 5316 2026 5373 duobus
2046 5333 2096 5373 c.

2177 5316 2246 5353 765
2276 5332 2541 5389 εαρεηον,
2573 5333 2619 5373 α,
2705 5316 2775 5353 m
2799 5329 2933 5374 auro
2959 5330 3096 5371 corr.
3132 5330 3329 5372 aurum
3351 5331 3396 5372 c.

1872 5417 2080 5474 ΝΟΤᾸΕ.

388 5521 545 5592 (897)
576 5521 649 5577 Ex
678 5520 951 5594 Sigeberti
982 5519 1122 5577 libro
1144 5520 1217 5576 De
1244 5520 1375 5576 viris
1394 5520 1724 5589 illustribus,
1754 5535 1872 5591 cap.
1908 5518 2124 5576 ultimo.
