3938 6050
161 224 285 282 638

1152 222 1328 278 GEST.
1375 222 1520 277 ABB.
1565 221 1800 277 GEMBL.
1843 251 1911 262 —-
1952 220 2214 279 CONTIN.
2255 218 2575 278 GODESCH.

3413 223 3523 282 634

161 357 230 406 tu
264 349 422 424 (897)
449 349 624 406 Vitam
655 349 832 406 sancti
872 347 1099 406 Maclovi
1129 348 1463 407 confessoris
1493 347 1804 406 accuratius
1829 357 1882 430 Α
1906 347 2081 403 Deum
2119 345 2384 420 frequens
2434 345 2630 402 oratio.
2673 345 2736 402 Et
2775 345 2906 419 quia
2944 347 3346 423 longinquitate
3378 357 3523 406 tem-

162 440 445 496 dictando
495 441 732 509 iteravit,
769 439 1080 511 passionem
1131 439 1480 498 Thebeorum
1516 439 1799 496 martirum

161 532 408 590 heroico
438 542 614 589 metro
645 533 930 606 eleganter
964 533 1298 604 composuit,
1335 535 1613 590 cronicam
1643 549 1800 589 suam

161 643 198 682 a
254 625 372 685 fine
413 625 646 682 οι·οηίοω
689 642 720 681 a
762 625 1086 682 Jberonimo
1139 625 1367 699 digestae
1398 625 1468 682 ad
1506 627 1590 681 sui
1621 640 1798 698 usque

165 715 450 788 temporis
503 715 670 772 finem
709 715 983 788 perduxit.
1038 717 1264 773 Duobus
1291 717 1451 773 libris
1502 716 1796 773 illustrium

162 804 420 861 virorum
449 821 480 860 a
499 805 822 861 Jheronimo
838 810 894 861 et
921 803 1207 862 Gennadio
1238 805 1798 878 compositistertium

161 897 414 966 addidit,
443 898 498 954 in
529 916 640 972 quo
668 897 872 955 multos
899 898 1158 972 antiquos
1191 900 1620 957 aacclesiasticos
1655 903 1795 960 scri-

165 999 383 1064 ptores,
429 993 634 1049 multos
671 993 834 1048 etiam
881 991 990 1048 sibi
1042 995 1483 1066 contemporales
1526 1000 1796 1056 memoria

163 1083 379 1158 dignos
425 1081 895 1140 commemoravit.
929 1082 987 1136 ln
1028 1081 1138 1138 fine
1189 1097 1321 1140 vero
1349 1083 1472 1140 libri
1500 1100 1560 1141 se
1611 1087 1794 1158 ipsum

163 1175 360 1246 posuit
390 1180 695 1230 extremum
729 1173 947 1240 ordine,
990 1181 1076 1230 set
1106 1189 1217 1231 non
1263 1181 1519 1233 extremae
1544 1179 1792 1239 scientiae

163 1265 380 1322 Praeter
407 1266 702 1322 haecenim
741 1282 863 1338 quae
893 1269 1444 1325 commemoravimus
1473 1273 1794 1343 composuit

164 1352 348 1408 multa
367 1351 523 1408 utilia
550 1353 882 1428 legentibus.

239 1444 335 1501 58.
367 1445 548 1501 Abbas
576 1452 756 1502 autem
786 1446 1090 1503 Tietmarus
1119 1450 1369 1520 quamvis
1400 1457 1549 1508 esset
1576 1451 1790 1509 colum-

165 1532 322 1588 binze
379 1533 797 1606 simplicitatis,
872 1535 942 1590 ad
995 1551 1376 1611 quoscumque
1431 1542 1792 1612 perveniebat

161 1640 351 1683 sermo
372 1627 512 1696 ejus,
541 1627 636 1700 qui
666 1628 887 1684 carebat
911 1627 1041 1684 felle
1079 1629 1303 1686 invidiae
1333 1639 1388 1687 et
1409 1631 1786 1703 detractionis,

1905 439 2060 511 poris
2079 440 2381 496 succrescit
2403 440 2672 496 damnosa
2701 439 2931 507 oblivio,
2955 449 3010 498 et
3039 449 3162 514 post
3185 441 3520 499 oblivionem

1901 531 2152 587 succedit
2183 533 2498 603 periculosa
2537 532 2842 597 contentio,
2874 533 3118 590 arbitror
3146 534 3381 606 posteris
3411 549 3519 590 no-

1899 623 2026 678 stris
2051 631 2266 700 gratum
2303 624 2506 692 facere,
2555 625 2602 679 si
2647 625 2900 680 studeam
2961 625 3089 682 huic
3136 627 3405 698 opusculo
3436 627 3522 681 in-

1898 729 2086 771 serere
2133 731 2200 770 ea
2234 732 2358 790 quae
2389 717 2595 772 domno
2639 715 2932 773 Liethardo
2974 723 3308 788 procurante
3335 733 3522 774 acces-

1898 811 2090 860 serunt
2118 815 2320 862 nostrae
2355 805 2622 862 aecclesiae
2653 806 2844 862 domni
2885 807 3101 864 abbatis
3131 807 3338 864 Olberti
3379 816 3522 865 tem-

1898 913 2053 969 pore,
2101 906 2162 954 ut
2217 899 2345 971 quia
2384 899 2496 955 "ille
2536 899 2840 972 adquisivit
2885 901 3010 972 plus
3047 901 3172 957 aliis
3203 901 3518 966 abbatibus,

1894 989 2101 1046 sciatur
2147 991 2280 1062 quid
2331 991 2612 1063 quomodo
2661 992 3012 1064 adquisierit,
3063 993 3152 1049 vel
3208 1009 3239 1048 a
3297 992 3515 1066 quibus.

1895 1081 2034 1156 Ergo
2083 1081 2129 1137 si
2164 1097 2276 1139 non
2306 1083 2514 1151 omnia,
2560 1083 2872 1140 describam
2906 1091 3092 1141 tamen
3124 1085 3518 1142 eminentiora.

1963 1171 2051 1229 60.
2085 1173 2423 1230 Machelmus
2451 1175 2536 1230 vir
2565 1175 2793 1244 nobilis,
2834 1182 2994 1248 pater
3039 1176 3230 1232 domui
3259 1175 3518 1232 Tietmari

1892 1264 1988 1336 qui
2017 1271 2204 1321 sextus
2234 1265 2406 1321 abbas
2443 1266 2547 1322 fuit
2601 1267 2773 1323 nostri
2827 1269 3070 1335 eenobii,
3115 1275 3313 1343 rogatu
3343 1267 3520 1339 ipsius

1893 1352 1992 1410 ﬁlii
2023 1354 2109 1410 sui
2152 1363 2206 1411 et
2236 1355 2456 1411 hortatu
2486 1355 2677 1413 domni
2708 1357 2986 1412 Liethardi
3016 1357 3172 1413 dedit
3195 1365 3386 1413 sancto
3416 1357 3518 1412 Pe-

1890 1452 1976 1502 tro
2005 1447 2364 1503 medietatem
2397 1446 2666 1504 ecclesiae
2695 1455 2895 1504 sanctae
2925 1449 3106 1504 Mariae
3147 1449 3205 1504 in
3239 1447 3366 1505 villa
3392 1464 3518 1520 quin

1891 1534 2093 1592 dicitur
2121 1535 2328 1593 Castra.
2379 1537 2496 1592 Alia
2527 1553 2658 1594 vero
2697 1537 2969 1594 medietas
3006 1537 3356 1610 postmodum
3392 1537 3518 1593 data

1889 1632 1974 1682 est
1998 1641 2098 1697 pro
2123 1624 2458 1682 Odewalone
2489 1627 2764 1683 monacho
2805 1633 3017 1682 nostro.
3051 1625 3144 1682 Hic
3174 1625 3280 1682 fuit
3302 1625 3388 1680 vir
3423 1626 3520 1680 ho-

164 1717 592 1775 incitamentum
641 1727 759 1776 erat
821 1720 1238 1779 meliorationis.
1301 1723 1591 1796 Postquam
1654 1742 1788 1801 ergo
1811 1713 1863 1783 Β
1889 1725 2060 1776 nestae
2091 1720 2240 1786 vitae.
2270 1728 2326 1776 et
2356 1720 2414 1776 in
2444 1719 2632 1778 divina
2675 1727 2732 1777 et
2759 1721 3004 1777 humana
3031 1721 3308 1793 scriptura
3331 1719 3518 1775 multae

165 1827 268 1883 per
306 1827 485 1868 annos
511 1811 582 1868 23
603 1811 708 1867 sibi
741 1813 1090 1869 commissam
1123 1813 1324 1871 Christi
1353 1814 1618 1873 familiam
1651 1818 1790 1876 rexit

165 1901 429 1971 fideliter,
459 1902 687 1958 diutinae
727 1901 1064 1959 inﬁrmitatis
1103 1903 1230 1979 igne
1280 1905 1565 1976 decoctus,
1591 1907 1626 1962 2
1669 1908 1784 1966 Kal.

165 1991 320 2047 Junii
353 1992 422 2028 ⁷⁸⁷
452 1992 522 2049 de
555 1993 657 2048 hoc
683 1993 890 2049 mundo
914 1993 1170 2068 migravit
1199 1993 1432 2052 feliciter
1457 1997 1570 2068 (an.
1605 1997 1784 2071 1092),

159 2081 494 2153 accepitque
543 2083 722 2138 locum
761 2083 1058 2154 sepulturae
1101 2092 1229 2141 ante
1256 2093 1456 2144 sanctae
1489 2088 1674 2145 Crucis
1703 2089 1786 2146 al-

160 2177 303 2238 tare,
340 2185 562 2244 semper
587 2172 802 2229 futurus
835 2175 982 2245 apud
1035 2181 1288 2246 posteros
1335 2179 1632 2236 laudabilis
1667 2197 1784 2238 tne-

159 2263 377 2320 moriae.
410 2266 603 2321 Amen.

618 2371 944 2414 EPITAPBIUI
972 2358 1042 2393 ⁷⁸⁸
1068 2376 1318 2417 musam.

231 2446 477 2502 Ecclesia:
499 2449 708 2520 lampas
732 2454 820 2508 hic
845 2455 1141 2510 Tietmarus
1163 2460 1313 2528 jacet
1339 2457 1504 2513 abbas

303 2539 427 2592 Octo
461 2539 734 2607 beati/ictis
759 2544 942 2601 doctus
971 2546 1142 2602 abisse
1168 2551 1322 2616 vias;

231 2628 464 2694 Pauper,
481 2631 763 2700 paciﬁcus,
785 2642 1124 2704 mansuetus,
1141 2643 1352 2707 pectore
1376 2640 1634 2707 mundus,
1731 2646 1738 2656 “

307 2721 532 2788 Lugcns,
562 2727 821 2791 esuriens,
861 2732 1210 2798 compatiens,
1230 2733 1462 2800 patiens.

136 2877 146 2885 ο
241 2810 437 2865 Ultima
465 2814 621 2879 fulsit
647 2818 699 2870 ei
727 2821 823 2872 tua
850 2818 951 2873 tua:
969 2819 1274 2888 penuliima
1313 2823 1438 2875 Mai.

238 2902 340 2963 Qui
375 2903 512 2958 vixit
535 2907 776 2972 Domino,
805 2907 1040 2962 dormiat
1067 2911 1128 2962 in
1145 2911 1384 2964 Domino.
1417 2909 1616 2966 Amen.

520 2997 604 3052 DE
643 2999 712 3034 75°
749 2999 1119 3057 LIETHARDO
1159 3002 1432 3060 ABBATE.

237 3083 326 3140 59.
383 3084 512 3141 Cum
563 3097 862 3159 quererent
913 3089 1340 3148 Gcmblacenses
1391 3098 1514 3164 post
1567 3092 1776 3149 obitum

161 3174 354 3231 domni
379 3177 601 3234 abbatis
618 3180 898 3250 Tietmari,
923 3182 1050 3254 quis
1077 3183 1127 3238 ei
1147 3185 1469 3254 succedere,
1500 3186 1628 3258 quis
1657 3186 1777 3242 ido—

162 3279 302 3319 neus
331 3274 478 3322 esset
529 3283 626 3324 eos
673 3285 888 3343 regere,
943 3273 1222 3329 communi
1263 3274 1452 3330 habita
1499 3275 1779 3332 delibera-

163 3361 326 3416 tione
353 3362 707 3420 Liethardum
754 3366 1014 3424 abbatem
1055 3370 1462 3426 constituerunt
1514 3371 1776 3427 concordi

168 3453 460 3511 electione.
495 3457 591 3513 ilic
621 3475 651 3513 a
678 3460 917 3532 pueritia
945 3463 1135 3518 domni
1161 3463 1378 3518 abbatis
1405 3463 1608 3520 Olberti
1647 3479 1776 3520 eru-

161 3542 374 3599 ditione
404 3546 712 3617 institutus,
760 3550 1430 3622 claustralis-disciplinaa
1461 3560 1671 3609 amator
1723 3561 1780 3610 et

168 3644 457 3692 exsecutor
479 3647 595 3694 erat
623 3642 896 3706 assiduus,
930 3643 1095 3698 Multa
1130 3651 1246 3700 erat
1271 3645 1321 3699 ei
1349 3645 1462 3701 oris
1501 3645 1776 3712 facundia,

170 3744 292 3799 quae
319 3731 650 3800 procedebat
679 3748 746 3786 ex
775 3733 986 3789 dilatati
1018 3735 1202 3789 cordis
1231 3733 1628 3792 habundantia.
1659 3736 1780 3793 Filii

173 3818 341 3872 seculi
372 3820 468 3891 qui
489 3820 877 3892 prudentiores
894 3831 1025 3879 sunt
1040 3823 1322 3880 filiislucis
1342 3824 1397 3879 in
1419 3826 1781 3901 generatione

169 3923 286 3976 sua,
311 3910 359 3964 si
396 3911 533 3982 quid
571 3911 758 3967 damni
789 3923 882 3969 aut
919 3915 1197 3971 violentiae
1230 3916 1397 3972 rebus
1435 3917 1782 3974 aecclesiasti-

169 3995 247 4050 eis
295 3999 639 4056 conabantur
678 4002 907 4073 inferre,
949 4005 1039 4061 hic
1097 4007 1356 4078 prudenti
1415 4014 1470 4063 et
1506 4016 1784 4080 Oportuna

174 4086 590 4146 ratiocinatione
620 4098 848 4148 noverat
894 4094 978 4149 eis
1026 4095 1302 4151 resistere.
1335 4093 1580 4153 Do'mnus
1608 4097 1783 4154 abbas

173 4179 422 4238 Olbertus
449 4185 542 4256 qui
567 4185 680 4254 jam
711 4187 1040 4258 gravabatur
1075 4197 1234 4246 aetate
1284 4196 1342 4246 et
1396 4189 1630 4247 duorum
1683 4207 1782 4247 ce-

177 4273 463 4330 nobiorum
493 4277 876 4348 dispositione,
911 4281 1270 4338 considerans
1321 4282 1378 4337 in
1429 4282 1784 4340 adolescente

1890 1809 2162 1866 scientiae.
2214 1811 2350 1866 ltem
2415 1809 2724 1876 Wicberus,
2785 1811 3084 1867 advocatus
3136 1807 3513 1875 Leodicensis,

1891 1899 2115 1956 tradidit
2161 1906 2353 1957 sancto
2390 1900 2552 1957 Petro
2599 1901 2959 1957 medietatem
3018 1900 3286 1958 aecclesiaa
3337 1899 3514 1955 sancti

1889 1990 2178 2064 Gaugerici
2220 1991 2277 2048 in
2315 1991 2585 2050 Genitinis
2629 2009 2755 2048 cum
2798 2009 2991 2049 manso
3033 2007 3168 2048 uno.
3229 1993 3360 2048 Item
3404 1991 3510 2048 Ro-

1887 2083 2077 2138 bertus
2107 2081 2254 2139 ﬁlius
2285 2083 2522 2140 Bosonis
2548 2084 2618 2140 de
2649 2083 2980 2151 Hermereis,
3012 2085 3315 2140 canonicus
3335 2084 3510 2139 sancti

1885 2171 2180 2238 Lamberti,
2213 2191 2297 2230 v1r
2349 2173 2554 2231 nobilis
2600 2175 2826 2231 tradidit
2854 2181 3046 2231 sancto
3095 2175 3257 2230 Petro
3297 2174 3514 2228 medie-

1886 2274 2055 2323 tatem
2086 2269 2157 2324 de
2191 2268 2423 2337 Masniz,
2476 2276 2532 2326 et
2562 2271 2707 2326 ultra
2736 2269 3093 2326 medietatem
3118 2275 3230 2324 tres
3265 2283 3510 2326 mansos.

1887 2359 1963 2415 De
1991 2360 2100 2415 alia
2131 2361 2430 2418 medietate
2463 2361 2658 2434 partim
2690 2362 2940 2418 aecclesia
2969 2367 3154 2416 nostra
3201 2376 3234 2414 a
3261 2359 3513 2434 cOgnatis

1885 2449 2009 2518 ejus
2049 2451 2287 2508 redemit
2335 2459 2430 2508 aut
2488 2467 2587 2523 pro
2634 2451 2952 2507 vadimonio
2994 2451 3228 2522 accepit.
3271 2449 3507 2514 Quidam

1881 2541 2162 2598 Wibertus
2215 2543 2299 2599 vir
2370 2544 2683 2620 religiosus,
2729 2544 2904 2600 sancti
2940 2542 3172 2598 Wiberti
3225 2547 3285 2596 ut
3340 2540 3512 2596 fertur

1881 2633 2349 2706 consanguineus,
2391 2633 2619 2688 tradidit
2675 2639 2866 2687 sancto
2919 2631 3081 2686 Petro
3112 2628 3377 2702 quicquid
3420 2629 3511 2683 ha-

1889 2717 2008 2774 buit
2045 2719 2102 2774 in
2133 2719 2415 2776 Warescb.
2451 2723 2510 2776 ln
2549 2721 2744 2776 eadem
2773 2719 2908 2774 villa
2956 2718 3184 2774 tradidit
3225 2716 3509 2773 Wolvura-

1887 2806 1991 2862 dus
2023 2808 2308 2863 dimidiam
2341 2809 2673 2876 aecclesiam,
2705 2809 2812 2864 hoc
2865 2814 2949 2862 est
2994 2812 3241 2879 quartam
3301 2811 3510 2877 partem

1885 2897 2112 2970 integra:
2161 2897 2448 2954 aecclesiae.
2504 2897 2800 2953 Liedvinus
2860 2903 2915 2952 et
2972 2895 3214 2964 conjunx
3255 2893 3374 2964 ejus
3406 2894 3506 2948 lla-

1883 2991 2164 3064 theguidis
2211 2993 2558 3048 tradiderunt
2597 2997 2787 3048 sancto
2819 2993 2976 3047 Petro
3007 2998 3213 3046 cortem
3253 3005 3415 3044 unam
3455 2995 3510 3043 et

1879 3099 1976 3140 sex
2023 3083 2254 3140 bonaria
2315 3100 2414 3156 pro
2509 3085 2805 3140 animabus
2861 3083 2994 3145 suis.
3070 3083 3128 3137 in
3200 3081 3504 3136 Harenton.

1879 3175 2076 3231 Postea
2116 3191 2246 3230 vero
2297 3176 2643 3231 tradiderunt
2693 3175 3054 3230 medietatem
3114 3172 3282 3228 totius
3310 3170 3504 3242 praedii

1879 3264 2028 3336 quod
2060 3263 2416 3319 habebantin
2459 3264 2656 3319 eodem
2689 3263 2988 3330 Harenton,
3027 3270 3082 3316 et
3109 3258 3378 3333 quicquid
3402 3259 3501 3312 ha-

1879 3355 2088 3412 bebant
2141 3357 2198 3411 in
2236 3355 2407 3422 Valle,
2449 3355 2598 3426 quod
2652 3371 2752 3424 per
2802 3355 3054 3426 singulos
3107 3367 3287 3407 annos
3325 3349 3507 3405 reddit

1878 3446 1948 3504 50
1975 3446 2205 3503 solidos.
2251 3447 2311 3500 ln
2353 3445 2532 3500 Belriu
2583 3444 2882 3516 adquisivit
2911 3444 3151 3498 domnus
3209 3440 3380 3495 abbas
3415 3439 3506 3493 Ol-

1880 3538 2072 3596 bertus
2108 3554 2203 3593 sex
2260 3552 2484 3593 mansos
2516 3544 2572 3592 et
2625 3535 2898 3604 cumbam,
2937 3540 2994 3589 et
3029 3538 3237 3588 sextam
3292 3537 3502 3603 partem

1881 3626 2186 3683 molendini
2249 3625 2398 3698 quod
2440 3632 2633 3696 postea
2662 3622 3034 3679 aucmentavit
3066 3621 3234 3676 abbas
3262 3619 3500 3692 Mysacb,

1883 3727 1937 3775 et
1963 3720 2134 3774 abbas
2166 3718 2512 3786 Liethardus,
2545 3726 2606 3773 ut
2645 3717 2700 3771 in
2732 3733 2832 3772 suo
2878 3715 2999 3772 loco
3027 3715 3260 3769 dicetur.
3291 3713 3350 3767 ln
3374 3711 3503 3767 villa

1881 3812 2170 3878 Melenriu,
2200 3828 2322 3884 quae
2368 3811 2534 3866 etiam
2584 3811 2710 3866 Heis
2748 3810 2946 3865 dicitur
2973 3825 3004 3864 a
3051 3807 3312 3882 contigua
3366 3805 3503 3860 silva

1883 3921 2006 3976 quae
2037 3903 2112 3959 ita
2143 3903 2480 3972 nominatur,
2539 3911 2747 3974 partem
2797 3899 2985 3957 allodii
3017 3899 3151 3956 emit
3202 3898 3258 3952 in
3309 3896 3503 3969 primis

1883 3994 2052 4050 abbas
2081 3995 2358 4062 Olbertus,
2399 3996 2620 4052 adauxit
2663 3995 2838 4052 abbas
2884 3992 3236 4058 Liethardus,
3269 3997 3326 4046 et
3364 4004 3498 4046 suc-

1882 4101 2069 4142 cessor
2105 4087 2226 4156 ejus
2253 4087 2566 4156 Anselmus,
2607 4093 2668 4144 ut
2708 4088 2766 4142 in
2807 4103 2908 4142 suo
2935 4085 3056 4142 loco
3097 4083 3318 4139 dicitur.
3350 4081 3503 4137 Wal-

1881 4187 2033 4236 terus
2077 4181 2147 4237 de
2176 4182 2296 4237 Niel
2337 4181 2561 4236 tradidit
2590 4189 2782 4238 sancto
2827 4181 2988 4235 Petro
3017 4176 3279 4250 quicquid
3311 4174 3502 4231 habuit

1885 4270 1941 4326 in
1971 4270 2165 4326 eadem
2197 4271 2342 4326 villa.
2380 4270 2510 4326 Pars
2539 4271 2806 4326 aecclesiaz
2851 4285 3016 4341 quam
3050 4267 3317 4322 habemus
3347 4265 3403 4318 in
3435 4280 3500 4320 ea

176 4373 381 4423 tantum
430 4371 694 4426 naturalis
747 4373 1051 4442 industriae,
1103 4374 1346 4432 ofﬁcium
1400 4377 1453 4432 ei
1508 4377 1855 4442 commisit“
1887 4370 1942 4418 ει
1969 4379 2098 4435 Pars
2131 4361 2323 4434 Ρέωάίί
2353 4362 2481 4418 data
2523 4377 2602 4417 εει
2629 4368 2819 4432 Postea
2850 4375 2950 4432 ΡιὊ
2982 4357 3201 4412 duom”
3240 4353 3502 4408 fratribus

178 4458 535 4527 celleraturaa,
574 4469 634 4516 ut
664 4462 1104 4533 experimentum
1136 4466 1257 4535 ejus
1287 4465 1576 4522 evidenter
1604 4468 1783 4539 quiret

1888 4427 2092 4513 nostris
2121 4427 2356 4513 lilbuino
2391 4465 2447 4512 et
2475 4427 2709 4523 Hellino,
2745 4464 2802 4509 et
2831 4427 3184 4525 postmodum
3216 4447 3386 4502 multo
3416 4447 3499 4539 la-

181 4547 400 4603 habere.
432 4548 529 4604 Ille
555 4549 630 4619 ei,
658 4551 840 4622 quoad
868 4552 1023 4622 vixit,
1062 4561 1124 4610 ut
1157 4555 1295 4626 patri
1328 4552 1475 4610 ﬁlius
1511 4555 1780 4623 obedivit,

173 4648 227 4696 et
246 4642 390 4712 quod
413 4642 518 4698 sibi
549 4643 864 4715 injunxerat
892 4647 1065 4714 auxit,
1097 4647 1406 4702 melioravit
1435 4656 1490 4702 et
1520 4647 1784 4704 decenter

172 4732 583 4791 administravit.
634 4737 890 4802 Quamvis
943 4739 1094 4795 enim
1147 4746 1294 4796 esset
1343 4747 1475 4796 tunc
1515 4739 1782 4811 juvenilis

173 4827 362 4892 aetatis,
413 4835 532 4883 erat
578 4835 762 4885 tamen
817 4846 1055 4903 persona
1121 4831 1483 4900 honorabilis,
1551 4832 1784 4889 consilio

174 4916 342 4986 utilis,
373 4916 706 4974 allocutione
745 4928 802 4974 et
853 4920 1240 4978 adhortatione
1271 4922 1359 4977 his
1396 4921 1490 4994 qui
1521 4937 1648 4978 eum
1679 4937 1784 4979 no-

175 5016 364 5065 verant
384 5011 758 5082 acceptabilis.
791 5013 1042 5087 Denique
1063 5013 1220 5070 multi
1245 5014 1463 5070 nobiles
1493 5022 1546 5070 et
1570 5013 1788 5103 rnedio-

179 5115 294 5156 cres
329 5100 449 5171 ejus
479 5102 881 5158 ammonitione
911 5109 967 5158 et
994 5103 1260 5158 laudabili
1307 5100 1678 5160 familiaritate
1709 5104 1789 5160 in-

181 5192 346 5261 citati,
399 5194 666 5267 quosdam
724 5193 964 5250 filiorum
1011 5211 1239 5252 suorum
1287 5195 1578 5252 sociabant
1624 5196 1787 5254 nobis

177 5299 296 5338 cum
347 5285 689 5358 aliquantula
756 5295 910 5358 parte
963 5287 1375 5360 possessionum
1430 5303 1674 5357 suarum,
1724 5294 1787 5346 ut

177 5392 359 5434 eorum
392 5380 538 5451 apud
569 5396 672 5437 nos
718 5381 810 5452 pia
840 5380 1150 5438 recordatio
1187 5387 1243 5438 et
1273 5396 1372 5453 pro
1411 5381 1493 5437 eis
1536 5387 1684 5438 esset
1713 5381 1783 5438 ad

1883 4545 2017 4602 bore
2046 4554 2102 4603 et
2123 4547 2370 4618 periculo
2393 4545 2579 4602 domni
2615 4543 2890 4600 Liethardi
2917 4541 3087 4598 crevit
3115 4546 3171 4594 et
3193 4536 3499 4611 permansit

1884 4637 2002 4708 ipsa
2021 4637 2321 4710 possessio.
2351 4637 2471 4693 Fuit
2495 4636 2641 4692 enim
2674 4636 2820 4692 inter
2847 4645 3324 4706 compossessores
3347 4635 3494 4702 [pre-

1883 4726 1961 4782 dii
2003 4735 2059 4782 et
2108 4742 2211 4782 nos
2237 4735 2384 4784 tanta
2441 4725 2738 4793 dissensio,
2783 4732 2844 4781 ut
2887 4725 2977 4782 vix
3017 4721 3200 4778 sedari
3257 4719 3499 4792 potuerit

1883 4823 2094 4896 absque
2115 4823 2282 4890 bello,
2301 4823 2594 4895 deportato
2642 4820 2753 4877 illic
2791 4820 2965 4876 sancti
2995 4817 3250 4892 Exuperii
3272 4815 3495 4873 feretro.

1885 4915 2082 4972 Petrus
2118 4915 2386 4970 Calvellus
2417 4914 2646 4970 tradidit
2669 4921 2858 4969 sancto
2898 4911 3067 4968 Petro
3106 4909 3372 4983 quicquid
3395 4908 3498 4963 ha-

1887 5009 2006 5064 buit
2035 5008 2091 5062 in
2118 5007 2288 5076 Ruoz,
2317 5014 2372 5063 et
2401 5007 2458 5062 in
2485 5007 2739 5062 Anastica
2768 5013 2974 5062 cortem
3001 5021 3166 5059 unam
3189 5010 3244 5060 et
3271 5001 3376 5058 tria
3397 5001 3494 5056 bo-

1887 5097 2094 5154 nuaria.
2133 5097 2244 5153 Hoc
2281 5096 2546 5168 praedium
2601 5095 2727 5168 pdst
2767 5095 2992 5170 longum
3038 5102 3260 5164 tempus
3296 5089 3498 5146 invasit

1885 5193 2108 5262 Albero,
2141 5209 2269 5251 vero
2323 5194 2590 5266 perjurio,
2643 5201 2706 5250 ut
2738 5192 2945 5249 dictum
2984 5197 3068 5248 est
3117 5191 3177 5246 in
3213 5203 3314 5244 suo
3349 5187 3491 5242 loco.

1885 5285 2131 5344 Domnus
2187 5285 2357 5340 abbas
2402 5285 2659 5342 Olbertus
2704 5284 3077 5342 collaborante
3106 5281 3312 5337 domno
3372 5277 3493 5334 Lie-

1885 5377 2082 5436 thardo
2124 5376 2309 5434 villam
2339 5377 2532 5435 Suvrei
2562 5377 2863 5450 adquisivit
2913 5384 3104 5432 sancto
3141 5373 3324 5440 Petro,
3358 5376 3414 5426 et
3441 5369 3493 5426 ei

1507 5477 1729 5535 νΑιωΕ
1757 5477 2138 5536 LECTIONES.

238 5569 302 5652 7⁸⁷
322 5589 508 5644 ccorr,
581 5575 650 5612 ⁷⁸⁸
689 5577 1044 5651 Epitaphium
1077 5612 1139 5622 —
1185 5581 1357 5637 Amen
1389 5577 1506 5638 'aiio
1549 5586 1849 5640 atramento
1886 5584 1947 5638 in
1975 5585 2082 5650 ﬁne
2107 5581 2154 5648 Γ.
2185 5581 2296 5636 43³.
2329 5583 2535 5652 scripta
2564 5585 2710 5638 sunt.

167 5643 245 5712 git
267 5657 313 5700 ο.

2803 5579 2874 5616 π’
2894 5580 3018 5636 Alio
3044 5579 3346 5634 atramento
3370 5589 3496 5646 per-
