3938 6050
363 233 474 290 oss

1584 215 1926 274 SIGEBERTI
1971 211 2484 269 GEMBLACENSIS.

3596 218 3707 277 636

369 379 466 435 per
490 359 739 435 singulos
763 369 939 412 annos
989 353 1151 408 trium
1201 351 1465 406 librarum
1509 363 1737 405 censum
1766 345 1984 408 indixit,
2011 346 2065 416 Α
2088 341 2196 397 bus
2227 340 2443 413 praefuit
2473 343 2529 398 in
2570 343 2830 399 omnibus
2858 341 3086 414 profuit.
3132 343 3382 400 Omnium
3411 347 3558 401 enim
3593 347 3706 404 fra-

367 461 420 511 ct
446 470 508 508 ex
559 466 627 507 eo
679 450 745 506 12
783 446 991 503 solidos
1030 444 1405 500 anniversaria
1443 442 1532 498 die
1575 442 1663 497 sui
1699 440 1890 497 obitus
1919 438 1989 493 ad

366 542 650 599 servitium
682 538 908 594 fratrum
944 535 1062 591 dari
1107 533 1374 589 decrevit.
1410 530 1735 586 Lambertus
1759 529 1827 583 de
1862 526 1992 582 Cor-

364 636 517 692 cellis
546 635 631 690 vir
668 632 877 688 nobilis
906 636 962 685 et
1002 629 1200 683 fratres
1250 627 1372 697 ejus
1414 624 1762 680 tradiderunt
1798 627 1991 676 sancto

368 730 528 785 Petro
578 728 635 782 in
668 726 860 781 eadem
895 722 1023 779 villa
1058 732 1174 776 tres
1213 733 1463 784 mansos;
1513 723 1568 773 et
1606 721 1729 789 post
1758 720 1992 771 mortem

370 818 542 889 ipsius
571 814 847 871 Lamberti
904 811 1126 867 tradidit
1158 824 1297 864 uxor
1352 808 1473 878 ejus
1516 805 1801 862 Condrada
1840 803 1997 857 dimi-

372 911 523 965 dium
576 924 848 963 mansum.
892 905 1004 960 Nec
1049 904 1155 957 hoc
1210 902 1359 957 dono
1403 904 1683 966 contenta,
1730 894 1995 961 armillas,

373 998 587 1063 anulos,
623 995 870 1062 monilia,
912 1000 967 1049 et
997 989 1264 1064 quicquid
1296 989 1411 1044 auri
1445 987 1513 1042 ad
1553 992 1803 1042 ornatum
1834 997 1995 1037 suum

371 1087 611 1142 habebat
629 1092 688 1140 ut
714 1084 911 1139 mulier
941 1081 1097 1135 dives
1120 1087 1175 1135 et
1207 1078 1418 1142 inclita,
1451 1082 1647 1131 sancto
1679 1074 1844 1127 Petro
1867 1086 2001 1127 con-

373 1176 554 1243 cessit,
586 1185 639 1231 et
669 1190 888 1231 crucem
931 1187 1153 1227 auream
1196 1169 1326 1223 inde
1367 1165 1647 1222 fabretieri
1677 1163 1858 1235 petiit.
1890 1162 1999 1216 llu-

368 1271 461 1339 jus
500 1283 682 1323 aureae
708 1266 890 1323 crucis
915 1264 1195 1334 hodieque
1231 1269 1315 1316 est
1343 1257 1663 1329 inscriptio:
1709 1254 2000 1314 Condrada

371 1378 470 1432 pro
497 1378 551 1429 se
587 1375 787 1430 suoque
815 1363 933 1414 viro
956 1357 1237 1414 Lamberto
1273 1367 1355 1407 me
1401 1351 1552 1405 dedit
1592 1353 1776 1405 sancto
1818 1346 1993 1402 Petro.

374 1451 484 1505 Nec
515 1450 637 1521 ipsa
692 1447 979 1503 Condrada
1020 1442 1427 1506 tantummodo,
1469 1448 1553 1494 set
1579 1446 1632 1493 et
1663 1436 1844 1493 omnis
1889 1450 1995 1490 ne-

374 1548 565 1610 potum
599 1538 720 1606 ejus
748 1535 1055 1591 successio.
1088 1533 1407 1589 Gualterum
1438 1529 1563 1584 dico
1596 1528 1663 1582 de
1690 1526 1997 1581 Marebaco.

376 1628 660 1682 Heinricus
696 1626 764 1679 de
795 1625 1011 1695 Lupun,
1039 1623 1312 1678 Gerardus
1354 1617 1502 1674 filius
1540 1617 1803 1684 Gualteri,
1837 1616 1998 1672 Hein-

370 1717 519 1771 ricus
551 1716 696 1770 titius
718 1714 978 1777 Heinrici,
1010 1722 1065 1768 et
1092 1720 1363 1785 quotquot
1392 1710 1575 1766 adhuc
1603 1708 1769 1765 hodie
1798 1722 1996 1777 super-

370 1811 499 1860 sunt
536 1806 605 1859 de
653 1819 845 1859 eorum
878 1803 1166 1876 progenie,
1201 1802 1276 1856 ita
1314 1818 1380 1856 ex
1419 1808 1553 1855 tunc
1584 1805 1639 1853 et
1679 1811 1828 1851 nunc
1857 1811 1998 1851 con-

365 1897 544 1966 juncti
584 1905 713 1952 sunt
753 1895 1079 1950 fraternitati
1135 1902 1335 1950 nostra;
1363 1909 1427 1948 ex
1480 1892 1689 1958 animo,
1719 1899 1779 1944 ut
1807 1904 1994 1945 eorum

376 2003 600 2057 semper
638 1986 785 2057 apud
826 2000 927 2039 nos
978 1982 1051 2038 sit
1082 1982 1173 2054 pia
1215 1981 1528 2037 recordatio
1578 1989 1633 2035 et
1680 1995 1779 2050 pro
1810 1978 1891 2033 eis
1927 1977 1996 2031 ad

379 2084 549 2136 Deum
582 2081 858 2137 cotidiana
889 2077 1085 2143 oratio,
1119 2076 1250 2149 quia
1290 2074 1640 2131 liberalitatis
1680 2090 1869 2129 eorum
1900 2073 2000 2127 be-

378 2174 578 2230 neficio
609 2172 888 2228 multoties
925 2170 1095 2226 crevit
1126 2176 1312 2224 nostra
1363 2167 1659 2239 possessio.
1699 2166 2000 2247 Warn’erus

380 2280 568 2321 comes
588 2264 812 2319 tradidit
843 2278 1011 2317 unum
1058 2277 1311 2315 mansum
1345 2261 1402 2314 in
1433 2259 1595 2326 Dion,
1637 2264 1691 2313 et
1717 2273 1852 2313 uxor
1881 2257 2001 2324 ejus

380 2358 520 2414 duos
549 2357 606 2411 in
635 2356 1000 2422 Morccshem,
1032 2360 1087 2408 et
1120 2369 1293 2408 unum
1347 2353 1403 2405 in
1455 2350 1802 2417 Malbrovias,
1852 2350 2000 2422 quod

380 2454 580 2508 dicitur
606 2452 665 2507 in
688 2452 855 2507 Ruoz.
892 2450 986 2504 Ille
1018 2465 1242 2504 mansus
1281 2449 1337 2503 in
1377 2448 1514 2504 Dion
1541 2447 1704 2503 solvit
1733 2447 1766 2500 4
1795 2446 2005 2503 solidos

2090 441 2231 490 trum
2263 434 2480 491 utilitati
2510 436 2829 506 providens,
2858 434 2962 490 sibi
2995 435 3051 489 in
3084 436 3235 492 nullo
3276 439 3573 507 consuluit,
3606 443 3709 497 sed

2091 542 2314 597 semper
2348 542 2517 598 parvo
2544 526 2692 583 victu
2723 536 2779 582 et
2815 527 3014 583 vestitu
3047 535 3341 583 contentus
3369 527 3493 598 fuit,
3525 548 3649 602 quae
3681 549 3716 587 a

2092 617 2340 689 patribus
2376 626 2666 689 acceperat
2693 618 2747 672 in
2778 625 3041 689 quantum
3069 617 3224 673 licuit
3263 617 3502 675 ﬁdeliter
3530 622 3715 677 admi-

2096 708 2365 774 nistravit,
2388 716 2443 761 et
2472 706 2723 779 quamvis
2750 706 2940 761 multis
2966 707 3351 778 incommodis,
3400 706 3518 765 sive
3551 718 3717 767 terra:

2096 799 2408 867 sterilitate,
2450 815 2547 854 seu
2579 814 2845 869 pecorum
2868 806 3043 871 peste,
3082 815 3179 855 seu
3201 800 3472 857 bellorum
3504 805 3723 874 asperi-

2098 895 2230 956 tate,
2272 903 2407 958 sepe
2444 894 2762 962 gravaretur
2798 888 3067 953 aecclesia,
3100 896 3284 944 tamen
3325 907 3622 963 numquam
3653 910 3722 949 ex

2100 977 2471 1033 incommodis
2500 976 2722 1031 fratrum
2755 992 2854 1031 sua
2903 978 3242 1049 comparavit
3270 980 3579 1045 commoda,
3621 982 3723 1037 sed

2099 1069 2156 1123 in
2189 1069 2371 1124 natale
2416 1069 2657 1135 Domini,
2691 1070 2913 1139 pascha,
2948 1076 3292 1140 pentecoste,
3325 1077 3378 1125 et
3407 1081 3727 1128 sanctorum

2100 1158 2608 1232 sollempnitatibus
2651 1167 2756 1213 tam
2790 1160 3087 1231 praecipuis
3118 1177 3281 1232 quam
3327 1162 3726 1232 mediocribus,

2100 1260 2355 1310 statutam
2386 1253 2743 1325 praebendam
2790 1254 2931 1309 bene
2972 1255 3315 1326 dispensavit
3352 1256 3408 1311 in
3440 1258 3724 1313 omnibus.

2101 1346 2229 1415 Ejus
2260 1345 2549 1421 regiminis
2579 1360 2723 1401 anno
2771 1346 2933 1401 tertio
2963 1348 3200 1402 maxima
3230 1347 3408 1404 extitit
3439 1349 3728 1405 hominum

2100 1436 2426 1499 mortalitas,
2457 1443 2512 1490 et
2550 1435 2609 1489 in
2642 1450 2786 1489 anno
2814 1436 3066 1508 sequenti
3094 1454 3291 1511 magna
3315 1445 3368 1492 et
3395 1438 3735 1494 inevitabilis

2100 1540 2337 1580 annona:
2370 1524 2589 1591 raritas,
2622 1524 2764 1579 adeo
2812 1532 2873 1579 ut
2923 1542 3123 1597 panem
3164 1527 3399 1582 duorum
3454 1529 3735 1583 mensium

2100 1616 2301 1672 diebus
2342 1616 2431 1672 vix
2481 1616 2932 1671 administrarent
2984 1616 3147 1672 nobis
3177 1617 3404 1673 culturae
3434 1624 3634 1674 nostrae
3678 1624 3736 1673 et

2100 1712 2350 1768 decimae.
2388 1711 2497 1767 Hac
2532 1713 2763 1783 penuria
2802 1712 2960 1783 panis
2988 1720 3246 1788 urgente,
3277 1713 3576 1785 praebenda
3607 1728 3730 1769 mo-

2098 1803 2329 1859 nasterii
2360 1803 2577 1859 venalis
2617 1803 2855 1859 efficitur
2909 1810 3014 1858 tam
3071 1803 3228 1859 laicis
3284 1821 3449 1877 quam
3480 1804 3724 1861 clericis.

2100 1891 2324 1947 Gladius
2387 1892 2479 1946 iraa
2530 1892 2626 1947 Dei
2681 1892 3112 1964 circumquaque
3143 1892 3378 1959 desevit,
3432 1892 3727 1965 laquearia

2100 1985 2333 2040 divitum
2365 1985 2441 2039 uti
2484 2000 2798 2055 pauperum
2829 2001 2969 2040 casm
3003 1984 3164 2039 famis
3195 1985 3338 2041 malo
3378 1986 3531 2040 velut
3554 1986 3734 2041 ariete

2102 2090 2304 2149 magno
2337 2075 2655 2146 pulsantur;
2690 2090 2965 2146 pauperes
2991 2075 3261 2146 multique
3290 2076 3599 2130 mediocres
3628 2077 3741 2130 hac

2104 2165 2231 2219 tabe
2274 2171 2531 2235 pereunt,
2565 2164 2851 2235 cymiteria
2902 2163 3241 2234 sepeliendis
3267 2179 3377 2219 non
3419 2162 3736 2226 sufﬁciunt.

2104 2258 2162 2310 ln
2205 2256 2340 2312 locis
2371 2256 2558 2311 multis
2583 2256 2746 2311 fossa-3
2795 2256 2917 2310 lata:
2949 2262 3003 2310 et
3042 2255 3332 2327 profundae
3361 2254 3726 2322 effodiuntur,

2104 2348 2235 2403 etin
2264 2348 2345 2403 eis
2375 2363 2606 2419 corpora
2651 2347 3035 2403 defunctorum
3068 2347 3293 2403 funibus
3336 2349 3716 2419 deponuntur.

2104 2439 2254 2494 Multi
2307 2440 2362 2495 in
2417 2439 2656 2494 exitibus
2712 2439 2947 2505 viarum,
2983 2440 3137 2493 multi
3166 2439 3311 2495 inter
3354 2455 3527 2511 Opaca
3555 2440 3728 2494 silva—

381 2552 436 2600 et
486 2545 519 2599 8
562 2543 891 2617 gallinatios.
946 2542 1025 2596 llli
1082 2542 1193 2597 duo
1269 2542 1324 2596 in
1406 2540 1745 2597 Morceshem
1790 2540 2009 2595 solvunt
2110 2552 2230 2590 rum
2261 2534 2464 2591 mortui
2506 2534 2886 2590 inveniuntur.
2933 2534 3040 2590 Hac
3065 2542 3221 2604 peste
3252 2534 3410 2590 famis
3449 2536 3605 2590 multi
3629 2551 3729 2591 no-

384 2635 452 2691 10
492 2632 703 2691 solidos
757 2635 1115 2690 Lovaniensis
1156 2642 1393 2689 monetae
1419 2640 1474 2689 et
1512 2641 1748 2705 quatuor
1774 2632 2010 2704 gallina-
2110 2624 2301 2679 bilium
2330 2624 2529 2691 adacti,
2564 2624 2692 2679 dum
2723 2623 2945 2679 familiis
2970 2624 3087 2679 suis
3115 2640 3303 2679 carere
3336 2625 3551 2692 nolunt,
3586 2625 3738 2679 mul-

383 2724 508 2781 tios.
543 2724 636 2779 Ille
660 2724 716 2777 in
748 2724 1081 2779 Malbrovias
1114 2724 1362 2796 quinque
1388 2725 1597 2780 solidos
1623 2722 2009 2798 Nivigellensis
2113 2723 2229 2770 tum
2260 2715 2474 2788 argenti
2502 2715 2569 2769 ad
2610 2716 2706 2770 has
2735 2716 3124 2771 sustentandas
3168 2716 3510 2787 expendunt.
3545 2716 3741 2771 Fcene-

386 2826 644 2887 monetae,
669 2827 724 2876 et
754 2820 829 2875 ita
852 2826 912 2875 ut
951 2820 1225 2874 immunes
1255 2828 1445 2875 essent
1473 2820 1542 2874 ab
1569 2818 1718 2875 omni
1762 2818 2009 2885 servitio,

387 2913 494 2967 nisi
530 2912 879 2967 Gemblensis
906 2912 1171 2966 ecclesiae
1250 2912 1325 2966 De
1357 2912 1440 2966 his
1471 2928 1593 2983 qua:
1637 2911 1875 2965 domnus
1902 2909 2007 2963 ab-

2114 2816 2325 2864 ratores
2368 2810 2647 2865 debitores
2681 2825 2814 2865 suos
2864 2811 3126 2866 omnibus
3156 2810 3333 2866 modis
3375 2817 3620 2884 gravant,
3682 2827 3759 2881 et

2112 2901 2239 2955 dum
2282 2901 2372 2955 die
2395 2901 2542 2956 dicta
2575 2902 2839 2972 pecunias
2878 2918 3007 2957 suas
3038 2918 3147 2957 non
3177 2902 3472 2973 rccipiunt,
3501 2902 3600 2956 has
3638 2902 3735 2955 die

386 3002 484 3055 bas
538 3001 792 3055 Olbertus
854 3016 979 3056 cum
1032 3000 1236 3055 domno
1312 3000 1604 3056 Liethardo
1671 2998 1967 3070 adquisivit
1988 3041 2004 3062 ,
2034 3026 2085 3096 Ο
2112 2992 2333 3047 reddita
2363 2993 2432 3025 77°
2464 2992 2568 3047 sub
2598 2990 2706 3047 fide
2734 2999 2789 3047 et
2808 3000 3154 3049 sacramento
3178 2994 3481 3064 duplicant.

387 3107 564 3163 pauca
607 3091 704 3145 sed
738 3091 1109 3146 eminentiora
1131 3090 1547 3161 descripsimus,
1574 3096 1629 3145 et
1670 3095 1728 3144 ut
1773 3088 2010 3144 arbitror

387 3180 695 3251 posteritati
746 3186 949 3236 nostrae
980 3180 1384 3249 consuluimus,
1412 3180 1551 3235 utsi
1599 3179 1725 3252 quis
1769 3179 2009 3248 injustus

385 3272 649 3329 violentia
694 3272 779 3328 vel
836 3272 1145 3344 ignorantia
1194 3289 1280 3327 res
1326 3272 1613 3340 aecclesiaa,
1670 3271 1817 3343 quod
1874 3288 2007 3343 sepe

387 3363 637 3434 contigit,
672 3362 1024 3434 temptaverit
1050 3362 1301 3417 minuere
1338 3361 1424 3417 vel
1464 3361 1702 3427 auferre,
1745 3360 1922 3416 sciant
1955 3361 2008 3416 ei

379 3455 525 3527 juste
558 3464 612 3510 et
642 3453 1043 3511 rationabiliter
1092 3455 1370 3509 resistere.
1422 3454 1813 3526 .tdquisicrunt
1842 3454 2006 3509 etiam

387 3547 555 3603 multa
575 3547 705 3615 alia,
736 3547 855 3603 etsi
888 3547 1102 3603 minora
1135 3555 1313 3602 tamen
1343 3547 1749 3602 melesiasticaa
1783 3546 2006 3602 utilitati

388 3649 535 3711 apta,
577 3639 707 3710 quia
738 3645 943 3692 certum
984 3646 1068 3692 est
1105 3638 1289 3708 parvis
1318 3653 1517 3712 magna
1542 3637 1739 3708 juvari,
1773 3645 1829 3693 et
1866 3638 2020 3693 mul-‘

387 3731 457 3786 tis
486 3729 683 3801 pluvia:
712 3729 883 3803 guttis
923 3728 1128 3783 flumen
1151 3729 1376 3799 repleri.

458 3816 549 3872 61.
583 3817 881 3870 Successor
922 3814 1141 3869 abbatis
1195 3815 1400 3870 Olberti
1450 3815 1783 3871 Mascclinus
1820 3815 2008 3880 abbas,

390 3906 445 3959 in
479 3904 664 3959 multis
707 3909 969 3975 expertus
1012 3919 1176 3974 quam
1218 3904 1433 3976 sagacis
1474 3905 1645 3959 animi
1676 3914 1822 3960 esset
1852 3906 2011 3961 dom-

394 4013 499 4051 nus
554 3996 899 4062 Liethardus,
959 4005 1150 4067 rogatu
1203 3995 1427 4050 fratrum
1476 3996 1787 4052 timentium
1840 3998 2009 4053 Deum

391 4089 667 4145 commisit
688 4088 739 4143 ei
771 4089 1146 4160 praepositum:
1173 4087 1437 4143 ofﬁcium.
1484 4089 1579 4144 llle
1610 4100 1873 4160 reputans
1900 4105 2011 4147 non

396 4180 662 4235 honorem
685 4194 809 4234 esse
836 4179 935 4233 sed
976 4194 1139 4245 onus,
1171 4178 1239 4232 ad
1270 4178 1419 4249 quod
1450 4190 1564 4232 erat
1596 4187 1889 4247 assumtus,
1912 4180 2014 4235 ab-

397 4267 511 4322 bati
561 4276 677 4323 erat
713 4267 940 4323 baculus
984 4266 1346 4335 fortitudinis,
1398 4267 1529 4338 quia
1568 4266 1647 4321 nil
1694 4267 1798 4321 sibi
1839 4269 2016 4323 inerat

398 4360 609 4433 ignavae
656 4357 992 4425 formidinis,
1042 4365 1098 4413 et
1140 4358 1415 4414 alleviatio
1446 4358 1851 4426 sollicitudinis,
1887 4361 2015 4433 quia

2039 4401 2097 4471 D

2180 3084 2271 3138 62.
2297 3084 2563 3139 Anolinus
2610 3084 2835 3155 quidam
2888 3085 3093 3142 nobilis
3131 3086 3198 3140 de
3228 3085 3375 3155 lvilla
3427 3085 3611 3155 llalley
3646 3085 3743 3137 di-

2108 3183 2217 3243 cta,
2279 3175 2363 3230 his
2413 3191 2714 3247 Oppressus
2751 3175 3089 3242 infortuniis,
3145 3177 3404 3233 allodium
3449 3177 3597 3249 quod
3640 3177 3746 3231 11³-

2109 3267 2275 3323 bebat
2345 3258 2415 3321 in
2475 3267 2617 3333 villa,
2653 3268 2945 3323 Jandrinul
3012 3276 3202 3325 sancto
3263 3270 3421 3325 Petro
3479 3268 3734 3324 vendidit

2108 3354 2319 3428 argenti
2368 3355 2604 3411 marchis
2650 3357 2732 3411 15.
2792 3356 3065 3411 Robcrtus
3122 3373 3280 3429 aeque
3335 3357 3403 3411 de
3449 3356 3583 3411 villa
3642 3372 3741 3410 ea-

2109 3448 2235 3503 dem
2261 3448 2583 3520 praediolum
2640 3448 2789 3519 quod
2823 3447 3064 3503 habebat
3106 3449 3159 3503 in
3214 3448 3342 3503 villa
3379 3447 3553 3503 sancti
3584 3449 3733 3502 Gau-

2110 3537 2282 3613 gerici
2322 3537 2491 3605 dicta,
2522 3544 2648 3593 octo
2699 3538 2897 3592 marcis
2935 3539 3145 3613 argenti
3184 3545 3373 3593 sancto
3405 3538 3561 3593 Petro
3595 3552 3737 3591 ven-

2109 3628 2250 3683 didit
2335 3628 2637 3683 Balduinus
2668 3638 2722 3683 et
2770 3628 3050 3684 Johannes
3109 3628 3306 3685 fratres
3350 3628 3597 3704 germani
3666 3628 3738 3683 de

2113 3722 2241 3778 villa
2270 3723 2418 3778 Jalce
2464 3722 2630 3788 dicta,
2679 3722 2942 3779 allodium
2993 3725 3138 3796 quod
3195 3724 3478 3779 habebant
3507 3723 3560 3777 in
3603 3723 3738 3777 villa

2115 3832 2237 3887 qua:
2265 3831 2414 3870 nunc
2438 3815 2592 3871 Mons
2614 3815 2789 3871 sancti
2822 3816 3067 3872 Guiberti
3094 3817 3311 3883 dicitur,
3344 3826 3559 3888 septem
3599 3831 3741 3869 mar-

2111 3907 2192 3963 cis
2230 3912 2421 3961 sancto
2453 3906 2612 3962 Petro
2665 3907 3026 3963 tradiderunt.
3080 3909 3325 3964 Domnus
3380 3909 3555 3963 abbas
3588 3908 3739 3980 11118-

2112 3994 2341 4049 thardus
2370 3993 2505 4049 emit
2558 3994 2627 4049 ab
2684 3994 2906 4051 Elberto
2938 3995 3008 4051 dc
3059 3996 3247 4067 Vileyr
3287 4005 3341 4052 et
3394 4013 3564 4052 uxore
3617 3996 3741 4063 eius

2114 4084 2469 4157 Eremburge,
2528 4082 2659 4138 ﬁliis
2696 4099 2887 4139 eorum
2934 4085 3361 4157 astipulantibus
3404 4084 3735 4151 Godefrido,

2114 4173 2383 4240 Arnulfo,
2443 4173 2813 4242 Godescalco,
2867 4175 2939 4232 60
2979 4176 3178 4232 marcis
3236 4177 3500 4249 quicquid
3543 4176 3739 4232 allodii

2117 4266 2428 4322 habuerunt
2458 4266 2514 4320 in
2553 4266 2680 4321 villa
2720 4266 2980 4323 Gemblus
3033 4269 3152 4340 jure
3194 4269 3552 4335 hereditario,
3581 4267 3744 4323 vide-

2118 4355 2248 4411 licet
2301 4355 2358 4409 in
2416 4355 2586 4429 agris,
2644 4355 2897 4423 culturis,
2954 4356 3117 4412 cultis
3164 4364 3217 4412 et
3271 4357 3511 4421 incultis,
3563 4355 3741 4421 silvis,

402 4449 458 4503 in
487 4447 745 4504 omnibus
786 4455 906 4502 erat
954 4446 1124 4502 utilis.
1173 4446 1357 4501 Abbas
1392 4447 1693 4502 Tictmarus
1737 4448 1869 4520 quia
1900 4446 2312 4522 eratypratis,
2359 4450 2597 4520 pascuis,
2653 4450 2810 4521 aquis
2853 4468 3188 4523 aquarumve
3246 4450 3593 4516 decursibus,
3642 4466 3746 4504 ex-

405 4537 593 4593 multaa
622 4536 992 4609 simplicitatis
1017 4545 1072 4591 et
1111 4537 1390 4592 nesciebat
1418 4552 1613 4592 cavere
1642 4537 2020 4595 fraudulentas

2122 4542 2294 4597 ilibus
2322 4542 2554 4609 viarum,
2615 4542 2859 4596 thelonei
2916 4559 3138 4615 quoque
3192 4550 3343 4614 parte
3394 4542 3619 4597 sibimet
3649 4556 3744 4597 ac~

409 4628 695 4700 decipulas
724 4630 986 4684 secularis
1034 4629 1389 4700 duplicitatis,
1415 4630 1535 4698 ejus
1573 4645 1720 4685 cura:
1750 4632 2029 4687 commisit
2129 4633 2371 4700 cidente,
2425 4639 2749 4704 partemque
2802 4632 3127 4697 molendini,
3174 4648 3297 4687 cum
3339 4633 3539 4687 ceteris
3578 4629 3749 4689 rebus

409 4721 595 4776 omnia
615 4720 910 4784 exteriora;
945 4722 1066 4793 ipse
1086 4722 1314 4777 curabat
1334 4722 1716 4781 tantummodo
1734 4724 2022 4782 interiora.

410 4812 581 4886 Igitur
611 4813 665 4867 hi
697 4819 809 4868 tres
836 4813 1065 4869 abbates
1094 4815 1226 4886 quia
1252 4814 1702 4886 impediebantur
1727 4824 1789 4872 ut
1811 4817 2020 4874 dictum

409 4909 494 4957 est
522 4910 616 4957 aut
643 4909 824 4972 aetate,
872 4914 970 4960 aut
1006 4905 1343 4975 inﬁrmitate,
1384 4914 1481 4961 aut
1527 4906 1901 4979 simplicitate,
1935 4925 2022 4966 res

408 4990 799 5048 azcclesiastica
827 5008 1017 5049 eorum
1040 5002 1289 5066 tempore
1315 4995 1553 5049 maxima
1591 5012 1655 5050 ex
1677 5005 1831 5067 parte
1855 4997 2020 5067 hujus

407 5088 821 5145 sustentabatur
848 5090 1141 5161 probitate.
1164 5091 1301 5157 Quia
1338 5106 1469 5164 ergo
1503 5092 1740 5146 domnus
1769 5093 2019 5148 Liethar-

408 5178 513 5234 dus
563 5181 728 5236 trium
782 5181 1043 5237 abbatum
1085 5191 1331 5253 tempore
1371 5182 1641 5238 didicerat
1679 5183 1912 5239 subesse
1967 5190 2022 5238 et

410 5272 693 5341 prodesse,
726 5273 929 5349 dignus
960 5274 1174 5330 habitus
1221 5281 1322 5339 est,
1351 5275 1444 5346 qui
1500 5284 1628 5346 post
1671 5291 1767 5332 eos
1799 5292 2021 5352 rogare-

409 5368 497 5418 tur
531 5380 772 5435 prazesse
803 5372 860 5421 et
893 5366 1175 5437 prodesse.
1210 5368 1375 5422 Datus
1396 5367 1593 5435 abbas,
1638 5368 1887 5440 quandiu
1920 5368 2023 5423 fuit

410 5455 462 5509 ei
498 5456 672 5513 virtus
710 5459 959 5530 corporis
990 5466 1044 5515 et
1078 5459 1418 5532 prosperitas
1461 5460 1748 5533 temporis,
1795 5459 1882 5517 bis
1906 5459 2026 5531 qui-

2133 4726 2395 4797 predictze
2425 4724 2762 4797 possessioni
2807 4724 3064 4779 subditis.
3110 4725 3236 4780 llaec
3282 4723 3431 4779 omni
3492 4722 3750 4777 Elbertus

2126 4830 2182 4878 et
2237 4821 2593 4895 Eremburgis
2647 4834 2784 4874 uxor
2857 4821 2977 4889 ejus
3033 4836 3133 4891 per
3215 4834 3437 4873 manum
3486 4816 3745 4871 Balduini

2122 4910 2373 4966 advocati
2415 4908 2667 4983 legaliter
2716 4908 3061 4963 tradiderunt
3110 4914 3299 4963 sancto
3360 4906 3541 4972 Petro,
3602 4920 3747 4975 prae-

2120 5006 2277 5056 sente
2302 4999 2506 5075 domno
2532 4996 2732 5051 abbate
2754 4996 3066 5052 Liethardo.
3100 4996 3160 5051 In
3184 4993 3481 5067 prmsentia
3521 5008 3746 5064 quoque

2124 5089 2372 5160 ejusdem
2414 5087 2602 5143 domni
2644 5087 2859 5141 abbatis
2898 5086 3178 5141 Liethardi
3233 5094 3287 5140 et
3327 5084 3579 5150 fratrum,
3635 5081 3745 5136 Ma-

2125 5177 2394 5244 chelmus,
2453 5176 2616 5249 Ergo,
2658 5174 3026 5230 Godescalcus
3084 5173 3152 5229 de
3207 5171 3514 5237 Marebaco,
3572 5168 3749 5223 dede-

2123 5279 2253 5325 runt
2295 5274 2487 5324 sancto
2534 5268 2694 5322 Petro
2726 5267 2780 5321 in
2813 5266 3192 5322 vadimonium
3221 5279 3319 5335 pro
3347 5271 3471 5319 octo
3522 5260 3744 5329 marcis,

2125 5362 2387 5435 quicquid
2415 5361 2607 5418 allodii
2637 5360 2950 5415 habuerunt
2978 5358 3033 5412 in
3064 5357 3349 5425 Gemblus,
3393 5356 3448 5410 in
3477 5360 3742 5411 mercato.

2126 5459 2184 5513 in
2214 5458 2389 5526 silvis,
2430 5458 2487 5513 in
2519 5457 2707 5529 pratis,
2738 5456 2795 5510 in
2829 5455 3058 5525 campis,
3100 5454 3156 5508 in
3195 5451 3506 5517 cortilibus,
3538 5448 3596 5503 in
3618 5463 3749 5504 mo-

1764 5588 1984 5644 VARUE
2018 5587 2300 5645 LECTION
2306 5587 2400 5643 ES.

483 5659 553 5694 ’το
574 5660 635 5713 in
665 5660 774 5716 loco
805 5676 949 5716 raso.
