3938 6050
330 217 432 274 637

1295 217 1473 271 GEST.
1518 218 1662 272 ABB.
1707 216 1943 272 GEMBL.
1987 247 2056 256 —
2099 215 2333 271 CONTIN
2402 217 2719 273 GODESCH.

3573 229 3676 286 638

328 339 583 406 lendino,
618 338 684 394 ad
718 338 786 392 12
830 353 1023 394 annos.
1060 338 1115 393 Si
1149 345 1272 410 post
1323 339 1390 394 12
1429 354 1605 396 annos
1637 355 1748 396 non
1787 339 1954 394 fuerit
1977 341 2030 409 Α
2052 339 2156 408 ipsi
2189 340 2401 409 experti
2436 347 2614 407 erant,
2641 341 2854 397 scilicet
2885 359 2954 396 ne
2994 360 3344 417 quacumque
3376 350 3674 406 occasione

331 433 709 502 redemptum,
750 447 970 502 semper
999 430 1252 487 ecclesia
1291 431 1501 487 tenebit
1528 448 1705 504 usque
1735 431 1804 486 ad
1844 431 1946 486 Ka-

325 521 522 577 lendas
550 520 796 577 octobris
837 522 1125 592 sequentis
1162 522 1314 576 anni.
1358 524 1547 576 Actum
1577 537 1723 576 anno
1762 521 1946 576 domi-

328 613 466 669 nicae
495 613 888 669 incarnationis
917 612 1076 680 1096,
1110 613 1414 668 indictione
1445 620 1657 684 quarta,
1693 613 1950 667 Kalendis

330 703 603 760 Octobris.
653 704 952 759 Gosbertus
981 703 1174 771 laicus,
1217 704 1352 758 civis
1383 710 1588 771 noster,
1623 704 1947 760 fraternitati

331 803 535 850 nostrae
575 795 708 866 ipsis
757 794 956 849 diebus
995 795 1254 860 sociatur,
1303 795 1397 866 qui
1452 800 1658 866 quanto
1699 802 1823 864 post
1853 794 1954 848 ad—

335 885 494 950 vixit,
546 885 812 940 zecclesire
865 886 998 939 satis
1046 886 1222 940 extitit
1265 887 1606 942 commodus.
1645 887 1754 940 Hoc
1804 887 1948 942 enim

330 983 618 1046 argentum
653 974 919 1044 persolvit
967 991 1030 1028 ex
1073 976 1320 1045 proprio,
1381 993 1446 1031 ea
1498 977 1838 1044 conditione,
1895 985 1953 1032 ut

331 1075 453 1138 post
506 1075 735 1122 mortem
789 1082 944 1121 suam
1002 1068 1185 1122 omnis
1236 1069 1447 1123 reditus
1514 1069 1688 1140 ipsius
1759 1071 1944 1126 allodii

327 1157 590 1212 fratribus
643 1158 864 1214 daretur
938 1156 992 1210 in
1070 1157 1373 1225 communi,
1423 1158 1800 1212 anniversaria
1855 1159 1943 1212 die

325 1248 507 1303 obitus
527 1249 630 1302 sui.

395 1344 482 1400 63.
543 1345 784 1399 Domnus
822 1345 1086 1400 Beroldus
1118 1344 1284 1399 frater
1322 1351 1527 1400 nostra:
1558 1345 1943 1420 congregatio-

324 1435 410 1487 nis
439 1433 708 1488 sollicitus
745 1434 815 1487 de
855 1435 1035 1489 salute
1078 1433 1276 1488 animae
1308 1451 1446 1498 suae,
1477 1434 1760 1489 constituit
1806 1451 1941 1490 con-

323 1539 490 1578 sensu
521 1522 708 1578 domui
749 1522 966 1576 abbatis
1006 1523 1281 1577 Liethardi
1321 1531 1376 1577 et
1433 1524 1681 1578 omnium
1713 1524 1935 1580 fratrum

2048 434 2284 498 reperta,
2314 444 2401 483 res
2427 430 2692 484 mcclesiae
2720 430 2842 484 sine
2872 431 3072 500 fructu,
3098 434 3192 488 sed
3225 451 3335 490 non
3366 435 3486 492 sine
3521 439 3673 495 luctu

2049 525 2260 585 nostro,
2291 519 2560 590 diriperet
2613 521 2946 590 episc0palis
2999 523 3283 579 violentia.
3348 526 3469 581 Erat
3504 544 3674 583 excu-

2050 608 2191 662 satio
2251 617 2516 675 extrema,
2571 625 2695 680 qua-3
2758 610 2921 664 etiam
2986 611 3281 668 videbatur
3333 617 3673 684 permaxima

2055 699 2182 770 quia
2217 700 2262 754 si
2294 700 2477 772 aliqua
2531 701 2796 755 secularis
2838 709 3034 772 potens
3086 721 3322 776 persona
3363 723 3460 777 per
3487 724 3674 763 coem-

2056 790 2259 846 tionem
2287 793 2522 861 alicu1us
2555 795 2747 864 praedii
2778 796 3091 866 superhiret
3136 798 3192 851 in
3224 806 3414 853 nostra
3448 800 3670 866 vicinia,

2053 902 2276 956 semper
2313 889 2380 942 ab
2413 905 2478 942 ea
2523 900 2707 943 nostra
2737 899 3085 946 vastarentur
3115 894 3320 963 praedia
3353 903 3408 948 et
3450 895 3669 967 afflige-

2055 983 2208 1030 retur
2253 977 2481 1033 familia.
2530 978 2669 1033 Dicit
2717 979 2912 1035 beatus
2999 982 3370 1048 Jheronimus,
3429 984 3557 1055 quia
3617 986 3670 1038 in

2053 1068 2203 1122 omni
2231 1085 2412 1123 rerum
2443 1078 2641 1125 eventu
2675 1073 2849 1146 magis
2883 1076 3226 1144 perpendere
3248 1075 3517 1130 debemus
3540 1076 3671 1132 affe-

2045 1166 2192 1213 ctum
2253 1160 2596 1227 intentionis,
2657 1180 2819 1234 quam
2881 1163 3137 1220 effectum
3190 1166 3552 1237 Operationis.
3614 1169 3670 1222 Si

2044 1267 2174 1323 ergo
2234 1251 2286 1304 in
2339 1252 2634 1308 abbatibus
2679 1254 2913 1326 simplex
2954 1266 3008 1311 et
3069 1266 3250 1314 rectus
3281 1260 3384 1314 fuit
3435 1259 3668 1316 affectus

2044 1348 2389 1414 intentionis,
2424 1365 2533 1404 non
2566 1351 2671 1404 erit
2712 1352 3007 1422 culpabilis
3058 1356 3156 1409 sed
3219 1358 3550 1412 excusabilis
3583 1357 3666 1412 ef-

2044 1435 2219 1492 fectus
2275 1439 2636 1509 operationis.
2682 1442 2789 1496 Nos
2837 1442 3130 1497 redeamus
3173 1445 3239 1498 ad
3293 1446 3344 1499 id
3379 1447 3524 1502 unde
3577 1447 3665 1501 di-

2042 1527 2215 1597 gressi
2238 1544 2451 1583 sumus.

321 1613 560 1669 IIl-Omni
615 1613 704 1666 die
761 1619 1012 1667 cantetur
1055 1613 1222 1665 missa
1252 1612 1308 1665 in
1348 1613 1600 1666 wccleSia
1629 1613 2014 1718 Gemmela-B
2110 1619 2198 1673 65.
2258 1621 2500 1675 Domnus
2553 1621 2724 1677 abbas
2776 1623 3099 1678 Liethardus
3155 1625 3428 1698 religiosis
3478 1629 3666 1697 patris,

319 1701 471 1755 censi
504 1716 601 1770 pro
651 1699 863 1756 cunctis
906 1699 1168 1754 fidelibus
1211 1699 1509 1767 defunctis,
1552 1708 1607 1754 et
1635 1701 1753 1758 haec
1802 1717 1938 1757 con-

319 1793 535 1848 stitutio
566 1794 620 1847 in
662 1801 930 1848 aeternum
957 1807 1279 1862 permanere
1315 1792 1710 1848 inviolabiliter
1750 1795 1938 1850 debet.

321 1884 397 1937 Ad
427 1883 572 1954 quod
601 1884 959 1953 explendum,
991 1883 1342 1938 medietatem
1373 1882 1676 1936 molendini
1717 1884 1772 1936 in
1828 1883 1941 1938 Ma-

321 1976 429 2030 nilz
481 1992 642 2047 quam
703 1977 771 2030 ab
803 1976 1022 2030 Elberto
1063 1983 1118 2030 et
1149 1975 1470 2047 Erenburge
1520 1992 1688 2031 uxore
1721 1978 1842 2046 ejus
1881 1979 1938 2033 in

319 2069 636 2124 vadimonio
690 2084 788 2139 pro
821 2069 887 2124 15
933 2069 1132 2122 marcis
1177 2069 1390 2142 argenti
1433 2068 1678 2135 tenebat,
1734 2071 1936 2124 aeccle-

317 2163 413 2217 size
440 2162 870 2216 Gemmelacensi
898 2160 1148 2235 legaliter
1178 2161 1316 2215 tradi
1342 2161 1565 2224 fecerat,
1587 2177 1685 2230 per
1715 2177 1935 2216 manum

319 2251 508 2306 domni
531 2251 747 2306 abbatis
795 2256 850 2304 et
880 2249 1126 2304 omnium
1171 2248 1394 2304 fratrum
1429 2250 1730 2320 deputavit,
1763 2257 1818 2304 ut
1850 2266 1937 2304 re—

319 2346 467 2400 ditus
492 2345 670 2414 ipsius
707 2342 1014 2398 molendini
1041 2342 1244 2396 habeat
1276 2341 1548 2412 presbiter
1587 2341 1680 2412 qui
1716 2342 1935 2396 missam

318 2434 581 2498 cantabit,
632 2433 877 2503 exceptis
903 2431 1303 2486 oblationibus.
1367 2431 1500 2484 Etsi
1554 2431 1933 2487 molendinum

315 2525 479 2580 fuerit
508 2526 878 2594 redemptum,
922 2524 1073 2593 ipsos
1095 2518 1165 2578 15
1207 2539 1420 2578 marcos
1450 2524 1619 2578 abbas
1665 2533 1719 2579 et
1742 2524 1938 2582 fratres

312 2615 598 2686 recipiant,
633 2621 692 2668 et
737 2614 804 2667 de
844 2612 979 2682 ipsis
1020 2618 1314 2684 procurent
1343 2619 1402 2667 ut
1457 2613 1622 2667 missa
1659 2615 1811 2669 omni
1846 2616 1934 2671 die

312 2708 367 2760 in
425 2714 750 2777 perpetuum
809 2712 1078 2760 cantetur.
1132 2705 1238 2768 Qui
1293 2706 1435 2760 hanc
1486 2707 1932 2763 constitutionem

315 2801 664 2868 destruxerit,
695 2802 987 2856 anathema
1027 2801 1113 2855 sit.

2043 1708 2254 1763 scilicet
2277 1709 2465 1763 domni
2491 1711 2709 1765 abbatis
2741 1712 2967 1778 Olberti,
3021 1713 3313 1788 religiosus
3368 1714 3532 1779 filius,
3586 1717 3668 1770 his

2044 1796 2242 1867 quibus
2284 1806 2532 1867 praeerat,
2567 1801 2840 1874 religiosae
2868 1803 2990 1857 vita:
3016 1805 3325 1874 exemplum
3363 1805 3663 1876 praebebat.

2045 1887 2175 1941 Cum
2202 1901 2297 1941 eos
2325 1888 2665 1957 pnecelleret
2713 1889 2962 1944 imitabili
3004 1892 3242 1958 actione,
3280 1894 3666 1948 moderabatur

2043 1985 2225 2032 tamen
2255 1979 2402 2048 quod
2458 1979 2655 2050 agebat
2705 1979 2970 2034 laudabili
3027 1984 3377 2038 discretione.
3439 1985 3560 2041 Erat
3612 1985 3660 2039 ei

2041 2067 2388 2122 consuetudo
2427 2084 2493 2121 ex
2528 2068 2699 2123 multo
2734 2076 2999 2140 tempore,
3029 2077 3222 2140 quarta
3263 2077 3315 2125 et
3348 2079 3498 2127 sexta
3525 2073 3663 2128 feria

2040 2171 2214 2227 usque
2263 2156 2329 2210 ad
2376 2156 2746 2227 vespertinam
2793 2157 2901 2210 diei
2957 2158 3146 2213 horam
3201 2159 3472 2229 jejunium
3531 2177 3662 2231 pro-

2036 2249 2274 2313 trahere,
2306 2248 2472 2318 idque
2504 2248 2783 2319 praecipue
2815 2250 3194 2320 exequebatur
3229 2250 3428 2305 diebus
3455 2251 3661 2306 adven-

2037 2345 2123 2390 tus
2178 2337 2392 2391 Domini
2425 2345 2478 2392 et
2516 2338 2975 2412 quadragesimae.
3041 2339 3283 2410 Cumque
3322 2341 3427 2394 sibi
3455 2341 3541 2394 vix
3569 2346 3660 2393 aut

2041 2431 2190 2485 nullo
2255 2432 2420 2485 modo
2475 2431 2640 2485 vellet
2681 2431 2948 2505 indugere
2991 2431 3256 2488 fratribus
3297 2439 3478 2488 tamen
3532 2449 3660 2489 con-

2038 2536 2230 2594 gruam
2266 2520 2505 2590 tempori
2542 2520 2897 2575 refectionem
2950 2522 3156 2576 exiberi
3182 2523 3412 2592 jubebat
3450 2524 3659 2595 absque

2038 2613 2452 2680 retractatione,
2498 2613 2712 2668 malens
2743 2629 2840 2668 eos
2891 2615 3200 2670 voluntarie
3232 2617 3514 2687 proposito
3565 2635 3661 2671 su-

2037 2702 2360 2773 peraddere,
2415 2719 2577 2773 quam
2620 2711 2899 2774 praecepto
2956 2721 3055 2759 suo
3109 2713 3329 2760 coactos
3381 2706 3659 2761 abstinere

2035 2793 2177 2848 Raro
2211 2803 2302 2848 aut
2361 2810 2664 2865 numquam
2697 2795 2752 2848 in
2809 2811 3035 2851 camera
3091 2813 3187 2850 sua
3235 2797 3540 2868 prandebat
3567 2807 3660 2852 aut

383 2890 473 2944 64,
527 2891 770 2945 Domnus
813 2891 1152 2966 Sigebertus,
1197 2891 1507 2962 descriptor
1555 2892 1682 2947 vim
1738 2892 1926 2947 damni
1954 2922 2002 2991 Ο
2033 2883 2283 2947 cenabat,
2318 2883 2426 2937 nisi
2455 2883 2690 2952 alicujus
2724 2885 2992 2955 praecipui
3017 2886 3255 2956 hospitis
3281 2902 3405 2941 eum
3438 2894 3660 2961 cogeret

312 2981 530 3036 abbatis
571 2980 802 3047 Olberti,
834 2982 904 3035 de
936 2981 1045 3034 vita
1090 2988 1144 3034 et
1191 2980 1405 3035 actibus
1442 2981 1562 3047 ejus
1605 2997 1736 3036 vera
1767 2981 1921 3048 dixit,

312 3083 368 3130 et
421 3076 628 3146 absque
669 3075 838 3130 dubio
880 3076 1068 3130 dicere
1125 3077 1322 3146 potuit,
1369 3075 1498 3147 quia
1539 3076 1633 3130 diu
1685 3077 1735 3130 ei
1791 3092 1925 3132 con-

310 3167 455 3222 vixit.
521 3167 613 3222 llic
691 3167 836 3222 inter
883 3174 1084 3222 caetera
1146 3167 1440 3237 descripsit
1492 3175 1548 3222 et
1597 3167 1919 3223 dinumera-

311 3257 387 3311 vit
438 3273 502 3311 ea
547 3273 670 3328 quae
722 3257 814 3310 ille
861 3257 917 3310 in
958 3273 1095 3312 auro
1135 3263 1191 3311 et
1236 3263 1466 3330 argento
1513 3258 1647 3311 satis
1691 3258 1920 3329 copiosa

306 3346 572 3403 :ecclesiae
602 3347 698 3402 Dei
730 3347 980 3403 contulit.
1019 3347 1148 3411 Quae
1187 3348 1315 3418 quia
1365 3347 1536 3402 lector
1569 3346 1622 3401 in
1655 3363 1756 3403 suo
1800 3347 1922 3403 loco

305 3437 460 3492 facile
491 3439 694 3508 poterit
725 3438 1024 3509 repperire,
1058 3437 1397 3508 superfluum
1431 3439 1710 3493 credimus
1751 3454 1815 3493 ea
1834 3438 1924 3494 hic

305 3529 502 3583 iterum
525 3529 814 3600 replicare.
849 3529 1041 3584 Merito
1057 3543 1187 3599 ergo
1215 3528 1466 3600 queritur
1496 3545 1526 3583 a
1557 3528 1763 3594 multis,
1797 3529 1922 3599 quis

306 3635 369 3674 ea
409 3620 761 3686 destruxerit,
794 3621 924 3691 quid
963 3619 1092 3674 inde
1149 3619 1346 3694 egerit,
1389 3619 1523 3690 quid
1563 3619 1924 3676 emolumenti

307 3708 561 3764 zecclesia
591 3711 684 3764 Dei
741 3710 869 3764 inde
922 3710 1200 3774 habuerit,
1245 3711 1333 3765 Eis
1364 3727 1466 3766 nos
1500 3712 1923 3782 respondentes,

308 3816 416 3855 non
449 3801 690 3872 aliquem
744 3801 1013 3869 majorum
1069 3806 1382 3855 nostrorum
1437 3817 1777 3866 accusamus,
1825 3803 1925 3856 sed

312 3909 409 3947 nos
439 3893 589 3963 ipsos
628 3909 970 3948 excusamus.
1029 3892 1140 3948 Scit
1167 3895 1332 3958 Deus,
1374 3893 1502 3964 quia
1554 3893 1777 3947 multam
1810 3910 1916 3964 pe-

309 3985 520 4038 nuriam
552 3985 1002 4040 vestimentorum
1037 3993 1092 4038 et
1130 3983 1328 4051 victus,
1380 3984 1824 4054 deprwdationes
1866 3993 1920 4040 et

309 4075 564 4128 incendia
595 4083 648 4130 et
679 4076 1062 4130 tribulationes
1091 4076 1291 4131 multas
1337 4076 1483 4148 passi
1526 4093 1738 4144 sumus,
1771 4093 1918 4132 nun-

306 4180 468 4233 quam
506 4174 684 4219 tamen
709 4165 775 4219 de
809 4167 1067 4220 thesauro
1099 4166 1363 4220 aecclesize
1409 4166 1598 4222 valens
1630 4185 1916 4224 nummum

306 4259 361 4311 in
410 4265 625 4312 sumtus
655 4265 870 4313 nostros
901 4259 1172 4314 misimus.
1224 4259 1405 4313 Abbas
1452 4259 1773 4316 Liethardus
1820 4278 1913 4316 ex-

2027 2981 2338 3044 auctoritas,
2371 2988 2424 3034 et
2479 2982 2597 3052 ipsa
2623 2991 2682 3035 ut
2725 2981 2799 3036 ita
2861 2982 3039 3036 dicam
3073 3000 3196 3036 eum
3232 2984 3471 3038 traheret
3520 2984 3658 3038 kari-

2027 3079 2129 3127 tas.
2178 3072 2232 3126 Si
2287 3073 2585 3144 aliquando
2637 3073 2812 3142 major
2854 3073 3016 3128 solito
3073 3091 3202 3130 cum
3245 3091 3374 3129 cura
3405 3075 3653 3148 urgebat,

2024 3164 2216 3218 horam
2272 3163 2487 3234 prandii
2531 3163 2587 3216 in
2635 3162 2928 3219 refectorio
2986 3165 3364 3236 anticipabat,
3405 3170 3497 3219 aut
3535 3175 3658 3235 post

2025 3254 2252 3308 fratrum
2309 3253 2673 3310 refectionem
2734 3271 2857 3309 cum
2940 3255 3136 3325 paucis
3217 3255 3402 3310 cibum
3466 3270 3654 3309 sume-

2027 3343 2141 3397 bat.

2093 3434 2183 3490 66.
2208 3435 2272 3470 7'”
2303 3434 2622 3490 Ecclesiam
2655 3435 2798 3491 villa
2842 3435 2977 3490 Dion
3006 3451 3129 3490 cum
3175 3434 3456 3490 dominica
3501 3442 3652 3490 corte

2029 3544 2060 3582 a
2089 3526 2358 3582 Guilelmo
2389 3529 2459 3583 do
2507 3529 2777 3585 Bellorivo
2835 3528 3139 3595 incensam,
3195 3530 3435 3584 domnus
3481 3528 3651 3582 abbas

2031 3620 2356 3675 Liethardus
2385 3621 2515 3676 dum
2555 3622 2736 3677 adhuc
2780 3631 2929 3677 esset
2978 3621 3311 3693 praepositus
3341 3621 3396 3675 in
3452 3621 3651 3675 melius

2028 3709 2364 3764 reformavit.
2415 3709 2734 3765 Ecclesiam
2793 3711 2957 3766 etiam
3022 3710 3198 3765 sancti
3271 3709 3533 3781 Nycholai
3594 3709 3648 3762 in

2026 3802 2156 3858 villa
2185 3801 2376 3858 Sovrei
2417 3818 2447 3856 a
2476 3801 2850 3859 fundamentis
2880 3804 3213 3867 construxit,
3241 3810 3446 3859 cortem
3481 3802 3648 3857 Gem—

2021 3895 2393 3950 melacensem
2427 3912 2547 3967 quae
2588 3895 2807 3967 Capella
2849 3897 3052 3951 dicitur
3083 3897 3151 3951 ab
3202 3897 3417 3952 hostico
3446 3896 3644 3949 Namu-

2019 3988 2170 4043 censi
2198 3987 2509 4052 incensam,
2543 4003 2664 4042 cum
2707 3988 2967 4044 omnibus
3005 3988 3244 4044 officinis
3271 3989 3384 4042 suis
3415 4003 3650 4042 renova-

2019 4076 2115 4143 vit,
2170 4075 2412 4130 culturas
2463 4092 2718 4149 agrorum
2783 4079 2837 4130 in
2877 4077 3024 4131 villis
3063 4085 3118 4132 et
3175 4077 3511 4148 municipiis,
3547 4076 3649 4132 hoc

2021 4175 2103 4221 est
2133 4167 2357 4232 Sterias,
2397 4167 2708 4240 Jandrigul,
2745 4167 3050 4237 Sethejam,
3107 4169 3445 4235 Bavenchin,
3488 4168 3647 4234 Dion,

2020 4256 2302 4322 Genehen,
2337 4256 2550 4322 Sovrei,
2585 4256 2723 4321 Niel,
2767 4256 2973 4310 Pictam
3008 4255 3215 4320 villam,
3282 4255 3502 4323 Eyneis,
3546 4256 3647 4310 Ca-

303 4358 463 4419 cepto
495 4350 641 4420 quod
665 4359 1395 4421 acceperantantecessores
1421 4352 1561 4420 ejus,
1590 4354 1713 4424 plus
1752 4371 1913 4425 quam
1940 4311 1992 4378 Ο
2019 4344 2241 4414 Pellam,
2301 4349 2464 4415 Ρτουι
2502 4342 2672 4397 "alim
2731 4343 2872 4396 bene
2914 4351 2967 4396 εἴ
3018 4350 3293 4411 oportune
3351 4341 3642 4410 ἀίδβοδυίίο

303 4449 523 4496 centum
557 4442 747 4515 viginti
778 4444 1122 4498 mareharum
1157 4444 1400 4513 precium
1433 4444 1500 4498 de
1532 4446 1784 4502 thesauro
1806 4464 1917 4503 aec-

302 4531 486 4584 clesiae
514 4531 667 4586 dedit
690 4531 984 4587 deficiente
1013 4533 1116 4586 sibi
1141 4533 1399 4603 pecunia,
1449 4535 1517 4588 ad
1549 4536 1913 4590 coemtionem

301 4619 634 4690 praediorum
670 4620 724 4673 in
756 4621 1008 4694 angustia
1045 4622 1308 4692 temporis
1338 4638 1446 4693 quo
1478 4623 1649 4676 nimia
1678 4639 1915 4679 annonae

303 4711 494 4764 raritas
522 4710 642 4766 fuit.
680 4711 923 4782 Cumque
956 4712 1148 4766 fratres
1178 4721 1422 4782 tempore
1457 4713 1636 4784 ipsius
1676 4723 1730 4767 et
1759 4722 1916 4769 ante-

303 4817 582 4856 cessorum
614 4803 734 4871 ejus
765 4803 995 4857 nimium
1037 4804 1514 4869 contristarentur,
1547 4805 1695 4876 quod
1710 4821 1912 4877 eaquae

301 4893 370 4948 ad
403 4895 500 4948 Dei
532 4895 738 4950 cultum
787 4901 841 4950 et
870 4897 938 4950 ad
979 4897 1245 4952 recclesiae
1275 4905 1525 4952 ornatum
1558 4898 1755 4954 collata
1796 4897 1916 4953 fue-

302 4991 424 5038 rant
471 4984 912 5052 destruerentur,
949 4986 1198 5056 quamvis
1231 4987 1375 5056 justa
1417 5003 1581 5042 causa
1608 4988 1663 5042 id
1705 4989 1928 5060 exigere

300 5074 601 5141 videretur,
629 5075 854 5131 abbates
899 5077 998 5131 hac
1028 5078 1392 5148 responsione
1430 5077 1489 5133 ae
1529 5078 1924 5134 defendebant:

301 5172 356 5217 et
409 5163 518 5218 hoc
576 5163 631 5216 in
672 5164 756 5218 sui
808 5165 1220 5221 excusationem
1262 5164 1518 5221 fratribus
1564 5167 1923 5237 objiciebant.

302 5253 564 5308 Dicebant
584 5271 681 5324 per
711 5256 1065 5326 praeditorum
1098 5257 1461 5313 coemtionem
1494 5257 1612 5314 ﬁeri
1640 5260 1922 5316 aacclesia-

301 5346 560 5401 sticarum
583 5363 765 5401 rerum
797 5349 1262 5415 meliorationem,
1296 5366 1420 5406 cum
1443 5366 1566 5418 nos,
1598 5367 1696 5422 pro
1725 5353 1916 5408 dolorl

300 5434 586 5490 videamus
627 5435 1076 5494 minorationem.
1111 5440 1396 5495 Addebant
1432 5441 1734 5496 cavendum
1769 5442 1919 5512 quod

2018 4433 2376 4488 Salvenerias
2411 4431 2579 4486 etiam
2623 4447 2745 4485 cum
2780 4437 2922 4484 terra
2951 4427 3245 4496 adjacenti,
3281 4436 3337 4482 et
3377 4427 3646 4482 molendi-
3729 4435 3734 4438 '

2015 4541 2146 4579 num
2172 4525 2316 4578 vrllze
2348 4522 2555 4576 Masniz
2603 4520 2837 4575 infirmis
2879 4520 3102 4585 nostris,
3133 4529 3186 4574 et
3217 4518 3286 4572 ad
3326 4518 3647 4573 anniversa-

2029 4620 2168 4674 riam
2192 4620 2337 4674 diem
2381 4634 2494 4672 suae
2528 4615 2895 4687 depositionis
2935 4613 3191 4668 fratribus
3220 4613 3512 4689 delegavit.
3545 4613 3647 4668 Ad-

2016 4707 2158 4762 didit
2211 4707 2377 4760 etiam
2429 4705 2577 4776 quod
2630 4703 2929 4774 adquisivit
2977 4703 3032 4758 in
3088 4703 3212 4760 villa
3262 4720 3385 4776 quae
3437 4703 3646 4758 Rosiris

2016 4797 2236 4862 dicitur,
2287 4801 2342 4850 et
2401 4795 2456 4848 in
2510 4793 2640 4849 villa
2687 4793 2861 4848 sancti
2910 4793 3085 4860 Pauli,
3138 4803 3194 4849 et
3245 4795 3302 4849 in
3359 4793 3466 4849 alia
3523 4809 3646 4865 qua:

2016 4888 2228 4943 Wastin
2269 4887 2493 4954 dicitur,
2546 4896 2600 4943 et
2648 4886 2870 4940 fratrem
2916 4886 3010 4958 qui
3059 4887 3141 4942 eis
3190 4902 3379 4942 curam
3438 4886 3645 4955 impen-

2028 4981 2182 5036 deret
2210 4979 2448 5034 instituit

2097 5069 2185 5123 67.
2219 5068 2348 5125 Cum
2396 5069 2643 5143 legamus
2685 5074 2739 5123 et
2772 5067 3031 5136 sciamus,
3090 5068 3238 5140 quod
3276 5066 3406 5122 villa
3453 5064 3644 5119 Salve-

2029 5161 2213 5216 nerias
2239 5161 2304 5216 de
2337 5162 2558 5232 praediis
2573 5161 2719 5216 beati
2750 5161 2994 5217 Guiberti
3029 5161 3211 5224 fuerit,
3244 5157 3495 5230 queritur
3511 5154 3641 5226 quid

2030 5253 2084 5306 in
2119 5268 2185 5306 ea
2223 5252 2394 5306 abbas
2429 5253 2753 5308 Liethardus
2802 5251 3150 5324 adquisierit,
3191 5249 3267 5303 Ad
3300 5248 3443 5303 hanc
3480 5246 3644 5300 inter-

2023 5347 2365 5421 rogationem
2422 5362 2608 5402 veram
2667 5347 2862 5401 damus
2891 5343 3308 5415 responsionem
3391 5339 3640 5395 Consan-

2021 5442 2210 5515 guinei
2241 5441 2388 5496 beati
2423 5441 2671 5497 Guiberti
2705 5448 2828 5513 post
2845 5440 3059 5496 obitum
3074 5437 3194 5508 ejus
3219 5434 3405 5493 omnia
3433 5432 3645 5506 praedia

1652 5541 1874 5597 VARIIE
1906 5542 2280 5599 LECTlONES.

370 5633 433 5666 τη
465 5635 605 5690 Hinc
635 5637 767 5691 inde
797 5639 975 5693 littera
1000 5641 1166 5707 paulo
1195 5643 1390 5706 minor,
1433 5641 1527 5695 sed
1548 5657 1739 5698 manus
1767 5646 1844 5696 est
1873 5642 2055 5698 eadem
2078 5647 2125 5697 et
2142 5647 2326 5698 auctor
2355 5643 2518 5698 idem.
