3938 6050
247 201 354 258 639
1468 187 1614 243 SIGE
1628 185 1820 243 BERTI
1870 184 2392 242 GEMBLACENSIS.
3488 194 3598 251 διο

247 329 420 400 ipsius
458 327 792 389 invaserunt,
837 327 891 376 et
932 319 1062 391 quia
1101 318 1258 373 multi
1297 320 1472 384 erant,
1517 314 1718 370 multas
1757 313 1860 368 sibi
1891 312 2369 386 Avindicaturum
2395 313 2727 372 minabatur.
2781 314 2964 370 Abbas
3007 322 3232 372 econtra
3272 321 3503 376 armavit
3533 339 3596 378 se

247 422 426 486 partes
464 413 751 477 facientes,
797 408 884 462 vix
942 408 1012 462 de
1051 406 1284 482 singulis
1314 421 1482 460 unam
1514 410 1724 475 partem
1758 417 1864 457 ᾶξο-
1969 422 2078 461 non
2137 407 2306 461 armis
2347 407 2558 462 militiae
2592 408 2907 476 mundanae,
2960 417 3045 464 set
3082 409 3249 464 armis
3307 413 3600 486 religionis

248 503 428 558 clesiae
499 501 857 570 reliquerunt,
938 502 992 551 et
1076 512 1145 550 ne
1233 511 1397 550 unam
1475 499 1687 565 partem
1760 506 1865 546 aec-
1967 494 2303 563 christiana},
2356 495 2616 551 fratribus
2682 512 2851 566 super
2898 498 3008 552 hoc
3049 498 3277 572 negotio
3337 499 3600 556 indicens

242 594 421 649 etesiae
455 593 722 664 integram
751 590 1098 645 dimiserunt.
1148 587 1257 642 Hoc
1289 585 1568 658 hodieque
1597 585 1867 656 probatur
1967 587 2286 642 continuam
2321 587 2626 643 orationem
2651 589 2717 643 ad
2740 591 2946 655 Deum;
2981 589 3100 660 ipse
3130 606 3259 647 vero
3278 607 3401 647 cum
3424 594 3601 650 multa

249 689 302 741 in
336 686 530 754 majori
561 684 689 739 villa
720 683 980 738 Gemblus
1016 689 1069 736 et
1102 681 1159 736 in
1190 679 1313 735 aliis
1340 679 1460 748 ejus
1494 675 1868 750 possessioni-
1969 675 2152 730 cordis
2181 684 2236 730 et
2265 677 2512 747 corporis
2543 678 2874 733 contritione
2905 680 3247 736 continuavit
3275 682 3596 738 triduanum

246 775 369 841 bus,
417 775 473 828 in
528 772 729 844 quibus
783 771 988 826 multos
1043 783 1524 840 compossessores
1572 765 1864 821 habemus.
1965 768 2262 838 jejunium.
2310 767 2570 824 Condicta
2618 771 2708 825 die
2747 786 2872 825 cum
2921 787 3034 826 suae
3077 773 3248 843 partis
3289 773 3601 830 fautoribus

248 865 404 932 Quod
445 881 576 938 ergo
624 865 679 919 in
721 863 849 919 villa
887 862 1235 917 Salvenerias
1293 876 1520 914 censum
1562 857 1745 924 solvit,
1798 855 1868 910 de
1969 864 2038 918 ad
2068 862 2335 934 praedium
2382 864 2617 920 accessit
2675 864 2923 920 Onulfus.
2957 866 3155 923 Aderat
3185 868 3296 922 dux
3338 869 3598 924 Godefri-

251 961 602 1032 possessione
636 959 783 1014 beati
807 958 1052 1014 Guiberti
1100 957 1223 1014 fuit.
1268 956 1478 1012 Curiam
1510 969 1639 1009 vero
1672 962 1729 1008 et
1759 960 1869 1008 ter-

247 1070 361 1107 ram
390 1053 459 1108 ad
490 1053 660 1123 ipsam
702 1051 1095 1123 pertinentem,
1138 1050 1210 1104 de
1241 1048 1472 1104 aliorum
1501 1043 1876 1118 possessioni-

251 1146 351 1200 bus
401 1144 695 1216 adquisivit
757 1142 931 1197 abbas
997 1141 1342 1197 Liethardus.
1387 1141 1513 1211 Ipse
1572 1153 1876 1209 numquam

250 1250 450 1290 vacans
505 1231 759 1288 vanitatis
814 1241 949 1297 etto,
997 1231 1094 1285 sed
1155 1227 1564 1284 tecclesiasticee
1622 1224 1882 1281 utilitatis

252 1325 514 1380 continuo
559 1324 800 1398 ﬂagrans
849 1322 1157 1389 desiderio,
1191 1321 1422 1392 criptam
1455 1333 1576 1391 quae
1619 1317 1722 1372 sub
1772 1315 1877 1372 ab-

254 1413 383 1467 bate
410 1412 682 1468 Tietmaro
721 1410 992 1467 aediﬁcata
1037 1418 1160 1465 erat
1197 1424 1299 1464 suo
1339 1408 1528 1465 labore
1575 1405 1878 1478 praecipuo,

251 1507 283 1562 8
318 1505 586 1560 Kalendas
619 1505 847 1577 Augusti
880 1504 1119 1575 Optinuit
1148 1501 1462 1558 consecrari
1495 1501 1562 1555 ab
1615 1499 1881 1571 episcopo

220 1585 576 1653 .Leodicensi
614 1595 858 1663 Otberto,
901 1611 1010 1667 quo
1045 1595 1208 1650 etiam
1253 1594 1341 1648 die
1372 1592 1610 1648 celebris
1652 1591 1885 1646 habetur

253 1700 455 1749 nostrae
494 1693 761 1748 aecclesiae
793 1691 966 1760 major
1009 1691 1308 1746 dedicatio.

320 1780 410 1835 68.
461 1779 590 1834 Cum
627 1779 864 1851 quodam
899 1786 1146 1851 tempore
1187 1778 1456 1833 invitante
1513 1776 1710 1832 eodem
1742 1791 1886 1847 prae-

253 1872 374 1928 sule
402 1871 668 1927 Leodium
718 1873 914 1939 adiret,
973 1880 1027 1926 et
1060 1871 1243 1926 fervor
1273 1870 1408 1926 solis
1467 1875 1663 1940 utpote
1695 1867 1887 1923 media

255 1967 445 2016 aestate
471 1961 658 2016 omnia
689 1961 858 2016 nimio
900 1967 1035 2016 aestu
1066 1959 1332 2014 aﬂiceret.
1375 1965 1599 2014 coactus
1626 1973 1736 2012 non
1787 1971 1886 2010 sua

259 2059 344 2107 set
392 2068 616 2108 suorum
669 2053 1012 2120 lassitudine,
1059 2051 1221 2122 jussit
1276 2051 1358 2106 eis
1403 2066 1560 2106 escas
1618 2049 1736 2104 dari
1788 2065 1886 2120 pro

263 2144 417 2199 nimii
448 2146 649 2200 caloris
687 2145 1040 2200 alleviatione
1071 2151 1128 2199 et
1157 2145 1258 2198 viae
1284 2142 1636 2214 postmodum
1670 2141 1886 2195 accele-

263 2235 496 2292 ratione.
555 2236 723 2308 Equis
778 2237 846 2290 ad
897 2243 1114 2307 pastum
1168 2233 1435 2300 dimissis,
1487 2233 1543 2286 in
1582 2230 1888 2301 jviridiario

264 2328 413 2399 quod
443 2329 544 2384 viae
575 2329 892 2400 contiguum
923 2336 1062 2387 erat,
1095 2324 1377 2380 discubuit
1406 2341 1529 2380 cum
1573 2326 1712 2381 suis.
1737 2325 1892 2390 Quod

263 2423 551 2486 postquam
584 2416 737 2470 multi
775 2415 868 2486 qui
921 2415 977 2468 in
1023 2413 1206 2468 vicino
1256 2419 1412 2467 erant
1459 2421 1891 2483 conSpexernnt,

268 2504 515 2574 undique
547 2504 616 2557 ad
647 2519 772 2557 eum
801 2502 1205 2564 conﬂuxerunt,
1239 2503 1360 2572 lpse
1391 2516 1488 2556 eos
1532 2517 1646 2556 non
1678 2501 1891 2572 repelli.

270 2604 353 2652 set
382 2598 449 2650 de
493 2596 580 2650 his
623 2596 826 2667 quibus
861 2596 1124 2651 utebatur
1163 2612 1286 2652 cum
1324 2596 1461 2659 suis,
1499 2596 1660 2666 jussit
1691 2595 1771 2650 eis
1797 2595 1897 2649 be-

273 2691 443 2762 nigne
497 2688 752 2760 praeberi.
795 2689 968 2743 Jussit
1000 2689 1162 2743 etiam
1221 2689 1300 2744 eis
1355 2689 1542 2742 vinum
1592 2688 1894 2758 prOpinari,

268 2799 391 2838 cum
418 2781 586 2836 sciret
623 2781 734 2837 illic
762 2782 828 2836 ad
861 2797 992 2836 usus
1043 2796 1175 2836 suos
1205 2787 1260 2834 et
1301 2795 1525 2836 suorum
1568 2795 1676 2836 non
1706 2780 1809 2834 nisi
1843 2780 1898 2834 in

269 2887 469 2942 ascopa
525 2871 758 2927 modicae
797 2871 1122 2942 quantitatis
1166 2870 1357 2924 vinum
1414 2869 1626 2924 haberi.
1674 2869 1898 2939 Expleta

269 2960 595 3024 refectione,
665 2961 905 3032 quesivit
943 2978 973 3014 a
1022 2959 1301 3027 ministro,
1348 2975 1414 3012 an
1451 2969 1767 3029 superesset
1807 2959 1903 3012 ali-

272 3053 405 3126 quid
451 3053 565 3108 vini
599 3055 746 3125 quod
785 3054 890 3108 sibi
925 3063 1117 3124 posset
1143 3055 1450 3124 propinari.
1500 3053 1628 3108 llle:
1677 3054 1900 3110 Gratia-5

274 3149 398 3209 Deo,
447 3144 650 3216 inquit,
698 3147 763 3200 de
788 3163 958 3216 parvo
993 3147 1209 3200 rusculo
1260 3149 1444 3201 multis
1474 3146 1630 3201 hodie
1660 3147 1905 3201 decenter

268 3242 582 3310 propinavi,
613 3246 662 3296 et
693 3241 866 3298 adhuc
893 3246 1135 3312 superest
1167 3243 1313 3311 quod
1340 3243 1526 3296 multis
1571 3245 1749 3311 possit
1777 3258 1901 3311 pro-

268 3337 478 3406 pinari.
514 3336 692 3392 Mirati
747 3345 874 3392 sunt
901 3337 993 3409 qui
1027 3337 1276 3404 aderant,
1311 3337 1378 3392 de
1417 3336 1632 3392 tantillo
1678 3336 1902 3392 vasculo

275 3433 384 3481 tam
436 3427 626 3482 multis
681 3428 870 3482 vinum
928 3426 1234 3494 suffecisse,
1308 3434 1363 3482 et
1413 3427 1654 3482 crevisse
1715 3426 1903 3498 potius

273 3531 434 3585 quam
490 3514 777 3571 defecisse.
813 3517 992 3570 Abbas
1023 3532 1159 3570 vero
1190 3515 1382 3590 gratiae
1436 3516 1533 3570 Dei
1586 3524 1641 3570 et
1681 3517 1903 3570 miseri-

275 3607 476 3663 cordiae
510 3609 794 3664 humiliter
817 3609 1110 3679 reputavit,
1143 3609 1293 3680 quod
1321 3608 1429 3662 sibi
1457 3617 1511 3663 et
1539 3609 1654 3663 suis
1685 3609 1904 3664 habun-

275 3698 425 3753 davit
455 3705 509 3753 et
551 3700 1085 3770 superhabundavit.
1141 3701 1450 3770 Supersunt
1480 3699 1757 3771 hodieque
1808 3700 1902 3770 qui

277 3789 406 3844 huic
434 3787 577 3844 facto
613 3790 915 3846 interfuere
946 3805 960 3858 ;
994 3797 1049 3846 et
1087 3790 1232 3861 quod
1277 3797 1408 3846 tunc
1446 3790 1646 3844 accidit
1680 3799 1904 3846 narrant

281 3878 631 3950 generationi
665 3877 876 3932 alterae.

353 3970 442 4025 69.
495 3971 691 4024 Contra
722 3986 818 4025 eos
872 3970 965 4042 qui
999 3971 1453 4042 possessionibus
1490 3971 1754 4026 accclesiae
1788 3973 1904 4027 vio-

283 4061 510 4115 lentiam
542 4060 745 4115 inferre
773 4062 861 4115 vel
891 4078 985 4115 eas
1015 4062 1358 4116 conabantur
1388 4062 1672 4127 invadere,
1705 4071 1912 4134 quanta

287 4152 337 4207 ei
367 4151 537 4206 animi
564 4153 873 4208 constantia
918 4152 1106 4219 fuerit,
1158 4155 1342 4208 multis
1372 4155 1757 4225 praetermissis
1805 4157 1912 4211 hoc

289 4256 401 4296 uno
432 4241 559 4297 sciri
591 4242 810 4312 poterit.
842 4243 1072 4297 Onulfus
1106 4244 1174 4298 de
1207 4244 1340 4299 Dion
1373 4245 1647 4315 superiori
1687 4254 1803 4300 erat
1832 4246 1914 4300 vir

291 4330 516 4397 nobilis,
540 4316 694 4386 dives
720 4331 946 4403 praediis
977 4339 1032 4386 et
1055 4333 1371 4402 mancipiis.
1405 4333 1501 4388 Hic
1526 4349 1752 4389 suorum
1785 4351 1915 4409 sug-

295 4430 546 4496 gestione
575 4423 835 4494 etiniqua
863 4423 1030 4477 animi
1058 4423 1274 4479 illectus
1297 4424 1621 4494 cupiditate,
1649 4424 1913 4479 domnum

299 4514 554 4570 abbatem
589 4515 939 4570 Liethardum
970 4516 1334 4571 exacerbabat
1373 4516 1573 4588 jurgiis
1599 4532 1780 4571 coram
1815 4530 1916 4586 po-

307 4606 426 4660 sitis
462 4606 648 4660 multis
687 4607 967 4662 nobilibus
1006 4607 1162 4673 viris,
1233 4615 1441 4678 partem
1488 4623 1597 4663 non
1643 4607 1913 4662 modicam

307 4694 526 4764 praedii,
553 4695 703 4765 quod
733 4695 974 4751 habebat
997 4696 1051 4749 in
1087 4696 1220 4752 Dion
1269 4697 1542 4764 inferiori,
1577 4713 1675 4766 per
1708 4713 1832 4751 eum
1864 4703 1918 4751 et

305 4802 404 4857 per
424 4786 680 4857 praelatos
720 4789 1131 4846 Gemblacensis
1167 4792 1431 4847 mcclesiae
1462 4792 1652 4847 dicens
1688 4807 1746 4846 se
1781 4791 1918 4845 ami-

305 4878 463 4944 sisse,
512 4877 630 4932 sola
686 4877 1038 4934 collimitanei
1092 4880 1196 4937 loc‘
1228 4880 1528 4948 vicinitate,
1572 4896 1682 4936 non
1735 4880 1919 4953 aliqua

309 4968 620 5024 rationabili
667 4987 833 5026 causa
863 4973 1152 5029 existente.
1188 4974 1366 5028 Abbas
1404 4973 1761 5028 exacerbatus
1807 4989 1918 5029 non

307 5065 692 5133 exacerbabat,
718 5075 801 5124 set
827 5069 1134 5124 aecclesiam
1174 5068 1345 5124 nichil
1379 5068 1579 5137 injuste
1611 5069 1918 5139 possidere,

310 5160 558 5217 modesta
596 5162 960 5234 responsione
1027 5161 1354 5218 affirmabat.
1412 5162 1680 5230 Addebat,
1724 5165 1918 5219 decere

309 5249 547 5305 nobilem
586 5251 764 5307 virum
791 5252 907 5307 suis
936 5260 1254 5308 contentum
1287 5270 1429 5321 esse,
1462 5270 1582 5309 cum
1617 5261 1847 5324 possent
1871 5254 1922 5308 ei

308 5344 594 5411 sufﬁcere;
626 5363 737 5402 non
763 5346 970 5403 debere
999 5363 1120 5402 cum
1153 5346 1458 5403 offensione
1486 5348 1583 5404 Dei
1614 5355 1669 5403 et
1698 5354 1922 5404 sancto-

310 5448 429 5488 rum
461 5434 852 5490 aecclesiastica
882 5435 1163 5505 invadere,
1195 5437 1325 5508 quia
1355 5453 1464 5493 non
1507 5445 1697 5509 posset
1725 5437 1775 5492 ei
1821 5437 1928 5491 im-

309 5539 458 5594 pune
495 5525 713 5581 cedere.
763 5525 858 5581 Hic
913 5527 1404 5584 ammonitionibus
1443 5528 1511 5582 ab
1544 5528 1763 5599 incepto
1815 5542 1925 5582 non

309 5615 694 5684 revocabatur,
744 5625 828 5673 set
867 5618 1053 5675 verbis
1099 5619 1337 5688 omissis,
1392 5619 1560 5676 armis
1585 5635 1683 5675 sua
1729 5619 1836 5674 sibi
1867 5635 1928 5675 se

1977 953 2102 1021 dus,
2147 953 2410 1009 aecclesiae
2463 963 2665 1010 nostrae
2707 956 3020 1011 advocatus.
3079 958 3280 1012 Aderat
3332 968 3387 1013 et
3428 958 3606 1013 abbas

1979 1063 2103 1102 cum
2155 1048 2346 1118 paucis
2401 1047 2784 1104 familiaribus.
2857 1048 3102 1121 Cumque
3160 1049 3393 1106 Onulfus
3457 1067 3604 1124 equo

1980 1140 2349 1209 descendens,
2395 1140 2545 1212 quod
2576 1157 2735 1196 suum
2775 1141 2997 1197 dicebat
3026 1143 3210 1197 metiri
3261 1143 3522 1213 cepisset,
3551 1153 3609 1200 et

1983 1237 2106 1302 post
2147 1232 2551 1287 dimensionem
2607 1233 2675 1286 ad
2726 1232 2942 1288 libitum
2973 1249 3134 1288 suum
3191 1241 3406 1289 malam
3465 1235 3600 1306 poni

1983 1323 2170 1392 vellet,
2192 1325 2412 1380 incaute
2443 1326 2730 1393 incedens,
2759 1328 2940 1382 calcar
2970 1328 3176 1384 sinistri
3209 1329 3368 1400 pedis
3399 1331 3604 1386 dextrae

1982 1431 2096 1470 suae
2120 1415 2269 1470 tibiae
2294 1414 2493 1482 inﬁxit,
2526 1431 2696 1487 seque
2735 1417 2976 1489 graviter
3000 1417 3327 1473 vulneravit.
3370 1419 3604 1490 Moxque

1984 1503 2308 1578 dragunculi
2340 1504 2534 1559 morbo
2588 1520 2649 1558 se
2687 1505 3006 1573 invadente,
3040 1521 3183 1576 pene
3236 1491 3604 1574 exanimatus,

1987 1591 2190 1648 infecto
2244 1593 2466 1664 negotio
2498 1593 2567 1648 ad
2606 1609 2705 1648 sua
2762 1594 2945 1648 rediit.
2979 1593 3082 1648 Per
3123 1594 3364 1649 triduum
3421 1603 3607 1652 autem

1910 1680 2136 1765 Bquod
2195 1680 2520 1750 supervixit,
2567 1696 2668 1737 nec
2723 1681 3055 1737 comedendi
3100 1698 3204 1738 nec
3243 1683 3470 1739 bibendi
3497 1684 3612 1740 ulla

1986 1771 2217 1827 facultas
2248 1771 2300 1827 ei
2328 1772 2454 1840 fuit,
2481 1773 2674 1845 sicque
2704 1773 2815 1828 vita
2839 1773 3100 1830 decessit.
3136 1775 3469 1831 Godefridus
3499 1777 3611 1832 dux

1988 1864 2255 1935 praedium
2299 1863 2456 1932 cujus
2503 1865 2570 1919 lis
2614 1871 2724 1920 tam
2750 1865 3043 1921 manifesto
3082 1866 3179 1922 Dei
3219 1867 3432 1935 judicio
3455 1866 3614 1924 ﬁnita

1989 1963 2127 2025 erat,
2158 1957 2423 2012 aecclesiae
2455 1955 2833 2024 conﬁrmavit;
2885 1958 3136 2013 aecclesia
3167 1960 3279 2015 Deo
3305 1960 3611 2016 auxiliante

1989 2049 2124 2105 illud
2157 2049 2405 2119 possidet
2436 2057 2490 2104 et
2521 2049 2849 2120 possidebit.
2894 2052 3143 2125 Ignoscat
3184 2051 3328 2107 Deus
3365 2052 3445 2106 eis
3475 2067 3617 2123 quos

1991 2141 2292 2197 contrarios
2333 2149 2387 2196 et
2419 2157 2598 2197 rerum
2649 2150 2960 2198 nostrarum
3010 2159 3338 2215 pervasores
3383 2144 3620 2216 pertuli-

1994 2249 2117 2288 mus
2146 2239 2201 2287 et
2233 2231 2580 2303 perferimus.
2618 2234 2909 2306 Agnoscat,
2943 2242 2998 2289 et
3036 2241 3096 2289 ut
3125 2250 3252 2289 suas
3301 2240 3621 2290 remuneret

1995 2337 2092 2377 eos
2121 2337 2354 2392 quorum
2395 2322 2668 2377 munerati
2697 2337 2888 2377 sumus
2927 2323 3379 2393 possessionibus
3410 2333 3467 2378 et
3496 2339 3620 2378 sus-

1998 2415 2190 2469 tentati
2232 2414 2608 2471 facultatibus.
2645 2416 2846 2471 Horum
2875 2416 3124 2471 omnium
3155 2417 3469 2488 praecipuus
3518 2416 3621 2472 fuit

1999 2510 2288 2576 Beroldus,
2344 2512 2604 2566 sacerdos
2672 2511 2986 2586 religiosus,
3053 2513 3208 2581 cujus
3270 2521 3324 2568 et
3405 2513 3461 2566 in
3514 2513 3623 2568 hoc

1998 2602 2264 2673 opusculo
2296 2609 2350 2656 et
2400 2603 2454 2656 in
2498 2603 2612 2658 Vita
2667 2604 2925 2658 Tietmari
2966 2603 3186 2658 abbatis
3235 2605 3612 2659 meminimus.

2001 2694 2094 2749 llic
2125 2701 2324 2749 nostrae
2354 2694 2677 2750 fraternitati
2713 2696 3066 2762 conjunctus,
3100 2703 3153 2750 et
3185 2697 3388 2752 domno
3417 2696 3614 2750 abbati

1999 2783 2289 2839 Liethardo
2345 2785 2683 2850 carissimus,
2742 2794 2965 2839 centum
3018 2785 3182 2840 libras
3241 2800 3614 2853 nummorum,

2001 2886 2112 2926 non
2143 2871 2244 2926 sub
2265 2888 2375 2926 una
2404 2873 2524 2927 vice
2555 2881 2638 2926 set
2666 2872 2902 2927 diversis
2923 2872 3162 2940 vicibus,
3195 2874 3251 2928 in
3284 2873 3616 2943 praediorum

2003 2964 2466 3034 coemptionibus,
2506 2964 2560 3018 in
2607 2964 2839 3019 diversis
2885 2965 3005 3033 ejus
3056 2965 3209 3019 dedit
3267 2964 3618 3020 utilitatibus.

2003 3052 2270 3123 Tempore
2316 3061 2495 3107 autem
2537 3053 2700 3121 hujus
2743 3054 2958 3108 abbatis
2999 3055 3153 3122 obiit,
3213 3062 3267 3108 et
3317 3054 3615 3125 sepulturae

2005 3142 2183 3198 locum
2233 3151 2360 3196 ante
2391 3141 2558 3196 altare
2601 3150 2803 3197 sanctae
2853 3143 3174 3208 Gerdrudis,
3225 3143 3382 3211 cujus
3433 3141 3622 3196 turrim

2005 3235 2121 3289 suis
2147 3233 2515 3290 aediﬁcaverat
2561 3233 2850 3304 impensis,
2901 3235 3133 3306 accepit.
3171 3235 3283 3290 Hoc
3313 3233 3480 3309 digne
3514 3248 3626 3286 me-

2006 3329 2133 3395 ruit,
2167 3328 2297 3399 quia
2331 3327 2433 3381 loci
2464 3327 2638 3382 nostri
2672 3327 2880 3381 honore
2913 3335 2966 3382 et
2997 3327 3233 3382 utilitate
3255 3327 3422 3381 nichil
3446 3325 3627 3381 carius

2006 3420 2220 3486 habuit,
2247 3419 2337 3474 cui
2369 3435 2479 3474 non
2503 3420 2680 3474 solum
2703 3436 2803 3473 sua
2829 3427 2914 3474 set
2943 3426 2998 3474 et
3017 3435 3077 3474 se
3100 3419 3279 3490 ipsum
3305 3418 3628 3490 impendere

2005 3531 2226 3586 semper
2257 3521 2476 3585 paratus
2509 3513 2627 3568 fuit.

2074 3603 2164 3660 70.
2215 3603 2368 3658 Oddo
2409 3603 2709 3658 canonicus
2767 3609 2822 3657 et
2859 3603 3104 3657 decanus
3179 3603 3350 3657 sancti
3398 3601 3621 3656 Martini

2005 3692 2378 3758 Leodicensis,
2431 3692 2880 3764 consanguineus
2909 3692 3098 3746 domni
3141 3691 3414 3745 Liethardi
3455 3690 3628 3744 abba-

2004 3789 2093 3855 tis,
2141 3803 2272 3860 erga
2311 3802 2413 3841 nos
2461 3787 2561 3841 fuit
2605 3802 2714 3841 non
2750 3786 2889 3841 ﬁcta:
2939 3794 3024 3842 set
3054 3786 3314 3857 perfectae
3351 3786 3625 3840 karitatis.

2004 3880 2256 3952 Denique
2308 3895 2438 3935 mox
2485 3889 2545 3934 ut
2589 3895 2689 3935 nos
2735 3886 2788 3934 et
2840 3888 3026 3935 nostra
3058 3880 3412 3935 fraternitatis
3451 3880 3630 3954 gratia

2009 3969 2155 4040 cepit
2176 3968 2418 4031 visitare,
2442 3968 2596 4022 dedit
2621 3968 2846 4037 pallium
2865 3968 3195 4036 jacintinum
3222 3975 3412 4023 sancto
3440 3968 3628 4032 Petro,

2010 4061 2080 4115 de
2119 4076 2229 4131 quo
2274 4059 2330 4112 in
2382 4058 2677 4129 praecipuis
2708 4059 3211 4130 sollempnitatibus
3253 4061 3374 4128 ejus
3402 4066 3633 4114 ornatur

2012 4155 2202 4208 altare.
2231 4151 2389 4206 Dedit
2417 4158 2471 4205 et
2498 4157 2710 4220 septem
2728 4167 2941 4206 marcas
2970 4153 3181 4224 argenti
3208 4168 3378 4222 super
3409 4151 3630 4206 vadium

2019 4248 2284 4304 Guarneri
2323 4248 2390 4301 de
2445 4246 2722 4312 Firminis,
2766 4255 2820 4302 et
2864 4247 3072 4301 reditus
3100 4247 3220 4315 ejus
3257 4245 3632 4301 anniversaria

2016 4339 2108 4393 die
2139 4354 2253 4392 sum
2274 4336 2642 4406 depositionis
2672 4337 2956 4392 constituit
2985 4335 3104 4390 dari
3145 4335 3405 4391 fratribus
3437 4335 3632 4409 singu-

2014 4428 2082 4482 lis
2124 4426 2300 4482 annis.
2369 4425 2674 4499 Engrannis
2728 4425 2796 4478 de
2855 4425 3096 4479 Balastra
3176 4423 3394 4478 hortatu
3443 4423 3634 4478 domui

2015 4517 2234 4574 abbatis
2261 4517 2535 4572 Liethardi
2564 4517 2730 4571 frater
2768 4515 2942 4571 factus
2998 4522 3198 4570 nostrae
3254 4513 3639 4587 congregatio-

2017 4611 2123 4674 nis,
2148 4609 2303 4664 dedit
2327 4609 2563 4664 nobisin
2594 4608 2798 4663 Leodio
2829 4608 2974 4662 unde
2997 4607 3282 4662 annuatim
3311 4606 3640 4677 persolvun-

2020 4713 2107 4761 tur
2133 4706 2357 4779 triginta
2377 4703 2614 4772 denarii,
2647 4711 2700 4759 et
2728 4703 2944 4758 vineam
2970 4703 3025 4756 in
3053 4703 3302 4764 Juniaco,
3359 4708 3411 4756 et
3439 4701 3494 4755 in
3530 4701 3636 4755 Ge-

2021 4797 2212 4852 nitinis
2243 4803 2354 4850 tres
2406 4795 2638 4860 solidos,
2688 4794 2828 4848 etin
2879 4793 3029 4846 Tillir
3085 4793 3233 4846 etin
3287 4791 3462 4844 Huten
3529 4798 3638 4844 tres

2021 4886 2228 4941 solidos
2260 4892 2314 4940 et
2350 4885 2403 4939 in
2433 4884 2788 4954 Gondulpunt
2831 4889 3040 4953 partem
3075 4880 3397 4936 molendini.
3431 4879 3643 4933 Eterel-

2021 4995 2143 5034 mus
2165 4979 2235 5032 de
2264 4976 2598 5031 Wisenbech
2633 4975 2883 5046 praelium
2913 4975 3061 5046 quod
3083 4972 3324 5028 habebat
3355 4971 3413 5025 in
3443 4971 3644 5025 Melen-

2021 5069 2101 5125 riv
2127 5066 2351 5122 tradidit
2391 5073 2578 5121 sancto
2638 5065 2820 5133 Petro,
2863 5070 3135 5135 praesente
3179 5063 3383 5116 domno
3442 5060 3642 5114 abbate

2023 5159 2331 5214 Liethardo.
2382 5159 2677 5230 Argentum
2727 5172 2856 5210 vero
2911 5155 3062 5226 quod
3109 5153 3159 5207 ei
3195 5161 3311 5207 erat
3371 5151 3638 5209 dandum.

2025 5247 2344 5305 Tietbaldus
2373 5245 2507 5302 civis
2553 5252 2606 5300 et
2632 5244 2799 5300 frater
2851 5249 3040 5298 noster
3086 5240 3376 5312 persolvit,
3428 5247 3484 5293 et
3512 5254 3642 5294 cen-

2026 5357 2146 5394 sum
2190 5340 2312 5408 ejus
2343 5337 2412 5393 ad
2461 5335 2891 5392 anniversariam
2944 5333 3090 5390 diem
3143 5331 3226 5386 sui
3272 5331 3460 5387 obitus
3511 5344 3642 5385 con-

2027 5432 2225 5487 stituit.

2097 5526 2186 5580 71.
2229 5523 2487 5580 Vivianus
2529 5521 2620 5594 qui
2653 5525 2708 5576 et
2745 5518 3085 5582 Lambertus,
3129 5514 3408 5570 fratruelis
3452 5511 3642 5567 domni

2029 5617 2243 5674 abbatis
2280 5614 2577 5683 Liethardi,
2618 5630 2649 5668 a
2680 5610 2918 5682 pueritia
2957 5610 3222 5666 educatus
3262 5606 3329 5662 ab
3359 5620 3424 5661 eo
3462 5604 3520 5658 in
3557 5603 3646 5659 ha-
