3938 6050
266 225 366 280 641
1298 221 1480 276 GEST.
1527 221 1671 275 ABB.
1718 218 1956 275 GEMBL.
1999 219 2254 276 CONTIN.
2302 221 2617 277 GODESCll.
3500 234 3605 290 643

273 339 390 396 bitu
417 339 680 408 clericali,
715 339 771 394 in
802 340 976 395 virum
1012 341 1304 397 honestum
1343 348 1398 396 et
1435 342 1756 417 religiosum
1797 359 1892 398 ex-
1914 347 1970 414 Α
1994 345 2210 400 malens
2278 345 2332 399 in
2414 352 2714 416 conSpectu
2772 347 2868 403 Dei
2938 349 3160 408 humilis
3230 371 3392 426 quam
3463 376 3606 430 prte-

275 433 469 498 crevit,
502 439 555 488 et
591 434 774 503 quoad
814 433 970 499 vixit,
998 433 1150 489 utilis
1190 441 1246 490 et
1288 434 1469 490 ﬁdelis
1513 434 1895 493 Gemblacensi
1995 443 2350 506 sumptuosus
2415 439 2672 503 inveniri,
2741 439 2944 497 obnixe
2986 445 3162 514 petiit.
3227 448 3280 501 in
3334 449 3605 510 cimiterio

277 523 543 580 aecclesiae
578 523 696 577 fuit.
731 523 975 594 Denique
1006 523 1072 577 de
1115 524 1279 578 rebus
1311 525 1661 595 proprietatis
1690 543 1804 582 suae
1845 537 1900 583 et

279 618 350 671 de
379 616 462 670 his
485 633 607 688 quae
637 616 859 671 decenti
881 615 1125 672 sollertia
1151 617 1466 688 adquisivit.
1499 619 1898 694 quinquaginta

280 718 336 763 et
365 715 576 779 septem
615 707 826 764 solidos
870 710 1153 764 annuatim
1186 717 1374 766 sancto
1411 711 1570 766 Petro
1600 711 1892 786 delegavit.

282 800 390 856 llos
409 810 594 854 autem
618 800 864 856 decrevit
883 816 1006 855 esse
1029 800 1130 856 sub
1158 819 1320 857 manu
1345 803 1590 858 custodis
1612 804 1896 858 azcclesiaa.

282 900 338 947 et
370 909 435 947 ex
469 893 555 946 his
584 892 792 965 jugiter
829 893 898 946 ab
926 909 992 948 eo
1015 893 1132 948 dari
1163 893 1346 949 lumen
1377 894 1626 951 decentis
1662 896 1900 951 lucernae

283 992 412 1040 ante
440 985 610 1040 altare
643 993 848 1042 sancta:
866 988 1267 1062 Deigenitricis
1296 989 1494 1043 Mariae.
1528 989 1587 1043 ln
1611 990 1702 1045 die
1717 997 1899 1046 autem

284 1076 661 1132 anniversaria
692 1079 876 1133 obitus
903 1079 986 1133 sui
1020 1081 1306 1134 constituit
1355 1081 1697 1136 karitativam
1752 1081 1902 1137 refe-

285 1169 524 1226 ctionem
556 1169 904 1226 sufﬁcienter
931 1169 1190 1226 fratribus
1215 1171 1354 1237 dari,
1388 1179 1447 1227 ut
1480 1173 1532 1226 in
1562 1172 1685 1229 loco
1716 1181 1903 1229 nostro

287 1275 509 1330 semper
530 1261 813 1328 essetejus
843 1261 933 1331 pia
964 1261 1292 1328 recordatio,
1323 1268 1377 1316 et
1407 1277 1505 1332 pro
1537 1277 1602 1317 eo
1635 1263 1704 1317 ad
1731 1264 1898 1318 Deum

287 1351 485 1406 devota
513 1351 862 1423 supplicatio.
899 1351 980 1406 Sit
1009 1352 1059 1406 ei
1088 1359 1141 1407 et
1165 1351 1424 1408 omnibus
1456 1351 1905 1408 benefactoribus

289 1439 492 1495 nostris
519 1446 741 1495 aeternas
772 1441 895 1495 vita
918 1441 1217 1511 possessio,
1259 1447 1312 1496 et
1347 1441 1622 1511 justorum
1655 1443 1901 1498 omnium

287 1531 527 1586 letentur
552 1532 852 1587 consortio.
887 1532 1057 1588 Amen

363 1621 449 1677 72.
480 1622 726 1678 Domnus
748 1621 1085 1696 Sygebertus
1103 1637 1316 1678 morum
1337 1621 1611 1692 probitate
1637 1629 1692 1677 et
1715 1623 1901 1678 scien-

1997 534 2183 618 nostro
2254 527 2501 618 patribus
2558 531 2818 586 omnibus
2880 536 3232 605 consepeliri.
3291 539 3437 596 Obiit
3476 559 3608 618 ergo

1997 614 2028 667 3
2081 615 2262 670 Nonas
2313 616 2581 685 Octobris,
2636 625 2883 690 tempore
2935 622 3123 678 domni
3179 626 3452 684 Liethardi
3513 614 3614 687 ab-

1995 704 2157 760 batis.

2090 813 2425 858 RECORDATIO
2467 820 2856 861 DEFUNCTORUM
2891 824 3136 864 FRATRL'M
3177 827 3516 870 NOSTRORUI.

2073 897 2240 950 Justis
2267 895 2335 928 77’
2354 904 2646 966 consertus,
2674 903 2820 954 vivat
2845 904 3048 958 Christo
3062 904 3378 973 Sigebertus,

2077 990 2306 1044 Mundus
2325 997 2614 1056 mutatur;
2651 997 2867 1060 transit,
2900 995 3030 1050 dum
3056 1003 3201 1050 stare
3221 1005 3468 1066 putatur.

2081 1081 2262 1132 Vivens
2288 1083 2487 1134 transit
2512 1083 2682 1149 homo,
2711 1084 2800 1137 sed
2831 1089 3128 1152 pertransit
3153 1089 3440 1143 moriendo.

2075 1170 2261 1223 Eheu!
2298 1185 2440 1225 mors
2466 1173 2672 1226 homini
2686 1177 2862 1242 parcit
2894 1175 3051 1243 nulli,
3083 1177 3249 1233 datur
3271 1184 3438 1247 omni,

2076 1262 2336 1325 Prae/ictas
2363 1268 2552 1316 ma’tas
2577 1265 2784 1318 nulli-us
2809 1271 3050 1333 proderit
3078 1275 3228 1326 tetas.

2073 1353 2211 1405 Huic
2236 1352 2439 1406 mundo
2465 1352 2718 1422 lucrymta
2742 1358 2789 1408 si
2814 1345 3090 1423 defunctos
3120 1375 3367 1416 revocare

2075 1448 2309 1512 Possent,
2341 1453 2485 1514 quot,
2527 1449 2707 1515 quales
2732 1449 2901 1516 nobis,
2934 1467 3098 1518 quam
3135 1455 3439 1521 spirituales

2073 1533 2328 1588 Omnibus
2354 1540 2404 1588 et
2432 1536 2570 1589 clari
2590 1536 2802 1602 studiis,
2829 1544 2880 1591 et
2909 1541 3009 1593 heu
3040 1541 3190 1595 modo
3214 1547 3350 1611 rari,

2073 1625 2278 1690 Essent,
2301 1627 2520 1679 emerito
2541 1626 2770 1691 deﬂendi
2797 1643 2921 1681 cum
2947 1629 3209 1697 Sigeberto

287 1713 379 1768 tiae
435 1675 854 1785 multiplicitat;
883 1713 1177 1769 laudabilis
1205 1721 1259 1769 et
1301 1675 1488 1787 gratus
1527 1715 1611 1770 sui
1642 1717 1904 1787 temporis
1933 1675 1980 1741 Β
2076 1715 2178 1770 Sed
2206 1719 2333 1785 quia
2371 1675 2640 1786 praetori,
2673 1723 2813 1786 rari,
2845 1675 3120 1789 nequeazmt
3154 1727 3412 1792 revocari,

290 1806 657 1878 sapientibus,
694 1822 805 1862 non
837 1806 1048 1881 indiget
1078 1807 1280 1862 nostris
1312 1806 1594 1875 laudibus,
1625 1808 1756 1880 quia
1783 1807 1905 1864 lau-

290 1897 425 1952 dant
446 1915 571 1953 eum
596 1914 764 1969 Opera
792 1899 930 1967 ejus.
958 1897 1086 1954 Cum
1110 1898 1254 1953 enim
1279 1887 1425 1953 esset
1448 1899 1714 1967 juvenilis
1730 1900 1905 1956 aetatis

289 1993 540 2058 tempore
594 1987 873 2042 Mascelini
905 1987 1143 2054 abbatis,
1184 1987 1544 2043 Mettensibus
1574 1986 1902 2058 notiﬁcatus,

287 2084 344 2132 et
364 2077 418 2131 in
450 2076 684 2132 cenobio
710 2077 882 2132 sancti
902 2076 1174 2132 Vincentii
1204 2077 1464 2148 martyris
1495 2092 1618 2132 cum
1641 2077 1904 2134 Fulcuino

283 2165 484 2220 abbate
514 2165 610 2220 diu
641 2172 1016 2233 conversatus,
1059 2165 1346 2236 sapientiae
1385 2165 1508 2222 fons
1558 2175 1752 2237 patens
1790 2172 1906 2221 erat

285 2273 396 2314 non
428 2259 604 2314 solum
637 2259 922 2314 monachis
969 2267 1050 2314 set
1089 2265 1142 2313 et
1179 2259 1397 2314 clericis
1451 2261 1519 2315 ad
1565 2276 1624 2315 se
1655 2261 1900 2333 undique

281 2351 716 2406 conﬂuentibus.
769 2351 949 2406 Multis
997 2351 1344 2407 Mettensium
1404 2351 1682 2424 hodieque
1724 2351 1903 2408 dulcis

284 2447 368 2497 est
409 2442 527 2513 ejus
557 2443 845 2508 memoria,
898 2443 952 2496 in
989 2443 1188 2514 quibus
1243 2443 1423 2498 adhuc
1471 2452 1770 2514 supersunt
1803 2444 1905 2500 do-

283 2534 476 2590 ctrina:
508 2536 628 2607 ejus
673 2536 926 2610 vestigia.
957 2536 1086 2600 Quae
1140 2537 1227 2590 vel
1285 2544 1490 2608 quanta
1549 2535 1663 2592 illic
1693 2537 1904 2611 degens

285 2639 478 2702 rogatu
509 2647 696 2687 eorum
722 2631 924 2702 scripta
956 2631 1212 2700 ediderit,
1249 2630 1367 2702 ipse
1394 2631 1635 2687 ostendit
1665 2631 1720 2685 in
1760 2631 1902 2686 libro

281 2721 580 2778 illustrium
630 2724 895 2791 virorum,
931 2739 1095 2794 quem
1154 2723 1488 2794 composuit.
1545 2722 1654 2776 Nec
1694 2721 1901 2776 solum-

187 2829 192 2834 '
278 2813 447 2869 modo
477 2815 816 2878 christianis,
841 2815 938 2871 sed
971 2823 1026 2871 et
1051 2815 1243 2870 Judeis
1273 2814 1329 2869 in
1361 2813 1556 2870 eadem
1589 2813 1722 2869 urbe
1747 2828 1901 2868 com-

275 2906 761 2962 manentibuserat
790 2907 1128 2970 carissimus,
1165 2923 1264 2978 pro
1295 2922 1360 2964 eo
1398 2906 1542 2978 quod
1577 2904 1895 2960 Hebraicam

272 2996 561 3058 veritatem
594 3013 624 3050 a
670 2998 884 3053 caeteris
914 2998 1260 3054 editionibus
1280 3014 1571 3054 secernere
1606 3003 1722 3052 erat
1749 2995 1897 3066 peri-

2077 1806 2268 1860 Mundo
2309 1807 2594 1874 subtracti,
2623 1810 2735 1862 sint
2763 1811 3003 1864 caelicolis
3029 1816 3238 1867 sociati.

2081 1895 2230 1949 Nobis
2253 1895 2492 1950 sola-men
2519 1897 2614 1949 dat
2648 1912 2854 1966 semper
2877 1914 2932 1953 se
2955 1904 3108 1955 Deus.
3144 1903 3334 1956 Amen.

2076 1981 2164 2039 73.
2201 1984 2445 2040 Domnus
2497 1984 2668 2040 abbas
2717 1987 3040 2044 Liethardus
3091 1991 3296 2048 domno
3336 1993 3623 2064 Sigeberto

2007 2072 2100 2126 diu
2130 2073 2390 2141 convixit,
2433 2075 2529 2129 sed
2563 2091 2670 2130 non
2703 2076 2796 2130 diu
2825 2078 3140 2148 supervixit.
3176 2082 3302 2136 Post
3325 2083 3443 2138 hanc
3472 2084 3617 2137 enim

2006 2182 2127 2239 quae
2159 2168 2226 2223 de
2250 2184 2316 2224 eo
2342 2170 2792 2240 conscripsimus,
2817 2180 2871 2226 et
2901 2181 3020 2243 post
3043 2174 3213 2228 multa
3239 2191 3360 2246 quin
3392 2183 3620 2246 praeter-

2002 2256 2274 2323 misimus,
2316 2257 2563 2313 sentiens
2600 2257 2702 2313 sibi
2747 2261 2994 2331 corporis
3023 2262 3166 2316 vires
3195 2262 3434 2318 deﬁcere
3464 2271 3518 2319 et
3549 2266 3617 2319 ad

2004 2347 2350 2416 procuranda
2406 2363 2529 2418 quae
2583 2357 2968 2419 procuraverat
3007 2367 3118 2406 non
3168 2351 3446 2420 sufficere,
3491 2371 3615 2409 cum

2005 2438 2263 2494 fratribus
2289 2455 2427 2512 quos
2467 2441 2697 2497 idoneos
2730 2451 2962 2499 noverat
2991 2445 3190 2515 partito
3231 2445 3618 2502 sollicitudinis

2006 2546 2119 2585 suae
2168 2547 2361 2598 onere,
2393 2533 2758 2601 orationibus,
2798 2534 3004 2608 vigiliis
3052 2544 3106 2590 et
3135 2536 3363 2606 jejuuiis
3391 2537 3619 2592 curabat

2005 2620 2337 2690 propensius
2374 2620 2650 2687 insistere,
2679 2629 2740 2676 ut
2766 2623 2997 2678 Domino
3030 2639 3128 2694 per
3149 2625 3477 2694 egritudinis
3505 2643 3620 2682 mo-

2004 2709 2223 2764 lestiam
2254 2726 2313 2764 se
2344 2711 2559 2765 vocanti
2595 2711 2834 2781 paratior
2863 2721 3050 2782 posset
3077 2729 3386 2769 occurrere.
3422 2715 3622 2770 Fratri-

2003 2800 2106 2855 bus
2162 2802 2326 2856 etiam
2355 2817 2497 2873 quos
2528 2810 2758 2873 paterne
2798 2810 3146 2876 tractaverat,
3201 2813 3257 2860 et
3294 2807 3362 2861 ad
3404 2823 3469 2862 ea
3492 2824 3619 2878 quae

2000 2889 2097 2944 Dei
2126 2898 2254 2944 sunt
2282 2891 2450 2946 verbo
2481 2897 2534 2944 et
2563 2891 2816 2961 exemplo
2854 2891 3196 2959 incitaverat,
3221 2897 3618 2951 commendans

1999 2979 2420 3034 unanimitatem
2447 2979 2698 3035 fraternae
2727 2980 3062 3050 dilectionis,
3095 2989 3150 3038 et
3179 2983 3460 3039 caritatem
3493 3001 3616 3056 qua:

274 3093 384 3155 ωε,
409 3095 465 3144 ει
505 3089 559 3143 in
593 3089 681 3144 his
713 3105 834 3162 qum
883 3091 1192 3146 secundum
1247 3091 1567 3146 Hebraicam
1614 3089 1899 3145 veritatem
1927 3058 1976 3127 C
1999 3080 2081 3128 est
2122 3074 2402 3130 vinculum
2434 3074 2808 3146 perfectionis,
2843 3075 2983 3131 inter
3013 3077 3180 3132 verba
3218 3078 3322 3149 piae
3347 3079 3620 3134 ammoni-

273 3181 554 3248 dicebant,
585 3181 888 3237 Judeorum
919 3191 1037 3238 erat
1084 3184 1439 3239 consentiens
1473 3181 1892 3238 assertionibus.

273 3269 402 3326 Post
427 3269 658 3324 multum
689 3271 953 3342 temporis
969 3271 1058 3327 vix
1091 3272 1378 3343 impetrata
1400 3270 1640 3332 licentia,
1673 3269 1896 3325 rediens

275 3363 344 3418 ad
373 3362 669 3418 cenobium
701 3363 1122 3430 Gemblacense,
1169 3364 1341 3418 multa
1373 3365 1608 3420 contulit
1637 3363 1703 3418 ad
1735 3379 1894 3418 usum

279 3459 335 3507 et
390 3458 643 3507 ornatum
691 3453 976 3521 tecclesiae,
1018 3469 1138 3526 quae
1202 3452 1544 3524 adquisierat
1591 3453 1900 3508 voluntaria

284 3558 476 3599 eorum
515 3560 654 3616 quos
685 3545 1013 3600 instruxerat
1051 3544 1401 3600 liberalitate.
1457 3543 1902 3616 Frequentabant

289 3643 472 3690 autem
533 3651 657 3689 eum
714 3635 949 3706 majores
1001 3643 1152 3700 natu,
1213 3634 1634 3689 excellentiores
1704 3633 1898 3708 gradu,

291 3727 565 3783 acutiores
607 3744 792 3794 sensu,
849 3728 942 3798 qui
984 3733 1138 3782 erant
1190 3727 1246 3781 in
1285 3726 1424 3781 urbe
1455 3725 1796 3790 Leodicensi,
1853 3725 1900 3779 si

291 3815 426 3888 quid
459 3816 768 3887 questionis
797 3823 1112 3872 occurreret
1165 3815 1268 3884 eis,
1301 3815 1369 3870 ad
1401 3815 1549 3870 hunc
1600 3813 1816 3870 deferre
1847 3822 1902 3870 et

291 3923 414 3964 cum
477 3924 543 3963 eo
595 3907 845 3964 conferre
901 3908 1068 3964 soliti.
1130 3908 1329 3964 Horum
1407 3906 1718 3978 praecipuus
1785 3914 1904 3961 erat

291 3999 528 4055 domnus
557 3999 862 4067 Heinricus,
891 3999 1314 4055 archidiaconus
1339 4005 1394 4054 et
1431 3999 1676 4055 decanus
1701 3999 1904 4054 accele-

292 4096 386 4151 siae
413 4095 585 4151 sancti
613 4094 909 4163 Lamberti,
943 4097 1099 4165 cujus
1138 4105 1331 4170 rogatu
1370 4095 1590 4167 scripsit
1617 4095 1686 4149 ad
1721 4094 1906 4149 Trevi-

294 4205 487 4244 renses
527 4188 729 4243 librum
786 4188 855 4243 de
917 4189 1147 4258 jejuuiis
1184 4194 1421 4260 quatuor
1477 4197 1812 4259 temporum,
1853 4195 1909 4242 et

294 4281 466 4338 multa
492 4298 618 4353 quae
649 4290 1044 4337 commemorat
1065 4281 1122 4336 in
1152 4281 1296 4338 libro
1322 4281 1615 4337 illustrium
1644 4281 1904 4337 virorum.

1997 3170 2164 3226 tionis
2195 3171 2277 3226 eis
2310 3171 2572 3227 flentibus
2618 3172 2901 3240 valedixit,
2961 3182 3016 3228 et
3068 3174 3330 3228 vicesimo
3374 3175 3620 3228 secundo

1998 3283 2145 3324 anno
2175 3283 2289 3322 suae
2319 3267 2658 3338 praelationis
2705 3269 2739 3321 2
2773 3269 2956 3322 Nonas
2998 3268 3275 3323 Februarii
3301 3270 3457 3323 obiit.
3493 3270 3619 3324 Fra-

1999 3365 2110 3413 tres
2139 3371 2260 3411 cum
2294 3357 2466 3410 multo
2498 3371 2712 3411 merore
2742 3357 3119 3426 perselventes
3174 3357 3224 3410 ei
3265 3356 3473 3411 funeris
3503 3357 3612 3410 ob-

1999 3448 2275 3519 sequium,
2304 3448 2482 3517 palam
2517 3446 2791 3502 faciebant
2821 3463 2983 3518 quam
3003 3447 3304 3520 benignum
3330 3463 3458 3520 erga
3491 3464 3618 3501 eum

2003 3541 2271 3596 haberent
2299 3540 2570 3596 aﬁ'ectum.
2597 3543 2794 3596 Dantes
2816 3542 3003 3612 itaque
3035 3542 3085 3594 ei
3117 3543 3296 3596 locum
3316 3544 3614 3613 sepulturae

2003 3641 2128 3688 ante
2183 3634 2354 3688 altare
2393 3642 2593 3689 sanctae
2649 3635 2744 3688 Dei
2798 3633 3084 3708 genitricis
3129 3633 3328 3700 Mariae,
3372 3651 3436 3689 ex
3482 3644 3611 3689 tunc

2003 3733 2057 3784 et
2086 3743 2232 3782 nunc
2260 3733 2419 3782 orant
2458 3728 2627 3780 Deum
2661 3742 2758 3796 pro
2788 3727 2909 3795 ejus
2947 3735 3152 3782 aeterna
3181 3727 3394 3798 requie.

2074 3819 2191 3874 Vita
2219 3819 2381 3886 Deus,
2410 3819 2578 3874 vitam
2619 3819 2712 3874 det
2741 3818 2791 3873 ei
2845 3819 2965 3874 sine
2999 3818 3108 3875 fine
3154 3820 3392 3875 beatam.
3427 3822 3621 3876 Amen.

2634 3924 2985 3963 EPITBAFIUM.

2007 4001 2178 4057 Abbas
2207 4003 2540 4070 Liethardus,
2570 4004 2738 4057 veluti
2765 4003 2933 4058 ludas
2964 4003 3298 4071 Machabeus,

2077 4101 2200 4151 Dux
2219 4097 2387 4152 bonus
2411 4104 2475 4152 ut
2503 4101 2678 4163 Josue,
2702 4099 2926 4167 prtefuit
2952 4099 3212 4154 (ecclesiis.

2009 4194 2108 4244 Pro
2132 4204 2240 4258 qua
2267 4189 2424 4255 bella,
2464 4192 2642 4243 minas
2673 4189 2799 4243 tulit
2827 4195 2878 4244 et
2901 4192 3134 4245 convitia
3159 4191 3333 4244 multa
3362 4205 3376 4257 ;

2080 4283 2179 4332 Nec
2207 4283 2390 4331 tamen
2419 4280 2478 4332 in
2505 4277 2681 4332 studio
2704 4277 2906 4331 destitit
2945 4293 2977 4331 a
3009 4277 3210 4332 bravio.

297 4373 354 4427 ln
405 4371 642 4428 cenobio
682 4371 1060 4426 Gemblacensi
1108 4387 1198 4426 me
1253 4371 1347 4442 qui
1379 4371 1498 4426 haec
1536 4370 1824 4441 descripsi,
1857 4376 1910 4424 et
1933 4439 1973 4442 _
2010 4370 2109 4422 Per
2129 4372 2203 4422 tot
2229 4366 2464 4434 sudores,
2494 4369 2580 4422 vir
2607 4368 2784 4434 fortis,
2817 4369 3135 4434 Marthaque
3167 4367 3346 4420 sollers

295 4465 468 4520 multo
507 4465 768 4521 meliores
821 4465 1084 4534 erudivit,
1131 4481 1364 4537 quorum
1416 4466 1621 4521 multos
1677 4471 1800 4521 ante
1849 4480 1904 4521 se

2081 4462 2285 4514 Cuncta
2305 4461 2638 4513 ministravit
2666 4457 2955 4524 fratribus,
2997 4463 3060 4512 ut
3078 4459 3274 4525 potuit.

295 4554 579 4624 praemisit,
615 4567 838 4625 paucos,
871 4570 970 4626 pro
1001 4553 1187 4610 dolor!
1223 4561 1346 4625 post
1372 4569 1432 4608 se
1463 4553 1690 4608 dimisit.
1724 4552 1792 4608 Ut
1827 4552 1910 4608 vir

298 4643 541 4715 prudens
570 4659 694 4698 cum
733 4649 879 4698 esset
918 4642 1104 4698 multa:
1149 4642 1451 4718 gravitatis,
1507 4657 1619 4697 non
1678 4647 1795 4696 erat
1831 4641 1912 4696 in-

298 4732 550 4788 discreta:
565 4731 920 4797 austeritatis,
940 4738 1024 4788 set
1052 4740 1170 4788 erat
1199 4731 1267 4786 ad
1295 4746 1490 4788 omnes
1504 4736 1565 4786 ut
1593 4745 1682 4785 res
1713 4744 1911 4800 posce-

299 4821 394 4877 bat
444 4821 694 4877 discretze
747 4820 1163 4876 mediocritatis.
1219 4819 1624 4890 Scripturarum
1671 4818 1906 4872 maxime

303 4914 608 4970 divinarum
641 4913 805 4969 lectio
857 4920 913 4968 et
941 4912 1228 4968 meditatio
1277 4927 1399 4968 cum
1440 4911 1775 4982 occupabat;
1826 4918 1912 4965 set

302 5011 484 5061 tamen
529 5003 808 5060 cotidiana
845 5003 1136 5058 missarum
1183 5002 1483 5058 celebratio
1533 5009 1588 5056 et
1617 5001 1814 5056 devota
1843 5000 1911 5055 ad

304 5094 476 5149 Deum
501 5094 672 5149 oratio
703 5109 926 5165 semper
951 5109 1074 5149 eum
1097 5091 1520 5164 praeoccupabat
1568 5091 1754 5167 Longa
1783 5106 1917 5146 con-

307 5183 482 5257 fectus
500 5191 786 5241 senectute
809 5202 933 5242 cum
965 5185 1579 5242 decubuissetextrema
1609 5185 1922 5259 egritudine

308 5277 477 5332 nichil
507 5277 766 5334 amittens
824 5278 1003 5334 insita:
1043 5279 1147 5334 sibi
1194 5278 1526 5351 prudentiae,
1583 5275 1922 5350 fratrumque

308 5369 561 5425 voluntas
591 5377 759 5438 esset,
794 5377 852 5426 ut
883 5387 1008 5426 cum
1038 5371 1215 5426 obiret
1245 5371 1385 5426 intra
1413 5369 1808 5426 monasterium
1833 5385 1920 5424 se-

312 5461 545 5532 pulturae
601 5463 783 5520 locum
837 5464 1131 5536 acciperet,
1180 5469 1240 5519 ut
1293 5463 1376 5519 vir
1431 5461 1641 5519 altioris
1703 5461 1922 5518 consilii

2008 4551 2247 4618 Defessus
2289 4549 2526 4616 tandem,
2559 4553 2770 4604 terrena
2797 4550 3009 4618 negotia
3038 4561 3313 4618 spernens,

2079 4643 2248 4711 Elegit
2279 4642 2492 4710 parient
2531 4639 2853 4709 Magdalemn
2876 4639 3124 4710 parilem.

2011 4734 2181 4796 Quam
2205 4733 2309 4788 sibi
2343 4747 2414 4787 ne
2433 4732 2604 4798 tollas,
2631 4733 2726 4801 qui
2749 4735 2919 4801 gratis
2948 4732 3165 4802 singula
3193 4732 3380 4800 donas,

2081 4828 2180 4890 Qui
2207 4825 2374 4882 bonus
2393 4840 2444 4881 es
2461 4824 2624 4892 solus,
2639 4826 3023 4882 huicmiserere
3040 4830 3194 4884 Deus.
3219 4827 3410 4883 Amen.
3441 4825 3632 4883 Amen.

2464 4916 2548 4970 DE
2579 4915 2883 4973 ANSELMO
2912 4918 3182 4974 ABBATE.

2085 5006 2175 5059 74.
2215 5004 2658 5072 Gemblacenses,
2700 5006 2944 5062 scientes
2985 5008 3115 5079 quia
3163 5006 3401 5065 ﬁliorum
3443 5014 3528 5062 est
3567 5006 3638 5061 de

2021 5095 2316 5150 amissione
2361 5094 2533 5166 patris
2561 5095 2860 5166 Spiritualis
2901 5096 3241 5166 contristari,
3289 5103 3346 5152 et
3383 5096 3511 5166 quia
3543 5111 3638 5148 sa-

2024 5189 2267 5260 pientum
2299 5186 2836 5261 estundequumque
2867 5197 3112 5245 exortam
3141 5187 3415 5242 tristitiam
3446 5186 3641 5242 mode-

2026 5281 2152 5346 rari,
2180 5279 2543 5336 conferebant
2573 5281 2641 5336 ad
2668 5279 2904 5336 invicem
2923 5280 3058 5336 illud
3075 5279 3280 5334 dictum
3315 5277 3465 5333 beati
3490 5277 3640 5332 Pauli

2026 5369 2288 5442 apostoli:
2333 5369 2695 5440 Aporiamur,
2735 5375 2814 5426 set
2849 5387 2954 5426 non
2993 5369 3337 5424 destituimur
3393 5368 3466 5436 (Il
3519 5367 3640 5422 Cor.

2025 5476 2099 5527 xv,
2153 5458 2230 5530 8).
2272 5459 2619 5532 Aporiamur,
2667 5460 2797 5532 quia
2845 5459 3141 5516 amissione
3179 5457 3368 5514 domui
3425 5453 3644 5512 abbatis

1654 5563 1875 5621 VARIE
1914 5561 2294 5620 LECTlONES.

388 5670 458 5706 ττι
490 5671 659 5728 Justis
685 5701 751 5712 -
782 5680 912 5729 aetas
933 5673 1004 5742 (υ.
1036 5673 1168 5739 1-5)
1200 5672 1312 5726 alia
1340 5685 1506 5726 manu
1533 5671 1589 5724 in
1634 5669 1742 5725 loco
1757 5683 1900 5725 raso.
