3934 6054
309 183 416 241 643

1516 179 1866 237 SIGEBERTI
1910 180 2426 238 GEMBLACENSIS.

3543 181 3661 235 644

309 314 586 370 Liethardi
645 313 1012 368 contristatur.
1070 311 1164 366 Set
1206 325 1316 366 non
1381 310 1753 381 destituimur,
1797 312 1927 383 quia
1949 315 2006 385 Α
2032 313 2282 369 ruricolis
2298 313 2473 369 fuerat
2493 313 2853 380 contraditus,
2874 328 2939 368 eo
2963 318 3123 383 pacto
3152 317 3209 365 ut
3235 318 3380 366 terra
3409 313 3658 380 exculta,

310 407 575 478 largiente
599 407 708 458 Deo
737 404 1009 458 habemus
1033 419 1098 457 ex
1142 402 1306 457 nobis
1335 418 1500 474 quem
1536 403 1796 458 idoneum
1829 419 1930 473 pa-

311 507 442 551 trem
497 502 551 550 et
579 495 917 564 provisorem
951 493 1355 549 constituamus
1404 493 1585 550 nobis.
1650 495 1766 550 Non
1798 508 1928 568 ergo

308 585 466 639 decet
498 599 596 638 nos
627 583 882 638 mestitiae
912 583 1151 650 deditos,
1186 599 1287 639 nos
1325 593 1379 638 et
1409 592 1595 639 nostra
1628 583 1927 657 negligere,

307 688 390 734 set
420 679 688 734 sollicitos
726 687 778 733 et
801 680 1107 735 concordes
1136 695 1262 734 eum
1305 679 1400 750 qui
1429 679 1550 734 loco
1583 686 1792 746 nostro,
1827 694 1929 734 no-

309 771 393 824 bis
425 779 479 825 et
510 770 711 826 nostris
747 772 939 842 prosit,
979 771 1187 842 absque
1228 770 1497 825 dilatione
1528 769 1767 842 (eligere.
1821 769 1930 824 Hoc

308 875 479 914 unum
513 859 760 914 omnium
793 860 1107 927 consilium,
1142 860 1347 914 dictum
1381 875 1443 914 ac
1474 858 1696 914 factum.
1734 859 1928 930 Elege—

309 961 437 1008 runt
461 954 724 1009 domuum
751 955 1066 1009 Anselmum
1093 955 1348 1009 abbatem
1389 960 1661 1009 octavum.
1699 953 1794 1007 Hic
1821 953 1929 1008 Deo

308 1043 462 1116 digni
505 1045 748 1111 Guerini,
783 1046 940 1114 cujus
971 1046 1026 1099 in
1057 1046 1166 1101 vita
1197 1045 1415 1100 abbatis
1447 1044 1705 1099 Tietmari
1738 1043 1935 1098 memi-

310 1136 512 1201 nimus,
544 1136 644 1190 fuit
674 1137 1120 1210 consanguineus
1161 1148 1217 1192 et
1249 1137 1570 1206 discipulus.
1605 1135 1770 1204 Cujus
1819 1135 1936 1188 imi-

310 1231 454 1279 tatus
495 1224 869 1296 prudentiam,
900 1242 1114 1281 morum
1150 1226 1476 1299 elegantiam
1512 1213 1574 1279 et
1625 1223 1818 1280 orandi
1850 1223 1932 1278 in-

309 1319 591 1386 stantiam,
626 1319 852 1374 multam
899 1319 1004 1373 sibi
1039 1320 1182 1374 inter
1211 1335 1340 1375 suos
1397 1319 1734 1390 adquisierat
1780 1334 1934 1373 reve-

311 1411 546 1465 rentiam
567 1419 620 1466 et
641 1411 788 1481 apud
823 1417 1112 1466 extraneos
1138 1411 1586 1467 benivolentiam.
1625 1411 1753 1465 Cum
1783 1409 1932 1464 enim

305 1500 418 1568 jam
478 1508 621 1554 esset
696 1508 948 1554 maturus
998 1507 1156 1554 aetate
1221 1507 1275 1554 et
1341 1499 1612 1566 moribus,
1687 1498 1930 1564 Francis,

311 1592 561 1661 quamvis
591 1607 620 1643 a
657 1590 894 1646 cenobio
947 1590 1326 1644 Gcmblacensi
1369 1591 1530 1662 longe
1572 1590 1819 1654 remotis,
1851 1589 1936 1644 in-

311 1680 489 1735 notuit
527 1679 669 1734 fama
695 1680 1002 1749 prudentia?
1034 1681 1176 1748 ejus,
1196 1689 1250 1735 et
1279 1681 1436 1750 primi
1465 1697 1590 1735 eum
1620 1680 1935 1734 habuerunt

311 1772 700 1845 magistrumet
728 1773 881 1844 quasi
906 1773 1209 1828 secundum
1238 1773 1496 1828 abbatem
1538 1771 1934 1827 Altovillaren-

309 1881 416 1931 ses,
451 1873 577 1936 post
605 1882 702 1921 eos
733 1867 1159 1922 Latiniacenses.
1197 1867 1345 1920 Inter
1384 1882 1524 1938 quos
1565 1867 1732 1941 longo
1783 1874 1930 1922 tem-

311 1973 442 2027 pore
469 1966 858 2025 commoratus,
889 1965 942 2014 et
981 1959 1136 2030 quasi
1177 1960 1467 2029 speculum
1519 1959 1825 2014 honestatis
1859 1956 1934 2013 fa-

309 2056 447 2115 ctus,
481 2065 590 2104 non
622 2051 794 2105 solum
844 2051 1025 2105 minus
1055 2051 1352 2120 capacibus
1404 2051 1683 2122 proderat,
1745 2057 1829 2104 set
1883 2056 1938 2104 et

310 2135 432 2198 illos
463 2144 556 2215 qui
587 2144 726 2200 alios
762 2145 1036 2200 instruere
1063 2145 1250 2201 idonei
1291 2153 1498 2212 essent,
1541 2145 1820 2216 profusius
1849 2144 1936 2198 in—

309 2235 586 2300 struebat;
629 2251 727 2306 per
792 2252 931 2307 quos
986 2253 1162 2308 usque
1230 2238 1394 2292 hodie
1432 2238 1584 2291 radix
1641 2235 1929 2307 sapientiae

309 2342 470 2397 quam
532 2325 612 2381 eis
659 2327 915 2394 inseruit,
981 2327 1320 2383 fructificans
1397 2334 1727 2400 perseverat.
1781 2327 1931 2382 Tunc

309 2418 575 2488 temporis
622 2419 776 2473 multi
835 2419 1062 2475 fratrum
1114 2426 1423 2476 nostrorum
1467 2437 1578 2475 non
1634 2421 1818 2475 solum
1873 2419 1930 2473 in

314 2506 532 2560 Francia
577 2516 660 2560 set
695 2515 750 2562 et
812 2508 866 2561 in
898 2509 1022 2563 aliis
1070 2510 1360 2580 provintiis
1409 2509 1652 2583 magistri
1685 2517 1740 2564 et
1771 2507 1929 2580 quasi

311 2597 544 2652 secundi
573 2597 804 2653 abbates
826 2607 983 2654 erant
1014 2600 1069 2654 in
1101 2601 1288 2655 multis
1304 2601 1578 2665 cenobiis,
1611 2616 1677 2656 eo
1696 2601 1842 2672 quod
1877 2600 1931 2653 in

311 2688 596 2759 scripturis
643 2690 900 2745 humanis
971 2691 1057 2746 vel
1111 2693 1313 2747 divinis
1350 2693 1651 2755 exercitati,
1700 2693 1931 2747 multum

315 2780 548 2834 fructum
584 2780 870 2850 sapientia
904 2780 1295 2852 relinquebant
1325 2781 1766 2852 quibuscumque
1798 2780 1936 2835 locis

312 2870 546 2926 fuissent
578 2872 836 2927 adhibiti.

381 2959 468 3015 75.
502 2961 743 3016 Domnus
775 2961 1064 3015 Anselmus
1116 2960 1337 3016 tandem
1381 2975 1631 3015 reversus
1665 2961 1734 3014 ad
1766 2975 1936 3016 ceno-

312 3049 466 3103 bium
498 3049 920 3118 Gemblacense,
953 3051 1019 3104 de
1048 3051 1136 3105 die
1178 3051 1233 3104 in
1267 3051 1411 3105 diem
1441 3050 1698 3105 studebat
1728 3050 1783 3105 in
1814 3065 1933 3104 me-

315 3139 423 3193 lius
452 3139 723 3210 proﬁcere
750 3139 850 3194 sub
879 3140 1086 3194 domno
1119 3140 1413 3196 Liethardo
1459 3139 1658 3196 abbate
1723 3141 1933 3196 Biblio-

313 3228 487 3283 thecaa
517 3228 767 3283 assiduus
795 3234 1067 3284 scrutator
1117 3236 1252 3294 erat,
1288 3237 1345 3284 et
1384 3229 1479 3283 ubi
1523 3229 1732 3284 utilitas
1761 3246 1926 3301 expoo

314 3317 521 3384 scebat,
583 3333 703 3371 eam
761 3317 1112 3372 emendando
1169 3323 1223 3372 et
1277 3317 1531 3390 augendo
1588 3316 1930 3374 meliorabat.

316 3412 784 3484 Quandocumque
813 3428 842 3466 a
874 3411 1107 3468 lectione
1138 3412 1224 3468 vel
1252 3413 1500 3468 oratione
1535 3411 1782 3480 vacabat,
1826 3413 1937 3469 fra-

316 3501 490 3556 tribus
509 3502 826 3570 junioribus
855 3503 1068 3574 aliquid
1097 3505 1350 3558 humanae
1377 3503 1461 3558 vel
1487 3503 1688 3558 divinae
1721 3505 1935 3576 paginae

316 3593 636 3661 disserebat,
668 3611 778 3651 non
825 3596 1203 3651 tantummodo
1249 3596 1305 3649 in
1347 3611 1405 3650 se
1433 3595 1555 3666 ipso
1596 3595 1797 3664 virere,
1839 3597 1939 3651 sed

317 3696 371 3744 et
403 3690 459 3744 in
489 3690 571 3744 eis
603 3697 727 3760 post
748 3691 958 3745 obitum
992 3707 1149 3745 suum
1178 3691 1368 3746 volens
1405 3691 1610 3746 vivere.
1645 3692 1809 3746 Datus
1837 3692 1939 3746 ab-

324 3780 442 3846 bas,
474 3789 732 3852 suscepto
766 3783 921 3837 oneri
953 3790 1008 3836 et
1060 3782 1259 3837 honori
1291 3790 1478 3852 aptum
1518 3799 1577 3837 se
1625 3784 1939 3853 exhibebat,

322 3878 376 3924 et
413 3887 646 3940 persona
675 3873 798 3940 ejus
826 3880 880 3926 et
911 3872 1206 3942 prudentia
1237 3873 1323 3927 his
1350 3872 1442 3944 qui
1484 3890 1609 3927 eum
1651 3882 1937 3942 noverant,

321 3960 662 4015 honorabilis
692 3971 829 4016 erat.
865 3963 1078 4018 Fratres
1108 3971 1290 4018 autem
1323 3980 1460 4035 quos
1479 3965 1814 4020 sollertiores
1844 3983 1939 4022 no-

319 4059 491 4117 verat,
552 4052 657 4106 sibi
698 4053 1054 4127 adjungebat,
1109 4061 1163 4109 et
1211 4055 1293 4110 eis
1331 4055 1718 4112 tecclesiastica
1760 4057 1941 4113 officia

321 4139 724 4208 committebat,
767 4147 822 4196 et
861 4159 961 4213 per
998 4158 1094 4198 eos
1125 4142 1342 4216 agebat,
1392 4144 1537 4215 quod
1570 4162 1669 4215 per
1695 4162 1754 4200 se
1775 4163 1940 4221 agere

320 4232 545 4288 nolebat
589 4243 682 4291 aut
739 4252 851 4292 non
915 4237 1151 4303 valebat,
1216 4239 1464 4311 Denique
1519 4241 1935 4309 monasterium,

320 4326 640 4395 claustrum,
674 4328 1051 4396 refectorium,
1083 4329 1488 4400 dormitorium,
1539 4331 1855 4402 capitolium
1884 4343 1938 4389 et

317 4430 515 4470 omnes
545 4415 856 4472 claustralis
886 4417 1051 4473 curiae
1081 4417 1333 4476 ofﬁcinas
1376 4425 1431 4474 et
1460 4434 1654 4475 omnes
1698 4421 1936 4477 exterio-

320 4519 404 4558 res
435 4503 616 4558 curias
653 4522 751 4575 per
787 4521 883 4562 eos
922 4504 1157 4561 ediﬁciis
1207 4505 1541 4575 honestavit,
1581 4517 1636 4562 et
1680 4525 1933 4583 agrorum

316 4594 411 4664 qui
456 4594 512 4648 in
539 4596 742 4652 vicinia
772 4605 929 4653 erant
955 4597 1309 4669 coemptione
1339 4597 1743 4669 multiplicavit.

385 4688 474 4742 76.
511 4688 624 4743 Scit
650 4691 897 4760 prudens
933 4692 1126 4759 lector,
1180 4692 1310 4764 quia
1351 4700 1567 4748 veteres
1596 4700 1756 4750 cartaa
1811 4696 1934 4765 plus

315 4782 655 4838 auctoritatis
681 4785 886 4841 habent
924 4805 1022 4842 sua
1045 4789 1250 4845 inculta
1279 4797 1568 4855 vetustate,
1598 4807 1759 4862 quam
1785 4792 1931 4862 quod

315 4887 462 4925 nunc
514 4872 763 4926 moderni
818 4887 1158 4946 componunt
1208 4879 1560 4942 laccuratiori
1621 4887 1929 4936 venustate.

314 4959 554 5024 Quedam
574 4976 704 5032 ergo
727 4978 852 5032 quae
883 4972 1036 5038 gesta
1064 4975 1192 5021 sunt
1224 4967 1388 5038 hujus
1413 4967 1627 5022 abbatis
1656 4975 1926 5038 tempore,

312 5048 456 5104 sicut
486 5049 540 5103 in
589 5050 751 5106 cartis
789 5051 1142 5108 continentur
1171 5053 1504 5110 inseruimus
1543 5055 1671 5111 huic
1720 5055 1929 5111 descri-

313 5138 489 5206 ptioni
531 5149 750 5207 liOSlt‘iB,
794 5139 940 5196 bona
966 5142 1032 5196 ad
1073 5143 1350 5198 suadelam
1384 5145 1514 5200 boni
1545 5146 1753 5217 operis,
1787 5146 1929 5200 mala

314 5225 382 5280 ad
410 5229 680 5284 cautelam
712 5229 1086 5286 adhibendam
1121 5235 1376 5302 posteris.

381 5317 469 5374 77.
505 5320 740 5392 Campus
763 5323 987 5394 quidam
1022 5324 1327 5394 municipio
1370 5326 1564 5397 Eineys
1616 5334 1753 5395 erat,
1786 5343 1926 5383 con—

311 5403 526 5478 tiguus;
570 5410 659 5466 hic
706 5427 736 5465 a
753 5411 946 5482 priscis
976 5412 1320 5483 temporibus
1350 5430 1381 5467 a
1402 5415 1568 5470 nostri
1598 5415 1702 5471 loci
1731 5416 1931 5472 abbate

2031 415 2278 477 quartam
2307 409 2530 483 garbam
2578 407 2851 463 inferrent
2876 405 3096 461 horreis
3152 405 3446 459 aecclesize.
3489 406 3657 460 Tem-

2033 513 2163 568 pore
2194 505 2374 552 autem
2409 496 2762 568 procedente,
2793 496 2863 551 ob
2902 493 3250 550 sterilitatem
3293 495 3361 549 ab
3389 495 3658 568 agricolis

2033 586 2334 659 neglectus,
2385 585 2613 641 vacabat
2643 585 2834 640 urticis
2878 583 3032 638 rubis
3079 591 3134 638 et
3174 583 3442 638 sentibus.
3496 584 3658 639 llunc

2031 677 2217 749 itaque
2243 683 2528 733 vacantem
2554 677 2792 732 domnus
2821 675 2994 730 abbas
3035 673 3361 728 Liethardus
3392 674 3659 730 vestiario
3683 687 3692 696 ‘

2031 770 2243 825 addidit
2273 769 2914 826 inconsultisheredibus
2952 768 3119 838 (898).
3153 766 3513 821 Veslierarius
3544 768 3658 822 ita-

2032 878 2138 932 que
2169 869 2368 916 terram
2392 861 2564 915 marla
2595 870 2650 915 et
2681 859 2809 915 timo
2843 860 3223 934 inpinguatam
3279 865 3456 914 aratro
3483 876 3656 914 exco-

2035 955 2158 1022 luit,
2215 953 2438 1010 domum
2488 952 2953 1025 superediﬁcavit,
3009 953 3311 1008 bubulcum
3370 951 3654 1018 adhibuit,

2035 1045 2187 1100 omni
2227 1061 2433 1120 genere
2486 1045 2689 1099 laboris
2746 1043 3078 1099 Wineritilio
3119 1075 3188 1084 —
3231 1044 3309 1098 sic
3339 1043 3486 1097 enim
3518 1058 3656 1114 ager

2034 1135 2336 1191 vocabatur
2366 1165 2432 1174 —
2465 1151 2650 1189 curam
2693 1134 2980 1204 impendit.
3027 1134 3243 1189 Interea
3279 1133 3515 1188 heredes
3543 1133 3654 1186 ad-

2035 1231 2184 1293 sunt,
2225 1225 2294 1278 de
2325 1223 2590 1294 injustitia
2617 1231 3050 1294 conqueruntur,
3085 1224 3308 1278 domum
3335 1221 3663 1293 superposi-

2036 1323 2145 1370 tam
2169 1316 2489 1378 incendunt,
2524 1325 2692 1388 utque
2731 1315 2835 1369 sibi
2867 1314 3147 1369 hereditas
3187 1313 3447 1367 reddatur
3467 1311 3657 1366 omni-

2035 1403 2216 1458 modis
2268 1414 2591 1475 exposcunt.
2623 1404 2822 1458 Verum
2872 1404 3001 1458 dum
3043 1403 3162 1458 haec
3197 1401 3263 1455 lis
3294 1400 3655 1471 protrahitur,

2035 1492 2273 1548 domnus
2299 1493 2470 1547 abbas
2506 1491 2834 1547 Liethardus
2881 1493 2991 1548 vita
3021 1491 3358 1564 defungitur,
3418 1491 3653 1560 ejusque

2038 1589 2092 1642 in
2123 1589 2246 1644 loco
2287 1590 2525 1644 domnus
2571 1589 2864 1643 Anselmus
2928 1587 3101 1642 abbas
3156 1588 3508 1660 subrogatur,
3568 1586 3656 1639 vir

2034 1686 2186 1734 certe
2213 1677 2372 1733 bonae
2404 1678 2682 1733 memoriae
2722 1685 2775 1732 et
2814 1677 3090 1747 prmelarm
3133 1676 3399 1742 scientiae,
3440 1683 3493 1730 et
3525 1675 3655 1730 ido-

2035 1786 2172 1824 neus
2221 1770 2288 1824 ad
2329 1785 2470 1824 onus
2527 1769 2944 1824 sustentandum
3003 1769 3148 1841 quod
3192 1769 3241 1823 ei
3311 1767 3657 1836 imposuerat

2034 1873 2267 1912 concors
2316 1858 2540 1913 fratrum
2582 1859 2797 1914 caritas.
2841 1860 2933 1913 Set
2972 1875 3071 1929 pro
3103 1858 3286 1914 dolor!
3341 1857 3423 1910 vir
3471 1863 3658 1910 tantus

2039 1955 2162 2020 post
2181 1949 2458 2005 modicum
2487 1949 2700 2004 viribus
2721 1949 2968 2020 corporis
2989 1950 3300 2024 egritudine
3313 1947 3656 2012 destituitur,

2039 2052 2094 2095 et
2123 2041 2343 2116 vigente
2372 2041 2600 2096 scientia
2631 2043 2862 2116 ingenio
2889 2050 2944 2096 et
2972 2041 3248 2112 facundia,
3279 2041 3404 2095 cibo
3429 2040 3582 2094 tenui
3602 2048 3658 2094 et

2040 2140 2171 2204 potu
2191 2133 2304 2189 vini
2339 2150 2606 2205 perparvo
2635 2135 2974 2190 stomachum
3006 2135 3396 2190 lasesseentem
3429 2142 3655 2188 susten-

2033 2231 2126 2279 tat.
2163 2223 2318 2278 Hunc
2347 2240 2480 2299 ergo
2525 2225 2582 2278 in
2637 2224 2907 2297 regimine
2946 2225 3210 2294 positum,
3254 2224 3486 2278 heredes
3538 2222 3655 2295 agri

2031 2312 2255 2380 adeunt,
2289 2321 2343 2367 et
2364 2321 2422 2367 ut
2443 2313 2548 2366 sibi
2570 2313 2847 2367 hereditas
2876 2329 3045 2368 causa
3073 2313 3426 2388 negligentiae
3447 2313 3653 2368 amissa

2032 2404 2309 2472 reddatur,
2341 2405 2569 2459 omnino
2617 2405 2946 2475 deposcunt.
2989 2405 3170 2459 Abbas
3210 2421 3332 2459 cum
3379 2404 3494 2458 suis
3547 2404 3654 2457 ha-

2033 2494 2148 2550 bito
2178 2495 2433 2563 consilio,
2454 2495 2543 2549 die
2571 2495 2716 2549 dicta
2745 2495 2946 2564 placito
2978 2510 3074 2548 eos
3103 2492 3279 2560 audit,
3313 2501 3366 2546 et
3395 2493 3515 2565 lege
3529 2492 3658 2546 data

2034 2599 2064 2637 a
2093 2583 2381 2653 scabiniis,
2421 2599 2595 2654 super
2635 2583 2687 2636 id
2721 2582 2867 2654 quod
2909 2582 3202 2652 petebatur
3250 2582 3374 2636 illos
3411 2581 3656 2636 exaudit.

2035 2673 2177 2744 Ergo
2217 2672 2517 2743 unicuique
2547 2678 2700 2744 parte
2731 2689 2854 2743 qua:
2900 2671 3007 2726 sibi
3047 2671 3394 2742 competebat
3419 2671 3656 2738 reddita,

2037 2781 2164 2835 pars
2183 2765 2296 2838 agri
2317 2766 2495 2819 adhuc
2513 2765 2753 2820 restabat
2781 2765 3042 2819 maxima.
3076 2765 3376 2820 Balduinus
3397 2763 3653 2831 clericus,

2036 2855 2186 2910 filius
2210 2857 2524 2922 Alberonis,
2558 2873 2714 2926 cujus
2753 2857 2809 2910 in
2839 2857 2949 2911 vita
2977 2856 3234 2911 Tietmari
3277 2856 3490 2911 abbatis
3527 2871 3656 2910 me-

2037 2948 2302 3002 minimus
2348 2949 2579 3003 consilio
2635 2948 2856 3003 abbatis
2908 2955 3141 3020 praeerat
3185 2955 3316 3003 tunc
3363 2947 3654 3018 temporis.

2041 3037 2136 3091 Hic
2190 3037 2245 3091 in
2287 3037 2440 3091 nullo
2493 3054 2525 3091 a
2575 3038 2820 3108 paternis
2859 3039 3110 3093 moribus
3162 3039 3504 3109 discrepans,
3548 3038 3657 3092 nisi

2034 3127 2181 3198 quod
2205 3128 2260 3181 in
2282 3127 2609 3197 accipiendo
2639 3127 2850 3182 avidior
2879 3136 2934 3184 et
2961 3128 3015 3182 in
3049 3128 3338 3199 querendo
3360 3126 3466 3182 fuit
3499 3134 3660 3182 astu-

2034 3221 2159 3286 tior,
2193 3221 2467 3275 residuam
2521 3227 2732 3292 partem
2787 3221 2902 3295 agri
2941 3220 3280 3290 concupivit,
3346 3229 3400 3275 et
3429 3221 3654 3275 duabus

2036 3310 2235 3365 marcis
2264 3310 2472 3383 argenti
2515 3309 2821 3381 promissis,
2862 3326 2980 3364 eam
3027 3309 3132 3364 sibi
3174 3309 3294 3363 dari
3333 3310 3402 3364 ab
3453 3310 3656 3364 abbate

2037 3403 2215 3476 petiit.
2250 3403 2432 3458 Abbas
2464 3418 2686 3474 prorsus
2717 3402 2928 3457 abnuit.
2965 3403 3060 3457 ille
3088 3418 3186 3474 per
3215 3403 3571 3473 przepositum
3603 3409 3658 3456 et

2037 3495 2142 3550 sibi
2192 3496 2445 3550 intimum
2493 3495 2827 3550 Adelardum
2862 3502 2918 3550 et
2975 3495 3245 3566 quosdam
3290 3494 3510 3550 fratrum
3561 3494 3656 3565 qui

2039 3586 2155 3660 agri
2189 3587 2550 3658 quantitatem
2592 3585 2814 3656 penitus
2854 3585 3206 3658 ignorabant,
3248 3585 3506 3640 abbatem
3550 3584 3658 3638 cir-

2041 3679 2320 3735 cumvenit
2349 3679 2416 3732 ad
2436 3678 2710 3743 ultimum,
2745 3677 2965 3732 etnulla
2995 3677 3296 3748 quantitate
3331 3676 3656 3752 agri‘deno-

2041 3774 2269 3840 minata,
2321 3773 2522 3828 taxavit
2571 3789 2795 3827 censum
2849 3773 3094 3844 quinque
3134 3771 3461 3834 solidorum,
3506 3771 3657 3826 0124

2041 3868 2312 3924 bonuaria
2339 3875 2497 3922 terrae
2528 3869 2740 3938 accepit
2769 3869 3072 3923 secundum
3099 3868 3239 3922 velle
3266 3883 3449 3933 suum,
3474 3866 3527 3920 Si
3552 3869 3656 3922 hoc

2036 3958 2244 4026 justum
2286 3956 2408 4024 fuit,
2441 3957 2586 4012 Deus
2619 3957 2802 4025 justus
2827 3957 2995 4028 judex
3041 3959 3259 4013 viderit.
3289 3957 3401 4013 Hoc
3426 3957 3518 4012 ubi
3570 3974 3658 4012 re-

2042 4050 2240 4104 scitum
2274 4057 2357 4104 est
2409 4064 2438 4102 a
2483 4047 2760 4115 fratribus,
2803 4048 2872 4103 de
2905 4048 3169 4116 injustitia
3218 4049 3366 4118 apud
3398 4048 3652 4102 abbatem

2041 4145 2483 4211 conqueruntur.
2511 4138 2604 4192 Set
2631 4137 2685 4192 id
2718 4137 2914 4193 frustra
2944 4137 3062 4194 fuit.
3095 4139 3276 4192 Abbas
3310 4138 3460 4192 enim
3492 4153 3660 4208 super

2041 4247 2137 4288 eos
2162 4231 2256 4302 qui
2299 4230 2667 4286 interfuerant
2696 4247 2913 4286 causam
2967 4231 3244 4299 rejiciens,
3292 4231 3362 4285 de
3393 4230 3657 4286 omnibus

2038 4337 2097 4377 se
2130 4320 2369 4376 reddidit
2399 4326 2738 4376 excusatum.
2782 4320 3010 4375 Domine
3051 4322 3196 4375 Deus
3227 4326 3436 4386 noster,
3467 4319 3656 4389 judica

2039 4430 2259 4469 causam
2291 4423 2554 4468 nostram.

2106 4503 2194 4557 78.
2232 4503 2594 4576 Berengarius
2633 4503 2726 4573 qui
2768 4502 3034 4573 prazdium
3087 4503 3236 4574 quod
3276 4502 3478 4558 dicitur
3537 4501 3652 4556 Ruz

2037 4613 2162 4654 cum
2193 4612 2401 4672 genero
2433 4613 2532 4652 suo
2560 4597 2862 4652 Reinbaldo
2896 4597 3095 4666 injuste
3128 4597 3468 4668 possidebat,
3500 4597 3652 4650 mul-

2036 4689 2104 4746 tis
2133 4689 2370 4746 afﬂictus
2397 4689 2782 4754 incommodis,
2813 4689 3118 4744 deliberato
3150 4689 3404 4759 consilio,
3436 4705 3653 4762 posses-

2035 4779 2251 4835 sionem
2284 4781 2601 4836 damnosam
2658 4780 2910 4834 vendidit
2963 4781 3180 4836 Freiero
3237 4781 3454 4836 cuidam
3488 4781 3650 4836 laico.

2034 4870 2287 4925 Freicrus
2324 4870 2492 4926 veluti
2551 4885 2714 4925 cecus
2777 4869 2845 4939 {in
2900 4869 3110 4925 foveam
3167 4871 3444 4942 delapsus,
3502 4871 3653 4942 quod

2034 4966 2449 5031 comparaverat
2478 4975 2602 5016 sero
2653 4960 2910 5036 cognovit
2948 4962 3105 5018 malis
3159 4965 3537 5034 proventibus.
3580 4964 3654 5018 De

2032 5051 2312 5122 emptione
2334 5050 2524 5121 praedii
2559 5052 2704 5122 apud
2733 5068 2864 5108 suos
2883 5055 3255 5126 conqueritur,
3293 5062 3347 5109 et
3373 5054 3652 5126 quomodo

2032 5139 2137 5194 hoc
2167 5147 2368 5206 careat,
2411 5139 2608 5196 tacitus
2660 5157 2849 5196 secum
2890 5143 3112 5214 cogitat.
3158 5143 3252 5198 Cui
3287 5145 3470 5199 statim
3504 5144 3651 5216 quod

2032 5235 2493 5307 optabataccidit.
2528 5236 2778 5311 Tietgero
2811 5238 2979 5305 enim,
3010 5237 3123 5294 tilio
3154 5239 3452 5312 supradicti
3483 5239 3655 5294 Rein-

2031 5326 2190 5394 fredi,
2223 5325 2388 5380 filiam
2421 5343 2573 5380 suam
2607 5335 2837 5398 nuptum
2880 5329 3052 5394 dedit,
3097 5345 3259 5400 quem
3287 5329 3498 5399 praedio
3525 5344 3657 5399 per-

2031 5416 2258 5472 ditionis
2285 5432 2409 5471 cum
2441 5415 2626 5486 aliqua
2639 5425 2794 5487 parte
2824 5417 3076 5489 pecunia
3109 5418 3254 5474 dotis
3283 5417 3512 5474 nomine
3551 5416 3654 5474 do-

1866 5515 2068 5571 NOTAE.

379 5602 519 5672 (898)
551 5605 586 5658 1.
623 5622 674 5673 q.
705 5622 869 5677 supra
898 5612 1150 5668 ruricolts
1190 5610 1480 5666 Germanic
1509 5613 1692 5679 erben,
1721 5627 1979 5685 agrorum
2011 5627 2398 5684 possessores.
