3938 6050
207 241 316 298 645
1167 231 1352 288 GEST.
1395 228 1540 284 ABB.
1585 224 1822 284 GEMBL.
1863 255 1929 266 --
1967 225 2224 282 CONTIN.
2268 227 2589 287 GODESCHI

3433 237 3538 292 646

207 369 378 426 navit.
420 366 530 434 Sic,
553 364 887 436 disponente
918 361 1052 429 Deo,
1087 361 1198 416 Ruz
1227 359 1295 416 ab
1325 365 1552 416 externa
1580 356 1745 413 domo
1771 355 1828 410 in
1855 361 1905 430 Α
1929 365 2120 434 ςερηω,
2149 362 2516 418 (aestimamus
2541 361 2781 416 cemitur
2799 361 2956 416 hodie
2973 361 3356 432 εάίβοαυθηιηι
3373 364 3540 419 πιαιίο

207 463 435 518 domum
483 457 634 513 illius
671 457 767 530 qui
806 469 934 512 eum
969 455 1124 528 prius
1168 460 1484 527 pervaserat
1510 451 1822 508 revertitur.
1925 457 2143 524 sumpta
2162 457 2213 508 et
2236 451 2435 519 labore,
2464 452 2682 506 utIocus
2699 451 2791 505 ille
2815 467 2923 506 non
2945 451 3211 506 habitatio
3231 455 3543 518 vastatoris,

204 557 325 612 Non
356 561 478 627 post
526 554 757 607 multum
801 560 1037 622 tempus.
1080 549 1369 624 Tietgerus
1401 549 1532 604 dum
1577 545 1666 601 die
1692 561 1827 600 con-
1928 543 2018 598 sed
2071 544 2260 597 domus
2307 545 2442 596 esset
2486 541 2806 597 Saluatoris.
2857 541 3172 598 Gaudebam
3219 546 3398 597 actum
3432 557 3546 598 meo

207 649 356 704 dicta
385 647 454 702 ad
486 645 746 718 placitum
773 644 1052 716 quoddam
1083 643 1334 716 quolibet
1359 658 1486 700 cum
1513 638 1706 695 amicis
1733 653 1830 692 va-
1930 633 2174 697 consilio,
2203 631 2348 686 unde
2397 631 2536 686 mihi
2570 633 2630 685 in
2658 630 3020 688 Gemblacensi
3055 632 3269 688 cenobio
3297 637 3427 689 esset
3473 632 3548 687 ad

207 740 313 810 dit,
346 740 405 794 in
456 738 642 794 medio
683 737 896 792 itinere
917 736 968 791 ei
996 736 1158 791 miles
1185 734 1330 790 alius
1360 731 1637 797 occurrit;
1672 728 1832 802 equis
1933 723 2102 776 Deum
2115 721 2372 790 frequens
2395 719 2636 787 fratrum
2656 722 2850 787 οναιέο,
2879 719 3288 776 ειιιηάθυὶοίηίε
3307 735 3550 791 "073139"-

209 834 519 900 concitatis,
551 833 619 888 ab
639 831 886 904 utrisque
915 830 1079 886 simul
1111 829 1474 892 concurritur,
1505 841 1684 899 equus
1714 823 1838 892 ejus
1937 814 2174 904 turbatio
2202 813 2296 869 sed
2322 814 2631 868 animarum
2669 817 2719 868 et
2746 828 3030 904 corporum
3077 817 3211 868 esset
3237 815 3548 871 consolatio.

207 926 279 981 ab
308 940 452 998 equo
485 924 636 979 illius
665 929 1034 980 terramtenus
1059 920 1457 993 prosternitur;
1491 919 1614 990 ipse
1651 915 1837 991 gravi-

1960 903 2174 973 Iamque
2209 907 2436 974 propter
2471 905 2628 972 pacis
2669 905 2720 956 et
2757 901 3050 958 concordia:
3093 903 3361 956 unitatem
3395 903 3554 958 multi

210 1021 297 1070 ter
316 990 564 1078 collisus,
587 1011 845 1067 omnibus
872 990 1136 1064 membris
1153 1007 1486 1071 concutitur,
1518 1011 1574 1061 et
1602 990 1671 1059 ab
1698 1001 1840 1058 ami-
1938 991 2069 1046 έηιιο
2109 993 2472 1059 convenirent:
2505 995 2554 1046 et
2579 992 2650 1045 αιῖ
2687 991 3048 1046 habitandum
3078 991 3186 1044 Sibi
3209 990 3391 1046 ἀοῖηοε
3433 1005 3555 1045 00n-

211 1103 296 1158 cis
319 1103 543 1167 relatus,
571 1107 764 1156 octava
795 1100 885 1155 die
915 1098 1120 1154 ﬁnitur.
1151 1099 1292 1154 Dicit
1336 1097 1604 1169 prOpheta
1637 1093 1834 1149 David:

210 1197 401 1250 Justus
425 1209 500 1260 es,
545 1196 784 1254 Domine.
833 1197 884 1248 et
921 1197 1130 1248 rect-um
1166 1192 1438 1246 Iudicium
1487 1193 1636 1244 tuum
1667 1186 1834 1257 (Psal.

215 1281 545 1354 cxvm,137)
569 1299 584 1350 ;
616 1287 672 1338 et
691 1282 820 1354 quia
847 1281 978 1337 huic
1003 1280 1294 1336 sententiae
1324 1277 1706 1336 contradicere
1725 1290 1837 1332 non

213 1388 512 1446 possumus
535 1371 746 1443 judicio
773 1371 868 1426 Dei
908 1371 1097 1426 omnia
1125 1369 1550 1426 committamus.

286 1468 376 1524 79.
406 1465 560 1522 Carta
589 1465 660 1522 de
681 1465 1038 1522 villicatione.
1073 1465 1322 1521 Olbertus
1365 1463 1552 1531 gratia
1583 1461 1678 1516 Dei
1713 1462 1844 1516 Leo-

214 1556 515 1612 dicensium
541 1557 840 1624 episcopus,
880 1555 1098 1609 decanis
1127 1554 1436 1624 prcepositis
1473 1557 1526 1606 et
1551 1551 1843 1607 abbatibus

1939 1084 2226 1148 struerent,
2259 1082 2450 1134 iterum
2489 1080 2670 1134 habito
2711 1082 2934 1136 consilio
2964 1097 3081 1136 cum
3120 1081 3311 1135 amicis
3347 1081 3478 1134 meis
3505 1083 3556 1134 et

1938 1187 2057 1227 cum
2082 1172 2396 1242 supradicto
2425 1171 2618 1226 abbate
2645 1181 2696 1227 et
2717 1173 2940 1240 familia
2964 1173 3232 1240 (ecclesiae,
3262 1172 3470 1228 decrevi
3492 1176 3555 1227 ut

1939 1265 2083 1320 locus
2111 1265 2204 1318 ille
2229 1279 2348 1319 cum
2372 1264 2568 1334 oppido
2607 1264 2974 1320 Gemblacensi
3001 1268 3100 1334 jus
3145 1263 3314 1332 legale
3343 1268 3392 1318 et
3423 1279 3555 1319 con-

1944 1357 2383 1412 suetudinarium
2404 1359 2462 1410 in
2481 1357 2724 1412 omnibus
2747 1357 2962 1412 haberet
2983 1359 3174 1412 unum.
3205 1356 3294 1410 Me
3314 1361 3556 1427 excepto,

1943 1453 2124 1508 nullus
2146 1453 2224 1507 ibi
2243 1455 2536 1524 quicquam
2543 1451 2696 1522 juris
2725 1451 2955 1506 haberet.
2988 1450 3327 1506 Advocatum
3349 1452 3561 1508 nullum

1943 1547 2056 1601 nisi
2081 1561 2162 1600 me
2189 1547 2512 1616 susciperet;
2541 1560 2640 1615 per
2667 1544 2915 1599 abbatem
2941 1547 2991 1598 et
3013 1559 3116 1614 per
3139 1558 3219 1597 me
3247 1545 3295 1597 si
3331 1547 3561 1599 necessi-

214 1652 267 1703 et
290 1647 534 1702 omnibus
563 1646 662 1701 sub
697 1649 958 1715 potestate
985 1649 1173 1700 nostra
1213 1645 1530 1712 degentibus
1575 1643 1843 1699 acclesia-
1870 1687 1920 1755 Β
1943 1639 2028 1691 tas
2053 1638 2311 1704 exigeret,
2341 1633 2706 1704 componenda
2743 1637 3202 1704 componerentur,
3243 1633 3564 1701 corrigenda

389 1745 426 1755 ν,
463 1745 472 1755 .
595 1745 604 1755 .
683 1740 716 1755 η
849 1741 882 1755 η
957 1745 969 1755 .
1048 1742 1086 1755 μ
1175 1754 1181 1755 ,
1282 1739 1334 1755 ιη
1393 1754 1398 1755 ,
1495 1754 1520 1755 η
1541 1753 1563 1755 ν,
1599 1740 1624 1755 ρ
1667 1743 1737 1755 ..μ
1777 1739 1841 1755 --ι
1945 1727 2341 1755 ,κλμ-ἠαιιινηιυω
2389 1724 2644 1755 Παιηνννινῖο
2667 1725 2840 1755 nan-Iam
2863 1737 2955 1755 οηη
3011 1724 3149 1755 m‘nu!
3179 1725 3228 1755 of
3266 1727 3560 1755 nutantium,

216 1758 346 1796 rum
383 1745 477 1796 Dei
499 1740 812 1796 rectoribus.
843 1741 1239 1796 Contentionem
1272 1739 1425 1794 illam
1451 1753 1569 1808 quas
1588 1740 1742 1805 facta
1765 1739 1842 1792 est
1870 1724 1920 1755 υ
1943 1727 2359 1793 οονιτρθνθηιωκ
2389 1724 2644 1790 Quamvis
2663 1725 2844 1778 autem
2862 1737 2976 1790 89ογ
3007 1724 3149 1777 Sicut
3178 1725 3228 1776 ει
3265 1727 3563 1778 antecesso-

217 1832 280 1885 in
311 1830 677 1887 Gemblacensi
714 1829 1008 1898 parrochia
1035 1829 1178 1882 inter
1207 1828 1454 1882 abbatem
1493 1831 1544 1882 et
1577 1827 1842 1893 villicum,

218 1921 357 1975 satis
377 1923 700 1988 compertam
735 1919 883 1972 vobis
913 1931 1026 1973 esse
1052 1919 1424 1985 cognovimus;
1450 1917 1591 1971 unde
1615 1931 1682 1971 ne
1709 1915 1846 1986 quid

218 2013 330 2066 tale
367 2011 667 2081 aliquando
705 2013 766 2066 in
796 2011 925 2066 locis
953 2013 1152 2066 vestris
1181 2010 1416 2078 accidat,
1456 2015 1639 2065 cautos
1661 2025 1753 2065 vos
1783 2025 1846 2065 ac

218 2107 476 2162 sollicitos
504 2107 730 2161 reddere
758 2109 1090 2162 curavimus.
1123 2107 1519 2162 Villicationem
1539 2123 1706 2176 quam
1717 2109 1848 2176 jure

221 2201 554 2259 hereditario
598 2203 785 2256 Emmo
809 2201 1027 2255 villicus
1065 2200 1435 2270 sibiOreti-nere
1465 2202 1842 2268 temptaverat,

220 2274 404 2345 nostro
433 2294 594 2360 atque
620 2292 859 2344 omnium
907 2289 1121 2359 judicio
1151 2290 1313 2358 digne
1343 2289 1412 2343 ab
1449 2305 1508 2344 eo
1555 2293 1844 2358 receptam,

221 2386 390 2442 abbas
437 2387 599 2440 alteri
633 2388 951 2455 cuicumque
987 2386 1214 2440 voluerit
1277 2385 1344 2440 de
1383 2387 1554 2440 servis
1601 2386 1848 2440 ecclesiae

221 2480 446 2535 tribuat.
488 2479 642 2545 Quod
675 2481 885 2546 factum
913 2482 975 2533 ut
1011 2479 1257 2534 omnibus
1287 2479 1538 2534 (ecclesiis
1582 2481 1642 2534 in
1668 2493 1848 2534 errem-

217 2571 374 2642 plum
393 2575 738 2640 permaneat,
767 2571 1141 2626 interdicimus
1177 2573 1278 2626 Dei
1301 2575 1351 2625 et
1385 2575 1575 2626 nostra
1613 2571 1848 2626 auctori-

220 2667 354 2730 tate,
381 2666 443 2717 ut
469 2662 650 2718 nullus
683 2663 851 2718 abbas
879 2663 1150 2730 Emmoni,
1177 2666 1338 2734 quasi
1362 2663 1564 2730 heredi,
1597 2667 1697 2718 aut
1717 2664 1850 2733 ﬁliis

223 2759 344 2828 ejus
381 2761 662 2829 tamquam
698 2759 859 2814 malis
897 2758 1166 2812 malorum
1221 2758 1527 2825 heredibus,
1566 2757 1852 2812 villicandi

218 2853 540 2920 potestatem
557 2851 798 2920 amplius
825 2851 1056 2917 tribuat,
1080 2866 1146 2904 ne
1179 2852 1503 2906 novissimus
1524 2866 1674 2905 error
1697 2850 1854 2920 pejor

221 2942 405 3010 priore
429 2941 542 3008 ﬁat.
570 2939 726 3005 Quod
743 2941 794 2994 si
813 2941 936 3009 quis
951 2939 1107 2994 illum
1127 2943 1403 3009 tamquam
1417 2939 1850 2996 misericordiam

225 3031 426 3086 habens
453 3047 615 3102 super
647 3047 766 3086 eum
802 3032 1118 3087 reinducere
1155 3035 1517 3102 temptaverit,
1556 3047 1668 3088 non
1702 3033 1854 3102 ﬁlius
1879 3059 1928 3128 Ο

223 3121 408 3176 liberte
431 3136 551 3190 quas
577 3125 654 3176 est
705 3125 878 3176 mater
904 3122 1166 3188 mcclesia,
1207 3121 1304 3176 sed
1345 3122 1557 3177 adulter
1591 3121 1854 3177 adulterat

219 3210 530 3281 judicatus,
548 3211 837 3265 anathema
863 3211 1196 3265 maranatha
1219 3213 1338 3280 ﬁat,
1365 3212 1435 3265 ab
1462 3213 1701 3266 omnium
1725 3211 1854 3280 ﬁde-

228 3300 366 3354 lium
407 3299 614 3354 Christi
643 3301 906 3354 consortio
945 3303 1275 3368 segregatus.
1309 3300 1508 3354 Actum
1543 3303 1605 3353 in
1633 3299 1851 3366 Leodio,

229 3397 280 3448 et
311 3393 568 3448 bonorum
619 3395 889 3460 virorum,
921 3393 1200 3460 abbatum,
1241 3393 1748 3447 archirliaconorum
1803 3395 1854 3446 et

229 3483 497 3537 laicorum
525 3484 900 3552 conﬁrmatum
953 3483 1274 3536 testimonio.
1323 3483 1534 3536 Testes:
1593 3483 1857 3550 Berenga-

228 3575 350 3629 rius
375 3575 542 3628 abbas
561 3575 744 3630 sancti
769 3575 1078 3640 Laurentii,
1113 3573 1356 3630 Olbertus
1379 3573 1546 3628 abbas
1567 3575 1746 3628 sancti
1758 3575 1856 3628 Ja-

230 3667 367 3722 cobi.
408 3667 678 3735 Rodulfus
707 3667 875 3722 abbas
902 3669 1082 3722 sancti
1102 3667 1390 3722 Trudonis.
1420 3667 1725 3734 Stephanus
1754 3667 1855 3721 ab-

233 3757 333 3812 bas
373 3757 700 3812 Broniensis.
733 3757 1047 3811 Alexander
1075 3755 1514 3810 archidiaconus.
1547 3755 1859 3811 Fredericus

234 3847 675 3905 archidiaconus.
709 3849 978 3904 Henricus
1005 3848 1444 3927 archidiaconus.
1477 3848 1737 3902 Henricus
1764 3863 1859 3902 ar-

233 3938 604 3993 chidiaconus.
637 3937 888 3992 Andreas
925 3936 1356 3992 archidiaconus.

304 4030 396 4085 80.
429 4028 583 4083 Carta
633 4027 839 4084 montis
877 4028 1053 4084 sancti
1083 4027 1353 4084 Guiberti.
1405 4030 1468 4083 In
1499 4029 1714 4084 nomine
1736 4043 1861 4084 san-

236 4122 336 4175 ctm
363 4123 412 4174 et
463 4119 762 4174 individua:
802 4120 1110 4174 Trinitatis.
1157 4117 1491 4186 Godefridus
1547 4119 1736 4186 gratia
1762 4120 1863 4173 Dei

236 4227 408 4268 comes
429 4213 802 4278 Lovaniensis,
835 4211 952 4266 dua:
975 4211 1370 4276 Lothariensis,
1392 4211 1634 4265 omnibus
1663 4211 1870 4265 verita-

238 4311 312 4364 tis
349 4309 560 4362 amicis.
593 4307 679 4363 Sit
702 4311 892 4362 notum
919 4307 1089 4374 vobis,
1123 4307 1256 4376 quia
1283 4305 1471 4360 diebus
1500 4305 1632 4360 meis
1661 4308 1711 4359 et
1737 4305 1862 4360 An-

1943 1833 2026 1872 res
2056 1819 2180 1884 mei,
2215 1832 2322 1886 per
2347 1831 2570 1870 manum
2598 1815 2942 1892 imperatoris
2971 1815 3074 1868 sim
3103 1815 3429 1869 constitutus
3456 1814 3562 1869 ad-

1942 1911 2160 1962 vocatus
2213 1906 2602 1962 Gemblacensis
2626 1903 2889 1975 ;cwnobii,
2942 1908 3121 1959 tamen
3155 1909 3218 1960 ut
3266 1905 3566 1961 omnimodo

1945 2003 2077 2055 esset
2112 2002 2239 2053 rata
2265 2013 2381 2052 mea
2407 1997 2740 2063 constitutio,
2781 1995 3035 2051 adhibita
3072 1999 3151 2051 est
3186 1999 3349 2052 etiam
3374 1997 3568 2052 Leodi-

1945 2092 2114 2146 censis
2142 2090 2381 2160 episcopi
2411 2089 2539 2143 talis
2568 2089 2926 2157 conﬁrmatio,
2957 2091 3018 2141 ut
3042 2089 3094 2142 si
3127 2103 3221 2155 ego
3257 2088 3340 2142 vel
3364 2088 3566 2158 aliquis

1945 2195 2301 2236 successorum
2327 2193 2566 2234 meorum
2585 2178 2730 2248 quod
2757 2179 3109 2233 constitutum
3131 2182 3208 2232 est
3238 2180 3566 2233 immutave-

1945 2279 2042 2344 rit,
2083 2277 2373 2331 anathema
2409 2277 2501 2330 sit.
2533 2275 2726 2342 Amen,
2757 2289 2933 2328 amen.
2987 2275 3188 2326 Actum
3236 2287 3378 2326 anno
3417 2271 3560 2327 doni.

1945 2371 2054 2424 inc.
2088 2367 2272 2432 “23°,
2303 2368 2598 2422 indictione
2625 2369 2676 2434 1,
2707 2369 2902 2436 epacta
2925 2365 3044 2431 22°,
3074 2364 3267 2418 domno
3297 2365 3565 2420 Alberone

1941 2463 2118 2530 primo
2139 2460 2304 2530 hujus
2331 2461 2566 2514 nominis
2594 2457 2998 2514 Leodicensium
3025 2459 3268 2528 episcopo

2015 2548 2106 2605 81.
2148 2548 2304 2603 Carta
2333 2547 2402 2602 de
2445 2547 2789 2602 Dudinsarte.
2819 2548 3016 2604 Notum
3057 2549 3130 2601 sit
3147 2545 3398 2600 omnibus
3421 2544 3562 2599 dili-

1947 2639 2192 2708 gentibus
2215 2639 2520 2701 veritatem,
2549 2653 2672 2707 qua
2695 2642 2770 2692 est
2804 2639 2962 2702 Deus,
3004 2637 3190 2691 ducem
3213 2634 3566 2702 Godefridum

1948 2735 2204 2786 seniorem
2261 2730 2482 2800 ejusque
2521 2729 2693 2797 illium
2735 2731 3048 2799 equivocum
3087 2726 3441 2794 Godefridum
3473 2726 3566 2795 ju-

1948 2826 2155 2879 niorem
2182 2839 2284 2894 pro
2312 2823 2486 2878 salute
2522 2823 2831 2876 animarum
2867 2836 3090 2875 suarum
3125 2819 3426 2876 tradidisse
3461 2821 3566 2873 Deo

1952 2917 2001 2968 et
2031 2917 2215 2969 sancto
2247 2915 2400 2967 Petro
2433 2913 2492 2966 in
2507 2911 2804 2981 parrochia
2818 2911 3105 2966 Braniensi
3127 2908 3401 2978 quoddam
3422 2921 3566 2977 prce-

1954 3011 2108 3065 dium
2152 3009 2458 3064 Dudinsart
2505 3007 2730 3062 dictum.
2804 3007 3040 3075 Denique
3099 3003 3350 3059 adstante
3392 3002 3566 3056 multa

1951 3102 2264 3170 frequentia
2294 3099 2558 3154 nobilium
2585 3112 2908 3168 suorumque
2943 3096 3206 3164 ﬁdelium,
3248 3094 3482 3148 decrevit
3507 3097 3568 3147 ut

1952 3196 2061 3251 haec
2087 3194 2308 3248 traditio
2334 3197 2460 3248 rata
2499 3195 2549 3246 et
2581 3190 2896 3246 inconvulsa
2921 3189 3080 3242 duret
3117 3189 3179 3242 in
3225 3189 3562 3256 perpetuum.

1953 3287 2098 3353 Ergo
2125 3284 2474 3350 largitor-ibus
2501 3285 2547 3336 et
2579 3279 2932 3349 adjutoribus
2970 3277 3135 3346 hujus
3179 3279 3417 3331 muneris
3443 3291 3570 3330 ora-

1953 3394 2075 3434 mus
2100 3379 2328 3449 praemia
2357 3381 2566 3431 aeterna
2605 3372 3088 3436 remunorationis;
3139 3369 3484 3439 praedonibus
3521 3371 3572 3422 et

1955 3467 2262 3536 raptoribus
2287 3466 2468 3518 minas
2499 3466 2548 3516 et
2573 3475 2747 3532 penus
2783 3460 3200 3514 interminamus
3235 3460 3447 3512 eterna
3472 3471 3570 3509 ea:-

1956 3555 2475 3614 communicationis.
2513 3555 2716 3608 Testes:
2760 3549 3090 3617 Godefridus
3129 3562 3297 3602 comes
3355 3549 3568 3604 Namu-

1955 3649 2127 3704 censis
2147 3645 2370 3716 ejusque
2387 3643 2534 3712 filius
2555 3640 2836 3696 Henricus.
2874 3638 3044 3692 Testis
3073 3637 3340 3690 Henricus
3359 3633 3570 3703 junior,

1958 3737 2104 3807 ﬁlius
2127 3737 2301 3806 ipsius
2325 3733 2504 3787 ducis.
2554 3729 2856 3786 Willelmus
2885 3726 3181 3781 advocatus
3231 3725 3297 3778 de
3339 3725 3574 3782 Namuco

1959 3827 2178 3897 ejusque
2195 3825 2372 3893 frater
2409 3822 2714 3878 Anselmus.
2747 3817 2934 3885 Erfelo
2958 3817 3022 3870 de
3048 3814 3210 3872 Calvo
3240 3816 3433 3878 monte,
3475 3813 3576 3869 Ge-

1959 3916 2160 3972 rardus
2191 3915 2256 3969 de
2294 3914 2502 3980 Wanga
2551 3914 2600 3966 et
2626 3909 2776 3976 ﬁlius
2832 3907 2948 3978 ejus
2993 3905 3278 3960 Henricus.
3310 3903 3574 3958 Henricus

1960 4005 2026 4060 de
2053 4004 2285 4060 Birbais.
2337 4001 2566 4059 Scherus
2593 3999 2659 4054 de
2705 3998 2932 4061 Wavra,
2965 3991 3267 4051 Gothuinus
3298 3991 3364 4046 de
3407 3993 3580 4048 Lova-

1959 4095 2068 4150 nio.
2097 4097 2308 4150 Franco
2338 4093 2404 4148 de
2429 4091 2673 4148 BroseIla
2697 4094 2748 4145 et
2778 4089 2880 4144 alii
2913 4085 3076 4142 multi
3114 4083 3314 4138 nobiles
3341 4088 3388 4138 et
3413 4085 3582 4138 servi.

1970 4189 2170 4244 Actum
2199 4189 2259 4242 in
2283 4186 2547 4251 Gemblus,
2576 4198 2722 4240 anno
2763 4181 2980 4237 Domini
3015 4175 3173 4232 1131.
3206 4176 3468 4230 Lothario
3504 4191 3584 4230 re-

1963 4285 2185 4350 gnante,
2213 4281 2350 4335 dono
2381 4277 2702 4334 Αἰθίδαηὰνο
2738 4271 3140 4330 Leodicensium
3169 4268 3433 4337 episcopo,
3471 4269 3584 4321 An-

239 4359 816 4457 ;.'z..;.?am"m;e..a
842 4359 1256 4468 rabbatis'jdmta
1283 4359 1476 4452 villam
1504 4411 1620 4466 quae
1650 4359 1855 4454 una.

1972 4372 2131 4427 selmo
2160 4370 2350 4425 abbate
2377 4367 2548 4422 locum
2583 4369 2826 4420 nostrum
2863 4363 3090 4428 regente.
3145 4359 3399 4425 Gregorio
3431 4370 3586 4425 papa

2044 4461 2059 4468 -
2173 4463 2205 4468 _
2600 4455 2615 4468 1
2803 4455 2843 4468 1,
2904 4448 3187 4468 n-jAp.__-J-
3240 4447 3362 4468 JH-..
3422 4444 3555 4468 ...Ιηλ

240 4491 448 4547 dicitur
493 4494 610 4545 erat
637 4491 779 4544 locus
807 4491 904 4560 qui
945 4504 1088 4544 nunc
1127 4491 1278 4544 Mons
1315 4489 1493 4542 sancti
1517 4487 1758 4542 Guiberti
1805 4489 1871 4542 de

240 4581 455 4635 nomine
502 4578 620 4648 ejus
656 4581 1092 4647 cognominatur.
1133 4579 1288 4634 Mons
1337 4577 1556 4646 quidem
1605 4577 1866 4644 incultus,

243 4673 340 4730 sed
396 4675 688 4729 munitioni
737 4675 874 4728 satis
923 4677 1106 4744 aptus.
1153 4671 1429 4728 Prasdium
1471 4669 1868 4726 Gemblacensis

241 4762 488 4818 ecclesia
509 4767 646 4829 erat,
685 4767 734 4816 et
761 4763 1001 4820 ecclesia
1028 4777 1148 4833 qua:
1173 4763 1232 4817 in
1250 4777 1308 4816 eo
1335 4763 1542 4829 fuerat,
1563 4759 1687 4828 jam
1701 4760 1868 4815 multo

245 4860 482 4924 tempore
499 4855 772 4910 destructa
786 4857 924 4920 erat,
947 4854 1042 4909 sed
1069 4859 1246 4909 tamen
1267 4853 1559 4909 secundum
1586 4853 1868 4922 quantita-

245 4945 351 4999 tem
385 4961 558 5009 suam,
618 4945 767 5016 quod
808 4945 1117 5002 Leodicensi
1169 4945 1418 5000 cecclesice
1473 4943 1698 4999 debebat
1726 4948 1863 4998 tem-

244 5051 378 5108 pore
395 5053 628 5106 congruo
638 5039 992 5108 persolvebat.
1023 5038 1212 5094 Abbas
1231 5043 1280 5092 et
1299 5037 1551 5093 monachi
1571 5040 1622 5090 et
1644 5036 1867 5104 familia

246 5128 496 5182 (ecclesiae
535 5131 776 5185 ﬁnientes
815 5129 962 5200 quod
1016 5129 1318 5185 timendum
1366 5133 1505 5192 erat,
1561 5127 1767 5183 scilicet
1811 5141 1880 5180 ne

247 5231 584 5288 quacumque
607 5221 882 5274 occasione
905 5218 1143 5288 injustas
1165 5230 1433 5288 pervasor
1455 5216 1630 5270 locum
1651 5210 1880 5267 invade-

247 5311 348 5374 ret,
379 5313 427 5361 et
467 5311 765 5364 munitione
793 5310 1066 5379 ediﬁcata,
1096 5309 1302 5363 vicinos
1341 5311 1389 5363 et
1443 5308 1682 5361 maxime
1707 5305 1876 5372 fami-

247 5401 382 5456 liam
415 5403 664 5458 .zcclesiat
691 5405 980 5474 afﬂigeret,
1012 5404 1197 5458 habito
1225 5417 1430 5458 mecum
1457 5401 1701 5466 consilio,
1732 5400 1882 5466 feria

250 5495 455 5560 quarta
482 5493 700 5560 paschae
727 5495 991 5561 feretrum
1017 5496 1196 5550 sancti
1215 5491 1462 5548 Guiberti
1480 5505 1600 5545 cum
1629 5488 1880 5558 reliquiis

247 5581 384 5637 illuc
421 5581 866 5654 deportaverunt,
899 5589 949 5640 et
985 5587 1086 5640 Deo
1117 5585 1432 5654 cooperante
1470 5585 1520 5636 et
1539 5595 1640 5654 per
1670 5579 1882 5634 beatum

255 5671 570 5730 Guibertum
600 5675 829 5743 inﬁrmis
882 5676 1106 5732 multam
1162 5676 1460 5730 sanitatum
1489 5672 1727 5740 gratiam
1769 5670 1880 5724 lar-

1969 4461 2141 4516 sedem
2169 4463 2466 4517 Romanam
2519 4455 2868 4524 gubernante,
2901 4448 3192 4516 Godefrido
3232 4447 3362 4500 duce
3416 4444 3587 4498 advo-

1969 4559 2086 4610 cato
2142 4555 2345 4620 nostra,
2404 4549 2666 4606 secundas
2713 4548 2898 4618 partes
2954 4542 3071 4613 ejus
3127 4541 3427 4610 adjuvante
3475 4537 3588 4608 ﬁlio

1969 4655 2160 4714 Seheri
2190 4651 2484 4708 Bernardo.

2039 4749 2129 4806 82.
2162 4747 2312 4802 Dicet
2339 4741 2572 4815 aliquis:
2603 4740 2748 4809 Quid
2773 4738 3033 4794 utilitatis
3072 4735 3228 4790 habet
3263 4734 3589 4804 conscriptio

1968 4847 2247 4900 cartorum
2276 4839 2305 4894 τ
2335 4836 2787 4910 Respondemus:
2818 4833 3052 4890 Multum
3097 4846 3195 4902 per
3226 4845 3430 4886 omnem
3475 4843 3588 4882 mo-

1967 4936 2116 5000 dum,
2149 4935 2282 5004 quia
2307 4932 2579 4986 continent
2597 4925 2895 4999 privilegia
2920 4924 3286 4980 (ecclesiarum
3331 4925 3381 4976 et
3409 4919 3588 4976 (eccle-

1964 5028 2313 5083 siasticarum
2343 5021 2758 5094 possessionum.
2813 5016 3014 5072 Iccirco
3043 5011 3251 5086 placuit
3279 5017 3590 5066 antecesso-

1977 5117 2132 5172 ribus
2151 5114 2377 5182 nostris,
2406 5109 2612 5184 placuit
2641 5113 2696 5164 et
2720 5105 2884 5163 nobis
2905 5121 3000 5160 eas
3031 5103 3279 5158 inserere
3315 5105 3590 5169 opportm

1979 5209 2066 5264 nis
2092 5207 2149 5263 in
2187 5205 2344 5269 locis,
2399 5217 2470 5256 ne
2509 5199 2836 5254 indecenter
2871 5198 3180 5250 tractentur
3217 5189 3286 5244 ab
3332 5185 3592 5248 incautis,

1979 5306 2035 5356 et
2064 5312 2187 5370 quae
2217 5293 2415 5349 habitas
2445 5296 2500 5345 et
2539 5286 2760 5343 exibitaa
2802 5289 3055 5356 poterant
3106 5279 3362 5370 ignorata
3407 5272 3593 5370 notiti-

1981 5365 2126 5459 care,
2159 5396 2214 5446 et
2241 5399 2566 5459 pervasores
2593 5380 2948 5454 redarguere,
2972 5390 3085 5432 non
3125 5369 3326 5427 habitae
3353 5381 3455 5422 nec
3474 5365 3592 5459 exi-

1980 5454 2123 5541 bitas-
2141 5454 2431 5538 videantur
2461 5469 2830 5548 ignorantiam
2869 5479 3091 5538 augere,
3127 5467 3182 5517 et
3211 5454 3598 5548 pervasoribus

1983 5575 2052 5631 ad
2083 5563 2394 5627 invadenda
2445 5542 2558 5618 non
2613 5573 2714 5614 sua
2750 5551 3034 5612 audaciam
3078 5549 3304 5604 addere.
3356 5542 3598 5602 Ecclesia

1984 5661 2155 5720 sancti
2185 5653 2328 5714 Petri
2367 5651 2426 5706 in
2469 5649 2599 5707 villa
2624 5662 2748 5720 quae
2787 5638 3062 5702 Bavenchi
3089 5637 3313 5706 dicitur,
3344 5634 3600 5693 dedicata
