  <div class='ocr_page' id='page_1' title='image "/cluster/home/n/w/nwhite01/storage/ocr_20150623/160/hvd.32044054760186/329.png"; bbox 0 0 3938 6050; ppageno 0'>
   <div class='ocr_carea' id='block_1_1' title="bbox 336 253 441 309">
    <p class='ocr_par' dir='ltr' id='par_1_1' title="bbox 336 253 441 309">
     <span class='ocr_line' id='line_1_1' title="bbox 336 253 441 309; baseline -0.01 0"><span class='ocrx_word' id='word_1_1' title='bbox 336 253 441 309; x_wconf 70' lang='grc'><strong>647</strong></span> 
     </span>
    </p>
   </div>
   <div class='ocr_carea' id='block_1_2' title="bbox 1527 231 2436 297">
    <p class='ocr_par' dir='ltr' id='par_1_2' title="bbox 1527 231 2436 297">
     <span class='ocr_line' id='line_1_2' title="bbox 1527 231 2436 297; baseline -0.009 -3"><span class='ocrx_word' id='word_1_2' title='bbox 1527 235 1875 297; x_wconf 76' lang='lat' dir='ltr'><strong>SIGEBERTI</strong></span> <span class='ocrx_word' id='word_1_3' title='bbox 1919 231 2436 289; x_wconf 77' lang='lat' dir='ltr'><strong>GEMBLACENSIS.</strong></span> 
     </span>
    </p>
   </div>
   <div class='ocr_carea' id='block_1_3' title="bbox 3571 223 3688 282">
    <p class='ocr_par' dir='ltr' id='par_1_3' title="bbox 3571 223 3688 282">
     <span class='ocr_line' id='line_1_3' title="bbox 3571 223 3688 282; baseline -0.017 0"><span class='ocrx_word' id='word_1_4' title='bbox 3571 223 3688 282; x_wconf 71' lang='grc'><strong>648</strong></span> 
     </span>
    </p>
   </div>
   <div class='ocr_carea' id='block_1_4' title="bbox 342 353 3688 441">
    <p class='ocr_par' dir='ltr' id='par_1_4' title="bbox 342 353 3688 441">
     <span class='ocr_line' id='line_1_4' title="bbox 342 353 3688 441; baseline -0.008 -5"><span class='ocrx_word' id='word_1_5' title='bbox 342 380 631 436; x_wconf 82' lang='lat' dir='ltr'><strong>dicebatur</strong></span> <span class='ocrx_word' id='word_1_6' title='bbox 649 383 704 432; x_wconf 89' lang='lat' dir='ltr'><strong>et</strong></span> <span class='ocrx_word' id='word_1_7' title='bbox 733 375 787 430; x_wconf 88' lang='lat' dir='ltr'><strong>in</strong></span> <span class='ocrx_word' id='word_1_8' title='bbox 827 373 1096 430; x_wconf 89' lang='lat' dir='ltr'><strong>cimiterio</strong></span> <span class='ocrx_word' id='word_1_9' title='bbox 1127 372 1247 441; x_wconf 88' lang='lat' dir='ltr'><strong>ejus</strong></span> <span class='ocrx_word' id='word_1_10' title='bbox 1279 369 1482 426; x_wconf 78' lang='lat' dir='ltr'><strong>mortui</strong></span> <span class='ocrx_word' id='word_1_11' title='bbox 1510 368 1952 440; x_wconf 79' lang='lat' dir='ltr'><strong>sepeliebantur;</strong></span> <span class='ocrx_word' id='word_1_12' title='bbox 1980 366 2034 434; x_wconf 84' lang='grc' dir='ltr'><strong>Α</strong></span> <span class='ocrx_word' id='word_1_13' title='bbox 2062 380 2174 418; x_wconf 91' lang='lat' dir='ltr'><strong>ram</strong></span> <span class='ocrx_word' id='word_1_14' title='bbox 2207 361 2392 417; x_wconf 88' lang='lat' dir='ltr'><strong>divina</strong></span> <span class='ocrx_word' id='word_1_15' title='bbox 2424 358 2734 416; x_wconf 87' lang='lat' dir='ltr'><strong>visitatione</strong></span> <span class='ocrx_word' id='word_1_16' title='bbox 2775 372 2874 429; x_wconf 89' lang='lat' dir='ltr'><strong>per</strong></span> <span class='ocrx_word' id='word_1_17' title='bbox 2903 357 3124 412; x_wconf 89' lang='lat' dir='ltr'><strong>beatum</strong></span> <span class='ocrx_word' id='word_1_18' title='bbox 3167 353 3487 410; x_wconf 89' lang='lat' dir='ltr'><strong>Guibertum</strong></span> <span class='ocrx_word' id='word_1_19' title='bbox 3519 355 3688 426; x_wconf 79' lang='lat' dir='ltr'><strong>vigo-</strong></span> 
     </span>
    </p>
   </div>
   <div class='ocr_carea' id='block_1_5' title="bbox 341 459 1957 542">
    <p class='ocr_par' dir='ltr' id='par_1_5' title="bbox 341 459 1957 542">
     <span class='ocr_line' id='line_1_5' title="bbox 341 459 1957 542; baseline -0.008 -16"><span class='ocrx_word' id='word_1_20' title='bbox 341 473 435 526; x_wconf 89' lang='lat' dir='ltr'><strong>sed</strong></span> <span class='ocrx_word' id='word_1_21' title='bbox 465 471 593 542; x_wconf 82' lang='lat' dir='ltr'><strong>quia</strong></span> <span class='ocrx_word' id='word_1_22' title='bbox 620 468 738 522; x_wconf 90' lang='lat' dir='ltr'><strong>dies</strong></span> <span class='ocrx_word' id='word_1_23' title='bbox 783 464 1150 520; x_wconf 77' lang='lat' dir='ltr'><strong>dedicationis</strong></span> <span class='ocrx_word' id='word_1_24' title='bbox 1195 462 1573 537; x_wconf 79' lang='lat' dir='ltr'><strong>ignorabatur,</strong></span> <span class='ocrx_word' id='word_1_25' title='bbox 1624 461 1820 516; x_wconf 88' lang='lat' dir='ltr'><strong>iterum</strong></span> <span class='ocrx_word' id='word_1_26' title='bbox 1855 459 1957 514; x_wconf 87' lang='lat' dir='ltr'><strong>de-</strong></span> 
     </span>
    </p>
   </div>
   <div class='ocr_carea' id='block_1_6' title="bbox 339 550 1956 625">
    <p class='ocr_par' dir='ltr' id='par_1_6' title="bbox 339 550 1956 625">
     <span class='ocr_line' id='line_1_6' title="bbox 339 550 1956 625; baseline -0.007 -9"><span class='ocrx_word' id='word_1_27' title='bbox 339 561 574 616; x_wconf 87' lang='lat' dir='ltr'><strong>dicanda</strong></span> <span class='ocrx_word' id='word_1_28' title='bbox 628 573 750 613; x_wconf 90' lang='lat' dir='ltr'><strong>esse</strong></span> <span class='ocrx_word' id='word_1_29' title='bbox 799 555 1174 625; x_wconf 90' lang='lat' dir='ltr'><strong>judicabatur.</strong></span> <span class='ocrx_word' id='word_1_30' title='bbox 1235 554 1404 623; x_wconf 87' lang='lat' dir='ltr'><strong>Hujus</strong></span> <span class='ocrx_word' id='word_1_31' title='bbox 1462 553 1540 608; x_wconf 92' lang='lat' dir='ltr'><strong>rei</strong></span> <span class='ocrx_word' id='word_1_32' title='bbox 1601 550 1956 608; x_wconf 77' lang='lat' dir='ltr'><strong>contentione</strong></span> 
     </span>
    </p>
   </div>
   <div class='ocr_carea' id='block_1_7' title="bbox 338 640 1956 719">
    <p class='ocr_par' dir='ltr' id='par_1_7' title="bbox 338 640 1956 719">
     <span class='ocr_line' id='line_1_7' title="bbox 338 640 1956 719; baseline -0.007 -13"><span class='ocrx_word' id='word_1_33' title='bbox 338 649 510 705; x_wconf 90' lang='lat' dir='ltr'><strong>multo</strong></span> <span class='ocrx_word' id='word_1_34' title='bbox 539 655 787 719; x_wconf 87' lang='lat' dir='ltr'><strong>tempore</strong></span> <span class='ocrx_word' id='word_1_35' title='bbox 840 645 1177 717; x_wconf 89' lang='lat' dir='ltr'><strong>perdurante</strong></span> <span class='ocrx_word' id='word_1_36' title='bbox 1239 645 1475 699; x_wconf 90' lang='lat' dir='ltr'><strong>domnus</strong></span> <span class='ocrx_word' id='word_1_37' title='bbox 1537 641 1709 696; x_wconf 85' lang='lat' dir='ltr'><strong>abbas</strong></span> <span class='ocrx_word' id='word_1_38' title='bbox 1765 640 1956 695; x_wconf 82' lang='lat' dir='ltr'><strong>Ansel—</strong></span> 
     </span>
    </p>
   </div>
   <div class='ocr_carea' id='block_1_8' title="bbox 339 733 1956 812">
    <p class='ocr_par' dir='ltr' id='par_1_8' title="bbox 339 733 1956 812">
     <span class='ocr_line' id='line_1_8' title="bbox 339 733 1956 812; baseline -0.006 -15"><span class='ocrx_word' id='word_1_39' title='bbox 339 759 463 798; x_wconf 90' lang='lat' dir='ltr'><strong>mus</strong></span> <span class='ocrx_word' id='word_1_40' title='bbox 485 748 706 812; x_wconf 85' lang='lat' dir='ltr'><strong>accepta</strong></span> <span class='ocrx_word' id='word_1_41' title='bbox 731 738 1104 810; x_wconf 89' lang='lat' dir='ltr'><strong>oportunitate</strong></span> <span class='ocrx_word' id='word_1_42' title='bbox 1129 736 1375 792; x_wconf 88' lang='lat' dir='ltr'><strong>dedicari</strong></span> <span class='ocrx_word' id='word_1_43' title='bbox 1394 735 1520 790; x_wconf 86' lang='lat' dir='ltr'><strong>fecit</strong></span> <span class='ocrx_word' id='word_1_44' title='bbox 1542 751 1662 790; x_wconf 89' lang='lat' dir='ltr'><strong>eam</strong></span> <span class='ocrx_word' id='word_1_45' title='bbox 1690 751 1720 788; x_wconf 88' lang='lat' dir='ltr'><strong>a</strong></span> <span class='ocrx_word' id='word_1_46' title='bbox 1751 733 1956 789; x_wconf 90' lang='lat' dir='ltr'><strong>domno</strong></span> 
     </span>
    </p>
   </div>
   <div class='ocr_carea' id='block_1_9' title="bbox 340 827 1960 898">
    <p class='ocr_par' dir='ltr' id='par_1_9' title="bbox 340 827 1960 898">
     <span class='ocr_line' id='line_1_9' title="bbox 340 827 1960 898; baseline -0.008 -6"><span class='ocrx_word' id='word_1_47' title='bbox 340 835 647 892; x_wconf 79' lang='lat' dir='ltr'><strong>Alexandro</strong></span> <span class='ocrx_word' id='word_1_48' title='bbox 680 832 1099 888; x_wconf 82' lang='lat' dir='ltr'><strong>Leodicensium</strong></span> <span class='ocrx_word' id='word_1_49' title='bbox 1141 829 1386 886; x_wconf 84' lang='lat' dir='ltr'><strong>antistite</strong></span> <span class='ocrx_word' id='word_1_50' title='bbox 1425 827 1686 883; x_wconf 85' lang='lat' dir='ltr'><strong>Kalendis</strong></span> <span class='ocrx_word' id='word_1_51' title='bbox 1715 828 1960 898; x_wconf 81' lang='lat' dir='ltr'><strong>Septem-</strong></span> 
     </span>
    </p>
   </div>
   <div class='ocr_carea' id='block_1_10' title="bbox 341 915 1954 995">
    <p class='ocr_par' dir='ltr' id='par_1_10' title="bbox 341 915 1954 995">
     <span class='ocr_line' id='line_1_10' title="bbox 341 915 1954 995; baseline -0.007 -14"><span class='ocrx_word' id='word_1_52' title='bbox 341 926 473 987; x_wconf 86' lang='lat' dir='ltr'><strong>bris.</strong></span> <span class='ocrx_word' id='word_1_53' title='bbox 509 924 602 995; x_wconf 86' lang='lat' dir='ltr'><strong>qui</strong></span> <span class='ocrx_word' id='word_1_54' title='bbox 633 924 752 977; x_wconf 92' lang='lat' dir='ltr'><strong>dies</strong></span> <span class='ocrx_word' id='word_1_55' title='bbox 782 930 863 976; x_wconf 90' lang='lat' dir='ltr'><strong>est</strong></span> <span class='ocrx_word' id='word_1_56' title='bbox 897 920 1285 975; x_wconf 85' lang='lat' dir='ltr'><strong>sollemnitatis</strong></span> <span class='ocrx_word' id='word_1_57' title='bbox 1320 918 1495 974; x_wconf 84' lang='lat' dir='ltr'><strong>sancti</strong></span> <span class='ocrx_word' id='word_1_58' title='bbox 1526 916 1701 990; x_wconf 87' lang='lat' dir='ltr'><strong>Egidii</strong></span> <span class='ocrx_word' id='word_1_59' title='bbox 1723 915 1954 970; x_wconf 87' lang='lat' dir='ltr'><strong>abbatis.</strong></span> 
     </span>
    </p>
   </div>
   <div class='ocr_carea' id='block_1_11' title="bbox 344 1008 1959 1088">
    <p class='ocr_par' dir='ltr' id='par_1_11' title="bbox 344 1008 1959 1088">
     <span class='ocr_line' id='line_1_11' title="bbox 344 1008 1959 1088; baseline -0.006 -17"><span class='ocrx_word' id='word_1_60' title='bbox 344 1018 628 1073; x_wconf 85' lang='lat' dir='ltr'><strong>Consensu</strong></span> <span class='ocrx_word' id='word_1_61' title='bbox 694 1021 885 1088; x_wconf 80' lang='lat' dir='ltr'><strong>rogatu</strong></span> <span class='ocrx_word' id='word_1_62' title='bbox 971 1013 1220 1082; x_wconf 88' lang='lat' dir='ltr'><strong>ejusdem</strong></span> <span class='ocrx_word' id='word_1_63' title='bbox 1288 1010 1536 1082; x_wconf 75' lang='lat' dir='ltr'><strong>praesulis</strong></span> <span class='ocrx_word' id='word_1_64' title='bbox 1592 1008 1696 1064; x_wconf 88' lang='lat' dir='ltr'><strong>sub</strong></span> <span class='ocrx_word' id='word_1_65' title='bbox 1763 1008 1959 1063; x_wconf 90' lang='lat' dir='ltr'><strong>iisdem</strong></span> 
     </span>
    </p>
   </div>
   <div class='ocr_carea' id='block_1_12' title="bbox 342 1101 1964 1172">
    <p class='ocr_par' dir='ltr' id='par_1_12' title="bbox 342 1101 1964 1172">
     <span class='ocr_line' id='line_1_12' title="bbox 342 1101 1964 1172; baseline -0.008 -5"><span class='ocrx_word' id='word_1_66' title='bbox 342 1110 539 1167; x_wconf 82' lang='lat' dir='ltr'><strong>diebus</strong></span> <span class='ocrx_word' id='word_1_67' title='bbox 570 1117 654 1164; x_wconf 91' lang='lat' dir='ltr'><strong>est</strong></span> <span class='ocrx_word' id='word_1_68' title='bbox 700 1113 1023 1164; x_wconf 87' lang='lat' dir='ltr'><strong>consecrata</strong></span> <span class='ocrx_word' id='word_1_69' title='bbox 1073 1105 1322 1162; x_wconf 75' lang='lat' dir='ltr'><strong>aecclesia</strong></span> <span class='ocrx_word' id='word_1_70' title='bbox 1363 1110 1548 1159; x_wconf 88' lang='lat' dir='ltr'><strong>nostra</strong></span> <span class='ocrx_word' id='word_1_71' title='bbox 1589 1102 1644 1156; x_wconf 92' lang='lat' dir='ltr'><strong>in</strong></span> <span class='ocrx_word' id='word_1_72' title='bbox 1683 1101 1810 1156; x_wconf 89' lang='lat' dir='ltr'><strong>villa</strong></span> <span class='ocrx_word' id='word_1_73' title='bbox 1842 1115 1964 1172; x_wconf 76' lang='lat' dir='ltr'><strong>quae</strong></span> 
     </span>
    </p>
   </div>
   <div class='ocr_carea' id='block_1_13' title="bbox 342 1191 1966 1267">
    <p class='ocr_par' dir='ltr' id='par_1_13' title="bbox 342 1191 1966 1267">
     <span class='ocr_line' id='line_1_13' title="bbox 342 1191 1966 1267; baseline -0.007 -9"><span class='ocrx_word' id='word_1_74' title='bbox 342 1203 545 1258; x_wconf 89' lang='lat' dir='ltr'><strong>dicitur</strong></span> <span class='ocrx_word' id='word_1_75' title='bbox 596 1200 800 1267; x_wconf 85' lang='lat' dir='ltr'><strong>Castra,</strong></span> <span class='ocrx_word' id='word_1_76' title='bbox 837 1217 866 1254; x_wconf 91' lang='lat' dir='ltr'><strong>a</strong></span> <span class='ocrx_word' id='word_1_77' title='bbox 895 1200 1100 1254; x_wconf 88' lang='lat' dir='ltr'><strong>domno</strong></span> <span class='ocrx_word' id='word_1_78' title='bbox 1132 1195 1446 1264; x_wconf 87' lang='lat' dir='ltr'><strong>Godefrido,</strong></span> <span class='ocrx_word' id='word_1_79' title='bbox 1477 1193 1727 1266; x_wconf 87' lang='lat' dir='ltr'><strong>quamvis</strong></span> <span class='ocrx_word' id='word_1_80' title='bbox 1760 1191 1966 1265; x_wconf 82' lang='lat' dir='ltr'><strong>Anglo—</strong></span> 
     </span>
    </p>
   </div>
   <div class='ocr_carea' id='block_1_14' title="bbox 343 1285 1961 1366">
    <p class='ocr_par' dir='ltr' id='par_1_14' title="bbox 343 1285 1961 1366">
     <span class='ocr_line' id='line_1_14' title="bbox 343 1285 1961 1366; baseline -0.006 -16"><span class='ocrx_word' id='word_1_81' title='bbox 343 1312 462 1350; x_wconf 89' lang='lat' dir='ltr'><strong>rum</strong></span> <span class='ocrx_word' id='word_1_82' title='bbox 496 1295 779 1366; x_wconf 86' lang='lat' dir='ltr'><strong>episc0po,</strong></span> <span class='ocrx_word' id='word_1_83' title='bbox 807 1299 991 1347; x_wconf 89' lang='lat' dir='ltr'><strong>tamen</strong></span> <span class='ocrx_word' id='word_1_84' title='bbox 1012 1289 1374 1360; x_wconf 89' lang='lat' dir='ltr'><strong>compatriota</strong></span> <span class='ocrx_word' id='word_1_85' title='bbox 1401 1296 1610 1352; x_wconf 92' lang='lat' dir='ltr'><strong>nostro,</strong></span> <span class='ocrx_word' id='word_1_86' title='bbox 1640 1286 1670 1341; x_wconf 93' lang='lat'>3</span> <span class='ocrx_word' id='word_1_87' title='bbox 1700 1285 1828 1341; x_wconf 89' lang='lat' dir='ltr'><strong>ldus</strong></span> <span class='ocrx_word' id='word_1_88' title='bbox 1853 1286 1961 1342; x_wconf 87' lang='lat' dir='ltr'><strong>No-</strong></span> 
     </span>
    </p>
   </div>
   <div class='ocr_carea' id='block_1_15' title="bbox 341 1377 1961 1456">
    <p class='ocr_par' dir='ltr' id='par_1_15' title="bbox 341 1377 1961 1456">
     <span class='ocr_line' id='line_1_15' title="bbox 341 1377 1961 1456; baseline -0.005 -16"><span class='ocrx_word' id='word_1_89' title='bbox 341 1385 606 1450; x_wconf 90' lang='lat' dir='ltr'><strong>vembris,</strong></span> <span class='ocrx_word' id='word_1_90' title='bbox 661 1385 753 1456; x_wconf 90' lang='lat' dir='ltr'><strong>qui</strong></span> <span class='ocrx_word' id='word_1_91' title='bbox 808 1384 928 1438; x_wconf 92' lang='lat' dir='ltr'><strong>dies</strong></span> <span class='ocrx_word' id='word_1_92' title='bbox 979 1388 1060 1436; x_wconf 90' lang='lat' dir='ltr'><strong>est</strong></span> <span class='ocrx_word' id='word_1_93' title='bbox 1118 1379 1480 1451; x_wconf 88' lang='lat' dir='ltr'><strong>depositionis</strong></span> <span class='ocrx_word' id='word_1_94' title='bbox 1527 1377 1700 1432; x_wconf 87' lang='lat' dir='ltr'><strong>sancti</strong></span> <span class='ocrx_word' id='word_1_95' title='bbox 1749 1377 1961 1432; x_wconf 84' lang='lat' dir='ltr'><strong>Martini</strong></span> 
     </span>
    </p>
   </div>
   <div class='ocr_carea' id='block_1_16' title="bbox 343 1466 1960 1530">
    <p class='ocr_par' dir='ltr' id='par_1_16' title="bbox 343 1466 1960 1530">
     <span class='ocr_line' id='line_1_16' title="bbox 343 1466 1960 1530; baseline -0.006 0"><span class='ocrx_word' id='word_1_96' title='bbox 343 1474 701 1530; x_wconf 83' lang='lat' dir='ltr'><strong>confessoris.</strong></span> <span class='ocrx_word' id='word_1_97' title='bbox 763 1471 921 1526; x_wconf 86' lang='lat' dir='ltr'><strong>Facta</strong></span> <span class='ocrx_word' id='word_1_98' title='bbox 970 1478 1054 1524; x_wconf 89' lang='lat' dir='ltr'><strong>est</strong></span> <span class='ocrx_word' id='word_1_99' title='bbox 1105 1477 1288 1527; x_wconf 90' lang='lat' dir='ltr'><strong>autem</strong></span> <span class='ocrx_word' id='word_1_100' title='bbox 1329 1469 1520 1522; x_wconf 89' lang='lat' dir='ltr'><strong>harum</strong></span> <span class='ocrx_word' id='word_1_101' title='bbox 1582 1466 1960 1521; x_wconf 86' lang='lat' dir='ltr'><strong>aecclesiarum</strong></span> 
     </span>
    </p>
   </div>
   <div class='ocr_carea' id='block_1_17' title="bbox 344 1560 1962 1633">
    <p class='ocr_par' dir='ltr' id='par_1_17' title="bbox 344 1560 1962 1633">
     <span class='ocr_line' id='line_1_17' title="bbox 344 1560 1962 1633; baseline -0.006 -8"><span class='ocrx_word' id='word_1_102' title='bbox 344 1568 683 1625; x_wconf 89' lang='lat' dir='ltr'><strong>consecratio</strong></span> <span class='ocrx_word' id='word_1_103' title='bbox 723 1581 868 1620; x_wconf 85' lang='lat' dir='ltr'><strong>anno</strong></span> <span class='ocrx_word' id='word_1_104' title='bbox 891 1564 1108 1620; x_wconf 89' lang='lat' dir='ltr'><strong>Domini</strong></span> <span class='ocrx_word' id='word_1_105' title='bbox 1144 1563 1303 1620; x_wconf 74' lang='lat'><strong>“33°</strong></span> <span class='ocrx_word' id='word_1_106' title='bbox 1332 1562 1422 1628; x_wconf 71' lang='lat'><strong>&quot;‘73,</strong></span> <span class='ocrx_word' id='word_1_107' title='bbox 1446 1561 1646 1616; x_wconf 88' lang='lat' dir='ltr'><strong>multas</strong></span> <span class='ocrx_word' id='word_1_108' title='bbox 1679 1560 1962 1633; x_wconf 83' lang='lat' dir='ltr'><strong>impensas</strong></span> 
     </span>
    </p>
   </div>
   <div class='ocr_carea' id='block_1_18' title="bbox 346 1655 1456 1733">
    <p class='ocr_par' dir='ltr' id='par_1_18' title="bbox 346 1655 1456 1733">
     <span class='ocr_line' id='line_1_18' title="bbox 346 1655 1456 1733; baseline -0.006 -16"><span class='ocrx_word' id='word_1_109' title='bbox 346 1661 695 1733; x_wconf 83' lang='lat' dir='ltr'><strong>expendente</strong></span> <span class='ocrx_word' id='word_1_110' title='bbox 723 1659 925 1713; x_wconf 90' lang='lat' dir='ltr'><strong>domno</strong></span> <span class='ocrx_word' id='word_1_111' title='bbox 960 1656 1157 1711; x_wconf 88' lang='lat' dir='ltr'><strong>abbate</strong></span> <span class='ocrx_word' id='word_1_112' title='bbox 1180 1655 1456 1710; x_wconf 84' lang='lat' dir='ltr'><strong>Anselmo.</strong></span> 
     </span>
    </p>
   </div>
   <div class='ocr_carea' id='block_1_19' title="bbox 416 1747 1962 1823">
    <p class='ocr_par' dir='ltr' id='par_1_19' title="bbox 416 1747 1962 1823">
     <span class='ocr_line' id='line_1_19' title="bbox 416 1747 1962 1823; baseline -0.006 -11"><span class='ocrx_word' id='word_1_113' title='bbox 416 1757 504 1814; x_wconf 90' lang='lat'><strong>83.</strong></span> <span class='ocrx_word' id='word_1_114' title='bbox 541 1755 712 1823; x_wconf 80' lang='lat' dir='ltr'><strong>Hujus</strong></span> <span class='ocrx_word' id='word_1_115' title='bbox 743 1753 958 1808; x_wconf 87' lang='lat' dir='ltr'><strong>abbatis</strong></span> <span class='ocrx_word' id='word_1_116' title='bbox 1004 1752 1202 1806; x_wconf 89' lang='lat' dir='ltr'><strong>diebus</strong></span> <span class='ocrx_word' id='word_1_117' title='bbox 1256 1751 1412 1806; x_wconf 90' lang='lat' dir='ltr'><strong>multi</strong></span> <span class='ocrx_word' id='word_1_118' title='bbox 1448 1767 1547 1822; x_wconf 87' lang='lat' dir='ltr'><strong>per</strong></span> <span class='ocrx_word' id='word_1_119' title='bbox 1581 1749 1802 1805; x_wconf 90' lang='lat' dir='ltr'><strong>beatum</strong></span> <span class='ocrx_word' id='word_1_120' title='bbox 1836 1747 1962 1803; x_wconf 90' lang='lat' dir='ltr'><strong>Gui-</strong></span> 
     </span>
    </p>
   </div>
   <div class='ocr_carea' id='block_1_20' title="bbox 344 1837 1963 1913">
    <p class='ocr_par' dir='ltr' id='par_1_20' title="bbox 344 1837 1963 1913">
     <span class='ocr_line' id='line_1_20' title="bbox 344 1837 1963 1913; baseline -0.006 -11"><span class='ocrx_word' id='word_1_121' title='bbox 344 1847 572 1904; x_wconf 89' lang='lat' dir='ltr'><strong>bertum</strong></span> <span class='ocrx_word' id='word_1_122' title='bbox 618 1862 647 1899; x_wconf 90' lang='lat' dir='ltr'><strong>a</strong></span> <span class='ocrx_word' id='word_1_123' title='bbox 691 1844 922 1898; x_wconf 85' lang='lat' dir='ltr'><strong>diversis</strong></span> <span class='ocrx_word' id='word_1_124' title='bbox 961 1841 1299 1897; x_wconf 88' lang='lat' dir='ltr'><strong>sanabantur</strong></span> <span class='ocrx_word' id='word_1_125' title='bbox 1330 1839 1764 1913; x_wconf 82' lang='lat' dir='ltr'><strong>egritudinibus,</strong></span> <span class='ocrx_word' id='word_1_126' title='bbox 1804 1837 1963 1892; x_wconf 92' lang='lat' dir='ltr'><strong>multi</strong></span> 
     </span>
    </p>
   </div>
   <div class='ocr_carea' id='block_1_21' title="bbox 343 1926 1966 1999">
    <p class='ocr_par' dir='ltr' id='par_1_21' title="bbox 343 1926 1966 1999">
     <span class='ocr_line' id='line_1_21' title="bbox 343 1926 1966 1999; baseline -0.007 -8"><span class='ocrx_word' id='word_1_127' title='bbox 343 1935 699 1992; x_wconf 74' lang='lat' dir='ltr'><strong>Solvebantur</strong></span> <span class='ocrx_word' id='word_1_128' title='bbox 745 1949 774 1986; x_wconf 92' lang='lat' dir='ltr'><strong>a</strong></span> <span class='ocrx_word' id='word_1_129' title='bbox 823 1931 1033 1987; x_wconf 89' lang='lat' dir='ltr'><strong>catenis</strong></span> <span class='ocrx_word' id='word_1_130' title='bbox 1086 1939 1143 1985; x_wconf 89' lang='lat' dir='ltr'><strong>et</strong></span> <span class='ocrx_word' id='word_1_131' title='bbox 1218 1928 1600 1999; x_wconf 88' lang='lat' dir='ltr'><strong>compedibus.</strong></span> <span class='ocrx_word' id='word_1_132' title='bbox 1659 1928 1766 1982; x_wconf 89' lang='lat' dir='ltr'><strong>Nos</strong></span> <span class='ocrx_word' id='word_1_133' title='bbox 1836 1926 1966 1998; x_wconf 90' lang='lat' dir='ltr'><strong>quia</strong></span> 
     </span>
    </p>
   </div>
   <div class='ocr_carea' id='block_1_22' title="bbox 344 2022 1964 2096">
    <p class='ocr_par' dir='ltr' id='par_1_22' title="bbox 344 2022 1964 2096">
     <span class='ocr_line' id='line_1_22' title="bbox 344 2022 1964 2096; baseline -0.007 -10"><span class='ocrx_word' id='word_1_134' title='bbox 344 2030 592 2086; x_wconf 86' lang='lat' dir='ltr'><strong>brevitati</strong></span> <span class='ocrx_word' id='word_1_135' title='bbox 625 2027 932 2091; x_wconf 89' lang='lat' dir='ltr'><strong>studemus,</strong></span> <span class='ocrx_word' id='word_1_136' title='bbox 980 2032 1032 2080; x_wconf 87' lang='lat' dir='ltr'><strong>et</strong></span> <span class='ocrx_word' id='word_1_137' title='bbox 1059 2026 1228 2078; x_wconf 90' lang='lat' dir='ltr'><strong>multa</strong></span> <span class='ocrx_word' id='word_1_138' title='bbox 1259 2024 1523 2078; x_wconf 90' lang='lat' dir='ltr'><strong>virtutum</strong></span> <span class='ocrx_word' id='word_1_139' title='bbox 1567 2023 1687 2090; x_wconf 85' lang='lat' dir='ltr'><strong>ejus</strong></span> <span class='ocrx_word' id='word_1_140' title='bbox 1727 2022 1964 2096; x_wconf 81' lang='lat' dir='ltr'><strong>insignia</strong></span> 
     </span>
    </p>
   </div>
   <div class='ocr_carea' id='block_1_23' title="bbox 344 2112 1966 2185">
    <p class='ocr_par' dir='ltr' id='par_1_23' title="bbox 344 2112 1966 2185">
     <span class='ocr_line' id='line_1_23' title="bbox 344 2112 1966 2185; baseline -0.007 -10"><span class='ocrx_word' id='word_1_141' title='bbox 344 2120 459 2175; x_wconf 88' lang='lat' dir='ltr'><strong>suis</strong></span> <span class='ocrx_word' id='word_1_142' title='bbox 489 2121 543 2173; x_wconf 88' lang='lat' dir='ltr'><strong>in</strong></span> <span class='ocrx_word' id='word_1_143' title='bbox 578 2117 714 2172; x_wconf 91' lang='lat' dir='ltr'><strong>locis</strong></span> <span class='ocrx_word' id='word_1_144' title='bbox 757 2115 1068 2185; x_wconf 88' lang='lat' dir='ltr'><strong>conscripta</strong></span> <span class='ocrx_word' id='word_1_145' title='bbox 1100 2113 1369 2168; x_wconf 85' lang='lat' dir='ltr'><strong>habemus</strong></span> <span class='ocrx_word' id='word_1_146' title='bbox 1420 2129 1490 2166; x_wconf 86' lang='lat' dir='ltr'><strong>ne</strong></span> <span class='ocrx_word' id='word_1_147' title='bbox 1545 2112 1835 2182; x_wconf 89' lang='lat' dir='ltr'><strong>culpemur</strong></span> <span class='ocrx_word' id='word_1_148' title='bbox 1888 2112 1966 2165; x_wconf 88' lang='lat' dir='ltr'><strong>si-</strong></span> 
     </span>
    </p>
   </div>
   <div class='ocr_carea' id='block_1_24' title="bbox 344 2201 1961 2271">
    <p class='ocr_par' dir='ltr' id='par_1_24' title="bbox 344 2201 1961 2271">
     <span class='ocr_line' id='line_1_24' title="bbox 344 2201 1961 2271; baseline -0.006 -7"><span class='ocrx_word' id='word_1_149' title='bbox 344 2210 511 2264; x_wconf 91' lang='lat' dir='ltr'><strong>luisse</strong></span> <span class='ocrx_word' id='word_1_150' title='bbox 539 2208 608 2262; x_wconf 91' lang='lat' dir='ltr'><strong>de</strong></span> <span class='ocrx_word' id='word_1_151' title='bbox 658 2205 936 2271; x_wconf 91' lang='lat' dir='ltr'><strong>omnibus,</strong></span> <span class='ocrx_word' id='word_1_152' title='bbox 999 2220 1169 2258; x_wconf 91' lang='lat' dir='ltr'><strong>unum</strong></span> <span class='ocrx_word' id='word_1_153' title='bbox 1204 2203 1271 2257; x_wconf 91' lang='lat' dir='ltr'><strong>de</strong></span> <span class='ocrx_word' id='word_1_154' title='bbox 1315 2201 1501 2255; x_wconf 92' lang='lat' dir='ltr'><strong>multis</strong></span> <span class='ocrx_word' id='word_1_155' title='bbox 1538 2201 1961 2256; x_wconf 89' lang='lat' dir='ltr'><strong>conscribimus.</strong></span> 
     </span>
    </p>
   </div>
   <div class='ocr_carea' id='block_1_25' title="bbox 342 2291 1966 2368">
    <p class='ocr_par' dir='ltr' id='par_1_25' title="bbox 342 2291 1966 2368">
     <span class='ocr_line' id='line_1_25' title="bbox 342 2291 1966 2368; baseline -0.004 -16"><span class='ocrx_word' id='word_1_156' title='bbox 342 2298 537 2353; x_wconf 86' lang='lat' dir='ltr'><strong>Mulier</strong></span> <span class='ocrx_word' id='word_1_157' title='bbox 565 2296 812 2368; x_wconf 77' lang='lat' dir='ltr'><strong>qtnedam</strong></span> <span class='ocrx_word' id='word_1_158' title='bbox 848 2293 1210 2368; x_wconf 83' lang='lat' dir='ltr'><strong>Haginoensis</strong></span> <span class='ocrx_word' id='word_1_159' title='bbox 1249 2292 1609 2347; x_wconf 88' lang='lat' dir='ltr'><strong>diuturnitate</strong></span> <span class='ocrx_word' id='word_1_160' title='bbox 1634 2291 1966 2365; x_wconf 73' lang='lat' dir='ltr'><strong>egritudinis</strong></span> 
     </span>
    </p>
   </div>
   <div class='ocr_carea' id='block_1_26' title="bbox 338 2380 1966 2456">
    <p class='ocr_par' dir='ltr' id='par_1_26' title="bbox 338 2380 1966 2456">
     <span class='ocr_line' id='line_1_26' title="bbox 338 2380 1966 2456; baseline -0.004 -16"><span class='ocrx_word' id='word_1_161' title='bbox 338 2386 449 2455; x_wconf 91' lang='lat' dir='ltr'><strong>jam</strong></span> <span class='ocrx_word' id='word_1_162' title='bbox 481 2393 814 2456; x_wconf 67' lang='lat' dir='ltr'><strong>praemortua</strong></span> <span class='ocrx_word' id='word_1_163' title='bbox 855 2398 920 2437; x_wconf 89' lang='lat' dir='ltr'><strong>ex</strong></span> <span class='ocrx_word' id='word_1_164' title='bbox 945 2382 1128 2437; x_wconf 88' lang='lat' dir='ltr'><strong>media</strong></span> <span class='ocrx_word' id='word_1_165' title='bbox 1189 2391 1345 2453; x_wconf 89' lang='lat' dir='ltr'><strong>parte</strong></span> <span class='ocrx_word' id='word_1_166' title='bbox 1386 2381 1470 2438; x_wconf 70' lang='lat' dir='ltr'><strong>sui</strong></span> <span class='ocrx_word' id='word_1_167' title='bbox 1527 2381 1796 2451; x_wconf 89' lang='lat' dir='ltr'><strong>corporis,</strong></span> <span class='ocrx_word' id='word_1_168' title='bbox 1829 2380 1966 2435; x_wconf 89' lang='lat' dir='ltr'><strong>coti-</strong></span> 
     </span>
    </p>
   </div>
   <div class='ocr_carea' id='block_1_27' title="bbox 343 2468 1962 2536">
    <p class='ocr_par' dir='ltr' id='par_1_27' title="bbox 343 2468 1962 2536">
     <span class='ocr_line' id='line_1_27' title="bbox 343 2468 1962 2536; baseline -0.004 -8"><span class='ocrx_word' id='word_1_169' title='bbox 343 2474 434 2528; x_wconf 90' lang='lat' dir='ltr'><strong>die</strong></span> <span class='ocrx_word' id='word_1_170' title='bbox 485 2473 846 2536; x_wconf 89' lang='lat' dir='ltr'><strong>moriebatur,</strong></span> <span class='ocrx_word' id='word_1_171' title='bbox 901 2479 956 2525; x_wconf 84' lang='lat' dir='ltr'><strong>et</strong></span> <span class='ocrx_word' id='word_1_172' title='bbox 1011 2487 1121 2525; x_wconf 90' lang='lat' dir='ltr'><strong>non</strong></span> <span class='ocrx_word' id='word_1_173' title='bbox 1187 2469 1546 2525; x_wconf 90' lang='lat' dir='ltr'><strong>moriebatur.</strong></span> <span class='ocrx_word' id='word_1_174' title='bbox 1611 2468 1962 2533; x_wconf 87' lang='lat' dir='ltr'><strong>Moriebatur,</strong></span> 
     </span>
    </p>
   </div>
   <div class='ocr_carea' id='block_1_28' title="bbox 345 2558 1966 2634">
    <p class='ocr_par' dir='ltr' id='par_1_28' title="bbox 345 2558 1966 2634">
     <span class='ocr_line' id='line_1_28' title="bbox 345 2558 1966 2634; baseline -0.003 -18"><span class='ocrx_word' id='word_1_175' title='bbox 345 2562 476 2634; x_wconf 88' lang='lat' dir='ltr'><strong>quia</strong></span> <span class='ocrx_word' id='word_1_176' title='bbox 502 2570 561 2616; x_wconf 92' lang='lat' dir='ltr'><strong>ut</strong></span> <span class='ocrx_word' id='word_1_177' title='bbox 591 2561 697 2615; x_wconf 89' lang='lat' dir='ltr'><strong>sibi</strong></span> <span class='ocrx_word' id='word_1_178' title='bbox 737 2561 1048 2622; x_wconf 84' lang='lat' dir='ltr'><strong>videbatur,</strong></span> <span class='ocrx_word' id='word_1_179' title='bbox 1083 2560 1366 2632; x_wconf 80' lang='lat' dir='ltr'><strong>graviores</strong></span> <span class='ocrx_word' id='word_1_180' title='bbox 1398 2565 1572 2613; x_wconf 91' lang='lat' dir='ltr'><strong>morte</strong></span> <span class='ocrx_word' id='word_1_181' title='bbox 1615 2558 1834 2612; x_wconf 91' lang='lat' dir='ltr'><strong>dolores</strong></span> <span class='ocrx_word' id='word_1_182' title='bbox 1869 2574 1966 2628; x_wconf 89' lang='lat' dir='ltr'><strong>pa-</strong></span> 
     </span>
    </p>
   </div>
   <div class='ocr_carea' id='block_1_29' title="bbox 344 2647 1966 2719">
    <p class='ocr_par' dir='ltr' id='par_1_29' title="bbox 344 2647 1966 2719">
     <span class='ocr_line' id='line_1_29' title="bbox 344 2647 1966 2719; baseline -0.004 -12"><span class='ocrx_word' id='word_1_183' title='bbox 344 2651 606 2708; x_wconf 87' lang='lat' dir='ltr'><strong>tiebatur.</strong></span> <span class='ocrx_word' id='word_1_184' title='bbox 635 2650 754 2703; x_wconf 85' lang='lat' dir='ltr'><strong>Non</strong></span> <span class='ocrx_word' id='word_1_185' title='bbox 775 2648 1135 2713; x_wconf 90' lang='lat' dir='ltr'><strong>moriebatur,</strong></span> <span class='ocrx_word' id='word_1_186' title='bbox 1165 2648 1294 2719; x_wconf 88' lang='lat' dir='ltr'><strong>quia</strong></span> <span class='ocrx_word' id='word_1_187' title='bbox 1318 2649 1536 2702; x_wconf 88' lang='lat' dir='ltr'><strong>dolores</strong></span> <span class='ocrx_word' id='word_1_188' title='bbox 1567 2647 1672 2718; x_wconf 88' lang='lat' dir='ltr'><strong>ipsi</strong></span> <span class='ocrx_word' id='word_1_189' title='bbox 1707 2662 1966 2717; x_wconf 89' lang='lat' dir='ltr'><strong>suprema</strong></span> 
     </span>
    </p>
   </div>
   <div class='ocr_carea' id='block_1_30' title="bbox 341 2737 1966 2810">
    <p class='ocr_par' dir='ltr' id='par_1_30' title="bbox 341 2737 1966 2810">
     <span class='ocr_line' id='line_1_30' title="bbox 341 2737 1966 2810; baseline -0.004 -12"><span class='ocrx_word' id='word_1_190' title='bbox 341 2749 517 2798; x_wconf 87' lang='lat' dir='ltr'><strong>morte</strong></span> <span class='ocrx_word' id='word_1_191' title='bbox 543 2757 652 2796; x_wconf 89' lang='lat' dir='ltr'><strong>non</strong></span> <span class='ocrx_word' id='word_1_192' title='bbox 693 2739 1045 2794; x_wconf 87' lang='lat' dir='ltr'><strong>ﬁniebantur.</strong></span> <span class='ocrx_word' id='word_1_193' title='bbox 1102 2739 1292 2809; x_wconf 89' lang='lat' dir='ltr'><strong>Inopia</strong></span> <span class='ocrx_word' id='word_1_194' title='bbox 1339 2747 1391 2793; x_wconf 92' lang='lat' dir='ltr'><strong>et</strong></span> <span class='ocrx_word' id='word_1_195' title='bbox 1441 2737 1822 2810; x_wconf 87' lang='lat' dir='ltr'><strong>inquietudine</strong></span> <span class='ocrx_word' id='word_1_196' title='bbox 1879 2739 1966 2792; x_wconf 87' lang='lat' dir='ltr'><strong>in-</strong></span> 
     </span>
    </p>
   </div>
   <div class='ocr_carea' id='block_1_31' title="bbox 345 2827 1967 2900">
    <p class='ocr_par' dir='ltr' id='par_1_31' title="bbox 345 2827 1967 2900">
     <span class='ocr_line' id='line_1_31' title="bbox 345 2827 1967 2900; baseline -0.002 -15"><span class='ocrx_word' id='word_1_197' title='bbox 345 2830 622 2886; x_wconf 86' lang='lat' dir='ltr'><strong>ﬁrmitatis</strong></span> <span class='ocrx_word' id='word_1_198' title='bbox 658 2829 768 2900; x_wconf 88' lang='lat' dir='ltr'><strong>jam</strong></span> <span class='ocrx_word' id='word_1_199' title='bbox 797 2829 950 2883; x_wconf 90' lang='lat' dir='ltr'><strong>oneri</strong></span> <span class='ocrx_word' id='word_1_200' title='bbox 980 2835 1032 2882; x_wconf 89' lang='lat' dir='ltr'><strong>et</strong></span> <span class='ocrx_word' id='word_1_201' title='bbox 1079 2827 1226 2882; x_wconf 90' lang='lat' dir='ltr'><strong>tedio</strong></span> <span class='ocrx_word' id='word_1_202' title='bbox 1255 2835 1370 2882; x_wconf 86' lang='lat' dir='ltr'><strong>erat</strong></span> <span class='ocrx_word' id='word_1_203' title='bbox 1411 2828 1608 2883; x_wconf 82' lang='lat' dir='ltr'><strong>vicinis</strong></span> <span class='ocrx_word' id='word_1_204' title='bbox 1649 2827 1765 2881; x_wconf 90' lang='lat' dir='ltr'><strong>suis</strong></span> <span class='ocrx_word' id='word_1_205' title='bbox 1795 2834 1847 2881; x_wconf 90' lang='lat' dir='ltr'><strong>et</strong></span> <span class='ocrx_word' id='word_1_206' title='bbox 1873 2841 1967 2882; x_wconf 92' lang='lat' dir='ltr'><strong>co-</strong></span> 
     </span>
    </p>
   </div>
   <div class='ocr_carea' id='block_1_32' title="bbox 345 2917 1966 2996">
    <p class='ocr_par' dir='ltr' id='par_1_32' title="bbox 345 2917 1966 2996">
     <span class='ocr_line' id='line_1_32' title="bbox 345 2917 1966 2996; baseline -0.003 -21"><span class='ocrx_word' id='word_1_207' title='bbox 345 2921 544 2996; x_wconf 78' lang='lat' dir='ltr'><strong>gnatis.</strong></span> <span class='ocrx_word' id='word_1_208' title='bbox 580 2919 739 2974; x_wconf 89' lang='lat' dir='ltr'><strong>Petiit</strong></span> <span class='ocrx_word' id='word_1_209' title='bbox 764 2919 946 2989; x_wconf 88' lang='lat' dir='ltr'><strong>itaque</strong></span> <span class='ocrx_word' id='word_1_210' title='bbox 986 2917 1055 2971; x_wconf 90' lang='lat' dir='ltr'><strong>ab</strong></span> <span class='ocrx_word' id='word_1_211' title='bbox 1087 2917 1168 2971; x_wconf 89' lang='lat' dir='ltr'><strong>eis</strong></span> <span class='ocrx_word' id='word_1_212' title='bbox 1195 2918 1298 2972; x_wconf 92' lang='lat' dir='ltr'><strong>hoc</strong></span> <span class='ocrx_word' id='word_1_213' title='bbox 1324 2917 1482 2989; x_wconf 87' lang='lat' dir='ltr'><strong>quasi</strong></span> <span class='ocrx_word' id='word_1_214' title='bbox 1524 2924 1828 2971; x_wconf 85' lang='lat' dir='ltr'><strong>extremum</strong></span> <span class='ocrx_word' id='word_1_215' title='bbox 1869 2917 1966 2970; x_wconf 87' lang='lat' dir='ltr'><strong>be-</strong></span> 
     </span>
    </p>
   </div>
   <div class='ocr_carea' id='block_1_33' title="bbox 2057 450 3682 527">
    <p class='ocr_par' dir='ltr' id='par_1_33' title="bbox 2057 450 3682 527">
     <span class='ocr_line' id='line_1_33' title="bbox 2057 450 3682 527; baseline -0.007 -13"><span class='ocrx_word' id='word_1_216' title='bbox 2057 467 2194 527; x_wconf 89' lang='lat' dir='ltr'><strong>rata,</strong></span> <span class='ocrx_word' id='word_1_217' title='bbox 2269 457 2576 513; x_wconf 87' lang='lat' dir='ltr'><strong>admirante</strong></span> <span class='ocrx_word' id='word_1_218' title='bbox 2641 461 2694 510; x_wconf 88' lang='lat' dir='ltr'><strong>et</strong></span> <span class='ocrx_word' id='word_1_219' title='bbox 2757 453 3138 510; x_wconf 89' lang='lat' dir='ltr'><strong>conclamante</strong></span> <span class='ocrx_word' id='word_1_220' title='bbox 3200 450 3682 505; x_wconf 88' lang='lat' dir='ltr'><strong>circumstantium</strong></span> 
     </span>
    </p>
   </div>
   <div class='ocr_carea' id='block_1_34' title="bbox 2061 538 3685 617">
    <p class='ocr_par' dir='ltr' id='par_1_34' title="bbox 2061 538 3685 617">
     <span class='ocr_line' id='line_1_34' title="bbox 2061 538 3685 617; baseline -0.007 -14"><span class='ocrx_word' id='word_1_221' title='bbox 2061 548 2240 614; x_wconf 89' lang='lat' dir='ltr'><strong>turba,</strong></span> <span class='ocrx_word' id='word_1_222' title='bbox 2273 562 2441 617; x_wconf 90' lang='lat' dir='ltr'><strong>super</strong></span> <span class='ocrx_word' id='word_1_223' title='bbox 2493 545 2666 616; x_wconf 89' lang='lat' dir='ltr'><strong>pedes</strong></span> <span class='ocrx_word' id='word_1_224' title='bbox 2695 558 2828 599; x_wconf 89' lang='lat' dir='ltr'><strong>suos</strong></span> <span class='ocrx_word' id='word_1_225' title='bbox 2861 540 3107 598; x_wconf 88' lang='lat' dir='ltr'><strong>constitit</strong></span> <span class='ocrx_word' id='word_1_226' title='bbox 3131 555 3284 607; x_wconf 89' lang='lat' dir='ltr'><strong>sana,</strong></span> <span class='ocrx_word' id='word_1_227' title='bbox 3319 545 3371 594; x_wconf 91' lang='lat' dir='ltr'><strong>et</strong></span> <span class='ocrx_word' id='word_1_228' title='bbox 3402 555 3579 610; x_wconf 90' lang='lat' dir='ltr'><strong>usque</strong></span> <span class='ocrx_word' id='word_1_229' title='bbox 3611 538 3685 593; x_wconf 87' lang='lat' dir='ltr'><strong>ad</strong></span> 
     </span>
    </p>
   </div>
   <div class='ocr_carea' id='block_1_35' title="bbox 2057 629 3686 704">
    <p class='ocr_par' dir='ltr' id='par_1_35' title="bbox 2057 629 3686 704">
     <span class='ocr_line' id='line_1_35' title="bbox 2057 629 3686 704; baseline -0.004 -12"><span class='ocrx_word' id='word_1_230' title='bbox 2057 637 2225 692; x_wconf 90' lang='lat' dir='ltr'><strong>altarc</strong></span> <span class='ocrx_word' id='word_1_231' title='bbox 2256 635 2400 691; x_wconf 89' lang='lat' dir='ltr'><strong>beati</strong></span> <span class='ocrx_word' id='word_1_232' title='bbox 2449 634 2692 690; x_wconf 81' lang='lat' dir='ltr'><strong>Guiberti</strong></span> <span class='ocrx_word' id='word_1_233' title='bbox 2743 632 3010 704; x_wconf 88' lang='lat' dir='ltr'><strong>processit</strong></span> <span class='ocrx_word' id='word_1_234' title='bbox 3039 638 3280 686; x_wconf 90' lang='lat' dir='ltr'><strong>oratura.</strong></span> <span class='ocrx_word' id='word_1_235' title='bbox 3327 629 3507 684; x_wconf 81' lang='lat' dir='ltr'><strong>Abbas</strong></span> <span class='ocrx_word' id='word_1_236' title='bbox 3547 645 3686 686; x_wconf 86' lang='lat' dir='ltr'><strong>evo-</strong></span> 
     </span>
    </p>
   </div>
   <div class='ocr_carea' id='block_1_36' title="bbox 2059 718 3687 792">
    <p class='ocr_par' dir='ltr' id='par_1_36' title="bbox 2059 718 3687 792">
     <span class='ocr_line' id='line_1_36' title="bbox 2059 718 3687 792; baseline -0.004 -12"><span class='ocrx_word' id='word_1_237' title='bbox 2059 734 2231 792; x_wconf 87' lang='lat' dir='ltr'><strong>catus,</strong></span> <span class='ocrx_word' id='word_1_238' title='bbox 2257 723 2478 779; x_wconf 88' lang='lat' dir='ltr'><strong>advenit</strong></span> <span class='ocrx_word' id='word_1_239' title='bbox 2506 739 2630 778; x_wconf 88' lang='lat' dir='ltr'><strong>cum</strong></span> <span class='ocrx_word' id='word_1_240' title='bbox 2663 721 2944 789; x_wconf 80' lang='lat' dir='ltr'><strong>fratribus,</strong></span> <span class='ocrx_word' id='word_1_241' title='bbox 2972 728 3026 775; x_wconf 91' lang='lat' dir='ltr'><strong>et</strong></span> <span class='ocrx_word' id='word_1_242' title='bbox 3077 735 3178 790; x_wconf 94' lang='lat' dir='ltr'><strong>pro</strong></span> <span class='ocrx_word' id='word_1_243' title='bbox 3221 736 3281 774; x_wconf 90' lang='lat' dir='ltr'><strong>re</strong></span> <span class='ocrx_word' id='word_1_244' title='bbox 3315 736 3435 790; x_wconf 59' lang='lat' dir='ltr'><strong>qum</strong></span> <span class='ocrx_word' id='word_1_245' title='bbox 3461 718 3687 774; x_wconf 83' lang='lat' dir='ltr'><strong>accide—</strong></span> 
     </span>
    </p>
   </div>
   <div class='ocr_carea' id='block_1_37' title="bbox 2058 811 3677 883">
    <p class='ocr_par' dir='ltr' id='par_1_37' title="bbox 2058 811 3677 883">
     <span class='ocr_line' id='line_1_37' title="bbox 2058 811 3677 883; baseline -0.004 -11"><span class='ocrx_word' id='word_1_246' title='bbox 2058 825 2141 873; x_wconf 93' lang='lat' dir='ltr'><strong>rat</strong></span> <span class='ocrx_word' id='word_1_247' title='bbox 2179 816 2395 873; x_wconf 90' lang='lat' dir='ltr'><strong>decenti</strong></span> <span class='ocrx_word' id='word_1_248' title='bbox 2444 830 2698 870; x_wconf 89' lang='lat' dir='ltr'><strong>sermone</strong></span> <span class='ocrx_word' id='word_1_249' title='bbox 2748 812 2933 868; x_wconf 89' lang='lat' dir='ltr'><strong>habito</strong></span> <span class='ocrx_word' id='word_1_250' title='bbox 2987 811 3055 866; x_wconf 92' lang='lat' dir='ltr'><strong>ad</strong></span> <span class='ocrx_word' id='word_1_251' title='bbox 3117 811 3380 882; x_wconf 90' lang='lat' dir='ltr'><strong>p0pulum</strong></span> <span class='ocrx_word' id='word_1_252' title='bbox 3425 812 3522 883; x_wconf 91' lang='lat' dir='ltr'><strong>qui</strong></span> <span class='ocrx_word' id='word_1_253' title='bbox 3560 811 3677 866; x_wconf 91' lang='lat' dir='ltr'><strong>cir-</strong></span> 
     </span>
    </p>
   </div>
   <div class='ocr_carea' id='block_1_38' title="bbox 2059 902 3686 979">
    <p class='ocr_par' dir='ltr' id='par_1_38' title="bbox 2059 902 3686 979">
     <span class='ocr_line' id='line_1_38' title="bbox 2059 902 3686 979; baseline -0.004 -14"><span class='ocrx_word' id='word_1_254' title='bbox 2059 910 2388 975; x_wconf 89' lang='lat' dir='ltr'><strong>cumstabat,</strong></span> <span class='ocrx_word' id='word_1_255' title='bbox 2421 909 2591 963; x_wconf 86' lang='lat' dir='ltr'><strong>Deum</strong></span> <span class='ocrx_word' id='word_1_256' title='bbox 2634 907 2798 962; x_wconf 91' lang='lat' dir='ltr'><strong>etiam</strong></span> <span class='ocrx_word' id='word_1_257' title='bbox 2829 905 2947 977; x_wconf 92' lang='lat' dir='ltr'><strong>ipse</strong></span> <span class='ocrx_word' id='word_1_258' title='bbox 2991 902 3355 979; x_wconf 87' lang='lat' dir='ltr'><strong>gloriﬁcabat,</strong></span> <span class='ocrx_word' id='word_1_259' title='bbox 3407 905 3499 976; x_wconf 90' lang='lat' dir='ltr'><strong>qui</strong></span> <span class='ocrx_word' id='word_1_260' title='bbox 3552 921 3686 958; x_wconf 88' lang='lat' dir='ltr'><strong>san-</strong></span> 
     </span>
    </p>
   </div>
   <div class='ocr_carea' id='block_1_39' title="bbox 2067 996 2768 1071">
    <p class='ocr_par' dir='ltr' id='par_1_39' title="bbox 2067 996 2768 1071">
     <span class='ocr_line' id='line_1_39' title="bbox 2067 996 2768 1071; baseline -0.007 -15"><span class='ocrx_word' id='word_1_261' title='bbox 2067 1007 2184 1056; x_wconf 89' lang='lat' dir='ltr'><strong>ctos</strong></span> <span class='ocrx_word' id='word_1_262' title='bbox 2207 1015 2337 1055; x_wconf 90' lang='lat' dir='ltr'><strong>suos</strong></span> <span class='ocrx_word' id='word_1_263' title='bbox 2366 998 2439 1054; x_wconf 89' lang='lat' dir='ltr'><strong>ita</strong></span> <span class='ocrx_word' id='word_1_264' title='bbox 2479 996 2768 1071; x_wconf 83' lang='lat' dir='ltr'><strong>gloriﬁcat.</strong></span> 
     </span>
    </p>
   </div>
   <div class='ocr_carea' id='block_1_40' title="bbox 2068 1129 3420 1206">
    <p class='ocr_par' dir='ltr' id='par_1_40' title="bbox 2068 1129 3420 1206">
     <span class='ocr_line' id='line_1_40' title="bbox 2068 1129 3420 1206; baseline -0.004 -17"><span class='ocrx_word' id='word_1_265' title='bbox 2068 1134 2105 1190; x_wconf 94' lang='grc' dir='ltr'><strong>Ο</strong></span> <span class='ocrx_word' id='word_1_266' title='bbox 2135 1134 2224 1206; x_wconf 90' lang='lat' dir='ltr'><strong>pie</strong></span> <span class='ocrx_word' id='word_1_267' title='bbox 2239 1140 2554 1188; x_wconf 88' lang='lat' dir='ltr'><strong>sanctorum</strong></span> <span class='ocrx_word' id='word_1_268' title='bbox 2582 1132 2702 1186; x_wconf 89' lang='lat' dir='ltr'><strong>laus</strong></span> <span class='ocrx_word' id='word_1_269' title='bbox 2732 1130 2908 1204; x_wconf 78' lang='lat' dir='ltr'><strong>gloria</strong></span> <span class='ocrx_word' id='word_1_270' title='bbox 2938 1129 3150 1185; x_wconf 87' lang='lat' dir='ltr'><strong>Christe</strong></span> <span class='ocrx_word' id='word_1_271' title='bbox 3183 1136 3420 1195; x_wconf 88' lang='lat' dir='ltr'><strong>tuorum,</strong></span> 
     </span>
    </p>
   </div>
   <div class='ocr_carea' id='block_1_41' title="bbox 2067 1219 3428 1298">
    <p class='ocr_par' dir='ltr' id='par_1_41' title="bbox 2067 1219 3428 1298">
     <span class='ocr_line' id='line_1_41' title="bbox 2067 1219 3428 1298; baseline -0.004 -20"><span class='ocrx_word' id='word_1_272' title='bbox 2067 1222 2252 1298; x_wconf 80' lang='lat' dir='ltr'><strong>Signis</strong></span> <span class='ocrx_word' id='word_1_273' title='bbox 2281 1221 2574 1279; x_wconf 81' lang='lat' dir='ltr'><strong>Guibertus</strong></span> <span class='ocrx_word' id='word_1_274' title='bbox 2606 1221 2752 1293; x_wconf 91' lang='lat' dir='ltr'><strong>quod</strong></span> <span class='ocrx_word' id='word_1_275' title='bbox 2780 1219 2967 1282; x_wconf 87' lang='lat' dir='ltr'><strong>claret,</strong></span> <span class='ocrx_word' id='word_1_276' title='bbox 2993 1219 3106 1294; x_wconf 83' lang='lat' dir='ltr'><strong>agit</strong></span> <span class='ocrx_word' id='word_1_277' title='bbox 3127 1227 3217 1274; x_wconf 91' lang='lat' dir='ltr'><strong>tua</strong></span> <span class='ocrx_word' id='word_1_278' title='bbox 3238 1219 3428 1286; x_wconf 88' lang='lat' dir='ltr'><strong>virtus,</strong></span> 
     </span>
    </p>
   </div>
   <div class='ocr_carea' id='block_1_42' title="bbox 2067 1307 3360 1384">
    <p class='ocr_par' dir='ltr' id='par_1_42' title="bbox 2067 1307 3360 1384">
     <span class='ocr_line' id='line_1_42' title="bbox 2067 1307 3360 1384; baseline -0.004 -18"><span class='ocrx_word' id='word_1_279' title='bbox 2067 1312 2240 1384; x_wconf 80' lang='lat' dir='ltr'><strong>Digne</strong></span> <span class='ocrx_word' id='word_1_280' title='bbox 2271 1311 2516 1366; x_wconf 80' lang='lat' dir='ltr'><strong>laudaris</strong></span> <span class='ocrx_word' id='word_1_281' title='bbox 2547 1326 2644 1382; x_wconf 89' lang='lat' dir='ltr'><strong>per</strong></span> <span class='ocrx_word' id='word_1_282' title='bbox 2674 1325 2819 1372; x_wconf 89' lang='lat' dir='ltr'><strong>eum,</strong></span> <span class='ocrx_word' id='word_1_283' title='bbox 2855 1308 2946 1380; x_wconf 91' lang='lat' dir='ltr'><strong>qui</strong></span> <span class='ocrx_word' id='word_1_284' title='bbox 2975 1309 3056 1364; x_wconf 93' lang='lat' dir='ltr'><strong>sic</strong></span> <span class='ocrx_word' id='word_1_285' title='bbox 3084 1307 3360 1379; x_wconf 89' lang='lat' dir='ltr'><strong>operaris;</strong></span> 
     </span>
    </p>
   </div>
   <div class='ocr_carea' id='block_1_43' title="bbox 2065 1399 3313 1478">
    <p class='ocr_par' dir='ltr' id='par_1_43' title="bbox 2065 1399 3313 1478">
     <span class='ocr_line' id='line_1_43' title="bbox 2065 1399 3313 1478; baseline -0.004 -20"><span class='ocrx_word' id='word_1_286' title='bbox 2065 1403 2238 1478; x_wconf 88' lang='lat' dir='ltr'><strong>Digne</strong></span> <span class='ocrx_word' id='word_1_287' title='bbox 2277 1403 2553 1470; x_wconf 89' lang='lat' dir='ltr'><strong>laudatur,</strong></span> <span class='ocrx_word' id='word_1_288' title='bbox 2585 1402 2677 1473; x_wconf 86' lang='lat' dir='ltr'><strong>qui</strong></span> <span class='ocrx_word' id='word_1_289' title='bbox 2706 1409 2886 1457; x_wconf 91' lang='lat' dir='ltr'><strong>tecum</strong></span> <span class='ocrx_word' id='word_1_290' title='bbox 2919 1399 3002 1457; x_wconf 91' lang='lat' dir='ltr'><strong>sic</strong></span> <span class='ocrx_word' id='word_1_291' title='bbox 3028 1407 3313 1472; x_wconf 88' lang='lat' dir='ltr'><strong>operatur.</strong></span> 
     </span>
    </p>
   </div>
   <div class='ocr_carea' id='block_1_44' title="bbox 2064 1492 3689 1565">
    <p class='ocr_par' dir='ltr' id='par_1_44' title="bbox 2064 1492 3689 1565">
     <span class='ocr_line' id='line_1_44' title="bbox 2064 1492 3689 1565; baseline -0.006 -12"><span class='ocrx_word' id='word_1_292' title='bbox 2064 1499 2205 1554; x_wconf 89' lang='lat' dir='ltr'><strong>Laus</strong></span> <span class='ocrx_word' id='word_1_293' title='bbox 2222 1502 2335 1564; x_wconf 89' lang='lat' dir='ltr'><strong>tua,</strong></span> <span class='ocrx_word' id='word_1_294' title='bbox 2355 1496 2473 1552; x_wconf 90' lang='lat' dir='ltr'><strong>laus</strong></span> <span class='ocrx_word' id='word_1_295' title='bbox 2495 1495 2645 1565; x_wconf 88' lang='lat' dir='ltr'><strong>ejus;</strong></span> <span class='ocrx_word' id='word_1_296' title='bbox 2670 1507 2782 1550; x_wconf 83' lang='lat' dir='ltr'><strong>nos</strong></span> <span class='ocrx_word' id='word_1_297' title='bbox 2801 1495 2919 1549; x_wconf 90' lang='lat' dir='ltr'><strong>laus</strong></span> <span class='ocrx_word' id='word_1_298' title='bbox 2943 1500 3035 1548; x_wconf 91' lang='lat' dir='ltr'><strong>tua</strong></span> <span class='ocrx_word' id='word_1_299' title='bbox 3060 1492 3232 1548; x_wconf 89' lang='lat' dir='ltr'><strong>salvet</strong></span> <span class='ocrx_word' id='word_1_300' title='bbox 3261 1499 3316 1547; x_wconf 88' lang='lat' dir='ltr'><strong>et</strong></span> <span class='ocrx_word' id='word_1_301' title='bbox 3331 1492 3470 1562; x_wconf 90' lang='lat' dir='ltr'><strong>ejus.</strong></span> <span class='ocrx_word' id='word_1_302' title='bbox 3493 1493 3689 1545; x_wconf 79' lang='lat' dir='ltr'><strong>Amen.</strong></span> 
     </span>
    </p>
   </div>
   <div class='ocr_carea' id='block_1_45' title="bbox 1989 1651 3687 1722">
    <p class='ocr_par' dir='ltr' id='par_1_45' title="bbox 1989 1651 3687 1722">
     <span class='ocr_line' id='line_1_45' title="bbox 1989 1651 3687 1722; baseline -0.006 -8"><span class='ocrx_word' id='word_1_303' title='bbox 1989 1654 2039 1722; x_wconf 78' lang='grc' dir='ltr'><strong>Β</strong></span> <span class='ocrx_word' id='word_1_304' title='bbox 2132 1658 2220 1714; x_wconf 74' lang='grc'><strong>84.</strong></span> <span class='ocrx_word' id='word_1_305' title='bbox 2253 1657 2444 1712; x_wconf 89' lang='lat' dir='ltr'><strong>Sermo</strong></span> <span class='ocrx_word' id='word_1_306' title='bbox 2470 1656 2659 1712; x_wconf 87' lang='lat' dir='ltr'><strong>domui</strong></span> <span class='ocrx_word' id='word_1_307' title='bbox 2685 1654 2901 1710; x_wconf 89' lang='lat' dir='ltr'><strong>abbatis</strong></span> <span class='ocrx_word' id='word_1_308' title='bbox 2929 1652 3172 1708; x_wconf 85' lang='lat' dir='ltr'><strong>Anselmi</strong></span> <span class='ocrx_word' id='word_1_309' title='bbox 3213 1651 3278 1706; x_wconf 89' lang='lat' dir='ltr'><strong>ad</strong></span> <span class='ocrx_word' id='word_1_310' title='bbox 3299 1663 3687 1722; x_wconf 88' lang='lat' dir='ltr'><strong>quoscumque</strong></span> 
     </span>
    </p>
   </div>
   <div class='ocr_carea' id='block_1_46' title="bbox 2067 1743 3679 1818">
    <p class='ocr_par' dir='ltr' id='par_1_46' title="bbox 2067 1743 3679 1818">
     <span class='ocr_line' id='line_1_46' title="bbox 2067 1743 3679 1818; baseline -0.004 -13"><span class='ocrx_word' id='word_1_311' title='bbox 2067 1749 2259 1806; x_wconf 80' lang='lat' dir='ltr'><strong>fuisset</strong></span> <span class='ocrx_word' id='word_1_312' title='bbox 2289 1749 2532 1814; x_wconf 91' lang='lat' dir='ltr'><strong>habitus,</strong></span> <span class='ocrx_word' id='word_1_313' title='bbox 2575 1749 2745 1803; x_wconf 90' lang='lat' dir='ltr'><strong>multo</strong></span> <span class='ocrx_word' id='word_1_314' title='bbox 2787 1746 3073 1818; x_wconf 66' lang='lat' dir='ltr'><strong>sapientiae</strong></span> <span class='ocrx_word' id='word_1_315' title='bbox 3105 1745 3218 1799; x_wconf 91' lang='lat' dir='ltr'><strong>sale</strong></span> <span class='ocrx_word' id='word_1_316' title='bbox 3251 1750 3365 1800; x_wconf 86' lang='lat' dir='ltr'><strong>erat</strong></span> <span class='ocrx_word' id='word_1_317' title='bbox 3397 1743 3679 1810; x_wconf 84' lang='lat' dir='ltr'><strong>conditus,</strong></span> 
     </span>
    </p>
   </div>
   <div class='ocr_carea' id='block_1_47' title="bbox 2067 1835 3687 1913">
    <p class='ocr_par' dir='ltr' id='par_1_47' title="bbox 2067 1835 3687 1913">
     <span class='ocr_line' id='line_1_47' title="bbox 2067 1835 3687 1913; baseline -0.005 -15"><span class='ocrx_word' id='word_1_318' title='bbox 2067 1858 2179 1898; x_wconf 92' lang='lat' dir='ltr'><strong>non</strong></span> <span class='ocrx_word' id='word_1_319' title='bbox 2217 1843 2606 1913; x_wconf 87' lang='lat' dir='ltr'><strong>undecumque</strong></span> <span class='ocrx_word' id='word_1_320' title='bbox 2645 1839 2876 1895; x_wconf 90' lang='lat' dir='ltr'><strong>collecta</strong></span> <span class='ocrx_word' id='word_1_321' title='bbox 2905 1837 3238 1893; x_wconf 88' lang='lat' dir='ltr'><strong>verbositatc</strong></span> <span class='ocrx_word' id='word_1_322' title='bbox 3264 1835 3687 1905; x_wconf 84' lang='lat' dir='ltr'><strong>immoderatus,</strong></span> 
     </span>
    </p>
   </div>
   <div class='ocr_carea' id='block_1_48' title="bbox 2066 1927 3692 2005">
    <p class='ocr_par' dir='ltr' id='par_1_48' title="bbox 2066 1927 3692 2005">
     <span class='ocr_line' id='line_1_48' title="bbox 2066 1927 3692 2005; baseline -0.004 -17"><span class='ocrx_word' id='word_1_323' title='bbox 2066 1941 2148 1989; x_wconf 85' lang='lat' dir='ltr'><strong>set</strong></span> <span class='ocrx_word' id='word_1_324' title='bbox 2179 1950 2281 2005; x_wconf 90' lang='lat' dir='ltr'><strong>pro</strong></span> <span class='ocrx_word' id='word_1_325' title='bbox 2309 1933 2650 1988; x_wconf 90' lang='lat' dir='ltr'><strong>audientium</strong></span> <span class='ocrx_word' id='word_1_326' title='bbox 2710 1930 3014 2002; x_wconf 89' lang='lat' dir='ltr'><strong>capacitate</strong></span> <span class='ocrx_word' id='word_1_327' title='bbox 3053 1937 3109 1984; x_wconf 89' lang='lat' dir='ltr'><strong>et</strong></span> <span class='ocrx_word' id='word_1_328' title='bbox 3156 1927 3421 1998; x_wconf 89' lang='lat' dir='ltr'><strong>temporis</strong></span> <span class='ocrx_word' id='word_1_329' title='bbox 3460 1934 3692 1998; x_wconf 86' lang='lat' dir='ltr'><strong>oportu-</strong></span> 
     </span>
    </p>
   </div>
   <div class='ocr_carea' id='block_1_49' title="bbox 2067 2021 3695 2094">
    <p class='ocr_par' dir='ltr' id='par_1_49' title="bbox 2067 2021 3695 2094">
     <span class='ocr_line' id='line_1_49' title="bbox 2067 2021 3695 2094; baseline -0.003 -13"><span class='ocrx_word' id='word_1_330' title='bbox 2067 2027 2238 2081; x_wconf 90' lang='lat' dir='ltr'><strong>nitate</strong></span> <span class='ocrx_word' id='word_1_331' title='bbox 2278 2026 2614 2081; x_wconf 89' lang='lat' dir='ltr'><strong>moderatus.</strong></span> <span class='ocrx_word' id='word_1_332' title='bbox 2655 2023 2708 2078; x_wconf 90' lang='lat' dir='ltr'><strong>Si</strong></span> <span class='ocrx_word' id='word_1_333' title='bbox 2752 2023 2920 2078; x_wconf 89' lang='lat' dir='ltr'><strong>ﬁebat</strong></span> <span class='ocrx_word' id='word_1_334' title='bbox 2951 2023 3019 2077; x_wconf 89' lang='lat' dir='ltr'><strong>ad</strong></span> <span class='ocrx_word' id='word_1_335' title='bbox 3061 2021 3348 2094; x_wconf 90' lang='lat' dir='ltr'><strong>populum,</strong></span> <span class='ocrx_word' id='word_1_336' title='bbox 3407 2021 3606 2076; x_wconf 89' lang='lat' dir='ltr'><strong>leniter</strong></span> <span class='ocrx_word' id='word_1_337' title='bbox 3631 2026 3695 2076; x_wconf 83' lang='lat' dir='ltr'><strong>et</strong></span> 
     </span>
    </p>
   </div>
   <div class='ocr_carea' id='block_1_50' title="bbox 2070 2111 3693 2190">
    <p class='ocr_par' dir='ltr' id='par_1_50' title="bbox 2070 2111 3693 2190">
     <span class='ocr_line' id='line_1_50' title="bbox 2070 2111 3693 2190; baseline -0.005 -17"><span class='ocrx_word' id='word_1_338' title='bbox 2070 2135 2171 2190; x_wconf 90' lang='lat' dir='ltr'><strong>per</strong></span> <span class='ocrx_word' id='word_1_339' title='bbox 2207 2135 2272 2174; x_wconf 91' lang='lat' dir='ltr'><strong>ea</strong></span> <span class='ocrx_word' id='word_1_340' title='bbox 2304 2134 2426 2189; x_wconf 69' lang='lat' dir='ltr'><strong>qua:</strong></span> <span class='ocrx_word' id='word_1_341' title='bbox 2466 2131 2664 2188; x_wconf 89' lang='lat' dir='ltr'><strong>capere</strong></span> <span class='ocrx_word' id='word_1_342' title='bbox 2709 2122 2968 2187; x_wconf 87' lang='lat' dir='ltr'><strong>poterant</strong></span> <span class='ocrx_word' id='word_1_343' title='bbox 2994 2114 3272 2185; x_wconf 64' lang='lat' dir='ltr'><strong>praebebat</strong></span> <span class='ocrx_word' id='word_1_344' title='bbox 3299 2113 3380 2168; x_wconf 91' lang='lat' dir='ltr'><strong>eis</strong></span> <span class='ocrx_word' id='word_1_345' title='bbox 3410 2112 3567 2184; x_wconf 87' lang='lat' dir='ltr'><strong>quasi</strong></span> <span class='ocrx_word' id='word_1_346' title='bbox 3602 2111 3693 2166; x_wconf 86' lang='lat' dir='ltr'><strong>la-</strong></span> 
     </span>
    </p>
   </div>
   <div class='ocr_carea' id='block_1_51' title="bbox 2069 2203 3691 2279">
    <p class='ocr_par' dir='ltr' id='par_1_51' title="bbox 2069 2203 3691 2279">
     <span class='ocr_line' id='line_1_51' title="bbox 2069 2203 3691 2279; baseline -0.004 -15"><span class='ocrx_word' id='word_1_347' title='bbox 2069 2209 2170 2264; x_wconf 90' lang='lat' dir='ltr'><strong>ctis</strong></span> <span class='ocrx_word' id='word_1_348' title='bbox 2219 2209 2477 2279; x_wconf 92' lang='lat' dir='ltr'><strong>poculum</strong></span> <span class='ocrx_word' id='word_1_349' title='bbox 2512 2207 2802 2262; x_wconf 90' lang='lat' dir='ltr'><strong>insinuans</strong></span> <span class='ocrx_word' id='word_1_350' title='bbox 2868 2206 2968 2270; x_wconf 93' lang='lat' dir='ltr'><strong>eis,</strong></span> <span class='ocrx_word' id='word_1_351' title='bbox 3025 2203 3307 2276; x_wconf 90' lang='lat' dir='ltr'><strong>quomodo</strong></span> <span class='ocrx_word' id='word_1_352' title='bbox 3365 2203 3691 2270; x_wconf 82' lang='lat' dir='ltr'><strong>vivendum,</strong></span> 
     </span>
    </p>
   </div>
   <div class='ocr_carea' id='block_1_52' title="bbox 2069 2292 3690 2368">
    <p class='ocr_par' dir='ltr' id='par_1_52' title="bbox 2069 2292 3690 2368">
     <span class='ocr_line' id='line_1_52' title="bbox 2069 2292 3690 2368; baseline -0.003 -16"><span class='ocrx_word' id='word_1_353' title='bbox 2069 2298 2205 2368; x_wconf 91' lang='lat' dir='ltr'><strong>quid</strong></span> <span class='ocrx_word' id='word_1_354' title='bbox 2246 2297 2555 2361; x_wconf 83' lang='lat' dir='ltr'><strong>vitandum,</strong></span> <span class='ocrx_word' id='word_1_355' title='bbox 2589 2296 2723 2368; x_wconf 91' lang='lat' dir='ltr'><strong>quid</strong></span> <span class='ocrx_word' id='word_1_356' title='bbox 2755 2301 2901 2350; x_wconf 88' lang='lat' dir='ltr'><strong>esset</strong></span> <span class='ocrx_word' id='word_1_357' title='bbox 2932 2295 3328 2366; x_wconf 89' lang='lat' dir='ltr'><strong>appetendum.</strong></span> <span class='ocrx_word' id='word_1_358' title='bbox 3383 2292 3438 2346; x_wconf 91' lang='lat' dir='ltr'><strong>Si</strong></span> <span class='ocrx_word' id='word_1_359' title='bbox 3471 2306 3690 2347; x_wconf 91' lang='lat' dir='ltr'><strong>sermo-</strong></span> 
     </span>
    </p>
   </div>
   <div class='ocr_carea' id='block_1_53' title="bbox 2069 2384 3692 2458">
    <p class='ocr_par' dir='ltr' id='par_1_53' title="bbox 2069 2384 3692 2458">
     <span class='ocr_line' id='line_1_53' title="bbox 2069 2384 3692 2458; baseline -0.004 -14"><span class='ocrx_word' id='word_1_360' title='bbox 2069 2389 2359 2445; x_wconf 87' lang='lat' dir='ltr'><strong>nicabatur</strong></span> <span class='ocrx_word' id='word_1_361' title='bbox 2389 2387 2667 2455; x_wconf 82' lang='lat' dir='ltr'><strong>fratribus,</strong></span> <span class='ocrx_word' id='word_1_362' title='bbox 2699 2387 2784 2442; x_wconf 87' lang='lat' dir='ltr'><strong>vel</strong></span> <span class='ocrx_word' id='word_1_363' title='bbox 2817 2386 3094 2458; x_wconf 87' lang='lat' dir='ltr'><strong>aliquibus</strong></span> <span class='ocrx_word' id='word_1_364' title='bbox 3127 2385 3305 2440; x_wconf 92' lang='lat' dir='ltr'><strong>nodos</strong></span> <span class='ocrx_word' id='word_1_365' title='bbox 3335 2384 3692 2456; x_wconf 87' lang='lat' dir='ltr'><strong>questionum</strong></span> 
     </span>
    </p>
   </div>
   <div class='ocr_carea' id='block_1_54' title="bbox 2069 2473 3696 2546">
    <p class='ocr_par' dir='ltr' id='par_1_54' title="bbox 2069 2473 3696 2546">
     <span class='ocr_line' id='line_1_54' title="bbox 2069 2473 3696 2546; baseline -0.003 -13"><span class='ocrx_word' id='word_1_366' title='bbox 2069 2477 2394 2534; x_wconf 78' lang='lat' dir='ltr'><strong>enodandos</strong></span> <span class='ocrx_word' id='word_1_367' title='bbox 2437 2477 2485 2531; x_wconf 90' lang='lat' dir='ltr'><strong>ei</strong></span> <span class='ocrx_word' id='word_1_368' title='bbox 2518 2491 2616 2546; x_wconf 88' lang='lat' dir='ltr'><strong>pro</strong></span> <span class='ocrx_word' id='word_1_369' title='bbox 2664 2475 3022 2546; x_wconf 89' lang='lat' dir='ltr'><strong>ponentibus,</strong></span> <span class='ocrx_word' id='word_1_370' title='bbox 3063 2480 3119 2528; x_wconf 89' lang='lat' dir='ltr'><strong>ut</strong></span> <span class='ocrx_word' id='word_1_371' title='bbox 3159 2474 3341 2528; x_wconf 89' lang='lat' dir='ltr'><strong>scriba</strong></span> <span class='ocrx_word' id='word_1_372' title='bbox 3380 2474 3573 2528; x_wconf 91' lang='lat' dir='ltr'><strong>doctus</strong></span> <span class='ocrx_word' id='word_1_373' title='bbox 3622 2473 3696 2528; x_wconf 91' lang='lat' dir='ltr'><strong>de</strong></span> 
     </span>
    </p>
   </div>
   <div class='ocr_carea' id='block_1_55' title="bbox 2068 2565 3697 2636">
    <p class='ocr_par' dir='ltr' id='par_1_55' title="bbox 2068 2565 3697 2636">
     <span class='ocr_line' id='line_1_55' title="bbox 2068 2565 3697 2636; baseline -0.004 -13"><span class='ocrx_word' id='word_1_374' title='bbox 2068 2570 2326 2624; x_wconf 87' lang='lat' dir='ltr'><strong>thesauro</strong></span> <span class='ocrx_word' id='word_1_375' title='bbox 2377 2567 2561 2622; x_wconf 90' lang='lat' dir='ltr'><strong>cordis</strong></span> <span class='ocrx_word' id='word_1_376' title='bbox 2617 2565 2700 2619; x_wconf 91' lang='lat' dir='ltr'><strong>sui</strong></span> <span class='ocrx_word' id='word_1_377' title='bbox 2756 2565 3077 2636; x_wconf 79' lang='lat' dir='ltr'><strong>proferebat</strong></span> <span class='ocrx_word' id='word_1_378' title='bbox 3125 2581 3265 2619; x_wconf 80' lang='lat' dir='ltr'><strong>nova</strong></span> <span class='ocrx_word' id='word_1_379' title='bbox 3306 2572 3360 2619; x_wconf 88' lang='lat' dir='ltr'><strong>et</strong></span> <span class='ocrx_word' id='word_1_380' title='bbox 3403 2573 3608 2629; x_wconf 87' lang='lat' dir='ltr'><strong>vetera,</strong></span> <span class='ocrx_word' id='word_1_381' title='bbox 3640 2569 3697 2617; x_wconf 87' lang='lat' dir='ltr'><strong>et</strong></span> 
     </span>
    </p>
   </div>
   <div class='ocr_carea' id='block_1_56' title="bbox 2068 2653 3694 2728">
    <p class='ocr_par' dir='ltr' id='par_1_56' title="bbox 2068 2653 3694 2728">
     <span class='ocr_line' id='line_1_56' title="bbox 2068 2653 3694 2728; baseline -0.002 -18"><span class='ocrx_word' id='word_1_382' title='bbox 2068 2655 2319 2728; x_wconf 89' lang='lat' dir='ltr'><strong>quamvis</strong></span> <span class='ocrx_word' id='word_1_383' title='bbox 2349 2654 2696 2726; x_wconf 88' lang='lat' dir='ltr'><strong>multiplicia,</strong></span> <span class='ocrx_word' id='word_1_384' title='bbox 2725 2661 2910 2708; x_wconf 88' lang='lat' dir='ltr'><strong>tamen</strong></span> <span class='ocrx_word' id='word_1_385' title='bbox 2954 2653 3372 2726; x_wconf 81' lang='lat' dir='ltr'><strong>interrogationi</strong></span> <span class='ocrx_word' id='word_1_386' title='bbox 3415 2667 3604 2708; x_wconf 89' lang='lat' dir='ltr'><strong>eorum</strong></span> <span class='ocrx_word' id='word_1_387' title='bbox 3637 2657 3694 2706; x_wconf 88' lang='lat' dir='ltr'><strong>et</strong></span> 
     </span>
    </p>
   </div>
   <div class='ocr_carea' id='block_1_57' title="bbox 2068 2744 3684 2818">
    <p class='ocr_par' dir='ltr' id='par_1_57' title="bbox 2068 2744 3684 2818">
     <span class='ocr_line' id='line_1_57' title="bbox 2068 2744 3684 2818; baseline -0.004 -16"><span class='ocrx_word' id='word_1_388' title='bbox 2068 2763 2182 2803; x_wconf 61' lang='lat' dir='ltr'><strong>sua:</strong></span> <span class='ocrx_word' id='word_1_389' title='bbox 2206 2746 2559 2818; x_wconf 89' lang='lat' dir='ltr'><strong>responsioni</strong></span> <span class='ocrx_word' id='word_1_390' title='bbox 2606 2745 2994 2802; x_wconf 88' lang='lat' dir='ltr'><strong>convenientia</strong></span> <span class='ocrx_word' id='word_1_391' title='bbox 3024 2744 3325 2800; x_wconf 89' lang='lat' dir='ltr'><strong>adhibebat</strong></span> <span class='ocrx_word' id='word_1_392' title='bbox 3350 2744 3684 2800; x_wconf 90' lang='lat' dir='ltr'><strong>testimonia.</strong></span> 
     </span>
    </p>
   </div>
   <div class='ocr_carea' id='block_1_58' title="bbox 2070 2832 3690 2908">
    <p class='ocr_par' dir='ltr' id='par_1_58' title="bbox 2070 2832 3690 2908">
     <span class='ocr_line' id='line_1_58' title="bbox 2070 2832 3690 2908; baseline -0.003 -18"><span class='ocrx_word' id='word_1_393' title='bbox 2070 2836 2394 2891; x_wconf 84' lang='lat' dir='ltr'><strong>Gaudebant</strong></span> <span class='ocrx_word' id='word_1_394' title='bbox 2446 2851 2576 2908; x_wconf 87' lang='lat' dir='ltr'><strong>ergo</strong></span> <span class='ocrx_word' id='word_1_395' title='bbox 2632 2835 2731 2900; x_wconf 90' lang='lat' dir='ltr'><strong>illi,</strong></span> <span class='ocrx_word' id='word_1_396' title='bbox 2789 2842 2916 2890; x_wconf 90' lang='lat' dir='ltr'><strong>nota</strong></span> <span class='ocrx_word' id='word_1_397' title='bbox 2966 2834 3073 2888; x_wconf 92' lang='lat' dir='ltr'><strong>sibi</strong></span> <span class='ocrx_word' id='word_1_398' title='bbox 3116 2850 3212 2905; x_wconf 91' lang='lat' dir='ltr'><strong>per</strong></span> <span class='ocrx_word' id='word_1_399' title='bbox 3271 2851 3394 2888; x_wconf 91' lang='lat' dir='ltr'><strong>eum</strong></span> <span class='ocrx_word' id='word_1_400' title='bbox 3453 2832 3690 2888; x_wconf 89' lang='lat' dir='ltr'><strong>certiora</strong></span> 
     </span>
    </p>
   </div>
   <div class='ocr_carea' id='block_1_59' title="bbox 2069 2921 3688 2996">
    <p class='ocr_par' dir='ltr' id='par_1_59' title="bbox 2069 2921 3688 2996">
     <span class='ocr_line' id='line_1_59' title="bbox 2069 2921 3688 2996; baseline -0.001 -18"><span class='ocrx_word' id='word_1_401' title='bbox 2069 2924 2209 2990; x_wconf 89' lang='lat' dir='ltr'><strong>ﬁeri,</strong></span> <span class='ocrx_word' id='word_1_402' title='bbox 2243 2931 2297 2979; x_wconf 91' lang='lat' dir='ltr'><strong>et</strong></span> <span class='ocrx_word' id='word_1_403' title='bbox 2327 2924 2514 2996; x_wconf 81' lang='lat' dir='ltr'><strong>ignota</strong></span> <span class='ocrx_word' id='word_1_404' title='bbox 2542 2921 2834 2978; x_wconf 81' lang='lat' dir='ltr'><strong>notiticari.</strong></span> <span class='ocrx_word' id='word_1_405' title='bbox 2881 2924 3004 2992; x_wconf 89' lang='lat' dir='ltr'><strong>Ipse</strong></span> <span class='ocrx_word' id='word_1_406' title='bbox 3033 2923 3254 2977; x_wconf 87' lang='lat' dir='ltr'><strong>tandem</strong></span> <span class='ocrx_word' id='word_1_407' title='bbox 3283 2921 3568 2978; x_wconf 86' lang='lat' dir='ltr'><strong>confectus</strong></span> <span class='ocrx_word' id='word_1_408' title='bbox 3588 2937 3688 2977; x_wconf 89' lang='lat' dir='ltr'><strong>se-</strong></span> 
     </span>
    </p>
   </div>
   <div class='ocr_carea' id='block_1_60' title="bbox 346 3004 1961 3085">
    <p class='ocr_par' dir='ltr' id='par_1_60' title="bbox 346 3004 1961 3077">
     <span class='ocr_line' id='line_1_60' title="bbox 346 3004 1961 3077; baseline -0.004 -14"><span class='ocrx_word' id='word_1_409' title='bbox 346 3008 627 3077; x_wconf 88' lang='lat' dir='ltr'><strong>neﬁcium,</strong></span> <span class='ocrx_word' id='word_1_410' title='bbox 680 3014 738 3061; x_wconf 87' lang='lat' dir='ltr'><strong>ut</strong></span> <span class='ocrx_word' id='word_1_411' title='bbox 775 3006 1028 3061; x_wconf 89' lang='lat' dir='ltr'><strong>vehiculo</strong></span> <span class='ocrx_word' id='word_1_412' title='bbox 1075 3006 1384 3060; x_wconf 87' lang='lat' dir='ltr'><strong>deferretur</strong></span> <span class='ocrx_word' id='word_1_413' title='bbox 1451 3005 1518 3059; x_wconf 90' lang='lat' dir='ltr'><strong>ad</strong></span> <span class='ocrx_word' id='word_1_414' title='bbox 1571 3004 1961 3060; x_wconf 87' lang='lat' dir='ltr'><strong>Gemblacense</strong></span> 
     </span>
    </p>
   </div>
   <div class='ocr_carea' id='block_1_61' title="bbox 2067 3004 3692 3085">
    <p class='ocr_par' dir='ltr' id='par_1_61' title="bbox 2068 3013 3692 3085">
     <span class='ocr_line' id='line_1_61' title="bbox 2068 3013 3692 3085; baseline -0.003 -14"><span class='ocrx_word' id='word_1_415' title='bbox 2068 3023 2290 3071; x_wconf 88' lang='lat' dir='ltr'><strong>nectute</strong></span> <span class='ocrx_word' id='word_1_416' title='bbox 2343 3024 2397 3069; x_wconf 90' lang='lat' dir='ltr'><strong>et</strong></span> <span class='ocrx_word' id='word_1_417' title='bbox 2426 3016 2674 3085; x_wconf 89' lang='lat' dir='ltr'><strong>corporis</strong></span> <span class='ocrx_word' id='word_1_418' title='bbox 2705 3013 3108 3078; x_wconf 82' lang='lat' dir='ltr'><strong>imbecillitate,</strong></span> <span class='ocrx_word' id='word_1_419' title='bbox 3147 3021 3307 3069; x_wconf 89' lang='lat' dir='ltr'><strong>nocte</strong></span> <span class='ocrx_word' id='word_1_420' title='bbox 3361 3019 3416 3068; x_wconf 89' lang='lat' dir='ltr'><strong>et</strong></span> <span class='ocrx_word' id='word_1_421' title='bbox 3444 3013 3534 3068; x_wconf 91' lang='lat' dir='ltr'><strong>die</strong></span> <span class='ocrx_word' id='word_1_422' title='bbox 3561 3027 3692 3068; x_wconf 89' lang='lat' dir='ltr'><strong>ora-</strong></span> 
     </span>
    </p>
   </div>
   <div class='ocr_carea' id='block_1_62' title="bbox 346 3095 1960 3166">
    <p class='ocr_par' dir='ltr' id='par_1_62' title="bbox 346 3095 1960 3166">
     <span class='ocr_line' id='line_1_62' title="bbox 346 3095 1960 3166; baseline -0.003 -11"><span class='ocrx_word' id='word_1_423' title='bbox 346 3099 684 3166; x_wconf 65' lang='lat' dir='ltr'><strong>cuanobium,</strong></span> <span class='ocrx_word' id='word_1_424' title='bbox 713 3106 771 3152; x_wconf 92' lang='lat' dir='ltr'><strong>ut</strong></span> <span class='ocrx_word' id='word_1_425' title='bbox 790 3097 919 3151; x_wconf 90' lang='lat' dir='ltr'><strong>dum</strong></span> <span class='ocrx_word' id='word_1_426' title='bbox 949 3097 1062 3151; x_wconf 90' lang='lat' dir='ltr'><strong>illic</strong></span> <span class='ocrx_word' id='word_1_427' title='bbox 1082 3097 1323 3152; x_wconf 85' lang='lat' dir='ltr'><strong>aleretur</strong></span> <span class='ocrx_word' id='word_1_428' title='bbox 1349 3095 1668 3151; x_wconf 87' lang='lat' dir='ltr'><strong>elemosinis</strong></span> <span class='ocrx_word' id='word_1_429' title='bbox 1692 3095 1960 3162; x_wconf 86' lang='lat' dir='ltr'><strong>ﬁdelium,</strong></span> 
     </span>
    </p>
   </div>
   <div class='ocr_carea' id='block_1_63' title="bbox 348 3189 1960 3247">
    <p class='ocr_par' dir='ltr' id='par_1_63' title="bbox 348 3189 1960 3247">
     <span class='ocr_line' id='line_1_63' title="bbox 348 3189 1960 3247; baseline -0.002 -2"><span class='ocrx_word' id='word_1_430' title='bbox 348 3207 538 3247; x_wconf 89' lang='lat' dir='ltr'><strong>eorum</strong></span> <span class='ocrx_word' id='word_1_431' title='bbox 586 3190 933 3246; x_wconf 87' lang='lat' dir='ltr'><strong>alleviaretur</strong></span> <span class='ocrx_word' id='word_1_432' title='bbox 981 3189 1293 3244; x_wconf 86' lang='lat' dir='ltr'><strong>sollicitudo</strong></span> <span class='ocrx_word' id='word_1_433' title='bbox 1337 3198 1392 3244; x_wconf 93' lang='lat' dir='ltr'><strong>et</strong></span> <span class='ocrx_word' id='word_1_434' title='bbox 1439 3189 1669 3244; x_wconf 87' lang='lat' dir='ltr'><strong>tedium.</strong></span> <span class='ocrx_word' id='word_1_435' title='bbox 1719 3189 1960 3243; x_wconf 86' lang='lat' dir='ltr'><strong>Tandem</strong></span> 
     </span>
    </p>
   </div>
   <div class='ocr_carea' id='block_1_64' title="bbox 349 3281 1962 3355">
    <p class='ocr_par' dir='ltr' id='par_1_64' title="bbox 349 3281 1962 3355">
     <span class='ocr_line' id='line_1_64' title="bbox 349 3281 1962 3355; baseline -0.001 -17"><span class='ocrx_word' id='word_1_436' title='bbox 349 3283 495 3355; x_wconf 91' lang='lat' dir='ltr'><strong>quod</strong></span> <span class='ocrx_word' id='word_1_437' title='bbox 527 3282 686 3354; x_wconf 88' lang='lat' dir='ltr'><strong>petiit</strong></span> <span class='ocrx_word' id='word_1_438' title='bbox 712 3282 1043 3352; x_wconf 88' lang='lat' dir='ltr'><strong>impetravit,</strong></span> <span class='ocrx_word' id='word_1_439' title='bbox 1079 3288 1131 3336; x_wconf 86' lang='lat' dir='ltr'><strong>et</strong></span> <span class='ocrx_word' id='word_1_440' title='bbox 1155 3282 1433 3336; x_wconf 88' lang='lat' dir='ltr'><strong>Gcmblaci</strong></span> <span class='ocrx_word' id='word_1_441' title='bbox 1462 3282 1514 3335; x_wconf 94' lang='lat' dir='ltr'><strong>in</strong></span> <span class='ocrx_word' id='word_1_442' title='bbox 1549 3281 1808 3353; x_wconf 89' lang='lat' dir='ltr'><strong>hospitali</strong></span> <span class='ocrx_word' id='word_1_443' title='bbox 1832 3297 1962 3353; x_wconf 87' lang='lat' dir='ltr'><strong>pau-</strong></span> 
     </span>
    </p>
   </div>
   <div class='ocr_carea' id='block_1_65' title="bbox 350 3369 1959 3443">
    <p class='ocr_par' dir='ltr' id='par_1_65' title="bbox 350 3369 1959 3443">
     <span class='ocr_line' id='line_1_65' title="bbox 350 3369 1959 3443; baseline -0.002 -16"><span class='ocrx_word' id='word_1_444' title='bbox 350 3388 540 3443; x_wconf 87' lang='lat' dir='ltr'><strong>perum</strong></span> <span class='ocrx_word' id='word_1_445' title='bbox 581 3371 902 3443; x_wconf 88' lang='lat' dir='ltr'><strong>aliquandiu</strong></span> <span class='ocrx_word' id='word_1_446' title='bbox 933 3371 1153 3425; x_wconf 89' lang='lat' dir='ltr'><strong>mansit.</strong></span> <span class='ocrx_word' id='word_1_447' title='bbox 1189 3371 1323 3426; x_wconf 89' lang='lat' dir='ltr'><strong>Nola</strong></span> <span class='ocrx_word' id='word_1_448' title='bbox 1347 3379 1464 3424; x_wconf 90' lang='lat' dir='ltr'><strong>erat</strong></span> <span class='ocrx_word' id='word_1_449' title='bbox 1493 3386 1602 3425; x_wconf 92' lang='lat' dir='ltr'><strong>non</strong></span> <span class='ocrx_word' id='word_1_450' title='bbox 1623 3370 1798 3425; x_wconf 91' lang='lat' dir='ltr'><strong>solum</strong></span> <span class='ocrx_word' id='word_1_451' title='bbox 1831 3369 1959 3440; x_wconf 86' lang='lat' dir='ltr'><strong>opi-</strong></span> 
     </span>
    </p>
   </div>
   <div class='ocr_carea' id='block_1_66' title="bbox 349 3463 1965 3536">
    <p class='ocr_par' dir='ltr' id='par_1_66' title="bbox 349 3463 1965 3536">
     <span class='ocr_line' id='line_1_66' title="bbox 349 3463 1965 3536; baseline -0.002 -15"><span class='ocrx_word' id='word_1_452' title='bbox 349 3466 551 3531; x_wconf 90' lang='lat' dir='ltr'><strong>danis,</strong></span> <span class='ocrx_word' id='word_1_453' title='bbox 598 3473 680 3520; x_wconf 90' lang='lat' dir='ltr'><strong>sct</strong></span> <span class='ocrx_word' id='word_1_454' title='bbox 731 3472 784 3520; x_wconf 91' lang='lat' dir='ltr'><strong>et</strong></span> <span class='ocrx_word' id='word_1_455' title='bbox 849 3465 1077 3536; x_wconf 86' lang='lat' dir='ltr'><strong>cpidum</strong></span> <span class='ocrx_word' id='word_1_456' title='bbox 1128 3463 1569 3536; x_wconf 87' lang='lat' dir='ltr'><strong>frequentatibus</strong></span> <span class='ocrx_word' id='word_1_457' title='bbox 1640 3464 1917 3518; x_wconf 86' lang='lat' dir='ltr'><strong>extraneis</strong></span> <span class='ocrx_word' id='word_1_458' title='bbox 1950 3507 1965 3531; x_wconf 92' lang='lat'><strong>,</strong></span> 
     </span>
    </p>
   </div>
   <div class='ocr_carea' id='block_1_67' title="bbox 349 3555 1966 3630">
    <p class='ocr_par' dir='ltr' id='par_1_67' title="bbox 349 3555 1966 3630">
     <span class='ocr_line' id='line_1_67' title="bbox 349 3555 1966 3630; baseline -0.002 -17"><span class='ocrx_word' id='word_1_459' title='bbox 349 3559 476 3630; x_wconf 88' lang='lat' dir='ltr'><strong>quia</strong></span> <span class='ocrx_word' id='word_1_460' title='bbox 521 3565 723 3630; x_wconf 89' lang='lat' dir='ltr'><strong>quanto</strong></span> <span class='ocrx_word' id='word_1_461' title='bbox 775 3558 949 3626; x_wconf 89' lang='lat' dir='ltr'><strong>major</strong></span> <span class='ocrx_word' id='word_1_462' title='bbox 979 3564 1033 3612; x_wconf 94' lang='lat' dir='ltr'><strong>et</strong></span> <span class='ocrx_word' id='word_1_463' title='bbox 1064 3556 1354 3612; x_wconf 89' lang='lat' dir='ltr'><strong>inﬁrmitas</strong></span> <span class='ocrx_word' id='word_1_464' title='bbox 1394 3556 1589 3618; x_wconf 88' lang='lat' dir='ltr'><strong>inerat,</strong></span> <span class='ocrx_word' id='word_1_465' title='bbox 1640 3563 1790 3611; x_wconf 88' lang='lat' dir='ltr'><strong>tanto</strong></span> <span class='ocrx_word' id='word_1_466' title='bbox 1834 3555 1966 3610; x_wconf 86' lang='lat' dir='ltr'><strong>visi-</strong></span> 
     </span>
    </p>
   </div>
   <div class='ocr_carea' id='block_1_68' title="bbox 349 3649 1965 3720">
    <p class='ocr_par' dir='ltr' id='par_1_68' title="bbox 349 3649 1965 3720">
     <span class='ocr_line' id='line_1_68' title="bbox 349 3649 1965 3720; baseline -0.002 -14"><span class='ocrx_word' id='word_1_467' title='bbox 349 3650 579 3706; x_wconf 90' lang='lat' dir='ltr'><strong>tantium</strong></span> <span class='ocrx_word' id='word_1_468' title='bbox 613 3650 786 3718; x_wconf 88' lang='lat' dir='ltr'><strong>major</strong></span> <span class='ocrx_word' id='word_1_469' title='bbox 811 3650 1077 3705; x_wconf 87' lang='lat' dir='ltr'><strong>sedulitas</strong></span> <span class='ocrx_word' id='word_1_470' title='bbox 1118 3649 1168 3704; x_wconf 92' lang='lat' dir='ltr'><strong>ei</strong></span> <span class='ocrx_word' id='word_1_471' title='bbox 1202 3650 1410 3704; x_wconf 88' lang='lat' dir='ltr'><strong>aderat.</strong></span> <span class='ocrx_word' id='word_1_472' title='bbox 1456 3649 1640 3720; x_wconf 89' lang='lat' dir='ltr'><strong>Neque</strong></span> <span class='ocrx_word' id='word_1_473' title='bbox 1675 3650 1821 3703; x_wconf 90' lang='lat' dir='ltr'><strong>enim</strong></span> <span class='ocrx_word' id='word_1_474' title='bbox 1863 3664 1965 3719; x_wconf 92' lang='lat' dir='ltr'><strong>po-</strong></span> 
     </span>
    </p>
   </div>
   <div class='ocr_carea' id='block_1_69' title="bbox 349 3737 1965 3812">
    <p class='ocr_par' dir='ltr' id='par_1_69' title="bbox 349 3737 1965 3812">
     <span class='ocr_line' id='line_1_69' title="bbox 349 3737 1965 3812; baseline -0.002 -18"><span class='ocrx_word' id='word_1_475' title='bbox 349 3747 490 3794; x_wconf 77' lang='lat' dir='ltr'><strong>tcrat</strong></span> <span class='ocrx_word' id='word_1_476' title='bbox 525 3754 753 3812; x_wconf 83' lang='lat' dir='ltr'><strong>surgere</strong></span> <span class='ocrx_word' id='word_1_477' title='bbox 785 3738 947 3800; x_wconf 89' lang='lat' dir='ltr'><strong>lecto,</strong></span> <span class='ocrx_word' id='word_1_478' title='bbox 976 3739 1061 3793; x_wconf 89' lang='lat' dir='ltr'><strong>vel</strong></span> <span class='ocrx_word' id='word_1_479' title='bbox 1093 3737 1302 3793; x_wconf 86' lang='lat' dir='ltr'><strong>moveri</strong></span> <span class='ocrx_word' id='word_1_480' title='bbox 1333 3739 1472 3802; x_wconf 93' lang='lat' dir='ltr'><strong>loco,</strong></span> <span class='ocrx_word' id='word_1_481' title='bbox 1499 3737 1604 3792; x_wconf 92' lang='lat' dir='ltr'><strong>nisi</strong></span> <span class='ocrx_word' id='word_1_482' title='bbox 1638 3737 1820 3792; x_wconf 90' lang='lat' dir='ltr'><strong>alieno</strong></span> <span class='ocrx_word' id='word_1_483' title='bbox 1847 3753 1965 3791; x_wconf 91' lang='lat' dir='ltr'><strong>sus-</strong></span> 
     </span>
    </p>
   </div>
   <div class='ocr_carea' id='block_1_70' title="bbox 350 3831 1966 3888">
    <p class='ocr_par' dir='ltr' id='par_1_70' title="bbox 350 3831 1966 3888">
     <span class='ocr_line' id='line_1_70' title="bbox 350 3831 1966 3888; baseline -0.002 0"><span class='ocrx_word' id='word_1_484' title='bbox 350 3839 654 3888; x_wconf 90' lang='lat' dir='ltr'><strong>tentaretur</strong></span> <span class='ocrx_word' id='word_1_485' title='bbox 701 3831 1078 3886; x_wconf 92' lang='lat' dir='ltr'><strong>amminiculo.</strong></span> <span class='ocrx_word' id='word_1_486' title='bbox 1131 3832 1374 3886; x_wconf 91' lang='lat' dir='ltr'><strong>Tandem</strong></span> <span class='ocrx_word' id='word_1_487' title='bbox 1419 3831 1762 3886; x_wconf 90' lang='lat' dir='ltr'><strong>revolutione</strong></span> <span class='ocrx_word' id='word_1_488' title='bbox 1798 3831 1966 3885; x_wconf 88' lang='lat' dir='ltr'><strong>annui</strong></span> 
     </span>
    </p>
   </div>
   <div class='ocr_carea' id='block_1_71' title="bbox 350 3919 1970 3991">
    <p class='ocr_par' dir='ltr' id='par_1_71' title="bbox 350 3919 1970 3991">
     <span class='ocr_line' id='line_1_71' title="bbox 350 3919 1970 3991; baseline -0.002 -14"><span class='ocrx_word' id='word_1_489' title='bbox 350 3921 614 3991; x_wconf 89' lang='lat' dir='ltr'><strong>temporis</strong></span> <span class='ocrx_word' id='word_1_490' title='bbox 653 3919 843 3973; x_wconf 87' lang='lat' dir='ltr'><strong>aderat</strong></span> <span class='ocrx_word' id='word_1_491' title='bbox 867 3919 1486 3975; x_wconf 86' lang='lat' dir='ltr'><strong>celebrisanniversaria</strong></span> <span class='ocrx_word' id='word_1_492' title='bbox 1512 3919 1631 3974; x_wconf 88' lang='lat' dir='ltr'><strong>dies</strong></span> <span class='ocrx_word' id='word_1_493' title='bbox 1662 3920 1970 3990; x_wconf 87' lang='lat' dir='ltr'><strong>depositio-</strong></span> 
     </span>
    </p>
   </div>
   <div class='ocr_carea' id='block_1_72' title="bbox 353 4008 1949 4076">
    <p class='ocr_par' dir='ltr' id='par_1_72' title="bbox 353 4008 1949 4076">
     <span class='ocr_line' id='line_1_72' title="bbox 353 4008 1949 4076; baseline 0.001 -13"><span class='ocrx_word' id='word_1_494' title='bbox 353 4009 440 4064; x_wconf 88' lang='lat' dir='ltr'><strong>nis</strong></span> <span class='ocrx_word' id='word_1_495' title='bbox 469 4009 615 4063; x_wconf 90' lang='lat' dir='ltr'><strong>beati</strong></span> <span class='ocrx_word' id='word_1_496' title='bbox 637 4008 903 4076; x_wconf 90' lang='lat' dir='ltr'><strong>Guiberti,</strong></span> <span class='ocrx_word' id='word_1_497' title='bbox 936 4016 991 4064; x_wconf 89' lang='lat' dir='ltr'><strong>et</strong></span> <span class='ocrx_word' id='word_1_498' title='bbox 1020 4010 1190 4064; x_wconf 87' lang='lat' dir='ltr'><strong>multa</strong></span> <span class='ocrx_word' id='word_1_499' title='bbox 1236 4008 1396 4065; x_wconf 90' lang='lat' dir='ltr'><strong>turba</strong></span> <span class='ocrx_word' id='word_1_500' title='bbox 1426 4009 1626 4064; x_wconf 91' lang='lat' dir='ltr'><strong>civium</strong></span> <span class='ocrx_word' id='word_1_501' title='bbox 1682 4018 1737 4064; x_wconf 91' lang='lat' dir='ltr'><strong>et</strong></span> <span class='ocrx_word' id='word_1_502' title='bbox 1784 4017 1949 4065; x_wconf 87' lang='lat' dir='ltr'><strong>extra-</strong></span> 
     </span>
    </p>
   </div>
   <div class='ocr_carea' id='block_1_73' title="bbox 355 4100 1969 4172">
    <p class='ocr_par' dir='ltr' id='par_1_73' title="bbox 355 4100 1969 4172">
     <span class='ocr_line' id='line_1_73' title="bbox 355 4100 1969 4172; baseline 0.001 -16"><span class='ocrx_word' id='word_1_503' title='bbox 355 4117 583 4157; x_wconf 90' lang='lat' dir='ltr'><strong>neorum</strong></span> <span class='ocrx_word' id='word_1_504' title='bbox 627 4101 888 4155; x_wconf 89' lang='lat' dir='ltr'><strong>intererat</strong></span> <span class='ocrx_word' id='word_1_505' title='bbox 934 4102 1132 4156; x_wconf 61' lang='lat' dir='ltr'><strong>votivas</strong></span> <span class='ocrx_word' id='word_1_506' title='bbox 1184 4101 1305 4172; x_wconf 89' lang='lat' dir='ltr'><strong>ejus</strong></span> <span class='ocrx_word' id='word_1_507' title='bbox 1349 4100 1730 4157; x_wconf 89' lang='lat' dir='ltr'><strong>sollemnitati.</strong></span> <span class='ocrx_word' id='word_1_508' title='bbox 1773 4103 1969 4158; x_wconf 84' lang='lat' dir='ltr'><strong>Mulier</strong></span> 
     </span>
    </p>
   </div>
   <div class='ocr_carea' id='block_1_74' title="bbox 352 4196 1964 4269">
    <p class='ocr_par' dir='ltr' id='par_1_74' title="bbox 352 4196 1964 4269">
     <span class='ocr_line' id='line_1_74' title="bbox 352 4196 1964 4269; baseline 0.001 -17"><span class='ocrx_word' id='word_1_509' title='bbox 352 4197 668 4269; x_wconf 90' lang='lat' dir='ltr'><strong>supradicta</strong></span> <span class='ocrx_word' id='word_1_510' title='bbox 688 4196 1102 4269; x_wconf 89' lang='lat' dir='ltr'><strong>quiainteresse</strong></span> <span class='ocrx_word' id='word_1_511' title='bbox 1135 4213 1244 4253; x_wconf 91' lang='lat' dir='ltr'><strong>non</strong></span> <span class='ocrx_word' id='word_1_512' title='bbox 1274 4203 1506 4269; x_wconf 88' lang='lat' dir='ltr'><strong>poterat,</strong></span> <span class='ocrx_word' id='word_1_513' title='bbox 1540 4197 1964 4266; x_wconf 89' lang='lat' dir='ltr'><strong>lamentabatur,</strong></span> 
     </span>
    </p>
   </div>
   <div class='ocr_carea' id='block_1_75' title="bbox 353 4287 1968 4362">
    <p class='ocr_par' dir='ltr' id='par_1_75' title="bbox 353 4287 1968 4362">
     <span class='ocr_line' id='line_1_75' title="bbox 353 4287 1968 4362; baseline 0 -16"><span class='ocrx_word' id='word_1_514' title='bbox 353 4297 408 4346; x_wconf 91' lang='lat' dir='ltr'><strong>et</strong></span> <span class='ocrx_word' id='word_1_515' title='bbox 457 4297 517 4346; x_wconf 93' lang='lat' dir='ltr'><strong>ut</strong></span> <span class='ocrx_word' id='word_1_516' title='bbox 558 4291 688 4346; x_wconf 93' lang='lat' dir='ltr'><strong>illuc</strong></span> <span class='ocrx_word' id='word_1_517' title='bbox 731 4289 1041 4345; x_wconf 81' lang='lat' dir='ltr'><strong>deferretur</strong></span> <span class='ocrx_word' id='word_1_518' title='bbox 1091 4291 1296 4346; x_wconf 80' lang='lat' dir='ltr'><strong>obnixo</strong></span> <span class='ocrx_word' id='word_1_519' title='bbox 1332 4287 1681 4362; x_wconf 86' lang='lat' dir='ltr'><strong>precabatur.</strong></span> <span class='ocrx_word' id='word_1_520' title='bbox 1724 4291 1968 4347; x_wconf 90' lang='lat' dir='ltr'><strong>Tandem</strong></span> 
     </span>
    </p>
   </div>
   <div class='ocr_carea' id='block_1_76' title="bbox 352 4381 1970 4460">
    <p class='ocr_par' dir='ltr' id='par_1_76' title="bbox 352 4381 1970 4460">
     <span class='ocr_line' id='line_1_76' title="bbox 352 4381 1970 4460; baseline 0.002 -24"><span class='ocrx_word' id='word_1_521' title='bbox 352 4381 554 4452; x_wconf 85' lang='lat' dir='ltr'><strong>delata,</strong></span> <span class='ocrx_word' id='word_1_522' title='bbox 585 4383 776 4439; x_wconf 90' lang='lat' dir='ltr'><strong>orabat</strong></span> <span class='ocrx_word' id='word_1_523' title='bbox 804 4399 926 4439; x_wconf 86' lang='lat' dir='ltr'><strong>cum</strong></span> <span class='ocrx_word' id='word_1_524' title='bbox 947 4383 1254 4440; x_wconf 85' lang='lat' dir='ltr'><strong>lacrimosis</strong></span> <span class='ocrx_word' id='word_1_525' title='bbox 1276 4383 1599 4460; x_wconf 88' lang='lat' dir='ltr'><strong>gemitibus,</strong></span> <span class='ocrx_word' id='word_1_526' title='bbox 1630 4389 1690 4438; x_wconf 93' lang='lat' dir='ltr'><strong>ut</strong></span> <span class='ocrx_word' id='word_1_527' title='bbox 1715 4400 1812 4455; x_wconf 90' lang='lat' dir='ltr'><strong>per</strong></span> <span class='ocrx_word' id='word_1_528' title='bbox 1838 4401 1970 4441; x_wconf 64' lang='lat' dir='ltr'><strong>ora»</strong></span> 
     </span>
    </p>
   </div>
   <div class='ocr_carea' id='block_1_77' title="bbox 352 4470 1973 4547">
    <p class='ocr_par' dir='ltr' id='par_1_77' title="bbox 352 4470 1973 4547">
     <span class='ocr_line' id='line_1_77' title="bbox 352 4470 1973 4547; baseline 0.005 -23"><span class='ocrx_word' id='word_1_529' title='bbox 352 4470 559 4528; x_wconf 90' lang='lat' dir='ltr'><strong>tionem</strong></span> <span class='ocrx_word' id='word_1_530' title='bbox 592 4471 737 4527; x_wconf 90' lang='lat' dir='ltr'><strong>beati</strong></span> <span class='ocrx_word' id='word_1_531' title='bbox 779 4472 1023 4528; x_wconf 88' lang='lat' dir='ltr'><strong>Guiberti</strong></span> <span class='ocrx_word' id='word_1_532' title='bbox 1065 4489 1096 4527; x_wconf 92' lang='lat' dir='ltr'><strong>a</strong></span> <span class='ocrx_word' id='word_1_533' title='bbox 1128 4483 1234 4529; x_wconf 91' lang='lat' dir='ltr'><strong>tam</strong></span> <span class='ocrx_word' id='word_1_534' title='bbox 1265 4471 1415 4547; x_wconf 83' lang='lat' dir='ltr'><strong>gravi</strong></span> <span class='ocrx_word' id='word_1_535' title='bbox 1439 4478 1494 4527; x_wconf 89' lang='lat' dir='ltr'><strong>et</strong></span> <span class='ocrx_word' id='word_1_536' title='bbox 1525 4471 1786 4528; x_wconf 90' lang='lat' dir='ltr'><strong>diuturna</strong></span> <span class='ocrx_word' id='word_1_537' title='bbox 1819 4472 1973 4532; x_wconf 86' lang='lat' dir='ltr'><strong>inﬁr-</strong></span> 
     </span>
    </p>
   </div>
   <div class='ocr_carea' id='block_1_78' title="bbox 351 4559 1972 4632">
    <p class='ocr_par' dir='ltr' id='par_1_78' title="bbox 351 4559 1972 4632">
     <span class='ocr_line' id='line_1_78' title="bbox 351 4559 1972 4632; baseline 0.004 -19"><span class='ocrx_word' id='word_1_538' title='bbox 351 4559 541 4614; x_wconf 89' lang='lat' dir='ltr'><strong>mitate</strong></span> <span class='ocrx_word' id='word_1_539' title='bbox 567 4559 808 4632; x_wconf 89' lang='lat' dir='ltr'><strong>eriperet</strong></span> <span class='ocrx_word' id='word_1_540' title='bbox 841 4576 960 4615; x_wconf 89' lang='lat' dir='ltr'><strong>eam</strong></span> <span class='ocrx_word' id='word_1_541' title='bbox 995 4559 1160 4616; x_wconf 91' lang='lat' dir='ltr'><strong>Deus.</strong></span> <span class='ocrx_word' id='word_1_542' title='bbox 1211 4559 1474 4615; x_wconf 80' lang='lat' dir='ltr'><strong>Exaudita</strong></span> <span class='ocrx_word' id='word_1_543' title='bbox 1503 4567 1588 4615; x_wconf 90' lang='lat' dir='ltr'><strong>est</strong></span> <span class='ocrx_word' id='word_1_544' title='bbox 1643 4568 1830 4617; x_wconf 89' lang='lat' dir='ltr'><strong>autem</strong></span> <span class='ocrx_word' id='word_1_545' title='bbox 1860 4579 1972 4619; x_wconf 88' lang='lat' dir='ltr'><strong>non</strong></span> 
     </span>
    </p>
   </div>
   <div class='ocr_carea' id='block_1_79' title="bbox 350 4651 1968 4719">
    <p class='ocr_par' dir='ltr' id='par_1_79' title="bbox 350 4651 1968 4719">
     <span class='ocr_line' id='line_1_79' title="bbox 350 4651 1968 4719; baseline 0.004 -15"><span class='ocrx_word' id='word_1_546' title='bbox 350 4657 411 4706; x_wconf 89' lang='lat' dir='ltr'><strong>ut</strong></span> <span class='ocrx_word' id='word_1_547' title='bbox 456 4651 569 4707; x_wconf 89' lang='lat' dir='ltr'><strong>vita</strong></span> <span class='ocrx_word' id='word_1_548' title='bbox 623 4651 940 4719; x_wconf 87' lang='lat' dir='ltr'><strong>decederet,</strong></span> <span class='ocrx_word' id='word_1_549' title='bbox 987 4659 1073 4708; x_wconf 89' lang='lat' dir='ltr'><strong>set</strong></span> <span class='ocrx_word' id='word_1_550' title='bbox 1110 4659 1170 4709; x_wconf 95' lang='lat' dir='ltr'><strong>ut</strong></span> <span class='ocrx_word' id='word_1_551' title='bbox 1212 4652 1473 4709; x_wconf 85' lang='lat' dir='ltr'><strong>virtutum</strong></span> <span class='ocrx_word' id='word_1_552' title='bbox 1526 4654 1671 4710; x_wconf 87' lang='lat' dir='ltr'><strong>beati</strong></span> <span class='ocrx_word' id='word_1_553' title='bbox 1725 4653 1968 4711; x_wconf 87' lang='lat' dir='ltr'><strong>Guiberti</strong></span> 
     </span>
    </p>
   </div>
   <div class='ocr_carea' id='block_1_80' title="bbox 349 4739 1973 4817">
    <p class='ocr_par' dir='ltr' id='par_1_80' title="bbox 349 4739 1973 4817">
     <span class='ocr_line' id='line_1_80' title="bbox 349 4739 1973 4817; baseline 0.004 -23"><span class='ocrx_word' id='word_1_554' title='bbox 349 4739 581 4796; x_wconf 88' lang='lat' dir='ltr'><strong>evidens</strong></span> <span class='ocrx_word' id='word_1_555' title='bbox 608 4741 985 4798; x_wconf 89' lang='lat' dir='ltr'><strong>testimonium</strong></span> <span class='ocrx_word' id='word_1_556' title='bbox 1015 4743 1240 4798; x_wconf 90' lang='lat' dir='ltr'><strong>viveret.</strong></span> <span class='ocrx_word' id='word_1_557' title='bbox 1277 4743 1401 4799; x_wconf 90' lang='lat' dir='ltr'><strong>Post</strong></span> <span class='ocrx_word' id='word_1_558' title='bbox 1434 4759 1600 4799; x_wconf 89' lang='lat' dir='ltr'><strong>unam</strong></span> <span class='ocrx_word' id='word_1_559' title='bbox 1639 4745 1847 4817; x_wconf 90' lang='lat' dir='ltr'><strong>quippe</strong></span> <span class='ocrx_word' id='word_1_560' title='bbox 1871 4746 1973 4802; x_wconf 87' lang='lat' dir='ltr'><strong>ho-</strong></span> 
     </span>
    </p>
   </div>
   <div class='ocr_carea' id='block_1_81' title="bbox 2065 3105 3690 3177">
    <p class='ocr_par' dir='ltr' id='par_1_81' title="bbox 2065 3105 3690 3177">
     <span class='ocr_line' id='line_1_81' title="bbox 2065 3105 3690 3177; baseline -0.002 -13"><span class='ocrx_word' id='word_1_561' title='bbox 2065 3108 2201 3164; x_wconf 89' lang='lat' dir='ltr'><strong>tioni</strong></span> <span class='ocrx_word' id='word_1_562' title='bbox 2242 3105 2470 3161; x_wconf 90' lang='lat' dir='ltr'><strong>vacabat</strong></span> <span class='ocrx_word' id='word_1_563' title='bbox 2523 3113 2578 3161; x_wconf 90' lang='lat' dir='ltr'><strong>et</strong></span> <span class='ocrx_word' id='word_1_564' title='bbox 2623 3105 2962 3177; x_wconf 74' lang='lat' dir='ltr'><strong>psalmodia).</strong></span> <span class='ocrx_word' id='word_1_565' title='bbox 3016 3105 3287 3160; x_wconf 89' lang='lat' dir='ltr'><strong>Vicesimo</strong></span> <span class='ocrx_word' id='word_1_566' title='bbox 3337 3105 3494 3159; x_wconf 90' lang='lat' dir='ltr'><strong>tertio</strong></span> <span class='ocrx_word' id='word_1_567' title='bbox 3543 3120 3690 3160; x_wconf 89' lang='lat' dir='ltr'><strong>anno</strong></span> 
     </span>
    </p>
   </div>
   <div class='ocr_carea' id='block_1_82' title="bbox 2064 3193 3697 3268">
    <p class='ocr_par' dir='ltr' id='par_1_82' title="bbox 2064 3193 3697 3268">
     <span class='ocr_line' id='line_1_82' title="bbox 2064 3193 3697 3268; baseline -0.003 -16"><span class='ocrx_word' id='word_1_568' title='bbox 2064 3214 2177 3252; x_wconf 65' lang='lat' dir='ltr'><strong>sua:</strong></span> <span class='ocrx_word' id='word_1_569' title='bbox 2203 3195 2558 3267; x_wconf 61' lang='lat' dir='ltr'><strong>praelationis,</strong></span> <span class='ocrx_word' id='word_1_570' title='bbox 2597 3194 2846 3249; x_wconf 89' lang='lat' dir='ltr'><strong>sentiens</strong></span> <span class='ocrx_word' id='word_1_571' title='bbox 2877 3193 3230 3248; x_wconf 89' lang='lat' dir='ltr'><strong>acerbitatem</strong></span> <span class='ocrx_word' id='word_1_572' title='bbox 3282 3193 3487 3248; x_wconf 65' lang='lat' dir='ltr'><strong>ultimae</strong></span> <span class='ocrx_word' id='word_1_573' title='bbox 3554 3193 3697 3268; x_wconf 81' lang='lat' dir='ltr'><strong>egri-</strong></span> 
     </span>
    </p>
   </div>
   <div class='ocr_carea' id='block_1_83' title="bbox 2065 3281 3683 3356">
    <p class='ocr_par' dir='ltr' id='par_1_83' title="bbox 2065 3281 3683 3356">
     <span class='ocr_line' id='line_1_83' title="bbox 2065 3281 3683 3356; baseline -0.002 -17"><span class='ocrx_word' id='word_1_574' title='bbox 2065 3285 2274 3340; x_wconf 90' lang='lat' dir='ltr'><strong>tudinis</strong></span> <span class='ocrx_word' id='word_1_575' title='bbox 2321 3285 2377 3338; x_wconf 89' lang='lat' dir='ltr'><strong>iu</strong></span> <span class='ocrx_word' id='word_1_576' title='bbox 2414 3299 2473 3339; x_wconf 89' lang='lat' dir='ltr'><strong>se</strong></span> <span class='ocrx_word' id='word_1_577' title='bbox 2529 3283 2790 3356; x_wconf 88' lang='lat' dir='ltr'><strong>grassari,</strong></span> <span class='ocrx_word' id='word_1_578' title='bbox 2847 3291 3177 3338; x_wconf 88' lang='lat' dir='ltr'><strong>conventum</strong></span> <span class='ocrx_word' id='word_1_579' title='bbox 3238 3281 3462 3337; x_wconf 87' lang='lat' dir='ltr'><strong>fratrum</strong></span> <span class='ocrx_word' id='word_1_580' title='bbox 3517 3282 3683 3350; x_wconf 88' lang='lat' dir='ltr'><strong>jussit</strong></span> 
     </span>
    </p>
   </div>
   <div class='ocr_carea' id='block_1_84' title="bbox 2067 3371 3689 3440">
    <p class='ocr_par' dir='ltr' id='par_1_84' title="bbox 2067 3371 3689 3440">
     <span class='ocr_line' id='line_1_84' title="bbox 2067 3371 3689 3440; baseline -0.002 -12"><span class='ocrx_word' id='word_1_581' title='bbox 2067 3374 2356 3440; x_wconf 85' lang='lat' dir='ltr'><strong>accersiri;</strong></span> <span class='ocrx_word' id='word_1_582' title='bbox 2391 3383 2446 3428; x_wconf 89' lang='lat' dir='ltr'><strong>et</strong></span> <span class='ocrx_word' id='word_1_583' title='bbox 2477 3373 2739 3428; x_wconf 85' lang='lat' dir='ltr'><strong>decenter</strong></span> <span class='ocrx_word' id='word_1_584' title='bbox 2769 3387 2865 3427; x_wconf 92' lang='lat' dir='ltr'><strong>eos</strong></span> <span class='ocrx_word' id='word_1_585' title='bbox 2887 3388 3232 3440; x_wconf 88' lang='lat' dir='ltr'><strong>ammonens,</strong></span> <span class='ocrx_word' id='word_1_586' title='bbox 3264 3379 3322 3426; x_wconf 92' lang='lat' dir='ltr'><strong>ut</strong></span> <span class='ocrx_word' id='word_1_587' title='bbox 3348 3373 3416 3426; x_wconf 89' lang='lat' dir='ltr'><strong>ad</strong></span> <span class='ocrx_word' id='word_1_588' title='bbox 3448 3372 3542 3426; x_wconf 91' lang='lat' dir='ltr'><strong>Dei</strong></span> <span class='ocrx_word' id='word_1_589' title='bbox 3577 3371 3689 3426; x_wconf 83' lang='lat' dir='ltr'><strong>ob-</strong></span> 
     </span>
    </p>
   </div>
   <div class='ocr_carea' id='block_1_85' title="bbox 2067 3463 3690 3538">
    <p class='ocr_par' dir='ltr' id='par_1_85' title="bbox 2067 3463 3690 3538">
     <span class='ocr_line' id='line_1_85' title="bbox 2067 3463 3690 3538; baseline -0.002 -16"><span class='ocrx_word' id='word_1_590' title='bbox 2067 3466 2321 3538; x_wconf 92' lang='lat' dir='ltr'><strong>sequium</strong></span> <span class='ocrx_word' id='word_1_591' title='bbox 2356 3463 2522 3519; x_wconf 90' lang='lat' dir='ltr'><strong>ﬁxum</strong></span> <span class='ocrx_word' id='word_1_592' title='bbox 2566 3463 2837 3519; x_wconf 90' lang='lat' dir='ltr'><strong>haberent</strong></span> <span class='ocrx_word' id='word_1_593' title='bbox 2865 3464 3063 3518; x_wconf 90' lang='lat' dir='ltr'><strong>mentis</strong></span> <span class='ocrx_word' id='word_1_594' title='bbox 3096 3464 3460 3535; x_wconf 91' lang='lat' dir='ltr'><strong>propositum,</strong></span> <span class='ocrx_word' id='word_1_595' title='bbox 3488 3478 3690 3518; x_wconf 89' lang='lat' dir='ltr'><strong>conso-</strong></span> 
     </span>
    </p>
   </div>
   <div class='ocr_carea' id='block_1_86' title="bbox 2069 3559 3688 3630">
    <p class='ocr_par' dir='ltr' id='par_1_86' title="bbox 2069 3559 3688 3630">
     <span class='ocr_line' id='line_1_86' title="bbox 2069 3559 3688 3630; baseline -0.002 -14"><span class='ocrx_word' id='word_1_596' title='bbox 2069 3561 2284 3616; x_wconf 90' lang='lat' dir='ltr'><strong>labatur</strong></span> <span class='ocrx_word' id='word_1_597' title='bbox 2329 3576 2499 3630; x_wconf 91' lang='lat' dir='ltr'><strong>super</strong></span> <span class='ocrx_word' id='word_1_598' title='bbox 2525 3574 2624 3614; x_wconf 91' lang='lat' dir='ltr'><strong>suo</strong></span> <span class='ocrx_word' id='word_1_599' title='bbox 2655 3559 2899 3614; x_wconf 90' lang='lat' dir='ltr'><strong>discessu</strong></span> <span class='ocrx_word' id='word_1_600' title='bbox 2926 3559 3222 3615; x_wconf 89' lang='lat' dir='ltr'><strong>mestitiam</strong></span> <span class='ocrx_word' id='word_1_601' title='bbox 3258 3575 3472 3623; x_wconf 89' lang='lat' dir='ltr'><strong>eorum,</strong></span> <span class='ocrx_word' id='word_1_602' title='bbox 3519 3573 3688 3613; x_wconf 89' lang='lat' dir='ltr'><strong>orans</strong></span> 
     </span>
    </p>
   </div>
   <div class='ocr_carea' id='block_1_87' title="bbox 2069 3650 3685 3722">
    <p class='ocr_par' dir='ltr' id='par_1_87' title="bbox 2069 3650 3685 3722">
     <span class='ocr_line' id='line_1_87' title="bbox 2069 3650 3685 3722; baseline -0.001 -16"><span class='ocrx_word' id='word_1_603' title='bbox 2069 3670 2098 3706; x_wconf 87' lang='lat' dir='ltr'><strong>a</strong></span> <span class='ocrx_word' id='word_1_604' title='bbox 2150 3653 2263 3707; x_wconf 91' lang='lat' dir='ltr'><strong>Deo</strong></span> <span class='ocrx_word' id='word_1_605' title='bbox 2305 3653 2386 3706; x_wconf 90' lang='lat' dir='ltr'><strong>eis</strong></span> <span class='ocrx_word' id='word_1_606' title='bbox 2448 3651 2564 3705; x_wconf 90' lang='lat' dir='ltr'><strong>dari</strong></span> <span class='ocrx_word' id='word_1_607' title='bbox 2627 3650 3030 3707; x_wconf 90' lang='lat' dir='ltr'><strong>consolatorem</strong></span> <span class='ocrx_word' id='word_1_608' title='bbox 3076 3657 3324 3706; x_wconf 88' lang='lat' dir='ltr'><strong>sanctum</strong></span> <span class='ocrx_word' id='word_1_609' title='bbox 3399 3650 3685 3722; x_wconf 89' lang='lat' dir='ltr'><strong>Spiritum.</strong></span> 
     </span>
    </p>
   </div>
   <div class='ocr_carea' id='block_1_88' title="bbox 2069 3744 3693 3819">
    <p class='ocr_par' dir='ltr' id='par_1_88' title="bbox 2069 3744 3693 3819">
     <span class='ocr_line' id='line_1_88' title="bbox 2069 3744 3693 3819; baseline -0.001 -17"><span class='ocrx_word' id='word_1_610' title='bbox 2069 3747 2314 3802; x_wconf 89' lang='lat' dir='ltr'><strong>Fratrum</strong></span> <span class='ocrx_word' id='word_1_611' title='bbox 2353 3761 2484 3802; x_wconf 89' lang='lat' dir='ltr'><strong>vera</strong></span> <span class='ocrx_word' id='word_1_612' title='bbox 2514 3745 2799 3819; x_wconf 82' lang='lat' dir='ltr'><strong>diligentia</strong></span> <span class='ocrx_word' id='word_1_613' title='bbox 2833 3745 3087 3800; x_wconf 90' lang='lat' dir='ltr'><strong>sollerter</strong></span> <span class='ocrx_word' id='word_1_614' title='bbox 3134 3746 3184 3801; x_wconf 92' lang='lat' dir='ltr'><strong>ei</strong></span> <span class='ocrx_word' id='word_1_615' title='bbox 3225 3744 3495 3811; x_wconf 86' lang='lat' dir='ltr'><strong>adhibuit,</strong></span> <span class='ocrx_word' id='word_1_616' title='bbox 3528 3744 3693 3815; x_wconf 92' lang='lat' dir='ltr'><strong>quic-</strong></span> 
     </span>
    </p>
   </div>
   <div class='ocr_carea' id='block_1_89' title="bbox 2069 3836 3691 3912">
    <p class='ocr_par' dir='ltr' id='par_1_89' title="bbox 2069 3836 3691 3912">
     <span class='ocr_line' id='line_1_89' title="bbox 2069 3836 3691 3912; baseline -0.001 -19"><span class='ocrx_word' id='word_1_617' title='bbox 2069 3839 2203 3910; x_wconf 93' lang='lat' dir='ltr'><strong>quid</strong></span> <span class='ocrx_word' id='word_1_618' title='bbox 2235 3838 2620 3894; x_wconf 66' lang='lat' dir='ltr'><strong>azcclesiastica</strong></span> <span class='ocrx_word' id='word_1_619' title='bbox 2653 3836 2986 3912; x_wconf 90' lang='lat' dir='ltr'><strong>religiositas</strong></span> <span class='ocrx_word' id='word_1_620' title='bbox 3021 3838 3112 3892; x_wconf 90' lang='lat' dir='ltr'><strong>tali</strong></span> <span class='ocrx_word' id='word_1_621' title='bbox 3143 3853 3393 3908; x_wconf 61' lang='lat' dir='ltr'><strong>personas</strong></span> <span class='ocrx_word' id='word_1_622' title='bbox 3426 3837 3480 3890; x_wconf 93' lang='lat' dir='ltr'><strong>in</strong></span> <span class='ocrx_word' id='word_1_623' title='bbox 3534 3837 3691 3891; x_wconf 91' lang='lat' dir='ltr'><strong>obitu</strong></span> 
     </span>
    </p>
   </div>
   <div class='ocr_carea' id='block_1_90' title="bbox 2069 3929 3694 4002">
    <p class='ocr_par' dir='ltr' id='par_1_90' title="bbox 2069 3929 3694 4002">
     <span class='ocr_line' id='line_1_90' title="bbox 2069 3929 3694 4002; baseline -0.003 -15"><span class='ocrx_word' id='word_1_624' title='bbox 2069 3932 2154 3987; x_wconf 86' lang='lat' dir='ltr'><strong>vel</strong></span> <span class='ocrx_word' id='word_1_625' title='bbox 2187 3937 2312 4002; x_wconf 92' lang='lat' dir='ltr'><strong>post</strong></span> <span class='ocrx_word' id='word_1_626' title='bbox 2330 3929 2543 3986; x_wconf 89' lang='lat' dir='ltr'><strong>obitum</strong></span> <span class='ocrx_word' id='word_1_627' title='bbox 2573 3929 2822 3985; x_wconf 88' lang='lat' dir='ltr'><strong>adhiberi</strong></span> <span class='ocrx_word' id='word_1_628' title='bbox 2852 3930 3084 3986; x_wconf 88' lang='lat' dir='ltr'><strong>censuit.</strong></span> <span class='ocrx_word' id='word_1_629' title='bbox 3107 3931 3228 4000; x_wconf 88' lang='lat' dir='ltr'><strong>Ipse</strong></span> <span class='ocrx_word' id='word_1_630' title='bbox 3255 3930 3490 3985; x_wconf 89' lang='lat' dir='ltr'><strong>domnus</strong></span> <span class='ocrx_word' id='word_1_631' title='bbox 3522 3929 3694 3984; x_wconf 90' lang='lat' dir='ltr'><strong>abhas</strong></span> 
     </span>
    </p>
   </div>
   <div class='ocr_carea' id='block_1_91' title="bbox 2067 4018 3694 4084">
    <p class='ocr_par' dir='ltr' id='par_1_91' title="bbox 2067 4018 3694 4084">
     <span class='ocr_line' id='line_1_91' title="bbox 2067 4018 3694 4084; baseline -0.002 -9"><span class='ocrx_word' id='word_1_632' title='bbox 2067 4020 2356 4078; x_wconf 71' lang='lat' dir='ltr'><strong>Anselmns</strong></span> <span class='ocrx_word' id='word_1_633' title='bbox 2399 4019 2430 4074; x_wconf 93' lang='lat'>8</span> <span class='ocrx_word' id='word_1_634' title='bbox 2476 4018 2748 4073; x_wconf 87' lang='lat' dir='ltr'><strong>Kalendas</strong></span> <span class='ocrx_word' id='word_1_635' title='bbox 2788 4018 2962 4072; x_wconf 84' lang='lat' dir='ltr'><strong>Martii</strong></span> <span class='ocrx_word' id='word_1_636' title='bbox 2994 4018 3109 4072; x_wconf 88' lang='lat' dir='ltr'><strong>vita</strong></span> <span class='ocrx_word' id='word_1_637' title='bbox 3168 4018 3424 4084; x_wconf 88' lang='lat' dir='ltr'><strong>decessit,</strong></span> <span class='ocrx_word' id='word_1_638' title='bbox 3477 4025 3532 4072; x_wconf 91' lang='lat' dir='ltr'><strong>et</strong></span> <span class='ocrx_word' id='word_1_639' title='bbox 3563 4023 3694 4073; x_wconf 87' lang='lat' dir='ltr'><strong>ante</strong></span> 
     </span>
    </p>
   </div>
   <div class='ocr_carea' id='block_1_92' title="bbox 2067 4107 3695 4178">
    <p class='ocr_par' dir='ltr' id='par_1_92' title="bbox 2067 4107 3695 4178">
     <span class='ocr_line' id='line_1_92' title="bbox 2067 4107 3695 4178; baseline -0.001 -14"><span class='ocrx_word' id='word_1_640' title='bbox 2067 4116 2268 4164; x_wconf 61' lang='lat' dir='ltr'><strong>sanctae</strong></span> <span class='ocrx_word' id='word_1_641' title='bbox 2302 4108 2488 4164; x_wconf 89' lang='lat' dir='ltr'><strong>Crucis</strong></span> <span class='ocrx_word' id='word_1_642' title='bbox 2513 4107 2682 4162; x_wconf 91' lang='lat' dir='ltr'><strong>altare</strong></span> <span class='ocrx_word' id='word_1_643' title='bbox 2721 4108 3019 4178; x_wconf 65' lang='lat' dir='ltr'><strong>sepultura:</strong></span> <span class='ocrx_word' id='word_1_644' title='bbox 3052 4109 3230 4162; x_wconf 93' lang='lat' dir='ltr'><strong>locum</strong></span> <span class='ocrx_word' id='word_1_645' title='bbox 3264 4107 3492 4178; x_wconf 84' lang='lat' dir='ltr'><strong>accepit.</strong></span> <span class='ocrx_word' id='word_1_646' title='bbox 3548 4107 3695 4162; x_wconf 88' lang='lat' dir='ltr'><strong>Lati-</strong></span> 
     </span>
    </p>
   </div>
   <div class='ocr_carea' id='block_1_93' title="bbox 2069 4198 3691 4258">
    <p class='ocr_par' dir='ltr' id='par_1_93' title="bbox 2069 4198 3691 4258">
     <span class='ocr_line' id='line_1_93' title="bbox 2069 4198 3691 4258; baseline -0.001 -2"><span class='ocrx_word' id='word_1_647' title='bbox 2069 4202 2358 4258; x_wconf 90' lang='lat' dir='ltr'><strong>niacenses</strong></span> <span class='ocrx_word' id='word_1_648' title='bbox 2388 4206 2442 4255; x_wconf 90' lang='lat' dir='ltr'><strong>et</strong></span> <span class='ocrx_word' id='word_1_649' title='bbox 2471 4199 2919 4255; x_wconf 88' lang='lat' dir='ltr'><strong>Altovillarenses</strong></span> <span class='ocrx_word' id='word_1_650' title='bbox 2966 4199 3316 4254; x_wconf 90' lang='lat' dir='ltr'><strong>conferentes</strong></span> <span class='ocrx_word' id='word_1_651' title='bbox 3346 4198 3413 4253; x_wconf 90' lang='lat' dir='ltr'><strong>ad</strong></span> <span class='ocrx_word' id='word_1_652' title='bbox 3454 4199 3691 4254; x_wconf 87' lang='lat' dir='ltr'><strong>invicem</strong></span> 
     </span>
    </p>
   </div>
   <div class='ocr_carea' id='block_1_94' title="bbox 2070 4277 3688 4364">
    <p class='ocr_par' dir='ltr' id='par_1_94' title="bbox 2070 4277 3688 4364">
     <span class='ocr_line' id='line_1_94' title="bbox 2070 4277 3688 4364; baseline -0.002 -18"><span class='ocrx_word' id='word_1_653' title='bbox 2070 4290 2372 4363; x_wconf 87' lang='lat' dir='ltr'><strong>benignum</strong></span> <span class='ocrx_word' id='word_1_654' title='bbox 2401 4277 2744 4364; x_wconf 29' lang='lat' dir='ltr'><strong>quem‘erga</strong></span> <span class='ocrx_word' id='word_1_655' title='bbox 2783 4304 2879 4345; x_wconf 91' lang='lat' dir='ltr'><strong>eos</strong></span> <span class='ocrx_word' id='word_1_656' title='bbox 2905 4287 3175 4344; x_wconf 89' lang='lat' dir='ltr'><strong>habuerat</strong></span> <span class='ocrx_word' id='word_1_657' title='bbox 3219 4288 3412 4343; x_wconf 87' lang='lat' dir='ltr'><strong>vivens</strong></span> <span class='ocrx_word' id='word_1_658' title='bbox 3443 4288 3688 4342; x_wconf 90' lang='lat' dir='ltr'><strong>animum</strong></span> 
     </span>
    </p>
   </div>
   <div class='ocr_carea' id='block_1_95' title="bbox 2073 4379 3691 4453">
    <p class='ocr_par' dir='ltr' id='par_1_95' title="bbox 2073 4379 3691 4453">
     <span class='ocr_line' id='line_1_95' title="bbox 2073 4379 3691 4453; baseline -0.002 -16"><span class='ocrx_word' id='word_1_659' title='bbox 2073 4388 2128 4437; x_wconf 93' lang='lat' dir='ltr'><strong>et</strong></span> <span class='ocrx_word' id='word_1_660' title='bbox 2147 4380 2451 4453; x_wconf 90' lang='lat' dir='ltr'><strong>proﬁcuum</strong></span> <span class='ocrx_word' id='word_1_661' title='bbox 2485 4381 2595 4436; x_wconf 91' lang='lat' dir='ltr'><strong>sibi</strong></span> <span class='ocrx_word' id='word_1_662' title='bbox 2637 4380 2925 4452; x_wconf 76' lang='lat' dir='ltr'><strong>sapientiae</strong></span> <span class='ocrx_word' id='word_1_663' title='bbox 2973 4381 3093 4449; x_wconf 87' lang='lat' dir='ltr'><strong>ejus</strong></span> <span class='ocrx_word' id='word_1_664' title='bbox 3146 4379 3413 4447; x_wconf 90' lang='lat' dir='ltr'><strong>studium,</strong></span> <span class='ocrx_word' id='word_1_665' title='bbox 3457 4379 3691 4435; x_wconf 90' lang='lat' dir='ltr'><strong>moleste</strong></span> 
     </span>
    </p>
   </div>
   <div class='ocr_carea' id='block_1_96' title="bbox 2074 4471 3691 4544">
    <p class='ocr_par' dir='ltr' id='par_1_96' title="bbox 2074 4471 3691 4544">
     <span class='ocr_line' id='line_1_96' title="bbox 2074 4471 3691 4544; baseline -0.002 -14"><span class='ocrx_word' id='word_1_666' title='bbox 2074 4475 2328 4531; x_wconf 88' lang='lat' dir='ltr'><strong>ferebant</strong></span> <span class='ocrx_word' id='word_1_667' title='bbox 2353 4474 2476 4543; x_wconf 90' lang='lat' dir='ltr'><strong>ejus</strong></span> <span class='ocrx_word' id='word_1_668' title='bbox 2505 4473 2738 4540; x_wconf 92' lang='lat' dir='ltr'><strong>obitum,</strong></span> <span class='ocrx_word' id='word_1_669' title='bbox 2779 4479 2835 4528; x_wconf 90' lang='lat' dir='ltr'><strong>et</strong></span> <span class='ocrx_word' id='word_1_670' title='bbox 2862 4473 2966 4544; x_wconf 66' lang='lat' dir='ltr'><strong>pias</strong></span> <span class='ocrx_word' id='word_1_671' title='bbox 3001 4472 3400 4528; x_wconf 88' lang='lat' dir='ltr'><strong>recordationis</strong></span> <span class='ocrx_word' id='word_1_672' title='bbox 3437 4479 3490 4526; x_wconf 91' lang='lat' dir='ltr'><strong>et</strong></span> <span class='ocrx_word' id='word_1_673' title='bbox 3520 4471 3691 4527; x_wconf 90' lang='lat' dir='ltr'><strong>devo-</strong></span> 
     </span>
    </p>
   </div>
   <div class='ocr_carea' id='block_1_97' title="bbox 2075 4562 3692 4623">
    <p class='ocr_par' dir='ltr' id='par_1_97' title="bbox 2075 4562 3692 4623">
     <span class='ocr_line' id='line_1_97' title="bbox 2075 4562 3692 4623; baseline -0.003 -1"><span class='ocrx_word' id='word_1_674' title='bbox 2075 4574 2144 4623; x_wconf 73' lang='lat' dir='ltr'><strong>ta:</strong></span> <span class='ocrx_word' id='word_1_675' title='bbox 2170 4566 2439 4623; x_wconf 89' lang='lat' dir='ltr'><strong>orationis</strong></span> <span class='ocrx_word' id='word_1_676' title='bbox 2488 4566 2539 4622; x_wconf 92' lang='lat' dir='ltr'><strong>ei</strong></span> <span class='ocrx_word' id='word_1_677' title='bbox 2589 4565 2888 4621; x_wconf 78' lang='lat' dir='ltr'><strong>exibebant</strong></span> <span class='ocrx_word' id='word_1_678' title='bbox 2927 4562 3197 4620; x_wconf 88' lang='lat' dir='ltr'><strong>ofﬁcium.</strong></span> <span class='ocrx_word' id='word_1_679' title='bbox 3230 4563 3496 4619; x_wconf 83' lang='lat' dir='ltr'><strong>Miserum</strong></span> <span class='ocrx_word' id='word_1_680' title='bbox 3525 4564 3692 4618; x_wconf 90' lang='lat' dir='ltr'><strong>etiam</strong></span> 
     </span>
    </p>
   </div>
   <div class='ocr_carea' id='block_1_98' title="bbox 2079 4652 3692 4725">
    <p class='ocr_par' dir='ltr' id='par_1_98' title="bbox 2079 4652 3692 4725">
     <span class='ocr_line' id='line_1_98' title="bbox 2079 4652 3692 4725; baseline -0.002 -15"><span class='ocrx_word' id='word_1_681' title='bbox 2079 4655 2244 4712; x_wconf 88' lang='lat' dir='ltr'><strong>nobis</strong></span> <span class='ocrx_word' id='word_1_682' title='bbox 2285 4662 2524 4725; x_wconf 61' lang='lat' dir='ltr'><strong>experta:</strong></span> <span class='ocrx_word' id='word_1_683' title='bbox 2592 4653 2698 4708; x_wconf 92' lang='lat' dir='ltr'><strong>sibi</strong></span> <span class='ocrx_word' id='word_1_684' title='bbox 2761 4653 3054 4723; x_wconf 86' lang='lat' dir='ltr'><strong>probitatis</strong></span> <span class='ocrx_word' id='word_1_685' title='bbox 3109 4652 3230 4721; x_wconf 88' lang='lat' dir='ltr'><strong>ejus</strong></span> <span class='ocrx_word' id='word_1_686' title='bbox 3277 4652 3692 4708; x_wconf 91' lang='lat' dir='ltr'><strong>testimonium:</strong></span> 
     </span>
    </p>
   </div>
   <div class='ocr_carea' id='block_1_99' title="bbox 2072 4745 3236 4819">
    <p class='ocr_par' dir='ltr' id='par_1_99' title="bbox 2072 4745 3236 4819">
     <span class='ocr_line' id='line_1_99' title="bbox 2072 4745 3236 4819; baseline -0.003 -17"><span class='ocrx_word' id='word_1_687' title='bbox 2072 4746 2217 4802; x_wconf 90' lang='lat' dir='ltr'><strong>istud</strong></span> <span class='ocrx_word' id='word_1_688' title='bbox 2235 4747 2385 4819; x_wconf 89' lang='lat' dir='ltr'><strong>quod</strong></span> <span class='ocrx_word' id='word_1_689' title='bbox 2417 4745 2850 4817; x_wconf 88' lang='lat' dir='ltr'><strong>subscripsimus</strong></span> <span class='ocrx_word' id='word_1_690' title='bbox 2871 4745 3236 4815; x_wconf 89' lang='lat' dir='ltr'><strong>epitaphium.</strong></span> 
     </span>
    </p>
   </div>
   <div class='ocr_carea' id='block_1_100' title="bbox 929 4866 3100 4926">
    <p class='ocr_par' dir='ltr' id='par_1_100' title="bbox 929 4866 3100 4926">
     <span class='ocr_line' id='line_1_100' title="bbox 929 4866 3100 4926; baseline 0.001 -4"><span class='ocrx_word' id='word_1_691' title='bbox 929 4866 1331 4924; x_wconf 83' lang='lat' dir='ltr'><strong>EPITAPHIUM</strong></span> <span class='ocrx_word' id='word_1_692' title='bbox 1371 4867 1576 4923; x_wconf 85' lang='lat' dir='ltr'><strong>DOMNI</strong></span> <span class='ocrx_word' id='word_1_693' title='bbox 1616 4869 1904 4926; x_wconf 82' lang='lat' dir='ltr'><strong>ANSELMI</strong></span> <span class='ocrx_word' id='word_1_694' title='bbox 1944 4869 2216 4926; x_wconf 84' lang='lat' dir='ltr'><strong>ABBATIS</strong></span> <span class='ocrx_word' id='word_1_695' title='bbox 2254 4870 2292 4924; x_wconf 84' lang='lat' dir='ltr'><strong>A</strong></span> <span class='ocrx_word' id='word_1_696' title='bbox 2335 4867 2614 4924; x_wconf 84' lang='lat' dir='ltr'><strong>FRANCIS</strong></span> <span class='ocrx_word' id='word_1_697' title='bbox 2655 4866 3100 4924; x_wconf 84' lang='lat' dir='ltr'><strong>COMPOSITUM.</strong></span> 
     </span>
    </p>
   </div>
   <div class='ocr_carea' id='block_1_101' title="bbox 353 4963 1715 5041">
    <p class='ocr_par' dir='ltr' id='par_1_101' title="bbox 353 4963 1715 5041">
     <span class='ocr_line' id='line_1_101' title="bbox 353 4963 1715 5041; baseline 0.001 -17"><span class='ocrx_word' id='word_1_698' title='bbox 353 4963 448 5041; x_wconf 73' lang='lat' dir='ltr'><strong>Hic</strong></span> <span class='ocrx_word' id='word_1_699' title='bbox 472 4966 727 5041; x_wconf 84' lang='lat' dir='ltr'><strong>Anselme</strong></span> <span class='ocrx_word' id='word_1_700' title='bbox 759 4968 916 5041; x_wconf 87' lang='lat' dir='ltr'><strong>situs,</strong></span> <span class='ocrx_word' id='word_1_701' title='bbox 946 4979 1189 5041; x_wconf 84' lang='lat' dir='ltr'><strong>spectate</strong></span> <span class='ocrx_word' id='word_1_702' title='bbox 1220 4969 1428 5032; x_wconf 74' lang='lat' dir='ltr'><strong>colore.</strong></span> <span class='ocrx_word' id='word_1_703' title='bbox 1449 4977 1614 5038; x_wconf 88' lang='lat' dir='ltr'><strong>statu,</strong></span> <span class='ocrx_word' id='word_1_704' title='bbox 1638 4987 1715 5027; x_wconf 91' lang='lat' dir='ltr'><strong>re.</strong></span> 
     </span>
    </p>
   </div>
   <div class='ocr_carea' id='block_1_102' title="bbox 423 5039 1794 5114">
    <p class='ocr_par' dir='ltr' id='par_1_102' title="bbox 423 5039 1794 5114">
     <span class='ocr_line' id='line_1_102' title="bbox 423 5039 1794 5114; baseline 0.004 -21"><span class='ocrx_word' id='word_1_705' title='bbox 423 5039 555 5114; x_wconf 79' lang='lat' dir='ltr'><strong>Rem</strong></span> <span class='ocrx_word' id='word_1_706' title='bbox 598 5039 791 5114; x_wconf 81' lang='lat' dir='ltr'><strong>fenicis</strong></span> <span class='ocrx_word' id='word_1_707' title='bbox 817 5040 964 5114; x_wconf 85' lang='lat'><strong>(899)</strong></span> <span class='ocrx_word' id='word_1_708' title='bbox 979 5039 1138 5114; x_wconf 81' lang='lat' dir='ltr'><strong>agis;</strong></span> <span class='ocrx_word' id='word_1_709' title='bbox 1179 5042 1318 5114; x_wconf 88' lang='lat' dir='ltr'><strong>vivit</strong></span> <span class='ocrx_word' id='word_1_710' title='bbox 1345 5043 1492 5097; x_wconf 90' lang='lat' dir='ltr'><strong>enim</strong></span> <span class='ocrx_word' id='word_1_711' title='bbox 1518 5051 1617 5114; x_wconf 90' lang='lat' dir='ltr'><strong>tua</strong></span> <span class='ocrx_word' id='word_1_712' title='bbox 1645 5059 1794 5114; x_wconf 89' lang='lat' dir='ltr'><strong>spes.</strong></span> 
     </span>
    </p>
   </div>
   <div class='ocr_carea' id='block_1_103' title="bbox 349 5111 1864 5186">
    <p class='ocr_par' dir='ltr' id='par_1_103' title="bbox 349 5111 1864 5186">
     <span class='ocr_line' id='line_1_103' title="bbox 349 5111 1864 5186; baseline 0.003 -20"><span class='ocrx_word' id='word_1_713' title='bbox 349 5111 424 5166; x_wconf 87' lang='lat' dir='ltr'><strong>Te</strong></span> <span class='ocrx_word' id='word_1_714' title='bbox 426 5111 595 5186; x_wconf 83' lang='lat' dir='ltr'><strong>_color</strong></span> <span class='ocrx_word' id='word_1_715' title='bbox 613 5112 906 5186; x_wconf 76' lang='lat' dir='ltr'><strong>illustrem,</strong></span> <span class='ocrx_word' id='word_1_716' title='bbox 931 5111 1104 5169; x_wconf 68' lang='lat' dir='ltr'><strong>status</strong></span> <span class='ocrx_word' id='word_1_717' title='bbox 1136 5113 1444 5186; x_wconf 81' lang='lat' dir='ltr'><strong>egregium,</strong></span> <span class='ocrx_word' id='word_1_718' title='bbox 1478 5111 1753 5186; x_wconf 83' lang='lat' dir='ltr'><strong>placidum</strong></span> <span class='ocrx_word' id='word_1_719' title='bbox 1777 5131 1864 5170; x_wconf 89' lang='lat' dir='ltr'><strong>res</strong></span> 
     </span>
    </p>
   </div>
   <div class='ocr_carea' id='block_1_104' title="bbox 421 5182 1572 5258">
    <p class='ocr_par' dir='ltr' id='par_1_104' title="bbox 421 5182 1572 5258">
     <span class='ocr_line' id='line_1_104' title="bbox 421 5182 1572 5258; baseline 0.003 -22"><span class='ocrx_word' id='word_1_720' title='bbox 421 5182 711 5253; x_wconf 87' lang='lat' dir='ltr'><strong>Fecerunt,</strong></span> <span class='ocrx_word' id='word_1_721' title='bbox 733 5184 865 5240; x_wconf 91' lang='lat' dir='ltr'><strong>clari</strong></span> <span class='ocrx_word' id='word_1_722' title='bbox 896 5201 1018 5258; x_wconf 85' lang='lat' dir='ltr'><strong>quae</strong></span> <span class='ocrx_word' id='word_1_723' title='bbox 1043 5186 1145 5240; x_wconf 90' lang='lat' dir='ltr'><strong>tria</strong></span> <span class='ocrx_word' id='word_1_724' title='bbox 1163 5182 1300 5240; x_wconf 62' lang='lat' dir='ltr'><strong>s&#39;unt&#39;</strong></span> <span class='ocrx_word' id='word_1_725' title='bbox 1313 5182 1572 5248; x_wconf 84' lang='lat' dir='ltr'><strong>hominis,</strong></span> 
     </span>
    </p>
   </div>
   <div class='ocr_carea' id='block_1_105' title="bbox 2071 4968 3691 5044">
    <p class='ocr_par' dir='ltr' id='par_1_105' title="bbox 2071 4968 3691 5044">
     <span class='ocr_line' id='line_1_105' title="bbox 2071 4968 3691 5044; baseline -0.002 -18"><span class='ocrx_word' id='word_1_726' title='bbox 2071 4971 2233 5027; x_wconf 89' lang='lat' dir='ltr'><strong>Fama</strong></span> <span class='ocrx_word' id='word_1_727' title='bbox 2278 4971 2558 5044; x_wconf 83' lang='lat' dir='ltr'><strong>frequens,</strong></span> <span class='ocrx_word' id='word_1_728' title='bbox 2591 4986 2828 5042; x_wconf 88' lang='lat' dir='ltr'><strong>persona</strong></span> <span class='ocrx_word' id='word_1_729' title='bbox 2868 4977 3085 5041; x_wconf 83' lang='lat' dir='ltr'><strong>patens,</strong></span> <span class='ocrx_word' id='word_1_730' title='bbox 3117 4968 3239 5025; x_wconf 91' lang='lat' dir='ltr'><strong>sine</strong></span> <span class='ocrx_word' id='word_1_731' title='bbox 3280 4983 3560 5044; x_wconf 81' lang='lat' dir='ltr'><strong>murmure</strong></span> <span class='ocrx_word' id='word_1_732' title='bbox 3601 4974 3691 5022; x_wconf 87' lang='lat' dir='ltr'><strong>te-</strong></span> 
     </span>
    </p>
   </div>
   <div class='ocr_carea' id='block_1_106' title="bbox 2143 5040 3617 5184">
    <p class='ocr_par' dir='ltr' id='par_1_106' title="bbox 2143 5040 3617 5184">
     <span class='ocr_line' id='line_1_106' title="bbox 2143 5040 3617 5184; baseline -0.003 -15"><span class='ocrx_word' id='word_1_733' title='bbox 2143 5113 2284 5170; x_wconf 91' lang='lat' dir='ltr'><strong>Urbe</strong></span> <span class='ocrx_word' id='word_1_734' title='bbox 2321 5113 2486 5168; x_wconf 92' lang='lat' dir='ltr'><strong>domo</strong></span> <span class='ocrx_word' id='word_1_735' title='bbox 2510 5113 2703 5168; x_wconf 89' lang='lat' dir='ltr'><strong>laudes</strong></span> <span class='ocrx_word' id='word_1_736' title='bbox 2728 5113 3041 5184; x_wconf 87' lang='lat' dir='ltr'><strong>explicuere</strong></span> <span class='ocrx_word' id='word_1_737' title='bbox 3075 5121 3194 5167; x_wconf 86' lang='lat' dir='ltr'><strong>tuas</strong></span> <span class='ocrx_word' id='word_1_738' title='bbox 3427 5040 3617 5113; x_wconf 53' lang='lat' dir='ltr'><strong>mum,</strong></span> 
     </span>
    </p>
   </div>
   <div class='ocr_carea' id='block_1_107' title="bbox 2071 5184 3406 5253">
    <p class='ocr_par' dir='ltr' id='par_1_107' title="bbox 2071 5184 3406 5253">
     <span class='ocr_line' id='line_1_107' title="bbox 2071 5184 3406 5253; baseline -0.001 -15"><span class='ocrx_word' id='word_1_739' title='bbox 2071 5184 2145 5241; x_wconf 88' lang='lat' dir='ltr'><strong>Te</strong></span> <span class='ocrx_word' id='word_1_740' title='bbox 2175 5186 2311 5253; x_wconf 89' lang='lat' dir='ltr'><strong>Noe,</strong></span> <span class='ocrx_word' id='word_1_741' title='bbox 2341 5185 2444 5240; x_wconf 83' lang='lat' dir='ltr'><strong>Job</strong></span> <span class='ocrx_word' id='word_1_742' title='bbox 2480 5187 2671 5240; x_wconf 88' lang='lat' dir='ltr'><strong>Daniel</strong></span> <span class='ocrx_word' id='word_1_743' title='bbox 2698 5185 2992 5242; x_wconf 86' lang='lat' dir='ltr'><strong>virtutibus</strong></span> <span class='ocrx_word' id='word_1_744' title='bbox 3025 5184 3406 5250; x_wconf 88' lang='lat' dir='ltr'><strong>excoluerunt,</strong></span> 
     </span>
    </p>
   </div>
   <div class='ocr_carea' id='block_1_108' title="bbox 1705 5314 2335 5372">
    <p class='ocr_par' dir='ltr' id='par_1_108' title="bbox 1705 5314 2335 5372">
     <span class='ocr_line' id='line_1_108' title="bbox 1705 5314 2335 5372; baseline 0.006 -4"><span class='ocrx_word' id='word_1_745' title='bbox 1705 5315 1924 5371; x_wconf 73' lang='lat' dir='ltr'><strong>VARUE</strong></span> <span class='ocrx_word' id='word_1_746' title='bbox 1958 5314 2335 5372; x_wconf 85' lang='lat' dir='ltr'><strong>LECTIONES.</strong></span> 
     </span>
    </p>
   </div>
   <div class='ocr_carea' id='block_1_109' title="bbox 418 5410 2613 5486">
    <p class='ocr_par' dir='ltr' id='par_1_109' title="bbox 418 5410 2613 5486">
     <span class='ocr_line' id='line_1_109' title="bbox 418 5410 2613 5486; baseline 0.001 -18"><span class='ocrx_word' id='word_1_747' title='bbox 418 5410 488 5446; x_wconf 80' lang='grc'>⁷⁷³</span> <span class='ocrx_word' id='word_1_748' title='bbox 513 5414 808 5472; x_wconf 87' lang='lat' dir='ltr'><strong>millesimo</strong></span> <span class='ocrx_word' id='word_1_749' title='bbox 841 5415 1146 5472; x_wconf 91' lang='lat' dir='ltr'><strong>centesimo</strong></span> <span class='ocrx_word' id='word_1_750' title='bbox 1169 5415 1358 5472; x_wconf 80' lang='lat' dir='ltr'><strong>addito</strong></span> <span class='ocrx_word' id='word_1_751' title='bbox 1384 5416 1492 5471; x_wconf 72' lang='lat' dir='ltr'><strong>alio</strong></span> <span class='ocrx_word' id='word_1_752' title='bbox 1523 5421 1753 5486; x_wconf 80' lang='lat' dir='ltr'><strong>tempore</strong></span> <span class='ocrx_word' id='word_1_753' title='bbox 1781 5418 1843 5472; x_wconf 69' lang='lat' dir='ltr'><strong>in</strong></span> <span class='ocrx_word' id='word_1_754' title='bbox 1869 5417 1978 5472; x_wconf 85' lang='lat' dir='ltr'><strong>loco</strong></span> <span class='ocrx_word' id='word_1_755' title='bbox 2016 5431 2181 5472; x_wconf 82' lang='lat' dir='ltr'><strong>vacuo</strong></span> <span class='ocrx_word' id='word_1_756' title='bbox 2203 5419 2387 5474; x_wconf 79' lang='lat' dir='ltr'><strong>relicto</strong></span> <span class='ocrx_word' id='word_1_757' title='bbox 2420 5432 2613 5480; x_wconf 62' lang='grc' dir='ltr'>χχχιιι,</span> 
     </span>
    </p>
   </div>
   <div class='ocr_carea' id='block_1_110' title="bbox 1922 5541 2133 5600">
    <p class='ocr_par' dir='ltr' id='par_1_110' title="bbox 1922 5541 2133 5600">
     <span class='ocr_line' id='line_1_110' title="bbox 1922 5541 2133 5600; baseline 0.014 -3"><span class='ocrx_word' id='word_1_758' title='bbox 1922 5541 2133 5600; x_wconf 60' lang='lat' dir='ltr'><strong>NOTAE.</strong></span> 
     </span>
    </p>
   </div>
   <div class='ocr_carea' id='block_1_111' title="bbox 425 5605 1052 5682">
    <p class='ocr_par' dir='ltr' id='par_1_111' title="bbox 425 5605 1052 5682">
     <span class='ocr_line' id='line_1_111' title="bbox 425 5605 1052 5682; baseline 0.011 -21"><span class='ocrx_word' id='word_1_759' title='bbox 425 5605 573 5678; x_wconf 85' lang='lat'><strong>(899)</strong></span> <span class='ocrx_word' id='word_1_760' title='bbox 606 5611 644 5665; x_wconf 84' lang='grc' dir='ltr'><strong>Ι.</strong></span> <span class='ocrx_word' id='word_1_761' title='bbox 679 5628 728 5674; x_wconf 79' lang='lat' dir='ltr'><strong>e,</strong></span> <span class='ocrx_word' id='word_1_762' title='bbox 754 5613 1052 5682; x_wconf 67' lang='lat' dir='ltr'><strong>phmnicis.</strong></span> 
     </span>
    </p>
   </div>
  </div>
