3938 6050
244 231 359 285 649
1213 225 1394 281 GEST.
1444 223 1592 280 ABB.
1634 220 1850 280 GEMBL
1920 252 1984 261 -—
2027 218 2286 277 CONTlN.
2331 217 2648 277 GODESCll.
3492 224 3600 282 650

318 352 560 418 Iustitia,
603 351 764 426 plaga
795 351 962 423 (900),
995 351 1357 426 virgineaque
1379 360 1526 407 nota.
1897 353 1942 420 Α
2042 347 2350 402 Psalmum:
2388 361 2513 400 nam
2544 345 2724 418 pietas
2750 354 2912 402 zonat
2948 351 3244 420 utrumque
3275 347 3455 417 latus;

241 447 360 501 Jam
404 444 534 517 quia
574 451 824 500 mortuus
879 459 956 506 es,
1011 443 1294 498 lacrimam
1354 443 1579 509 damus;
1641 450 1695 496 at
1741 441 1869 512 quia
1971 439 2079 494 Sed
2097 438 2376 511 aquilonis
2405 453 2580 509 equos
2607 452 2777 494 verno
2801 439 2913 508 jam
2943 445 3210 495 straverat
3241 447 3454 510 austro,

1689 532 1868 602 [vivis,
2049 529 2182 585 Cum
2212 530 2392 585 natale
2434 538 2583 584 tuum
2618 545 2766 585 mors
2805 529 3056 601 preciosa
3082 529 3204 587 fuit.

971 630 1058 686 85.
1104 630 1449 696 EPILOGUS,
1494 631 1623 687 PER
1665 626 2026 684 DYALOGUM
2067 627 2152 680 AD
2195 625 2556 681 ECCLESIAM
2601 625 2868 682 FACTUS.

674 753 1042 794 GODESCALCUS
1062 739 1152 793 ⁷⁷⁸.
1970 716 2067 781 Ωιιί
2102 715 2310 774 οοηεοῐε

1970 716 2067 781 Qui
2102 715 2376 774 consolari
2397 729 2507 769 non
2539 715 2670 777 vult,
2707 714 2841 786 quid
2873 715 2925 770 ei
2967 715 3296 771 lacrimari?

1970 805 2074 859 Cur
2104 805 2357 860 lacrimas
2398 804 2597 870 fundit,
2637 805 2730 875 qui
2761 805 3103 860 consolantia
3131 804 3350 877 Spernit

1969 892 2163 957 Verba,
2198 909 2301 948 nec
2338 891 2592 948 affectum
2625 893 2966 948 consolantis
2993 898 3147 964 putat
3185 892 3422 964 aptum?

2646 1000 2889 1040 ECCLESIA
2901 1027 2912 1038 .

1971 1073 2089 1140 Fili,
2120 1075 2270 1129 nulla
2299 1075 2606 1151 tibilugens
2645 1091 2750 1150 ego
2781 1075 3008 1132 dissona
3031 1076 3176 1143 dixi;

1975 1162 2172 1218 Luctus
2196 1163 2468 1231 justorum
2496 1162 2579 1219 sic
2610 1179 2756 1218 nunc
2783 1170 2866 1219 est
2894 1163 3102 1236 quippe
3132 1162 3393 1219 virorum.
3489 1152 3507 1164 ’

243 852 484 908 Alternis
513 851 698 908 verbis
730 850 790 906 fit
817 851 1126 908 consolatio
1160 853 1349 908 mestis

245 946 512 1000 Omnibus
543 946 596 999 in
639 945 837 1010 rebus;
873 945 1070 1000 modus
1096 953 1178 1000 cst
1211 946 1309 1000 tibi
1350 955 1527 1001 mater
1553 945 1862 1000 habendus.

243 1037 450 1093 Aﬂ'ectu
479 1039 666 1094 matris
695 1055 792 1093 cur
814 1039 926 1107 jam
962 1038 1167 1094 dudum
1199 1038 1548 1094 lacrimaris?

244 1126 423 1184 Meror
449 1144 558 1183 non
581 1127 759 1184 aufert
785 1135 1042 1195 mortem,
1068 1129 1164 1184 sed
1198 1145 1317 1183 eam
1345 1130 1520 1204 magis
1546 1129 1725 1195 affert,

244 1220 305 1276 Et
331 1226 456 1276 tuus
487 1220 589 1276 iste
621 1221 779 1276 dolor
811 1220 979 1276 michi
1010 1220 1237 1276 vulnera
1264 1221 1456 1295 dirigit
1487 1223 1554 1277 ad
1585 1237 1696 1277 cor.
1973 1255 2051 1308 Ad
2083 1220 2302 1325 temims
2343 1261 2576 1320 merent,
2610 1271 2710 1309 sua
2740 1255 2870 1310 dum
2903 1220 3098 1310 s'olét‘ia
3125 1254 3334 1310 deﬂent

932 1344 1202 1384 ECCLESIA-
1979 1348 2018 1400 A
2049 1361 2110 1402 se
2142 1345 2449 1416 transferri,
2494 1347 2694 1403 nolunt
2731 1355 2786 1402 et
2816 1347 2884 1402 ad
2918 1347 3018 1403 ista
3040 1347 3235 1404 referri

245 1416 480 1474 Affectus
509 1417 692 1472 flentis
723 1416 818 1471 dat
849 1417 1039 1472 cordis
1067 1417 1226 1490 signa
1265 1417 1526 1472 dolentis.
1979 1437 2126 1502 Quos
2160 1438 2288 1493 hinc

1979 1437 2126 1502 Quos
2160 1438 2288 1493 hinc
2332 1439 2624 1494 translatos
2653 1439 2901 1512 gaudent
2928 1439 3142 1496 Christo
3168 1440 3425 1497 sociatos.

243 1506 426 1562 Dicam
457 1506 736 1578 querenti,
768 1521 890 1576 quae
914 1506 984 1560 sit
1027 1506 1192 1562 michi
1234 1522 1404 1562 causa
1439 1507 1692 1564 dolendi.
1981 1528 2471 1586 Etmundanomm
2503 1506 2731 1586 seem—os
2761 1546 2885 1586 esse
2915 1529 3186 1586 laborum.

244 1598 729 1696 ᾼΡειυξξιδωξδίέε
749 1599 855 1653 he“
888 1613 1039 1696 "lo"?
1064 1599 1420 1696 V9f05_"}10h_l
1453 1608 1658 1670 Palles:
1976 1619 2094 1676 Uno
2124 1622 2204 1676 sic
2233 1629 2468 1689 merent,
2503 1630 2556 1677 et
2590 1622 2785 1678 eodem
2824 1628 3072 1692 tempore
3103 1621 3380 1696 gaudent;

243 1687 479 1743 Abstulit
503 1695 558 1742 et
587 1686 782 1742 fratres
810 1686 1129 1757 prudentes,
1163 1688 1478 1758 spirituales
1503 1705 1516 1752 ;
1978 1711 2091 1766 una
2119 1712 2202 1766 sic
2230 1728 2310 1767 me

1978 1711 2091 1766 Una
2119 1712 2202 1766 sic
2230 1720 2468 1782 merent,
2500 1722 2554 1769 et
2594 1713 2786 1768 eadem
2808 1729 2866 1768 re
2898 1713 3043 1768 bene
3065 1713 3331 1786 gaudent.

245 1780 348 1836 Per
377 1787 559 1835 tantos
582 1779 730 1834 cives
762 1778 972 1833 fueram
1017 1780 1357 1848 paupercula
1388 1780 1566 1847 dives,
2454 1778 2463 1782 ⁷
2583 1823 2975 1866 conﬁsum“;

246 1871 310 1926 Et
334 1871 380 1925 si
419 1887 529 1926 non
560 1887 763 1937 rerum,
797 1871 945 1941 quod
978 1878 1093 1926 erat
1116 1871 1314 1926 melius
1344 1873 1681 1942 sapientum.
1889 1911 1937 1977 Β
1970 1896 2272 1952 Consolans
2303 1915 2310 1952 ι

1889 1911 1937 1977 Β
1970 1896 2272 1952 Consolans
2303 1899 2508 1954 nodum
2541 1900 2670 1955 dum
2702 1901 2783 1955 sic
2811 1901 2964 1957 videt
2993 1916 3115 1956 esse
3145 1901 3383 1957 solutum

243 1960 321 2061 :l'u
353 1960 522 2015 tristis
547 1960 687 2061 tristi
717 1960 976 2060 quoniam
1005 1960 1171 2014 michi
1199 1961 1554 2025 condoluisti,
1889 1960 1937 1977 ”
1972 1986 2187 2059 lnquit:
2219 1987 2310 2042 pm

1889 1960 1937 1977 υ
1972 1986 2187 2059 lnquit:
2219 1987 2384 2044 Parce
2419 2005 2644 2059 precor;
2670 1997 2796 2044 tuus
2831 1990 2925 2044 hic
2958 1996 3134 2045 cesset
3157 1989 3255 2045 tibi
3289 2006 3490 2047 meror.

240 2050 396 2156 Enim
432 2051 584 2156 veni}
613 2049 766 2150 ίῖθηίί
799 2051 1229 2156 ωδξθηδοιδιίῗ)
1261 2052 1472 2156 Tum;
1539 2139 1550 2150 ,
1969 2049 2116 2146 Quos
2147 2049 2486 2153 praemisisti,
2533 2049 2765 2139 dederat
2803 2083 2901 2138 tibi
2933 2084 3106 2156 gratia
3132 2084 3348 2140 Christi.

246 2142 353 2245 ﬁcii
379 2141 652 2245 0095013“
685 2156 796 2245 n9"
827 2140 962 2204 vun’
996 2141 1552 2245 ίῖυίίΨἫέῙῨξπηηδη
1970 2172 2117 2236 Quos
2149 2173 2300 2227 dedil
2322 2174 2568 2245 accepit;
2602 2190 2719 2240 sua,
2755 2189 2864 2228 non
2896 2189 3014 2241 sua,
3051 2173 3198 2228 dona
3223 2175 3450 2245 recepit.

249 2233 340 2289 vel
375 2232 634 2288 naturalis
673 2232 758 2287 vel
788 2247 940 2286 amor
967 2239 1126 2305 cogat
1153 2232 1398 2287 πάθηθ’
1975 2232 2111 2335 Erga
2135 2261 2315 2316 libens
2354 2232 2471 2328 ora,
2505 2232 3012 2333 tibidefunctisque
3049 2260 3260 2330 labora,

857 2358 1237 2399 GODESCALCUS
1977 2353 2040 2408 Ut
2069 2353 2237 2408 siteis
2277 2355 2518 2426 requies,
2544 2354 2644 2409 tibi
2677 2362 2990 2410 succrescat
3011 2353 3102 2424 pia
3133 2369 3364 2433 merces.

246 2438 543 2496 Consolans
571 2437 733 2494 dicit:
762 2437 930 2492 Mater
955 2437 1024 2472 ⁷⁷⁵
1053 2454 1150 2493 cur
1174 2437 1399 2493 dissona
1431 2438 1571 2494 dicis
1611 2438 1638 2491 ?
2121 2442 2311 2496 Amen.

1314 2530 1401 2583 86.
1449 2530 1849 2586 EPITAPHIUM
1896 2532 2105 2590 DOMNI
2149 2532 2536 2589 SYGEBERTI.

789 2623 925 2688 Heu,
966 2637 1116 2676 mors
1144 2621 1377 2677 meroris
1561 2621 1926 2692 Crementum,
1947 2642 2110 2681 causa
2146 2627 2352 2681 doloris

789 2693 827 2768 ς)
858 2709 969 2768 per
989 2701 1041 2747 te
1061 2699 1319 2768 quantos
1343 2693 1412 2725 ⁷⁷⁵
1561 2694 1729 2768 Luget
1758 2698 1999 2752 mundus
2038 2696 2142 2752 sibi
2176 2705 2360 2768 raptos
2391 2699 2402 2752 l

787 2765 1126 2850 Spicula‘nos
1144 2764 1368 2850 feriunt,
1553 2767 1629 2850 αα
1643 2764 1756 2850 :cor
1787 2784 2011 2842 quoque
2030 2764 2270 2850 vulnera
2297 2769 2474 2850 figunt

786 2836 993 2960 Fitgitur
1016 2836 1119 2890 hoc
1143 2836 1311 2890 menti
1561 2836 1784 2902 Vulnus,
1806 2836 1937 2895 non
1961 2846 2158 2911 estque
2192 2836 2377 2897 reniti.

791 2907 826 2960 E
873 2907 1097 2960 rinaens
1125 2906 1215 2960 hic
1244 2923 1338 2960 cor
1559 2907 1874 2960 lnduratum
1917 2909 2042 2960 ferit
2080 2929 2278 2960 angor-

791 2906 1097 2985 Uﬂringens
1125 2906 1215 2985 hic
1244 2923 1338 2985 co_r
1559 2907 1874 2985 induratum
1917 2909 2043 2985 ferit
2067 2906 2278 2985 angor,

796 2979 928 3033 Cum
953 2993 1100 3050 mors
1121 2977 1428 3050 dissocians
1557 2977 1855 3050 Germanos
1895 2983 2081 3037 omnia
2111 2977 2352 3050 mvutans,

796 3051 856 3104 ln
877 3049 1082 3109 quibus
1102 3057 1186 3102 est
1205 3049 1272 3081 ⁷⁷⁷
1297 3051 1439 3104 caris
1563 3049 1623 3104 Et
1651 3049 1824 3107 fervet
1853 3068 2008 3109 amor
2037 3054 2258 3109 socialis

792 3120 996 3196 ’[urbat
1025 3120 1310 3196 mutando,
1557 3120 1781 3196 Rumpit
1811 3140 2034 3196 quoque
2068 3125 2267 3196 pollice
2303 3125 2440 3179 duro

799 3193 865 3247 Ut
892 3191 1170 3245 naturales
1552 3190 1788 3248 Affectus
1813 3190 1894 3250 sic
1924 3190 2160 3250 sociales
2186 3213 2200 3262 ;

800 3263 1116 3337 Efﬂorescat
1146 3263 1315 3337 homo
1557 3263 1705 3337 μοοῐ
1737 3273 1796 3318 ιιι
1827 3264 1930 3322 flos
1959 3274 2208 3337 tempore
2239 3281 2445 3332 verno,

802 3333 1107 3409 [legrebus
1136 3333 1398 3399 cumulet,
1556 3333 1795 3409 {lentem
1820 3353 2022 3406 corpus
2053 3333 2273 3409 quoque
2304 3343 2464 3391 vexet

801 3405 1082 3476 Sollicitus
1111 3421 1270 3458 curas
1560 3405 1796 3476 Explens
1825 3405 2010 3462 secum
2037 3405 2274 3464 ruituras
2307 3427 2319 3462 :

803 3475 920 3550 Una
951 3476 1072 3531 dies
1097 3477 1373 3550 miserum
1557 3475 1888 3550 Ponitusque
1921 3479 2048 3533 facit
2074 3479 2468 3550 miserandum,

807 3548 885 3620 Sit
917 3564 1031 3611 rex,
1064 3547 1134 3602 sit
1174 3547 1449 3620 princeps,
1565 3547 1770 3620 Opibus
1795 3547 2128 3620 paupercula
2159 3551 2227 3604 sit
2255 3549 2446 3620 plebs;

806 3618 907 3692 [jar
932 3620 1098 3692 trahit
1127 3620 1228 3692 hos
1255 3619 1443 3692 mortis
1563 3619 1689 3692 Lex,
1723 3618 2116 3692 discretissima
2143 3618 2412 3692 quamvis.

811 3691 902 3745 Est
931 3690 1136 3744 etenim
1165 3690 1329 3757 justis
1564 3689 1730 3746 Iusta:
1763 3691 2024 3747 discretio
2053 3689 2238 3747 sortis.

807 3761 1004 3836 'l‘errea
1028 3760 1261 3816 terrenis
1560 3761 1851 3836 Ierraeque
1890 3764 2113 3836 placent
2149 3763 2432 3830 studiosis,

811 3833 1008 3906 [terum
1037 3839 1390 3906 contemptus
1560 3833 1828 3906 Yanarum
1873 3833 2080 3906 partior
2110 3850 2244 3906 usus

816 3904 1128 3980 Eatenuans
1143 3903 1322 3972 justos
1561 3904 1846 3980 Promptos
1873 3903 2052 3980 magis
2077 3904 2248 3980 efficit
2280 3905 2422 3968 illos,

814 3975 933 4030 Sint
972 3983 1030 4030 ut
1051 3977 1107 4029 in
1130 3989 1365 4029 ascensu
1561 3974 1865 4031 Recti'sint
1891 3974 2055 4032 corde
2084 3977 2170 4032 vel
2203 3985 2348 4044 actu,

813 4047 1037 4101 Admitti
1068 4045 1284 4116 superis
1325 4050 1338 4062 ‘
1551 4045 1733 4102 Emitti
1766 4048 2028 4102 fundibus
2055 4048 2200 4113 imis,

815 4118 1067 4172 Nancisci
1092 4131 1319 4189 summa:
1551 4117 1768 4189 Certent
1800 4119 1888 4189 pia
1929 4119 2130 4189 gaudia
2163 4121 2312 4174 vitm.

823 4190 1106 4244 Certamen
1147 4189 1219 4242 sit
1247 4188 1330 4242 eis
1555 4187 1746 4243 Omnis
1772 4187 2022 4245 custodia
2052 4190 2272 4257 cordis;

817 4259 1434 4340 Tenditenimlaqueos
1555 4258 1759 4384 Raptor
1787 4262 2116 4332 cuicumque
2153 4268 2372 4332 paratos

819 4331 882 4384 Et
901 4338 1010 4384 tam
1044 4330 1382 4384 multiplices
1562 4329 1635 4384 lla
1681 4339 1731 4384 et
1762 4332 1882 4384 eius
1914 4347 2072 4384 mens
2098 4333 2242 4384 mala
2272 4333 2372 4384 frm

819 4331 882 4388 Et
901 4338 1010 4386 tam
1044 4329 1382 4402 multiplices
1562 4329 1731 4402 [labet
1762 4332 1882 4400 ejus
1914 4329 2072 4386 mens
2098 4329 2242 4386 mala
2272 4333 2510 4400 fraudes,

825 4403 998 4473 Tutus
1019 4399 1087 4456 ab
1117 4399 1418 4473 his'sensus
1563 4399 1628 4473 Ut
1659 4417 1767 4458 non
1797 4399 1870 4473 Sit
1894 4402 2143 4473 corporis
2168 4402 2331 4458 ullus.

829 4472 890 4529 Ut
919 4473 1177 4528 meritum
1199 4472 1410 4527 minuat
1560 4471 1594 4525 J
1601 4474 1757 4540 ustis,
1790 4472 1874 4528 vel
1905 4471 2007 4530 eos
2029 4473 2134 4528 sibi
2156 4473 2374 4540 subdat,

827 4545 1046 4600 Viribus
1057 4552 1221 4614 atque
1238 4543 1461 4598 mdolis
1559 4542 1850 4614 Cpncertat
1874 4545 2142 4600 subdolus
2163 4545 2356 4599 hostis.

828 4614 884 4670 Si
916 4613 1147 4671 mentes
1171 4615 1348 4686 ﬂuxas
1372 4685 1376 4686 ί
1561 4613 1856 4686 Absorhet,
1880 4615 1954 4669 nil
1986 4623 2142 4686 putat
2163 4615 2306 4670 illas.

829 4687 1010 4743 Gratia
1048 4687 1256 4741 Christe
1285 4685 1405 4754 tibi,
1555 4685 1660 4741 Per
1690 4692 1740 4740 te
1768 4685 2036 4758 superant
2056 4687 2346 4758 quia‘justi

832 4758 1032 4814 Omnes
1062 4758 1368 4828 decipulas,
1564 4758 1626 4812 Et
1665 4774 1800 4829 quas
1832 4763 1984 4827 parat
2005 4756 2097 4829 ille
2127 4756 2316 4829 ruinas

831 4829 995 4886 Devia
1016 4827 1290 4885 sectantes
1565 4827 1870 4901 llevocans,
1898 4828 2088 4901 jungis
2114 4827 2212 4881 tibi
2241 4834 2469 4894 stantes,

834 4902 893 4956 Et
923 4908 1013 4956 tua
1041 4904 1417 4972 spes_nostras
1552 4899 1710 4972 Juvat
1740 4903 1969 4970 explens
2001 4899 2149 4972 larga
2175 4906 2444 4972 potestas,

829 4973 934 5043 Spe
965 4969 1148 5043 salvos
1173 4970 1402 5043 faciens,
1543 4970 1645 5043 _A_d
1659 4986 1772 5023 rem
1812 4969 1996 5043 gratos
2028 4969 2126 5043 tibi
2155 4969 2384 5025 ducens.

832 5039 1145 5099 consimilis
1170 5041 1335 5112 justis
1543 5039 1710 5096 Multo
1743 5039 1922 5112 stu'dio
1957 5039 2269 5112 probitatis,

833 5111 1227 5188 Aptusdivinis
1318 5181 1332 5188 -
1541 5112 1605 5188 Et
1642 5111 1834 5188 mundi
1868 5111 2310 5188 reb’usagendis,

830 5181 941 5241 Lex
970 5186 1101 5252 vite,
1142 5181 1431 5255 speculum
1547 5183 1770 5249 Norme,
1804 5181 1988 5238 fueras
2019 5181 2324 5258 Sigeberte,

1641 5281 1864 5338 VARl/E
1914 5280 2290 5337 LECTIONES.

371 5379 440 5413 ⁷⁷⁴
493 5378 552 5433 G.
610 5380 791 5446 codex,
847 5381 985 5450 quod
1046 5383 1123 5435 ita
1176 5376 1457 5450 legendum
1509 5391 1618 5431 esse
1657 5379 1807 5444 infra
1857 5378 2174 5434 videbimus.
2293 5378 2362 5412 ⁷⁷⁸
2405 5379 2596 5434 littera:
2642 5377 2688 5431 M
2715 5377 3094 5450 subscriptum
3121 5379 3198 5430 est
3226 5375 3278 5430 ὸ.
3333 5374 3416 5450 ⁷⁷⁸
3455 5391 3552 5446 per
3580 5381 3632 5430 te

343 5457 542 5505 uantos
567 5457 618 5506 et
638 5445 879 5506 mundus
920 5451 1028 5506 sibi
1059 5445 1243 5522 raptos
1282 5451 1342 5503 in
1370 5449 1480 5503 loco
1509 5463 1652 5514 raso,
1685 5451 1792 5503 alio
1819 5454 2125 5505 atra-mento
2177 5452 2394 5520 aliaque
2420 5467 2594 5504 manu
2633 5450 2703 5504 55
2732 5445 2936 5504 inser-td
3028 5446 3094 5480 ⁷⁷⁷
3129 5454 3214 5500 est
3241 5445 3380 5500 caris
3409 5445 3569 5518 alque
3589 5455 3630 5501 t.

301 5467 480 5575 fleruet
527 5538 680 5575 amor
709 5521 929 5575 socialis
972 5526 1030 5575 in
1061 5522 1168 5575 loco
1191 5535 1332 5575 raso.
1376 5520 1557 5575 eodem
1583 5533 1686 5575 auo
1735 5535 1786 5573 υ.
1841 5519 1876 5572 2
1906 5527 2145 5575 correcta
2182 5529 2487 5575 atramento
2525 5536 2818 5575 manuaue.
2926 5518 2994 5553 ⁷⁷⁸
3015 5517 3195 5575 adque
3225 5533 3363 5575 corr.
3395 5527 3559 5575 atoue
3586 5534 3630 5574 c.

323 5517 480 5576 Eruet
527 5538 680 5578 amor
709 5521 929 5577 socialis
972 5526 1030 5576 in
1061 5517 1168 5578 loco
1191 5535 1332 5586 raso,
1376 5520 1557 5575 eodem
1583 5533 1686 5589 quo
1735 5535 1786 5573 υ.
1841 5519 1876 5572 2
1906 5527 2145 5576 correcta
2182 5517 2487 5577 atra'mento
2525 5536 2818 5590 manuque.
2926 5518 2994 5553 ⁷⁷⁸
3015 5517 3195 5588 adque
3225 5533 3363 5575 corr.
3395 5517 3559 5592 atque
3586 5534 3642 5574 c.

374 5689 522 5760 (900)
554 5691 571 5742 Ι
625 5705 672 5744 e.
711 5689 1043 5747 calamitate.
1871 5617 2058 5672 ΝΟΤᾹΞ

709 5790 1011 5855 Panum.
1061 5787 1258 5856 CLX.
3250 5788 3328 5851 21
