3938 6050
316 267 414 323 osi
431 283 449 291 «ι

1523 240 1869 304 θιϐΕΒΕΒΤΙ
1907 232 2413 295 GEMBLACENSIS.
2494 284 2499 289 .

3541 235 3650 291 652

850 381 944 437 Cui
974 382 1161 435 uoster
1182 389 1362 433 sermo
1386 370 1651 447 persolvit
1678 370 1864 427 debita
1890 367 2117 438 scripto.

844 470 1034 528 Vixisti
1073 482 1334 536 concors;
1362 466 1516 525 vivas
1545 479 1648 536 per
1674 463 1864 519 secula
1892 472 2162 519 consors;

744 587 750 593 -
846 562 967 618 Sint
994 566 1050 616 et
1074 556 1351 615 defunctis
1388 554 1583 613 eadem
1610 551 1890 610 consortia
1921 545 2145 604 nostris.

850 652 990 706 Dant
1013 648 1178 704 binos
1201 660 1411 713 versus,
1441 641 1613 700 nostri
1644 641 1716 698 de
1754 654 1837 705 se,
1870 637 1977 693 sibi
2000 649 2195 691 versus

445 790 535 846 87.
578 785 733 843 ITEM
771 782 987 840 PAUCA
1024 782 1109 837 DE
1148 779 1252 835 HIS
1294 776 1445 845 QUAS
1483 776 1525 832 Α
1564 771 1789 831 DOMNO
1829 767 2082 825 ABBATE
2121 763 2433 821 ANSELMO
2472 762 2599 818 VEL
2636 762 2760 819 SUB
2799 760 2882 817 ΕΟ
2922 760 3091 817 SUNT
3130 761 3510 826 ADQUISITA.

386 915 630 970 Domnus
665 907 840 964 abbas
883 905 1172 963 Anselmus
1208 902 1343 959 emit
1381 915 1414 957 a
1451 896 1717 956 Richelde
1746 894 1935 951 relicta
1960 896 2012 964 Α
2037 890 2287 945 Anselmo
2323 887 2515 943 abbate
2571 867 3051 953 Gemblacensium,
3090 885 3200 940 Oda
3252 885 3527 941 abbatissa
3569 888 3667 941 Ni-

318 1000 649 1060 lierethonis
679 1000 750 1056 de
778 995 1020 1055 Lovanio
1060 1000 1119 1050 et
1146 990 1259 1048 filia
1303 991 1423 1063 ejus
1462 986 1696 1044 Amabili
1735 991 1790 1040 et
1815 997 1935 1038 ma-

319 1096 426 1152 rito
464 1094 640 1167 ipsius
691 1089 915 1148 .trnulfo
970 1088 1042 1143 de
1071 1084 1298 1142 Filforth
1338 1082 1407 1139 16
1450 1079 1648 1136 marcis
1693 1075 1933 1167 argenti,

319 1186 585 1263 quicquid
614 1183 804 1242 allodii
831 1180 1075 1239 habebat
1100 1179 1159 1234 in
1206 1174 1474 1232 Meleuriv
1497 1173 1623 1242 jure
1660 1167 1936 1263 heredita-

320 1260 424 1349 rio,
443 1278 778 1352 astipulante
807 1273 1106 1333 Godefrido
1120 1271 1284 1328 duce.
1307 1267 1480 1339 Hujus
1500 1263 1691 1321 allodii
1720 1260 1935 1352 reditus

318 1376 375 1430 in
406 1374 499 1431 die
523 1350 895 1429 anniversaria
933 1366 1020 1423 sui
1050 1364 1236 1422 obitus
1266 1361 1334 1417 ad
1372 1357 1826 1432 supplementum
1854 1350 1936 1408 vi-

318 1473 439 1523 ctus
473 1463 761 1523 constituit
788 1459 908 1516 dari
946 1456 1225 1514 fratribus.

388 1557 478 1613 88.
508 1551 897 1611 Vadimonium
930 1546 1080 1621 quod
1126 1540 1506 1608 Malchelmus,
1550 1536 1725 1611 Engo,
1758 1532 1937 1591 Gode-

318 1641 534 1703 scalcus
582 1641 855 1699 dederunt
908 1641 1101 1694 sancto
1131 1633 1292 1689 Petro
1340 1644 1441 1703 pro
1478 1627 1512 1684 8
1560 1624 1781 1691 marcis,
1833 1623 1941 1677 hoc

320 1737 501 1808 ipsum
531 1730 753 1788 vadium
803 1726 1109 1784 Guilelmus
1151 1722 1222 1778 de
1250 1715 1521 1776 Marebais
1553 1718 1611 1808 et
1644 1727 1785 1769 uxor
1821 1709 1942 1780 ejus

318 1804 582 1885 ilelvidis,
642 1818 833 1875 relicta
876 1813 1126 1889 praedicti
1165 1808 1429 1886 Engonis,
1470 1804 1941 1862 conﬁrmaverunt

317 1922 508 1972 sancto
547 1913 708 1969 Petro
756 1916 814 1968 et
845 1908 1052 1966 domno
1079 1903 1335 1961 Anselmo
1363 1898 1549 1957 abbati
1586 1911 1689 1968 per
1712 1908 1937 1951 manum

319 2003 547 2080 Seyheri
585 1999 835 2059 advocati
865 2013 965 2070 pro
1017 1995 1091 2054 20
1118 1991 1322 2049 mercis
1362 1986 1597 2064 argenti,
1646 1984 1801 2057 prius
1824 1982 1859 2040 8
1886 1986 1941 2037 et

321 2101 447 2168 post
473 2094 543 2150 12
572 2089 874 2149 concessis.

2034 982 2427 1052 vigellcnsium.

2105 1071 2195 1129 90.
2234 1070 2442 1126 Gratias
2470 1069 2604 1136 Deo,
2653 1068 2786 1141 quia
2838 1067 2930 1124 ubi
2964 1066 3307 1124 habundavit
3345 1074 3662 1139 peccatum,

2035 1160 2545 1235 superhabundavit
2600 1159 2803 1236 gratia,
2861 1157 3150 1216 Hvilardus
3190 1158 3327 1214 civis
3379 1166 3572 1215 noster
3626 1175 3661 1214 a

2036 1259 2242 1315 domno
2270 1256 2473 1312 abbate
2524 1254 2785 1311 Anselmo
2824 1259 2879 1309 et
2909 1253 2978 1308 ab
3018 1253 3171 1309 omni
3223 1259 3500 1310 conventu
3534 1251 3657 1309 fra-

2034 1356 2179 1405 trum
2234 1346 2407 1418 petita
2458 1350 2513 1400 et
2551 1350 2776 1416 accepta
2814 1349 3002 1400 nostra
3048 1342 3337 1410 societate,
3377 1342 3565 1400 socius
3604 1351 3664 1399 et

2035 1438 2314 1510 particeps
2354 1435 2604 1492 omnium
2631 1431 3037 1490 beneﬁciorum
3067 1430 3214 1487 efﬁci
3243 1431 3465 1487 meruit.
3496 1430 3653 1488 Unde

2037 1533 2241 1608 gratias
2265 1545 2457 1607 agens,
2492 1544 2731 1586 marcam
2762 1527 2977 1603 argenti
3017 1526 3280 1583 fratribus
3309 1541 3410 1598 pro
3441 1525 3667 1583 caritate

2040 1623 2258 1689 obtulit,
2286 1628 2343 1677 et
2380 1619 2647 1694 quamdiu
2678 1619 2837 1687 vixit,
2869 1617 3034 1675 nobis
3070 1628 3125 1673 et
3150 1619 3271 1674 loco
3304 1626 3489 1673 nostro
3512 1616 3668 1673 utilis

2041 1726 2264 1782 semper
2282 1708 2406 1766 fuit.
2434 1708 2646 1765 Partem
2674 1708 2822 1764 enim
2847 1706 3039 1763 allodii
3066 1706 3364 1762 Franconis
3384 1706 3453 1760 de
3470 1705 3667 1774 Felliv,

2041 1813 2165 1870 quae
2192 1796 2247 1851 in
2277 1795 2405 1852 villa
2431 1795 2638 1850 Mazniz
2666 1794 2794 1865 jure
2823 1794 3142 1866 patrimonii
3169 1794 3357 1849 uxoris
3380 1810 3494 1849 suae
3538 1793 3665 1849 Hel-

2040 1886 2184 1943 vidis
2213 1886 2265 1940 ei
2294 1885 2666 1958 competebat,
2702 1899 2799 1939 sex
2825 1882 3027 1940 marcis
3074 1882 3239 1950 emit;
3294 1883 3468 1955 ipsius
3496 1891 3660 1939 terrae

2041 1977 2251 2033 reditus
2299 1974 2549 2049 quamvis
2606 1976 2661 2031 in
2689 1975 2801 2032 vita
2829 1991 2929 2031 sua
2972 1975 3086 2031 cibi
3124 1976 3362 2032 retinere
3410 1975 3665 2044 voluerit,

2040 2077 2227 2127 tamen
2278 2084 2346 2124 ex
2378 2069 2462 2126 eis
2490 2066 2643 2124 solus
2669 2083 2781 2124 non
2832 2067 3106 2135 comedit;
3159 2075 3245 2122 set
3296 2066 3536 2124 stabilito
3570 2067 3667 2123 die

392 2188 482 2244 89.
533 2184 686 2240 Carta
715 2182 787 2237 de
835 2193 1112 2237 consensu
1154 2175 1387 2231 duarum
1425 2167 1819 2231 (ecclesiarum,
1852 2162 1939 2218 Ni-
1967 2210 2017 2279 Β
2040 2162 2329 2219 annuatim
2357 2160 2558 2217 exinde
2584 2160 2847 2216 fratribus
2888 2159 3000 2215 cibi
3028 2167 3088 2215 et
3115 2165 3279 2232 potus
3307 2159 3666 2232 praeparatio-

598 2276 606 2279 .
760 2274 784 2279 -
887 2273 899 2279 -
925 2273 938 2279 -
1118 2269 1129 2279 .
1238 2271 1265 2279 -
1383 2272 1394 2279 .
1573 2264 1708 2279 ιηρ-
1744 2259 1840 2279 41::
1878 2261 1938 2279 -.ι
2040 2272 2164 2279 ..-μ
2212 2255 2361 2279 .1..st
2425 2260 2810 2279 Δ..-ι.....υ....ι.......
2854 2252 3063 2279 ι’,υιζιιυυι
3128 2252 3257 2279 Aﬁnio
3301 2258 3361 2279 ..ι
3394 2251 3542 2279 εηΑΛΑ
3575 2267 3635 2279 ...ιι

321 2276 641 2355 vigellensis
669 2284 725 2331 et
751 2269 1182 2329 Gemblacensis.
1230 2271 1441 2324 Sancto;
1464 2264 1710 2320 (ecclesiis
1736 2259 1840 2325 ﬁlii
1875 2261 1938 2310 ut
1967 2251 2017 2279 υ
2040 2272 2168 2312 nem
2208 2255 2383 2321 dedit,
2425 2260 2813 2310 testamentum
2854 2252 3085 2321 faciens,
3125 2252 3262 2308 dixit
3301 2258 3363 2308 ut
3394 2251 3546 2323 ipsos
3575 2267 3673 2308 re-

327 2342 502 2429 anum
537 2373 598 2425 in
646 2371 851 2424 Christo
888 2367 1089 2436 possint
1135 2363 1256 2428 ﬁeri
1303 2360 1429 2430 paci
1469 2363 1521 2412 et
1561 2350 1941 2409 (ecclesiasticos
2040 2347 2209 2414 ditus,
2251 2345 2308 2401 id
2339 2353 2423 2402 est
2460 2346 2514 2401 it
2547 2346 2782 2413 solidos,
2810 2353 2935 2416 post
2983 2353 3216 2401 mortem
3263 2343 3439 2416 ipsius
3460 2342 3666 2399 fratres

324 2464 573 2517 inherent
601 2459 825 2523 unitati,
874 2435 1096 2510 scientes
1145 2454 1276 2520 quia
1301 2463 1412 2504 non
1444 2450 1520 2502 est
1566 2448 1700 2499 Deus
1728 2441 1938 2495 dissen-
2042 2439 2341 2510 accipiant,
2392 2444 2447 2494 et
2476 2444 2537 2494 ut
2587 2435 2851 2493 beneﬁcii
2893 2436 3055 2506 hujus
3096 2451 3393 2502 memores,
3453 2449 3668 2519 nomen

323 2553 511 2616 sionis,
539 2548 630 2603 sed
651 2548 802 2616 pacis
839 2549 892 2599 et
937 2542 1256 2597 dilectionis.
1313 2543 1408 2593 Nos
1454 2546 1659 2605 quoque
1699 2536 1942 2587 Gemme-
2042 2547 2206 2586 suum
2258 2544 2486 2604 suaeque
2528 2528 2784 2602 conjugis
2838 2527 3005 2585 Dodie
3071 2543 3295 2584 suorum
3343 2507 3668 2582 nominibus

326 2640 560 2694 lacenses
589 2638 788 2703 fratres
821 2646 920 2702 pro
950 2630 1162 2686 modulo
1201 2632 1381 2682 nostro
1422 2638 1607 2680 eorum
1644 2621 1945 2675 inunitato-
2045 2628 2173 2691 post
2195 2620 2407 2675 obitum
2439 2618 2642 2674 ascribi
2669 2617 2893 2674 faciant.

326 2743 410 2784 res
435 2741 542 2783 esse
567 2702 835 2796 cupimus,
880 2722 1211 2793 providentes
1246 2733 1363 2788 quos
1408 2718 1557 2787 pacis
1585 2719 1636 2769 et
1686 2710 1942 2766 utilitatis
2112 2708 2202 2764 9|.
2239 2708 2507 2779 Tempore
2528 2705 2718 2762 domni
2756 2703 2999 2760 Anselmi
3026 2703 3245 2759 abbatis
3275 2702 3543 2759 Henricus
3586 2702 3661 2760 dc

325 2827 458 2878 sunt
484 2795 646 2877 nobis,
685 2825 736 2874 et
789 2817 986 2873 nostris
1020 2811 1425 2870 successoribus.
1480 2810 1559 2863 Sit
1604 2820 1725 2874 ergo
1751 2808 1940 2858 notum
2045 2800 2249 2872 Lopum
2280 2816 2379 2872 pro
2418 2800 2592 2855 salute
2623 2798 2821 2854 animae
2873 2812 2986 2852 suae
3014 2795 3239 2851 tradidit
3276 2795 3389 2851 Deo
3448 2803 3504 2850 et
3529 2810 3665 2850 san-

328 2918 477 2973 bona
501 2917 794 2972 voluntatis
834 2910 1158 2974 hominibus,
1185 2908 1248 2962 de
1292 2920 1467 2975 parva
1492 2903 1583 2959 sed
1618 2916 1728 2956 non
1759 2898 1943 2968 parvi-
2045 2896 2136 2945 cto
2184 2889 2348 2945 Petro
2382 2890 2447 2944 15
2477 2888 2751 2943 bonuaria
2779 2885 3006 2942 arabilis
3035 2891 3198 2940 terrae
3226 2883 3417 2940 invilla
3447 2884 3668 2940 Sivirei.

324 3006 605 3078 pendenda
652 3018 714 3058 re
775 3002 903 3071 quid
937 3000 1241 3056 convenerit
1294 2974 1444 3051 nobis
1478 2998 1530 3049 et
1586 2990 1947 3058 Nivigellensis
2048 2982 2160 3038 Hoc
2185 2980 2458 3038 beneﬁcio
2485 2980 2756 3035 animatus
2785 2992 2963 3050 nepos
2999 2977 3122 3047 ejus
3146 2975 3420 3031 Gerardls
3450 2975 3522 3030 de
3552 2974 3672 3031 Ma—

328 3068 535 3156 cenobii
576 3068 1098 3154 sanctimonialibus.
1152 3097 1219 3146 In
1269 3091 1402 3145 villa
1456 3089 1716 3143 Anastica
1759 3089 1950 3140 manet
2052 3076 2254 3132 rebaco
2287 3074 2513 3131 tradidit
2541 3082 2598 3130 et
2652 3073 2774 3144 ipse
2828 3073 2886 3128 in
2924 3073 3116 3127 eadem
3158 3070 3286 3125 villa
3315 3068 3426 3125 alia
3474 3069 3543 3123 15
3574 3068 3674 3125 bo-

328 3190 578 3247 aecclesiae
657 3193 854 3245 nostra:
932 3186 1193 3253 fami’ia,
1261 3184 1353 3238 cui
1420 3196 1488 3236 ex
1570 3181 1681 3248 ipso
1750 3176 1951 3247 praedio
2053 3166 2267 3232 nuaria,
2300 3165 2450 3220 Idem
2492 3162 2768 3219 Gerardus
2822 3168 3041 3218 mortuo
3098 3158 3214 3216 ﬁlio
3268 3174 3369 3215 suo
3400 3155 3668 3227 Gerardo,

328 3284 513 3339 omnia
539 3286 699 3337 erant
741 3294 808 3334 ea:
839 3278 1130 3342 sententia,
1176 3277 1285 3329 nisi
1322 3272 1460 3343 quod
1494 3269 1793 3329 molmdini
1818 3281 1950 3322 con-

256 3395 265 3405 ·
326 3376 667 3433 struendieis
694 3388 807 3428 non
843 3376 960 3427 erat
996 3372 1166 3440 copia.
1209 3373 1309 3423 Nec
1346 3365 1493 3421 istud
1531 3365 1749 3420 omnino
1795 3361 1949 3415 dene-

2052 3259 2302 3331 permisit
2337 3256 2602 3314 aecclesixe
2629 3261 2830 3311 nostra:
2862 3270 2963 3326 pro
3002 3254 3181 3310 salute
3222 3269 3322 3309 sua
3347 3260 3403 3310 et
3441 3253 3674 3311 absolu-

2051 3354 2203 3411 tione
2234 3352 2331 3408 filii
2362 3352 2445 3406 sui
2493 3349 2764 3406 decimam
2792 3364 2955 3423 quam
2988 3348 3058 3403 de
3095 3346 3325 3403 culturis
3374 3348 3674 3405 dominicis

326 3474 549 3540 gaverat
575 3470 675 3523 loci
701 3471 929 3532 natura,
954 3438 1269 3519 sed—cursus
1315 3474 1470 3529 aqua:
1506 3454 1774 3523 deﬂuebat
1794 3467 1956 3522 super
2054 3444 2363 3518 accipiebat
2406 3444 2464 3499 in
2496 3444 2620 3515 ipsa
2648 3442 2779 3497 villa
2814 3440 3033 3508 Sivirei,
3092 3439 3335 3495 decimas
3363 3438 3527 3495 etiam
3559 3454 3676 3497 om-

321 3561 590 3633 pmdium
647 3556 1008 3626 Nivigellense,
1056 3556 1329 3622 quantum
1386 3564 1493 3619 par
1541 3547 1702 3602 boum
1746 3547 1808 3599 in
1862 3543 1948 3597 die

322 3660 491 3726 potest
528 3666 704 3708 arare.
738 3656 807 3706 Ne
845 3654 1030 3703 tamen
1056 3649 1200 3700 inter
1248 3658 1344 3698 nos
1371 3646 1546 3697 essent
1589 3641 1800 3709 jurgia,
1827 3651 1946 3706 qua

326 3744 601 3801 interdum
623 3742 967 3797 succrescunt
1004 3749 1171 3804 usque
1198 3735 1268 3787 ad
1314 3732 1620 3798 homicidia,
1661 3744 1788 3784 cum
1833 3729 1946 3783 suis

322 3836 562 3905 praelatis
598 3832 863 3887 consensit
891 3820 1181 3896 utriusque
1198 3824 1403 3880 cenobii
1444 3823 1681 3892 familia,
1725 3826 1789 3876 ut
1816 3835 1946 3875 car-

327 3941 451 3981 sum
476 3939 629 3993 aquce
653 3937 749 3992 per
770 3919 1114 3989 Nwigellense
1134 3917 1404 3986 prcedium
1445 3915 1661 3969 haberet
1698 3918 1952 3969 constru—

328 4022 419 4073 cta
445 4033 481 4070 a
503 4014 889 4069 mansionariis
911 4011 1106 4065 nostris
1143 4008 1407 4076 ofﬁcina;
1435 4007 1516 4061 his
1558 4007 1653 4075 qui
1697 4019 1792 4060 suo
1824 4007 1956 4074 jure

328 4109 595 4163 cesserant
640 4102 741 4156 tali
766 4099 1138 4156 vicissitudine
1181 4096 1414 4165 reddita,
1461 4102 1523 4152 ut
1570 4098 1644 4151 eis
1679 4097 1824 4149 inter
1852 4108 1953 4149 no-

327 4201 462 4252 stros
489 4192 814 4250 concedatur
854 4192 939 4245 uti
975 4194 1195 4244 mortua
1219 4187 1377 4254 silva,
1430 4192 1483 4242 et
1534 4192 1598 4241 ut
1623 4191 1952 4256 oportunum

328 4293 499 4360 fuerit
521 4289 740 4346 consilio
775 4292 828 4342 et
854 4286 1062 4340 auxilio
1084 4286 1155 4339 sit
1181 4286 1256 4339 eis
1287 4288 1473 4339 nostra
1499 4284 1723 4338 vicinia.
1756 4283 1952 4336 Actum

327 4381 609 4436 dominica:
636 4377 1035 4433 incarnationis
1066 4390 1212 4430 anno
1244 4371 1428 4439 “29°,
1457 4373 1751 4428 indictione
1786 4372 1950 4440 septi-

327 4488 440 4540 ma,
474 4472 716 4549 Lothario
738 4482 859 4537 rege
900 4469 1114 4538 imperii
1150 4471 1360 4537 sceptra
1384 4471 1633 4533 tenente;
1673 4462 1951 4529 Godefrido

330 4565 648 4620 Lovaniensi
674 4561 1123 4629 Lotharingoram
1145 4559 1297 4625 duce,
1337 4560 1431 4627 qui
1456 4558 1624 4611 etiam
1660 4555 1949 4610 advocatus

325 4664 561 4727 praeerat
587 4659 868 4724 utriusque
905 4653 1111 4709 cenobii
1137 4652 1403 4719 familiae;
1444 4651 1689 4705 Heinrico
1731 4648 1796 4702 de
1836 4650 1950 4701 Bir-

329 4750 445 4805 bais
477 4748 739 4805 secundas
753 4751 868 4816 ejus
905 4753 1086 4817 partes
1111 4746 1555 4799 a-mministrante
1590 4741 1950 4810 Nivigellensi—

329 4839 427 4894 bus
457 4881 475 4908 ,
521 4838 789 4895 Bernardo
838 4837 903 4893 de
954 4835 1139 4892 Orbais
1193 4832 1697 4901 Gemblacensibus;
1755 4831 1949 4887 domno

2050 3536 2203 3592 nium
2230 3534 2712 3599 nutrimentorum,
2743 3545 2866 3603 qua
2899 3528 2976 3583 ibi
3016 3527 3159 3584 infra
3183 3526 3517 3584 dominicam
3549 3543 3673 3585 cor-

2045 3636 2155 3686 tem
2194 3628 2521 3685 retinentur.
2553 3623 2931 3696 Coemptione,
2963 3631 3019 3678 et
3065 3637 3447 3678 successorum
3478 3636 3669 3678 eorum

2047 3724 2358 3800 largitione,
2385 3736 2532 3777 nunc
2564 3718 2814 3791 possidet
2842 3716 3258 3772 Gemblacensis
3288 3714 3541 3772 {ecclesia
3569 3714 3671 3772 sil-

2049 3832 2171 3874 vam
2201 3822 2257 3872 et
2285 3811 2555 3889 quicquid
2583 3809 2727 3882 juris
2783 3824 2975 3866 eorum
3026 3813 3143 3865 erat
3180 3806 3240 3864 in
3292 3807 3486 3863 eadem
3515 3806 3668 3863 villa.

2053 3909 2167 3966 Deo
2192 3906 2417 3983 gratias.

2472 4055 2604 4112 CUR
2634 4053 2900 4111 DICITUR
2931 4052 3256 4110 GEMBLUS.

2123 4194 2214 4250 93.
2245 4192 2507 4249 Gemblus
2544 4192 2942 4263 interpretatur
2968 4206 3173 4261 gemma
3200 4196 3256 4246 et
3282 4190 3525 4254 baculus,

2050 4286 2199 4358 quod
2230 4284 2305 4340 ita
2342 4282 2668 4357 exponitur:
2697 4282 2828 4338 Gem
2855 4298 3086 4352 gemma,
3128 4282 3257 4338 Blns
3287 4281 3530 4337 baculus.

2051 4374 2333 4442 Gcmblus,
2362 4388 2581 4447 gemma
2612 4373 2837 4440 decens,
2884 4370 3117 4428 baculus
3171 4369 3318 4426 bona
3359 4369 3500 4424 dans
3532 4369 3677 4425 mala

3336 4459 3595 4532 [cedens,

2049 4562 2347 4627 Sustentat,
2373 4558 2573 4626 munit,
2592 4573 2732 4631 quos
2755 4556 3008 4613 Christus
3037 4553 3286 4612 moribus
3302 4553 3457 4620 unit;
3502 4578 3511 4583 -

2050 4651 2111 4707 Et
2148 4665 2289 4723 quos
2315 4664 2410 4705 cor
2438 4663 2630 4713 unum,
2664 4662 2806 4719 quos
2835 4661 2999 4701 verus
3028 4659 3183 4701 amor
3212 4641 3340 4699 facit
3363 4658 3558 4709 unum,

2052 4736 2135 4792 Hii
2172 4736 2392 4804 merito,
2425 4749 2659 4791 numero
2679 4738 2952 4804 crescant,
2980 4731 3235 4805 placeant
3264 4746 3485 4803 quoque
3516 4729 3669 4785 Chri-

3248 4822 3372 4895 [διο.
3406 4821 3600 4878 Amen.

1124 5065 2076 5158 PANEGERICUS
2188 5060 2880 5153 LIBELLUS.

772 5216 856 5274 DE
884 5214 1181 5272 OLBERTO
1220 5214 1493 5271 ABBATE.

326 5309 439 5368 Vox
453 5311 793 5368 consolantis
816 5324 932 5377 cor,
964 5307 1076 5366 cari
1104 5316 1279 5364 morte
1308 5306 1548 5364 dolentis
1574 5324 1587 5361 :

394 5400 566 5456 Verus
605 5398 890 5471 paciﬁcus,
923 5411 1018 5453 rex
1054 5396 1149 5470 qui
1186 5395 1330 5470 regit
1363 5397 1572 5465 omnia,
1607 5393 1874 5463 Christus,

318 5489 391 5582 'Et
410 5492 569 5561 cujus
591 5490 743 5561 pacis
766 5490 921 5566 regni
953 5505 1066 5547 non
1108 5495 1192 5545 est
1220 5504 1443 5561 quoque
1466 5487 1616 5557 ﬁnis,

2049 5214 2176 5284 lpse
2206 5211 2352 5268 Deus
2387 5225 2575 5277 verus,
2607 5209 2774 5264 homo
2804 5212 2967 5263 natus
2992 5203 3207 5277 virgine
3255 5215 3433 5267 verus,

2048 5306 2126 5361 De
2145 5301 2353 5359 mundo
2375 5314 2635 5373 sponsam
2662 5298 2787 5370 pius
2812 5294 3120 5352 ecclesiam
3146 5291 3252 5346 sibi
3278 5294 3522 5345 sanctam

2047 5393 2239 5468 Elegit,
2270 5407 2423 5466 virgo
2448 5393 2740 5466 generaret
2760 5402 2884 5460 quae
2914 5384 3017 5440 sibi
3039 5398 3245 5456 sponso

2048 5486 2298 5554 Sanctos,
2337 5484 2433 5557 qui
2459 5482 2572 5538 nati
2605 5480 2837 5548 mundo,
2871 5477 3201 5547 Christoque
3233 5473 3433 5539 renati,

1673 5584 1896 5641 VARl/E
1936 5582 2320 5640 LECTIONES.

396 5688 486 5745 ⁷⁷⁸.
517 5693 712 5744 Littera
738 5692 970 5745 initialis
995 5706 1252 5747 versuum
1302 5690 1519 5745 collecta
1567 5691 1648 5742 ita
1685 5689 1879 5744 habet:
1916 5687 2025 5745 Hoc
2064 5685 2194 5744 fecit
2218 5701 2431 5755 versus,
2462 5683 2623 5738 Petre
2674 5686 2886 5749 sancte,
2919 5687 3048 5735 tuus
3090 5674 3480 5733 Godescalcus.
3541 5670 3665 5728 Cla-

327 5758 483 5835 viger
519 5760 820 5830 almelpoli,
852 5766 911 5815 tu
943 5776 1139 5832 precor
1161 5762 1293 5818 huic
1321 5758 1494 5832 aperi.
1538 5758 1732 5815 Amen.
