3938 6050
310 344 418 402 653

305 464 494 518 Essent
523 462 580 516 in
603 462 796 518 mundi
817 462 1064 518 tenebris
1095 470 1155 519 ut
1182 465 1364 520 sidera
1387 467 1542 536 clari,

301 554 514 610 Peccati
555 556 819 610 tenebras
850 555 996 610 docti
1023 556 1304 627 depellere
1332 565 1502 614 tetras

299 653 562 707 Etlumen
592 652 721 707 lidei
753 651 1066 708 diffundere
1101 654 1304 726 cuique
1341 655 1491 710 fideli
1518 673 1532 722 ;

300 744 418 799 Non
452 746 876 816 przesumentes,
920 743 1164 799 subimet
1202 746 1360 816 quasi
1393 745 1756 814 sufﬁcientes,

300 837 415 892 Nec
447 837 554 891 sibi
582 853 640 892 se
681 854 781 908 per
807 853 867 892 se
896 838 1192 893 credentes
1222 839 1572 894 consuluisse
1607 858 1620 905 ;

303 929 516 984 Christo
541 931 699 1001 cujus
733 935 908 993 erant,
943 930 1092 1001 quod
1124 937 1282 985 erant
1307 932 1442 999 justi
1474 931 1823 1002 reputabant,

303 1023 368 1079 Ut
398 1024 537 1077 dans
564 1021 841 1088 aﬂ‘ectum,
879 1021 1057 1078 fautor
1085 1023 1208 1093 pius
1241 1029 1390 1079 esset
1415 1040 1627 1079 eorum.

301 1111 360 1166 Et
387 1112 525 1165 dans
549 1110 830 1178 affectum,
871 1111 1128 1166 meritum
1162 1113 1466 1168 cumularet
1497 1129 1711 1169 eorum.

302 1210 361 1264 Et
383 1224 494 1264 non
527 1208 771 1263 contenti
799 1208 1024 1263 sibimet
1054 1209 1402 1280 proprizeque
1434 1209 1594 1264 saluti
1665 1217 1678 1230 ‘

301 1304 678 1369 Cousuluisse,
711 1304 819 1375 piis
851 1305 1216 1375 praesentibus
1243 1314 1409 1377 atque
1440 1306 1658 1373 futuris,

300 1397 585 1453 Notiﬁcata
615 1397 742 1465 sibi,
772 1399 1053 1452 noscenda
1084 1398 1293 1453 dabant
1319 1399 1439 1453 vice
1473 1399 1669 1454 Christi

301 1486 368 1540 Ut
398 1485 479 1540 sic
503 1486 674 1540 divini
715 1502 1065 1542 succrescere
1089 1487 1302 1542 semina
1333 1488 1488 1542 verbi

302 1579 556 1644 Possent,
583 1594 706 1633 cum
737 1580 871 1634 tanti
901 1579 1036 1634 tales
1055 1589 1356 1651 essentque
1382 1580 1644 1646 ministri,

299 1669 404 1723 Per
427 1684 566 1740 quos
599 1670 843 1740 suppleri
886 1685 1027 1725 nova
1068 1676 1297 1740 possent
1325 1669 1521 1724 horrea
1553 1668 1746 1724 Christi

303 1756 395 1812 Sic
426 1772 586 1813 nova.
611 1757 742 1812 Nam
773 1758 946 1812 sancti
977 1773 1076 1828 per
1102 1764 1328 1813 sanctos
1351 1757 1698 1828 multiplicati

308 1851 523 1924 Ingenti
552 1865 682 1905 cura
715 1857 956 1920 querunt
985 1849 1198 1905 Christo
1233 1865 1374 1905 nova
1401 1849 1574 1917 lucra,

305 1939 674 2010 Ecclesiaaque
708 1947 891 2009 patres
924 1939 1132 2009 primos
1161 1939 1289 1994 dum
1326 1939 1663 2009 posteriores

304 2033 492 2087 Sancti
516 2041 818 2099 sectantur,
847 2033 974 2086 dum
1009 2032 1320 2103 praecipuos
1340 2033 1643 2099 imitantur,

305 2122 407 2177 Per
424 2137 681 2193 sponsam
707 2137 914 2192 sponso
945 2121 1248 2176 succrescit
1275 2121 1452 2195 gloria
1475 2120 1713 2176 Christo.

375 2213 556 2267 Abbas
585 2212 840 2268 Olbertus
866 2219 1088 2267 sanctos
1120 2221 1304 2281 patres
1336 2211 1601 2278 imitatus,

307 2306 436 2360 Cum
469 2322 581 2361 non
613 2306 682 2361 sit
705 2305 943 2374 ﬂendus,
975 2311 1151 2360 mater
1193 2303 1262 2339 ⁷⁸0
1295 2321 1391 2360 cur
1421 2310 1552 2359 sunt
1591 2305 1689 2358 tibi
1721 2303 1880 2359 ﬂetus
1903 2304 1932 2358 ‘?

302 2398 461 2451 Flens
479 2397 627 2452 veris
681 2396 949 2460 lacrimis,
977 2412 1144 2466 super
1196 2397 1344 2450 hunc
1373 2411 1590 2450 merore
1613 2395 1860 2468 gravaris

307 2487 415 2542 Sed
439 2504 635 2543 caveas
662 2487 830 2541 nimie
863 2487 1065 2541 tristari
1089 2486 1338 2558 qualibet
1368 2503 1432 2540 ex
1457 2502 1535 2553 re,

311 2579 374 2633 Et
416 2588 603 2634 teneas
639 2579 847 2645 animo,
881 2588 1169 2649 quantum,
1203 2595 1319 2645 cur,
1363 2578 1668 2649 quomodo,
1711 2578 1931 2649 quando

308 2672 578 2726 Tristibus
608 2679 663 2727 et
693 2672 817 2726 lctis
845 2671 900 2725 in
933 2669 1102 2725 rebus
1134 2678 1186 2725 te
1219 2670 1546 2725 modereris.
1632 2706 1637 2712 -

309 2765 423 2821 Fiet
449 2765 768 2836 prudenter,
802 2765 930 2836 quia
973 2781 1058 2819 res
1083 2764 1366 2819 moderata
1399 2765 1664 2819 decenter

378 2854 487 2908 Vox
509 2869 728 2909 merens
760 2853 986 2908 monitis
1014 2854 1130 2908 haac
1160 2855 1252 2908 dat
1284 2870 1549 2924 responsa
1581 2852 1860 2908 monentis

307 2947 490 3001 Dicam
533 2946 681 3017 quod
709 2945 920 3018 queris,
952 2961 1049 3000 cur
1077 2945 1178 2998 sim
1209 2947 1421 3000 turbata
1453 2945 1716 3016 querelis.

308 3036 437 3100 Quae
469 3033 877 3108 continguntur,
920 3034 1160 3089 lacrimae
1189 3035 1447 3089 simulare
1473 3034 1759 3102 videntur;

308 3127 437 3193 Quae
478 3143 591 3182 non
619 3126 922 3200 finguntur,
957 3127 1143 3182 cordis
1166 3136 1377 3182 secreta
1409 3126 1666 3182 fatentur.

386 3221 464 3273 Ad
495 3235 685 3274 verum
717 3235 887 3291 cogor
903 3219 1116 3284 ﬂetum,
1150 3221 1278 3274 dum
1312 3228 1484 3274 mesta
1516 3220 1805 3286 recordor,

321 3312 476 3376 Quod
516 3327 664 3366 mors
693 3311 973 3367 Olbertum
1007 3311 1129 3366 tulit
1164 3312 1418 3367 abbatem
1453 3312 1624 3366 michi
1657 3319 1937 3384 quartum,

312 3403 538 3458 Menbra
567 3402 795 3470 decens,
829 3409 1018 3473 aptum
1066 3411 1231 3474 caput
1263 3418 1294 3458 o
1324 3409 1489 3472 caput
1526 3409 1609 3457 est
1649 3402 1816 3458 michi
1855 3419 1941 3456 ra-

1731 3503 1842 3549 tum
1853 3536 1865 3549 .

317 3585 453 3639 llinc
477 3582 741 3638 membris
808 3582 933 3637 aliis
955 3582 1129 3638 virtus
1159 3581 1340 3637 fuerat
1374 3494 1722 3652 specialis,[p

319 3675 560 3731 Affectus
588 3675 749 3748 grati,
793 3675 918 3730 letis
947 3674 1030 3729 vel
1057 3673 1308 3728 tristibus
1337 3674 1450 3745 apti
1479 3691 1492 3739 ;

317 3756 503 3820 Mestis
530 3764 802 3827 solamen,
829 3762 956 3818 letis
987 3763 1202 3818 fuerant
1236 3763 1628 3828 moderamen;

321 3854 525 3910 Cuncta
550 3853 836 3925 probanda
869 3853 1130 3924 probans,
1182 3859 1236 3908 et
1287 3868 1490 3909 nomen
1549 3851 1796 3907 moribus
1851 3866 1935 3906 or-

1691 3942 1869 4018 [nans.

321 4039 529 4095 Morum
559 4052 834 4093 rumorem
866 4043 1105 4111 gratum,
1131 4052 1231 4093 ceu
1256 4037 1435 4093 thuris
1466 4036 1718 4104 odorem,

325 4126 418 4183 llic
447 4125 755 4194 emittebat,
787 4141 890 4181 nec
920 4142 981 4181 se
1011 4125 1244 4181 celando
1272 4125 1493 4180 latebat.

318 4219 452 4273 Nam
487 4219 566 4273 sic
599 4218 775 4289 pluris
825 4224 961 4284 erat,
995 4219 1259 4290 quoniam
1300 4216 1475 4292 magis
1507 4216 1634 4271 inde
1672 4215 1943 4286 placebat.

318 4309 414 4364 Hic
440 4309 576 4364 mihi
605 4309 900 4365 multorum
931 4318 1097 4380 caput
1135 4316 1217 4364 est
1249 4316 1304 4364 et
1333 4325 1500 4364 causa
1530 4309 1828 4374 bonorum,

318 4397 519 4470 Virque
553 4399 664 4454 Deo
703 4406 911 4472 gratus,
943 4399 1090 4454 bona
1122 4414 1342 4471 queque
1367 4414 1556 4469 parare
1588 4404 1834 4468 paratus,

321 4487 496 4558 thue
526 4488 657 4542 satis
677 4497 889 4551 cautus,
915 4487 1057 4542 mala
1081 4503 1298 4559 queque
1331 4502 1526 4542 cavere
1557 4487 1797 4557 peritus;

325 4579 555 4654 Singula
584 4581 935 4650 dispensans,
958 4585 1011 4634 et
1030 4595 1142 4633 rem
1169 4594 1267 4650 pro
1300 4584 1550 4649 tempore
1574 4595 1833 4650 pensans,

323 4669 550 4724 Vivebat
589 4668 824 4736 Christo,
855 4670 1078 4724 solvens
1105 4684 1204 4723 sua
1233 4667 1424 4722 munia
1454 4668 1684 4722 mundo.

393 4761 681 4833 Nunquam
715 4761 839 4833 plus
870 4760 978 4816 sibi
1013 4777 1073 4816 se
1102 4759 1294 4826 voluit,
1322 4766 1405 4813 set
1434 4775 1494 4814 se
1535 4759 1783 4833 magisin
1816 4777 1876 4815 se

329 4851 634 4920 Continuit,
675 4868 807 4908 cura
846 4867 1067 4922 semper
1105 4849 1372 4905 cohibens
1403 4849 1706 4917 moderata,

330 4943 390 4998 Et
416 4959 673 5000 crescens
702 4944 758 4998 in
790 4959 869 5011 se,
916 4959 1103 4998 casum
1133 4957 1242 4996 non
1271 4941 1497 5012 pertulit
1530 4957 1559 4994 a
1587 4956 1667 4994 se.

328 5038 548 5094 Viveret
571 5045 628 5094 ut
658 5039 821 5110 iuste,
855 5044 1031 5094 tenmt
1058 5053 1251 5091 manus
1288 5036 1418 5091 hinc
1445 5043 1555 5100 tua,
1600 5034 1843 5102 Christe;

329 5130 442 5193 Qua
473 5137 831 5198 sustentatus,
861 5146 961 5200 per
985 5137 1036 5185 te
1077 5129 1254 5184 luerat
1285 5129 1382 5183 tibi
1421 5135 1626 5203 gratus.

401 5221 570 5276 Fonte
603 5220 780 5276 ﬂuens
805 5221 938 5289 oris,
968 5228 1122 5293 grato
1152 5219 1532 5274 moderamine
1556 5219 1738 5274 cordis

333 5311 494 5367 Norat
523 5311 772 5377 dicendi,
803 5317 1043 5381 tempus,
1085 5315 1352 5381 noratque
1381 5309 1640 5376 docendi,

334 5404 515 5459 Doctis
547 5402 794 5470 dicendi,
838 5418 948 5458 non
977 5403 1171 5458 doctos
1203 5401 1373 5475 digna
1404 5401 1664 5467 docendi,

332 5495 478 5551 Inter
503 5497 784 5551 discentes
816 5503 872 5551 et
903 5496 1159 5570 dogmata
1189 5493 1355 5568 digna
1384 5494 1651 5549 docentes

335 5585 587 5642 Existens
608 5585 850 5652 medius,
891 5591 945 5638 et
977 5583 1258 5654 utrimque
1285 5582 1417 5637 satis
1438 5581 1772 5636 moderatus.

1969 4532 2027 4601 D

1257 345 1460 399 GESTA
1501 345 1643 400 ADB.
1689 345 1923 402 GEMBL
1975 379 2034 386 —-
2076 345 2336 402 CONTIN.
2385 347 2703 402 GODESCH.
3544 357 3651 414 65L

1950 479 2005 544 Α
2031 472 2195 528 Norat
2227 489 2477 545 personae
2505 475 2634 530 dare
2666 476 3050 531 convenientia
3073 477 3294 549 cuique.

2031 565 2181 629 Quod
2207 567 2394 621 decuit
2423 567 2629 635 docuit,
2663 567 2790 622 dum
2814 569 3114 638 prudenter
3142 569 3287 626 bona
3311 571 3448 626 dixit
3475 590 3490 639 ;

2031 656 2184 719 Quod
2218 658 2428 725 docuit,
2469 659 2654 714 decuit
2714 671 2832 729 post
2873 661 3128 732 dogmata
3179 662 3308 717 dum
3340 664 3482 720 bene
3520 664 3658 722 vixit

2032 747 2070 803 Ο
2094 749 2200 802 nisi
2231 765 2380 804 mors
2410 759 2651 821 raperet,
2687 751 2854 806 decus
2881 753 3030 808 hunc
3061 760 3115 808 et
3144 753 3254 810 vita
3283 755 3548 825 deceret;

2034 840 2146 895 Heu
2177 858 2327 896 mors
2351 843 2498 898 hunc
2527 843 2727 913 rapuit,
2758 858 2880 916 quae
2920 845 3052 899 nulli
3088 863 3314 917 parcere
3339 849 3511 906 novit.

2034 929 2167 984 Hinc
2202 931 2380 998 dolor,
2426 932 2552 987 hinc
2581 932 2762 999 ﬂetus,
2798 932 2926 987 hinc
2956 936 3155 990 mentis
3187 952 3272 991 me
3306 945 3456 994 tenet
3485 946 3653 996 estus.

2102 1021 2211 1077 Vox
2235 1024 2576 1079 consolantis
2605 1040 2718 1093 cor,
2755 1026 2865 1081 cari
2896 1037 3072 1081 morte
3101 1027 3374 1084 dolentis:

2033 1111 2188 1176 Quod
2215 1113 2353 1168 dicis
2384 1115 2533 1178 noxi,
2567 1116 2828 1187 quoniam
2857 1126 3037 1172 tecum
3069 1124 3161 1173 tua
3189 1118 3316 1174 novi

2034 1204 2221 1259 Dicam
2252 1206 2401 1275 quod
2433 1207 2599 1274 nosti,
2628 1207 2887 1278 quoniam
2918 1225 3130 1269 mecum
3172 1227 3297 1265 mea
3317 1211 3480 1266 nosti.

2104 1296 2317 1352 Peccati
2347 1315 2545 1368 penam
2578 1316 2816 1369 peccans
2835 1300 2990 1356 dedit
3010 1302 3268 1358 omnibus
3296 1303 3490 1372 Adam,

2032 1387 2096 1441 Et
2134 1388 2342 1443 crimen
2374 1390 2556 1445 cuncti
2588 1391 2879 1447 moriendo
2911 1393 3070 1447 luunt
3098 1394 3498 1465 prothOplasti;

2031 1481 2145 1537 Stat
2165 1500 2264 1538 sua
2291 1484 2490 1556 cuique
2523 1485 2672 1552 dies;
2713 1495 2807 1540 tua
2834 1503 3048 1558 pauper
3073 1494 3199 1555 stat,
3244 1495 3336 1544 tua
3366 1491 3536 1547 dives.

2031 1569 2149 1626 Non
2180 1588 2390 1642 pauper
2429 1575 2686 1644 supplex,
2710 1589 2822 1629 non
2853 1590 3044 1649 regum
3075 1584 3275 1631 cuncta
3306 1578 3557 1649 supellex

2032 1662 2179 1718 Hanc
2208 1664 2432 1719 redimit
2453 1672 2680 1732 sortem,
2732 1665 2840 1721 heu
2873 1682 2986 1722 non
3017 1667 3211 1722 adimit
3240 1669 3370 1739 quia
3425 1678 3655 1726 mortem

2106 1755 2331 1810 lndiciis
2361 1771 2589 1825 Operum
2624 1755 2705 1811 fas
2736 1763 2821 1811 est
2846 1757 3195 1832 perpendere
3227 1775 3440 1814 verum.

2038 1845 2237 1900 [lorum
2261 1847 2523 1918 pleraque
2551 1847 2896 1903 monimenta
2924 1849 3114 1922 vigent
3141 1850 3440 1923 hodieque,

2035 1935 2216 1989 Abbas
2239 1935 2490 1990 Olbertus
2516 1935 2722 2006 quibus
2755 1937 2930 1992 extitit
2968 1939 3140 2007 utilis,
3161 1946 3340 2010 aptus,

2035 2023 2095 2077 In
2125 2024 2338 2079 cunctis
2370 2024 2729 2094 rebus,petiit
2750 2041 2886 2096 quas
2917 2027 3171 2097 publicus
3211 2045 3360 2083 usus.

2034 2113 2225 2169 Omnia
2256 2114 2500 2170 Christus
2515 2124 2630 2170 erat
2659 2115 2784 2183 sibi,
2812 2117 2964 2172 solus
2996 2116 3324 2173 sufﬁciebat.

2032 2205 2130 2270 Qui
2159 2207 2265 2260 sibi
2299 2208 2479 2261 danda
2508 2207 2694 2276 dabat,
2728 2208 2858 2280 quia
2896 2225 3054 2264 mens
3085 2210 3174 2281 pia
3203 2210 3384 2265 danda
3412 2212 3645 2285 rogabat

2103 2295 2242 2350 Dicit
2270 2297 2598 2367 prudentem
2622 2298 2896 2368 sapientia
2931 2315 3030 2369 per
3055 2299 3438 2354 Salomonem:

2034 2384 2278 2440 Letificat
2298 2393 2526 2441 matrem
2564 2386 2669 2441 sibi
2695 2403 2816 2458 quae
2847 2389 3039 2463 genuit
3067 2389 3397 2460 sapientem,

2034 2479 2184 2544 Quod
2214 2482 2454 2551 probitas
2482 2483 2590 2536 nati
2624 2482 2684 2538 ﬁt
2713 2484 3040 2539 sustentatio
3075 2484 3257 2551 matri,

2035 2572 2097 2627 Et
2121 2572 2290 2628 decus
2312 2574 2594 2642 eximium,
2629 2590 2741 2630 non
2774 2575 3101 2631 sustentatio
3135 2583 3365 2632 tantum.

2035 2660 2284 2715 Gratatur
2313 2669 2437 2716 nato
2469 2670 2642 2717 mater
2671 2663 2741 2716 de
2772 2678 2830 2717 se
2860 2672 3150 2737 generato,

2035 2752 2090 2806 Si
2124 2753 2254 2820 sibi,
2286 2754 2442 2826 sique
2473 2755 2606 2822 suis,
2640 2755 2686 2808 si
2715 2755 2889 2829 gloria
2921 2756 3266 2826 posteritatis

2037 2847 2304 2915 Existens,
2346 2849 2510 2904 dictis
2534 2849 2800 2905 clarescat
2831 2851 3031 2906 clarior
3060 2852 3196 2906 actis

2007 2942 2239 2998 'Enituit
2264 2944 2386 2999 talis
2417 2951 2548 3000 tuus
2577 2946 2668 3001 hic
2696 2948 2895 3002 merito
2935 2947 3218 3018 Specialis,

2044 3034 2102 3088 Et
2125 3041 2180 3089 tu
2220 3036 2528 3110 gaudebas;
2561 3038 2916 3111 gaudendum
2940 3039 3148 3110 quippe
3187 3037 3422 3094 sciebas.

2041 3125 2246 3182 Gaudia
2278 3129 2550 3199 sperasti;
2581 3145 2745 3200 quem
2767 3128 2942 3184 deﬂes
2968 3138 3143 3184 mater
3161 3129 3227 3164 ⁷⁸¹
3258 3129 3476 3195 amasti,

2049 3174 2246 3182 ηπ.-
2279 3174 2513 3199 ηψπ..
2537 3174 2550 3196 ,
2583 3174 2745 3200 νυ...
2769 3174 2941 3184 am---
2969 3174 3133 3184 ...,..ν.
3258 3174 3476 3195 .......-..,

1965 3174 2013 3242 Ο
2042 3217 2286 3290 Remque
2343 3229 2542 3276 tenens
2581 3227 2809 3289 certam,
2854 3237 3008 3292 spem
3045 3221 3360 3292 Spondebas
3397 3219 3496 3275 tibi
3539 3219 3662 3274 lon-

3452 3308 3598 3380 [sam
3620 3304 3658 3379 ς]

2043 3395 2150 3450 Sed
2193 3396 2299 3451 ruit
2339 3397 2456 3452 haec
2481 3405 2572 3452 tua
2600 3413 2748 3468 spes,
2783 3399 3044 3470 quoniam
3084 3415 3212 3470 spes
3242 3414 3355 3454 non
3391 3404 3511 3452 erat
3542 3397 3662 3451 haec

3471 3486 3659 3559 [Spes-1

2044 3580 2374 3651 Perpetuum
2406 3584 2614 3640 mundo
2641 3599 2766 3638 nam
2788 3583 2920 3655 quid
2943 3584 3194 3639 consistit
3222 3584 3276 3637 in
3300 3581 3449 3640 isto?

2043 3673 2127 3727 Nil
2155 3674 2363 3730 mundo
2396 3684 2629 3744 certum,
2651 3676 2820 3732 nichil
2848 3677 2997 3731 omni
3018 3683 3171 3748 parte
3205 3677 3447 3732 beatum.

2046 3767 2185 3837 Spes
2216 3767 2509 3823 commissa
2525 3770 2657 3837 Deo,
2686 3775 2791 3825 stat
2820 3769 2875 3823 in
2907 3771 3010 3826 hoc
3040 3771 3348 3827 certissima
3378 3775 3548 3827 certo.

2046 3855 2227 3910 Abbas
2259 3856 2530 3926 Olbertus,
2565 3859 2710 3914 felici
2733 3859 2844 3915 line
2873 3860 3089 3928 beatus,

2048 3947 2140 4002 Cui
2171 3948 2314 4004 bene
2345 3950 2570 4007 servivit
2612 3953 2825 4020 vivens,
2850 3952 2928 4006 illi
2951 3952 3116 4009 modo
3146 3951 3302 4019 vivit,

2045 4037 2107 4092 Et
2131 4047 2360 4094 mortem
2401 4041 2600 4109 nescit,
2632 4043 2763 4114 quia
2801 4059 2925 4098 cum
2958 4042 3168 4098 Christo
3196 4042 3514 4115 requiescit.

2043 4126 2186 4181 Mors
2209 4128 2332 4183 tulit
2351 4130 2498 4185 hunc
2521 4131 2748 4199 mundo,
2767 4131 2931 4203 longo
2961 4147 3074 4188 non
3096 4131 3319 4186 abstulit
3344 4147 3484 4188 aevo.

2046 4215 2175 4279 Quis
2203 4224 2552 4290 quantusque
2585 4219 2705 4286 fuit,
2733 4220 2860 4291 quia
2883 4220 3175 4290 posteritas
3203 4220 3552 4287 memorabit,

2047 4307 2188 4380 Ergo
2219 4307 2398 4376 dolor,
2431 4310 2591 4364 ﬂetus
2622 4318 2799 4366 cesset
2825 4311 2950 4379 tibi,
2992 4311 3195 4366 mentis
3235 4318 3289 4365 et
3318 4318 3518 4378 aestus;

2048 4399 2147 4454 Det
2184 4400 2287 4455 tibi
2318 4401 2587 4469 solamen,
2621 4403 2713 4456 det
2749 4404 2798 4456 ei
2825 4403 3074 4474 requiem
3115 4403 3279 4458 Deus.
3323 4404 3518 4457 Amen.

2457 4495 2536 4549 DE
2567 4494 2944 4550 MA'l‘HELlNO
2977 4494 3248 4550 ABBATE.

2048 4581 2157 4637 Vox
2188 4582 2526 4639 consolantis
2555 4599 2650 4639 cor
2689 4584 2800 4638 cari
2831 4591 3007 4639 morte
3046 4584 3320 4638 dolentis:

2156 4675 2511 4731 Communem
2541 4683 2742 4731 sortem
2775 4675 2966 4731 vivens
2995 4676 3228 4732 evadere
3259 4682 3496 4732 mortem

2050 4769 2178 4835 Quis
2209 4770 2404 4839 potuit,
2437 4786 2535 4825 seu
2573 4769 2698 4842 quis
2725 4769 2972 4841 poterit?
2996 4772 3290 4842 morsjura
3322 4771 3558 4841 tenebit,

2053 4858 2181 4923 Qum
2204 4876 2303 4930 per
2324 4859 2639 4931 prolapsum
2675 4867 2827 4915 tenet
2856 4861 2913 4914 in
2965 4861 3172 4918 mundo
3205 4863 3659 4934 prothoplastum.

2057 4947 2197 5023 Ergo
2254 4964 2352 5020 per
2408 4949 2553 5005 hunc
2601 4950 2854 5005 homines
2909 4951 3039 5022 quia
3095 4968 3243 5008 mors
3308 4953 3558 5007 transivit
3609 4951 3668 5004 in

3415 5037 3671 5112 [omnes,]

2057 5125 2182 5180 Cum
2215 5127 2325 5181 sint
2364 5127 2513 5182 mille
2542 5127 2690 5183 modi
2724 5129 2936 5196 mortis,
2965 5146 3110 5186 mors
3139 5145 3248 5185 una
3275 5127 3456 5183 timori

2056 5217 2148 5271 Est
2170 5217 2379 5271 homini
2413 5218 2635 5290 cuique,
2665 5226 2899 5274 mortem
2931 5221 3130 5275 metuit
3159 5220 3264 5274 sibi
3296 5218 3573 5290 quisque;

2059 5307 2164 5361 Sed
2196 5306 2336 5361 bene
2359 5307 2483 5377 quis
2504 5307 2751 5362 metuit?
2783 5308 2900 5363 Sibi
2941 5309 3034 5381 qui
3065 5316 3318 5363 metuens
3343 5307 3486 5362 bene
3523 5305 3676 5361 vivit.

2061 5399 2194 5454 Huic
2227 5415 2380 5455 .mors
2411 5416 2520 5456 non
2552 5401 2711 5456 dolor
2748 5408 2851 5468 est,
2881 5402 2974 5473 qui
3014 5400 3134 5455 ﬁnit
3175 5408 3347 5455 morte
3388 5399 3610 5456 dolores

2057 5488 2266 5554 Mundi,
2307 5489 2401 5559 qui
2430 5489 2586 5544 nimii
2618 5506 2742 5546 cum
2768 5491 2880 5545 sint
2905 5498 3190 5562 nequeunt
3217 5489 3495 5544 numerari
3521 5508 3538 5556 ;

2059 5579 2188 5635 Cum
2210 5579 2322 5634 sint
2351 5578 2653 5651 innumeri,
2684 5596 2910 5652 prorsus
2940 5587 3229 5653 nequeunt
3254 5580 3504 5652 superari

1701 5687 1921 5742 VARIE
1956 5687 2332 5747 LECTIOIES.

332 5795 402 5830 "0
431 5797 460 5849 ὸ
488 5795 943 5864 suprascriptum,
975 5796 1283 5848 vocativum
1314 5806 1500 5848 casum
1529 5791 1868 5858 signiﬁcans.

1948 5790 2010 5824 “'3'
2039 5793 2068 5846 ὸ
2091 5805 2252 5859 super
2275 5790 2550 5844 scribitur.
