3938 6050
337 205 440 264 661
1730 193 1882 250 νιΤΑ

2138 192 2277 250 ςιὶτι.
3582 203 3693 260 662

333 308 487 372 luta,
517 303 757 380 ligatura
786 301 1028 379 cernenti
1059 308 1287 373 propter
1327 297 1587 355 imbrium
1616 295 1952 352 infusionem
1983 303 2032 372 Α
2057 311 2291 352 summa;
2320 296 2392 332 "9
2422 300 2730 368 potestates
2757 300 2814 350 et
2855 295 3139 367 principes
3172 300 3371 369 nostri,
3413 302 3469 358 hi
3496 303 3689 370 scilice

336 395 560 469 penitus
598 391 884 459 destituta,
926 390 1140 446 ruinam
1179 406 1333 445 suam
1391 397 1446 444 et
1473 394 1708 443 mortem
1757 386 1954 441 subtus
2055 390 2150 462 qui
2201 405 2302 444 nos
2344 389 2414 444 ab
2467 388 2686 444 illorum
2717 386 3069 444 infestatione
3110 389 3320 464 ubique
3359 402 3414 450 et
3470 396 3687 454 indesi-

335 481 712 540 incedentium
743 479 940 534 minari
1006 479 1304 535 videretur.
1341 477 1479 532 Hinc
1499 475 1664 532 etiam
1698 489 1810 529 non
1850 471 1954 527 mi-
2057 485 2254 536 neuter
2304 479 2443 535 tueri
2498 495 2564 534 ex
2621 478 2808 536 debito
2875 479 3230 551 tenebantur,
3285 483 3564 544 Αιδοι-ιιιηι
3616 490 3686 547 de

336 578 546 633 nimum
585 575 824 649 afﬂigor,
865 573 1016 645 quod
1045 571 1484 628 deambulatoria
1523 568 1690 626 totius
1733 564 1955 622 claustri
2059 571 2204 628 Cuch
2229 571 2300 606 δυο
2328 571 2452 628 dico
2485 571 2809 643 episcopum
2843 579 3114 641 nostrum,
3149 583 3204 630 et
3237 575 3554 636 Mathildem
3577 581 3688 637 du-

333 685 494 742 P3308
522 666 728 733 omnia»
775 665 988 721 “unum
1020 664 1126 719 τιίεὶ
1156 663 1327 720 solius
1355 662 1481 718 οωιί
1515 666 1720 717 lectum
1748 657 1959 712 haben-
2061 663 2260 722 cissam
2314 663 2735 730 Lovaniensem,
2785 663 2916 720 dum
2981 665 3099 721 viro
3147 682 3248 723 suo
3293 669 3682 730 Jherosolimis

331 762 428 828 tia,
463 766 576 816 toto
607 757 842 814 brumali
875 764 1123 828 tempore
1150 756 1283 813 limo
1330 761 1386 810 et
1413 769 1575 810 caeno
1617 752 1802 824 plena,
1831 764 1961 822 pos—
2061 753 2604 828 peregrinanteqan.
2637 753 2822 822 1197),
2863 753 2984 810 sola
3009 754 3390 815 dominaretur
3419 761 3477 816 in
3515 768 3686 834 terra,

331 850 647 910 sessoribus
701 850 816 905 suis
871 849 1135 917 intrandi,
1189 847 1424 904 sedendi
1478 845 1564 901 vel
1631 841 1959 917 quiescendi
2067 844 2366 917 episcopus
2404 853 2606 901 terram
2637 845 2916 918 quandam
2947 845 3046 902 diu
3083 846 3153 902 ab
3198 849 3437 908 ecclesia
3475 868 3695 926 posses-

332 945 764 1018 oportunitatem
802 943 1010 998 nullam
1067 941 1336 1013 praebent.
1379 939 1633 1008 Denique
1686 936 1966 992 seculares
2045 937 2206 1005 'sam,
2255 947 2495 1015 uterque
2544 945 2726 996 autem
2769 940 3003 996 duarum
3054 950 3384 1012 personatus
3423 947 3695 1006 ecclesia-

336 1037 563 1110 quidam
605 1035 706 1091 lilii
750 1035 940 1102 Belial,
983 1033 1150 1089 armis
1190 1031 1474 1102 injustitiae
1504 1037 1748 1096 utentes,
1781 1037 1836 1083 et
1866 1042 1966 1082 nos
2065 1047 2186 1086 rum
2213 1047 2339 1104 quae
2371 1039 2573 1087 nostrae
2612 1038 2742 1088 sunt
2771 1031 2840 1088 ab
2873 1019 2982 1088 alio
3020 1033 3242 1092 Alberto
3297 1036 3466 1094 fratre
3510 1040 3690 1111 ducis,

335 1131 756 1198 persequentes,
826 1132 1015 1179 nostra
1077 1137 1298 1194 quoque
1359 1120 1690 1176 invadentes
1743 1126 1800 1173 et
1857 1116 1962 1172 sibi
2065 1123 2136 1179 ad
2175 1123 2600 1180 restructionem
2631 1124 2853 1180 claustri
2885 1125 3080 1193 nostri,
3113 1143 3212 1198 pro
3242 1145 3468 1202 guerra,
3517 1134 3692 1204 patris

334 1233 604 1290 usurpare
665 1222 950 1282 conantes,
1001 1214 1293 1270 ecclesiam
1368 1211 1787 1285 impugnabant.
1860 1210 1962 1265 Pro
2063 1213 2186 1284 ejus
2213 1213 2514 1281 combusti,
2555 1213 2718 1270 nobis
2745 1213 2954 1270 dudum
2994 1216 3246 1285 collatos,
3280 1219 3501 1278 auferre
3529 1238 3688 1279 sum-

339 1307 499 1376 cujus
538 1305 702 1362 bonis
731 1303 975 1372 tuendis,
1007 1310 1068 1358 ut
1093 1301 1256 1358 nobis
1285 1317 1507 1372 semper
1532 1300 1704 1354 moris
1733 1307 1837 1368 est,
1869 1313 1961 1353 su-
2064 1318 2154 1358 ma
2191 1301 2245 1358 vi
2291 1308 2647 1374 temptantes,
2704 1304 2870 1359 tantis
2916 1320 3020 1362 nos
3069 1306 3287 1363 damnis
3344 1315 3402 1365 et
3438 1311 3692 1369 cladibus

334 1413 511 1470 perno
543 1397 662 1452 fulti
703 1394 988 1467 praesidio,
1021 1410 1132 1450 non
1165 1393 1378 1448 viribus
1407 1393 1506 1448 sed
1534 1391 1814 1464 precibus,
1849 1406 1962 1446 non
2062 1386 2383 1457 affecerunt,
2412 1397 2494 1458 ut,
2535 1406 2658 1446 cum
2687 1390 2794 1462 ipsi
2825 1393 3042 1467 magnis
3077 1409 3238 1467 aeque
3266 1397 3518 1454 cladibus
3553 1406 3683 1457 ante

331 1487 534 1561 jurgiis
563 1486 663 1541 sed
691 1485 843 1542 sanis
875 1500 978 1541 nos
1019 1488 1297 1539 armantes
1339 1481 1608 1545 consiliis,
1655 1496 1812 1554 aeque
1856 1479 1968 1535 illis
2068 1488 2301 1538 mortem
2348 1481 2611 1550 confecti,
2651 1483 2764 1552 jam
2811 1483 3216 1554 exspiraverint
3269 1488 3436 1561 (904),
3489 1491 3692 1556 damna

341 1581 674 1637 resistimus.
706 1578 815 1634 Sed
859 1576 995 1650 quid
1025 1576 1098 1632 de
1139 1581 1493 1630 externorum
1528 1573 1612 1629 vel
1641 1573 1964 1638 inferiorum
1989 1643 2034 1652 __
2055 1570 2186 1642 ipsa
2207 1586 2331 1644 qua;
2358 1571 2518 1628 nobis
2548 1570 2884 1640 intulerunt,
2931 1571 3097 1646 longo
3126 1589 3229 1631 nos
3269 1575 3562 1652 fatigantes
3595 1581 3686 1636 in-

339 1679 758 1746 persecutorum
791 1643 1198 1742 inquietatione
1232 1681 1542 1739 conqueror
1564 1665 1594 1719 ?
1625 1665 1797 1732 Quum
1829 1666 1964 1737 ipsae
1989 1643 2040 1712 Β
2064 1643 2378 1734 commodo,
2410 1682 2512 1738 per
2556 1666 2806 1740 singulos
2842 1643 3058 1729 annos"
3075 1667 3260 1728 adhuc
3289 1643 3568 1744 respirent
3617 1675 3688 1732 0°:

1690 1764 1912 1820 VARI/ﬁ
1948 1764 2328 1826 LECTIONES.

411 1863 481 1898 πθ
518 1879 641 1919 cum
671 1877 774 1918 nos
805 1877 848 1916 s.
887 1877 941 1931 p.
984 1859 1036 1914 3.
1121 1857 1362 1931 °°°_aicli.
1391 1856 1544 1931 3.)“
1577 1856 1684 1931 llic
1713 1857 1916 1931 texitur
1963 1857 2293 1931 miraculum
2337 1858 2486 1930 quod
2536 1858 2703 1928 hujus
2743 1860 3148 1918 combustionis
3200 1864 3497 1922 occasione
3535 1866 3685 1924 acci-

338 1934 489 1990 disse
513 1935 594 2007 sic
620 1932 787 2007 refert
837 1927 1158 2007 Si'gebertus
1197 1929 1254 1984 in
1297 1929 1407 1984 fine
1432 1927 1804 2007 Crpqicesue.
1859 1927 2158 2007 Discordia;
2189 1927 2521 2007 malumetc.
2555 1927 2728 2007 usam
2749 1931 2858 2007 [leo
2881 1932 3204 2007 _Sige_bcrtus
3231 1935 3288 1989 in
3316 1937 3537 1993 cronica
3557 1955 3678 1997 sua.

342 2006 618 2080 completa
644 1998 1012 2080 ab_AnselIno
1042 2001 1245 2080 abbate
1277 2000 1532 2080 nostro
1554 1998 1728 2080 Verba
1749 2005 1876 2080 sunt
1889 2001 2139 2080 [anselmi
2165 1999 2293 2080 abb.
2322 2001 2418 2080 qui
2437 1998 2717 2057 cronicam
2746 1998 3022 2076 Sigebe‘rti
3053 2008 3434 2080 augmentavit
3459 2009 3516 2065 in
3539 2009 3672 2067 ﬁne.

342 2017 618 2076 completa
644 2017 712 2058 an
756 2017 1012 2058 ansetmo
1042 2017 1245 2056 aooate
1277 2017 1464 2057 nostro
1477 2017 1532 2054 ι.
1560 2017 1728 2055 verna
1749 2017 1876 2054 sunt.
1896 2017 2139 2056 anseImI
2165 2017 2293 2055 ann.
2322 2017 2418 2126 «aut
2437 2017 2717 2057 cronicam
2746 2017 3022 2076 angeneru
3053 2017 3407 2080 augmentavt

335 2076 616 2134 Discordie
639 2076 839 2130 malum
870 2079 971 2130 etc.
1001 2089 1170 2144 usque
1201 2072 1328 2128 Haec
1351 2071 1646 2127 Anselmus
1675 2070 1846 2126 abbas
1885 2069 2298 2128 Gemblacensis
2379 2117 2389 2128 .
3404 2122 3412 2126 _

1904 2165 2119 2222 ΝΟΤᾸΕ.

346 2262 946 2405 ἣάὲςὲεοξξέῗὲοδιίιιξὶ
979 2277 1028 2316 a.
1084 2260 1222 2317 1196
1277 2264 1654 2326 consecratus,
1710 2257 1942 2316 c.1200
1998 2257 2158 2314 obiit.
2217 2258 2439 2316 ducissa
2481 2259 2627 2316 circa
2678 2273 2885 2316 annum
2926 2260 3084 2329 1211,
3136 2267 3263 2333 post
3306 2279 3472 2335 quem
3513 2265 3680 2340 igitur

1312 2548 1717 2690 VITA
1831 2562 2710 2692 WICBERTI

1192 2854 1532 2914 lNClPlUNT
1571 2855 1888 2915 CAPITULA
1914 2856 1979 2912 IN
2011 2856 2162 2913 VlTA
2197 2856 2427 2914 SANCTl
2453 2853 2834 2915 GUICBEBTL'

583 2960 654 3012 De
681 2959 1034 3026 generositate
1060 2961 1343 3027 parentum
1379 2958 1554 3011 sancti
1593 2955 1886 3013 Guicberti.

581 3030 732 3096 Quod
749 3045 846 3100 per
870 3030 1076 3098 gradus
1104 3033 1322 3084 aetatum
1343 3028 1553 3100 gradus
1578 3030 1844 3100 virtutum
1865 3027 2169 3100 ascenderit

577 3101 729 3167 Quod
752 3099 931 3156 semlo
960 3103 1304 3162 renuntians,
1335 3099 1617 3166 cingulum
1643 3099 1858 3154 militiae
1881 3099 2149 3169 deposuit.

577 3172 730 3238 Quod
757 3172 992 3240 fundum
1008 3173 1364 3242 proprietatis
1389 3185 1500 3226 suae
1523 3171 1854 3226 Gemmelaus
1884 3167 1989 3225 Deo
2025 3175 2074 3226 et
2101 3175 2288 3226 sancto
2318 3172 2480 3226 Petro
2503 3169 2578 3224 ad
2604 3167 2959 3237 [undantium
2984 3171 3278 3228 canobium
3305 3170 3591 3241 delegavit.

577 3243 731 3309 Quod
761 3244 939 3300 Gisila
963 3246 1093 3297 avia
1130 3244 1305 3312 ipsius
1331 3243 1383 3297 ei
1419 3242 1494 3296 ad
1521 3242 1616 3296 hoc
1640 3243 2051 3297 amminiculata
2087 3246 2182 3296 est.

575 3314 730 3380 Quod
753 3315 1014 3370 Erluinus
1040 3330 1108 3368 eo:
1127 3311 1383 3369 canonico
1410 3313 1703 3367 monachus
1737 3313 2124 3379 familiaritate
2160 3327 2261 3368 sua
2285 3326 2404 3366 eum
2441 3311 2517 3366 ad
2551 3311 2744 3366 bonum
2762 3313 2940 3380 magis
2961 3314 3234 3370 incitavit.
3278 3373 3282 3378 _

577 3385 730 3451 Quod
755 3389 923 3440 etiam
945 3385 1056 3440 sibi
1083 3386 1492 3450 abrenuntians,
1521 3384 1890 3439 monachicam
1913 3387 2082 3439 vitam
2111 3384 2362 3454 appetiit.

573 3459 650 3511 De
685 3457 968 3512 nobilitate
995 3462 1046 3511 et
1080 3459 1343 3524 religione
1371 3456 1678 3512 Gorziensis
1700 3457 2033 3518 monasterii,
2063 3459 2112 3509 et
2137 3453 2284 3524 quod
2307 3454 2386 3508 ibi
2411 3453 2704 3508 monachus
2730 3454 2912 3520 factus
2937 3455 3028 3510 sit.

409 3527 462 3583 9.
491 3527 562 3562 ⁸⁰²
583 3527 736 3594 Quod
767 3496 1214 3584 Gemmelacense;
1251 3529 1454 3594 fratres
1483 3526 1558 3580 ad
1585 3528 1867 3596 exmplar
1897 3496 2263 3582 Goriiensium
2292 3527 2547 3580 instituit.

578 3599 730 3678 Quod
759 3600 1050 3678 Erluinum
1081 3598 1550 3678 Gemmelacensem
1579 3597 1812 3678 ccenobio
1839 3597 2088 3678 abbatem
2109 3598 2376 3678 prafecit.
2497 3666 2512 3678 '

373 3669 459 3724 11.
574 3670 726 3735 Quod
755 3672 874 3728 Otto
894 3672 1189 3740 imperator
1206 3669 1621 3738 mallloquorum
1646 3669 2016 3724 malivolentia
2043 3665 2262 3737 reiecta,
2290 3666 2697 3722 Gemmelacense
2715 3665 3009 3722 ccenobium
3036 3667 3357 3723 auctoritate
3385 3668 3668 3739 imperiali

656 3745 908 3806 munivit,
949 3744 1101 3812 eique
1119 3745 1180 3796 in
1199 3741 1442 3796 omnibus
1464 3741 1858 3794 immunitatem
1890 3741 2145 3794 attribuit

371 3811 458 3866 12.
572 3811 726 3878 Quod
741 3817 946 3868 cartam
970 3809 1036 3868 de
1065 3815 1221 3868 rebus
1248 3813 1494 3868 (ecclesia
1521 3813 1882 3872 conscriptam
1907 3813 2084 3882 primo
2109 3811 2388 3882 imperiali
2414 3809 2610 3866 deinde
2645 3809 2951 3881 apostolicos
2977 3809 3122 3866 sedis
3151 3811 3474 3866 auctoritate
3511 3810 3664 3880 lega-

364 3953 452 4009 13.
565 3884 1124 4022 ngderﬂ’egggzgzd‘us
1153 3957 1384 4009 maritus
1439 3954 1720 4026 Reinuidis
1772 3956 1972 4009 sororis
2009 3955 2187 4010 sancti
2231 3954 2506 4012 Guicberli
2543 3950 2956 4010 Gemmelacense
3001 3953 3295 4010 coenobium
3341 3956 3651 4026 usurpavit,

647 4028 873 4096 ejusque
909 4028 1244 4097 injustitiam
1272 4030 1492 4080 sanctus
1527 4027 1616 4080 vir
1635 4025 1710 4080 ad
1739 4029 1948 4094 tempus
1975 4027 2270 4093 mitigavit.

371 4097 456 4152 14.
482 4098 552 4132 ³⁰³
567 4097 720 4164 Quod
752 4099 820 4154 de
834 4103 986 4166 gente
1013 4100 1353 4166 Ungarorum
1381 4097 1582 4152 multos
1613 4097 1690 4150 ad
1722 4097 1992 4154 Christum
2018 4099 2280 4152 convertit

367 4170 453 4224 15.
514 4239 544 4240 Ἡ
567 4169 722 4234 Quod
748 4169 823 4224 ad
849 4171 1116 4237 fraterna:
1146 4169 1404 4224 karitatt's
1443 4169 1728 4236 collegium
1747 4169 1941 4223 multos
1968 4169 2321 4240 undecunque
2348 4169 2633 4224 animavit.

368 4240 453 4294 16.
485 4239 552 4274 θοι
579 4240 732 4304 Quod
763 4244 887 4310 post
923 4241 999 4295 ad
1025 4241 1318 4296 cznobium
1356 4240 1645 4297 Gorziense
1671 4253 1944 4308 regressus
1976 4244 2072 4295 est.

370 4311 458 4382 17.
478 4311 548 4346 ⁸⁰⁴
577 4311 646 4366 Ue
663 4312 813 4366 obitu
838 4314 1029 4382 ipsius.

368 4381 527 4454 718.”,
575 4382 727 4448 Quod
763 4381 954 4454 corpus
982 4384 1158 4453 ipsius
1197 4382 1529 4438 Gemmelaus
1559 4383 1791 4438 relatum
1821 4386 1919 4438 est.

360 4453 444 4508 19.
467 4453 536 4487 ⁶⁰⁴
561 4454 706 4520 Quid
723 4453 982 4510 Erluinus
1011 4455 1179 4509 abbas
1204 4456 1264 4509 in
1293 4454 1528 4523 epistola
1553 4468 1655 4510 sua
1677 4455 1742 4509 de
1772 4469 1828 4509 eo
1865 4453 2109 4523 scripsit.

494 4699 1158 4831 INCIPIT
1233 4703 1635 4830 VITA
1720 4701 2332 4831 SANCTI
2417 4698 3370 4830 GUICBERTI

1637 4925 1717 4972 EX
1761 4917 1832 4954 ³⁰⁶
1873 4927 2040 4972 LAICO
2080 4924 2348 4972 MONACHI

1211 5021 1688 5087 FUNDATOBIS
1739 5021 2378 5086 GEMMELACENSIS
2428 5019 2773 5085 C(ENOBII

397 5125 703 5210 Cunnum
731 5154 799 5226 {1.
836 5155 1072 5231 insignis
1114 5163 1269 5229 pater
1301 5157 1634 5221 Wicbertus,
1689 5158 1747 5213 in
1795 5173 1936 5230 pago
1967 5162 2017 5233 Ο
2043 5157 2193 5227 poris
2214 5157 2283 5212 ad
2315 5155 2628 5228 exemplum
2655 5157 2900 5214 creditur
2925 5173 3047 5214 esse
3091 5157 3270 5214 datus.
3305 5156 3468 5228 Cujus
3493 5173 3656 5215 avum

321 5243 629 5302 Darnueﬂsi
658 5245 727 5281 ⁸⁰⁷
773 5245 1008 5302 feliciter
1035 5254 1215 5318 natus,
1242 5245 1562 5302 hominibus
1600 5247 1750 5304 illius
1791 5255 1931 5302 tcm-
2035 5249 2346 5325 Rodingum
2375 5248 2444 5284 ⁸0⁸
2470 5255 2526 5305 et
2551 5249 2728 5306 aviam
2772 5249 2999 5319 Gislam,
3055 5257 3267 5321 patrem
3305 5264 3533 5323 quoque
3560 5250 3654 5306 Li-

1671 5349 1892 5405 VARIIE
1923 5349 2200 5406 LbCTION
2207 5351 2305 5409 ES.

389 5443 458 5478 ⁸⁰²
483 5460 510 5499 e
531 5447 750 5513 regione
777 5446 943 5518 hujus
979 5448 1174 5517 capitis
1197 5446 1376 5501 obelus
1405 5446 1568 5501 rubro
1593 5447 1764 5501 colore
1796 5450 2128 5516 conspicitur
2156 5479 2226 5488 -
2250 5449 2503 5504 indicans
2524 5447 2618 5502 hoc
2639 5451 2803 5516 caput
2829 5447 2887 5500 in
2917 5450 3070 5518 textu
3099 5447 3383 5502 excidisse.
3444 5447 3514 5482 ⁸⁸³
3543 5450 3652 5506 Hoc

315 5519 481 5600 caput
509 5521 810 5600 atramento
820 5520 1057 5600 nigriori
1083 5521 1349 5600 insertum
1377 5521 1473 5582 est,
1509 5523 1558 5600 et
1582 5522 1758 5600 textus
1775 5519 2136 5600 ejusninitium
2165 5523 2225 5574 in
2250 5523 2360 5575 loco
2387 5519 2532 5600 unde
2555 5520 2698 5600 alius
2720 5521 2898 5572 temtas
2925 5517 3364 5600 abrasas.
3393 5518 3642 5600 habetur,

318 5586 864 5672 f‘f‘nhgcnatramento
902 5591 1128 5660 nigriori
1159 5590 1559 5672 scriptansunntn.‘
1573 5593 1624 5642 et
1651 5586 1812 5672 caput
1847 5589 1937 5672 1?,
1970 5605 2115 5672 aque
2238 5591 2473 5672 capnii
2509 5591 2768 5672 insertum
2805 5603 2918 5672 esse
2936 5591 3210 5672 apparata
3291 5588 3384 5672 9°31.
3413 5589 3649 5672 Guiber-

322 5607 388 5667 ’Ἰν
426 5607 534 5642 Ῑιωῧ
563 5607 864 5644 atramento
902 5607 1128 5660 ηῑθνιονι
1159 5607 1368 5658 scripta
1398 5607 1542 5649 εαηι.
1573 5607 1624 5642 ετ
1651 5607 1812 5659 caput
1847 5607 1937 5656 ιν,
1970 5607 2115 5660 atque
2151 5607 2214 5645 ac
2238 5607 2359 5696 βαρ.
2405 5607 2473 5645 14
2509 5607 2768 5671 insertum
2805 5607 2918 5642 esse
2936 5607 3185 5668 apparet.
3291 5607 3361 5625 ’π
3413 5607 3628 5646 uulner-

322 5665 362 5712 ιι
389 5657 441 5712 2.
464 5657 517 5715 2.
542 5657 594 5713 3.
613 5664 918 5716 constanter
935 5675 1099 5730 usque
1121 5660 1196 5716 ad
1223 5675 1342 5730 cap.
1374 5659 1428 5714 8.
1491 5659 1561 5695 ⁸⁰⁶
1589 5677 1653 5714 ex
1685 5661 1722 5715 1.
1759 5676 1830 5716 m.
1859 5661 2054 5716 desunt
2079 5661 2130 5715 2.
2161 5664 2212 5717 3.
2269 5663 2288 5697 ⁸
2316 5661 2336 5695 ⁷
2369 5662 2672 5717 Gerrmcnsi
2704 5659 2755 5716 5.
2817 5657 2886 5694 ⁸0⁸
2907 5659 3158 5732 rodigum
3185 5659 3239 5719 6.
3269 5659 3562 5737 redingum
3593 5663 3628 5716 5

414 2959 464 3012 1.

411 3029 468 3082 2.

410 3100 462 3155 3.

408 3172 463 3226 4.

409 3243 463 3298 ὕ.

408 3313 461 3368 6.

412 3384 462 3439 7.

407 3455 461 3509 8.
