3934 6054
301 135 408 191 663
1521 133 1854 191 SlGEBERTJ

2131 135 2419 192 ACENSIS.
3550 130 3683 189 664

302 267 551 324 etoldum
579 273 635 324 et
663 270 899 322 matrem
923 264 1248 341 Osburgam,
1281 281 1477 324 omnes
1504 267 1599 341 qui
1623 268 1792 338 hujus
1817 284 1916 325 an-
1938 272 1996 343 Α
2017 279 2124 326 cet.
2159 269 2443 342 Siquidem
2476 269 2734 325 fratribus
2785 268 2908 337 ejus
2937 265 3008 321 de
3037 262 3691 335 carnalis‘posteritatis

301 355 569 429 tiquitatis
596 354 837 411 retinent
885 354 1165 421 notitiam,
1210 357 1451 412 tatentur
1500 357 1721 431 longam
1771 358 1915 413 anti-
2019 370 2289 432 proventu
2322 361 2719 435 cogitantibus,
2775 359 2928 415 solus
2967 364 3171 413 sanctae
3221 355 3505 411 memoriae
3536 354 3681 411 Wi-

297 462 421 518 qute
475 445 780 501 nobilitatis
834 446 904 481 ⁸⁰⁹
957 446 1190 527 traxisse
1245 446 1470 504 lineam.
1533 448 1704 505 Porro
1742 456 1918 506 mater
2014 447 3670 527 cbertusmspiritualisgenerationisheredessuspirabat;

295 537 415 607 ejus
434 536 680 613 Osburga
705 537 940 594 abutens
975 537 1045 573 ⁸¹⁰
1090 539 1397 609 apostolica
1428 539 1776 613 indulgentia
1807 557 1918 614 qua
2015 544 2159 601 bene
2188 546 2435 601 monitus
2465 545 2533 600 ab
2557 545 2810 615 apostolo
2836 562 2848 598 :
2882 545 2983 608 Qui
3008 546 3127 598 sine
3152 556 3318 598 uxore
3341 546 3419 596 est
3447 543 3669 610 cogitat

295 627 523 685 dicitur:
555 629 738 685 Melius
773 635 851 686 est
877 630 1080 686 nubere
1115 646 1281 700 quam
1337 632 1430 687 uri
1468 634 1518 703 (Ι
1552 636 1666 689 Cor.
1712 649 1807 701 vu,
1836 633 1912 701 9),
2014 650 2135 704 quae
2178 637 2393 690 Domini
2420 641 2581 701 sunt,
2621 633 2876 704 quomodo
2928 633 3140 702 placeat
3173 636 3268 687 Deo
3317 631 3359 699 (Ι
3385 634 3482 684 Cor
3547 633 3655 685 vn‘

295 728 421 795 post
437 730 671 780 mortem
698 723 900 796 prioris
927 725 992 759 3“
1025 724 1203 781 mariti
1230 725 1462 783 Lietoldi
1491 727 1558 782 de
1587 742 1697 799 quo
1723 743 1915 783 susce-
2014 729 2122 793 32).
2151 728 2281 784 ldeo
2304 729 2373 784 de
2397 727 2732 800 patrimonio
2761 744 2863 783 suo
2888 744 3000 783 non
3028 727 3265 799 quesivit
3289 725 3524 781 carnalis
3547 740 3661 781 co-

294 823 449 887 perat
474 814 738 872 domuum
767 814 1104 872 Wicbertum
1129 824 1184 872 et
1214 817 1522 873 Renuidem
1544 819 1664 889 ejus
1693 835 1912 891 germa-
2014 819 2154 889 pulse
2179 835 2438 890 sponsam
2488 820 2699 884 dotare,
2732 819 2829 874 sed
2862 825 3092 873 matrem
3124 833 3281 871 suam
3318 815 3650 871 aecclesiam

294 924 444 977 nam,
503 907 637 964 dum
674 907 925 983 gaudens
964 907 1283 982 poligamia,
1339 909 1569 966 secundi
1634 910 1802 977 tertii,
1861 919 1917 967 et
2016 910 2181 967 unico
2204 910 2400 966 affectu
2430 911 2628 979 ditare,
2655 927 2778 982 quae
2804 910 2909 965 sibi
2929 926 3040 965 non
3068 907 3267 964 fratres
3287 906 3437 963 brevi
3466 907 3657 963 victu-

291 1000 459 1057 etiam
490 999 670 1073 quarti
707 999 889 1056 mariti
922 1015 1034 1056 non
1068 999 1274 1056 refutat
1311 1001 1587 1073 copulam,
1631 1016 1696 1056 ex
1728 1000 1915 1056 multis
2017 1014 2105 1055 ros
2134 999 2309 1056 aleret
2342 1000 2509 1056 immo
2534 1000 2777 1056 caelestis
2813 998 3096 1056 liliationis
3113 998 3322 1070 prolem
3354 1013 3649 1069 nunquam

294 1088 508 1144 maritis
558 1086 770 1160 prolem
807 1089 1000 1163 genuit
1042 1104 1413 1153 numerosam,
1454 1089 1731 1145 Ilellinum
1764 1089 1916 1146 scili-
2015 1089 2334 1144 morituram
2366 1098 2615 1164 augeret,
2646 1105 2812 1162 quam
2867 1104 2970 1144 nec
3002 1104 3127 1144 cum
3177 1087 3370 1143 dolore
3398 1091 3647 1158 pareret,

295 1187 400 1249 cet,
433 1177 745 1237 Oilbaldum
773 1179 866 1248 ⁸³³,
907 1179 1304 1257 Ragiuardum,
1337 1180 1569 1248 Dodam,
1603 1186 1791 1252 preter
1818 1195 1914 1236 eos
2016 1196 2119 1235 nec
2142 1196 2263 1235 cum
2287 1181 2477 1236 dolore
2495 1181 2791 1248 amitteret,
2812 1181 2910 1235 sed
2937 1197 3061 1252 quae
3086 1195 3209 1235 cum
3232 1178 3646 1254 aeternaligau-

291 1287 528 1345 quorum
558 1272 784 1329 nomina
824 1270 1167 1328 oblitteravit
1213 1270 1437 1328 oblivio.
1474 1271 1715 1338 Quorum
1746 1272 1911 1347 longe
2013 1268 2104 1324 dio
2128 1267 2241 1325 filio
2273 1269 2366 1325 Dei
2409 1269 2830 1327 cohereditaret.
2871 1269 3140 1324 Militabat
3168 1267 3390 1323 interim
3422 1268 3648 1323 mundo

289 1365 515 1437 lateque
551 1360 859 1434 pullulante
891 1362 1172 1434 prosapia,
1200 1379 1260 1419 se
1300 1378 1465 1434 paene
1494 1370 1664 1419 totam
1705 1363 1909 1435 repleri
2012 1361 2385 1432 Specietenus,
2418 1361 2514 1416 sed
2568 1370 2833 1433 quantum
2879 1361 3194 1432 patiebatur
3238 1360 3399 1428 hujus
3430 1359 3650 1436 negotii

287 1462 343 1510 et
369 1452 654 1511 nobilitari
674 1451 1270 1526 gaudetLotharingia.
1302 1452 1591 1525 Siquidem
1620 1469 1685 1508 ex
1716 1469 1909 1524 prosa-
2010 1467 2161 1517 usus,
2203 1468 2234 1506 a
2291 1452 2499 1507 militiae
2525 1453 2671 1508 vitus
2704 1460 2820 1507 erat
2850 1459 3166 1507 extraneus.
3204 1451 3266 1506 Et
3319 1466 3390 1506 ne
3421 1466 3644 1505 curram

288 1528 411 1616 piae
430 1542 822 1600 numerositate
859 1543 1209 1599 acerescebat
1233 1543 1536 1613 {potestatis
1566 1544 1901 1599 eminentia;
1934 1604 1973 1616 η
2013 1558 2109 1610 per
2138 1541 2356 1616 singula
2378 1542 2634 1598 vitiorum
2685 1558 2890 1615 genera
2918 1541 3169 1613 aquibus
3199 1541 3311 1596 Deo
3340 1540 3647 1596 auxiliante

288 1604 355 1687 ex
384 1631 800 1703 possessionum
827 1604 1443 1702 multiplicitatemrerum
1473 1631 1737 1688 afﬂuebat
1762 1648 1899 1704 opu—
1926 1604 1978 1671 Β
2003 1604 2357 1701 ἀθεῐίιὶι,υειιιι
2397 1651 2497 1706 per
2524 1604 2741 1709 singula
2783 1604 3042 1690 virtutum
3074 1632 3258 1689 officia
3288 1633 3494 1705 quibus
3548 1633 3647 1688 di-

291 1724 480 1794 lentia,
513 1741 612 1797 per
639 1739 776 1797 quas
804 1725 1071 1781 cumulari
1098 1725 1168 1760 ⁸¹³
1207 1733 1263 1782 et
1291 1726 1520 1797 provehi
1550 1726 1691 1782 solet
1732 1743 1903 1782 mun-
2006 1728 2241 1801 ligenter
2299 1728 2528 1784 institit:
2590 1730 2693 1784 hoc
2731 1729 2786 1783 in
2827 1744 2894 1784 eo
2941 1728 3167 1803 egregie
3208 1735 3393 1799 preter
3438 1734 3646 1783 caetera

291 1819 449 1874 danae
478 1817 782 1874 nobilitatis
836 1816 1105 1890 potentia.
1148 1817 1260 1874 Hoc
1304 1825 1490 1875 tamen
1518 1818 1575 1874 in
1605 1835 1764 1875 servo
1807 1821 1904 1875 Dei
2005 1823 2283 1879 laudabile
2314 1824 2434 1891 fuit,
2484 1824 2634 1897 quod
2666 1840 2788 1879 cum
2846 1823 3013 1894 hujus
3059 1823 3279 1897 generis
3313 1821 3644 1877 hominibus

291 1912 477 1968 nullus
504 1911 670 1968 ducat
695 1911 830 1967 satis
877 1910 1252 1982 praedicabile,
1284 1927 1409 1968 cum
1447 1913 1753 1970 secundum
1797 1914 1899 1969 do~
2005 1911 2276 1967 familiare
2316 1914 2387 1967 sit
2434 1930 2523 1968 res
2563 1913 2774 1968 alienas
2814 1919 2867 1967 et
2921 1912 3155 1967 maxime
3215 1928 3521 1983 pauperum
3583 1918 3643 1967 et

291 2007 552 2064 minieam
580 2022 771 2063 vocem
801 2020 912 2062 non
947 2008 1008 2062 in
1043 2006 1390 2064 abundantia
1429 2013 1754 2080 cujusquam
1788 2013 1902 2065 υίια
2004 2002 2376 2057 zecclesiarum
2430 2003 2524 2057 Dei
2584 2002 2890 2057 insolenter
2932 2016 3162 2072 rapere,
3215 2000 3304 2056 hic
3369 2001 3628 2071 profecto

289 2100 407 2166 ejus
431 2096 500 2131 3“
530 2100 609 2151 est
633 2095 792 2151 exhis
819 2110 939 2165 qute
953 2095 1339 2164 possidethuc.
1370 2114 1466 2166 xu,
1496 2098 1606 2166 15),
1634 2106 1904 2154 etsecun-
2007 2091 2241 2145 nescivit
2272 2091 2452 2145 aliena
2484 2090 2754 2145 violenter
2785 2089 3048 2159 diripere,
3089 2089 3183 2160 qui
3217 2104 3318 2142 sua
3349 2094 3457 2142 tam
3490 2088 3639 2142 hila-

289 2181 419 2238 dum
451 2183 783 2254 apostolum,
811 2198 922 2239 non
968 2188 1043 2239 est
1081 2199 1438 2254 personarum
1483 2191 1714 2258 acceptio
1762 2190 1907 2258 apud
2007 2178 2493 2249 riterpauperibus
2516 2186 2569 2233 et
2591 2177 3075 2240 arcclesiisﬂhristi
3105 2178 3258 2233 novit
3280 2176 3640 2234 distribuere.

291 2279 457 2329 Deum
484 2272 611 2342 (Col.
644 2290 724 2342 ut,
761 2273 874 2344 25).
908 2273 1015 2329 Sed
1056 2274 1161 2331 hoc
1188 2275 1244 2330 in
1288 2291 1355 2331 eo
1387 2276 1554 2332 nimis
1587 2278 1754 2333 debet
1784 2295 1842 2333 es

2087 2267 2132 2321 3.
2162 2266 2457 2339 Postquam
2486 2282 2618 2339 ergo
2649 2266 2744 2320 diu
2776 2266 2878 2321 sub
2912 2266 3149 2321 clamide
3184 2264 3440 2321 militaris
3468 2266 3640 2322 babi-

290 2364 754 2430 commendabile,
807 2363 936 2436 quia
987 2380 1114 2420 cum
1169 2366 1384 2423 Veritas
1433 2367 1605 2424 dicat:
1676 2372 1841 2426 Facili

2079 2375 2100 2413 s
2140 2358 2315 2425 latuit,
2343 2358 2472 2431 quia
2500 2358 2724 2413 lucerna
2753 2358 2856 2412 sub
2880 2358 3068 2429 modio
3101 2357 3278 2428 posita
3308 2357 3518 2413 diutius
3545 2357 3632 2412 la-

289 2463 365 2512 est
401 2457 670 2512 camelum
695 2471 790 2526 per
812 2458 1061 2524 foramen
1092 2474 1222 2515 acus
1248 2463 1483 2517 transire
1509 2478 1673 2531 quam
1693 2464 1912 2519 divitem
2010 2460 2123 2509 tere
2172 2470 2282 2510 non
2326 2455 2541 2521 debuit,
2601 2455 2810 2509 nodum
2862 2461 2916 2509 et
2960 2453 3423 2525 impedimentum
3458 2453 3638 2509 divini

288 2551 349 2602 in
387 2562 618 2617 regnum
659 2547 911 2603 calorum
958 2551 1171 2604 intrare
1222 2550 1432 2621 (Matth.
1497 2568 1608 2620 χιχ,
1665 2554 1781 2625 24),
1823 2554 1911 2611 hic
2009 2546 2219 2601 servitii
2252 2563 2283 2600 a
2314 2562 2374 2602 se
2397 2546 2719 2617 quantotius
2742 2545 3020 2613 dissolvit,
3048 2552 3104 2600 et
3134 2545 3355 2601 milicia:
3373 2544 3642 2600 secularis

290 2644 550 2711 tanquam
600 2638 753 2712 gibbi
805 2639 1022 2695 sarcina
1068 2657 1239 2712 super
1290 2646 1631 2701 excrescenti
1674 2654 1909 2703 ton-eme
2013 2637 2297 2712 cingulum
2327 2638 2605 2709 deposuit.
2643 2639 2722 2693 lta
2747 2637 2939 2693 mu-.di
2959 2646 3255 2692 veteranus
3277 2644 3510 2692 terrena
3528 2637 3635 2692 mi-

290 2728 592 2785 nobilitatis
624 2737 680 2785 et
718 2728 993 2785 facultatis
1022 2729 1275 2800 deposito
1328 2738 1563 2799 tumore,
1598 2736 1703 2790 hoc
1734 2735 1914 2792 homi-
2014 2730 2148 2785 liliiB
2177 2729 2314 2785 rude
2344 2729 2600 2797 donatus,
2633 2730 2800 2799 coepit
2837 2745 2960 2784 esse
2997 2745 3174 2785 novus
3210 2727 3405 2784 Christi
3440 2737 3632 2800 tyrun-

289 2834 420 2873 num
451 2816 794 2890 impossibile
826 2833 927 2889 per
976 2833 1207 2890 pronam
1258 2820 1429 2876 animi
1454 2823 1792 2879 voluntatem
1825 2840 1910 2881 re-
2013 2817 2190 2884 culus,
2225 2825 2280 2872 et
2319 2817 2590 2893 longevus
2629 2818 2821 2871 mundi
2868 2833 3061 2873 servus
3091 2833 3189 2887 per
3210 2816 3508 2872 vindictam
3545 2817 3641 2872 di-

290 2909 444 2985 degit
471 2911 540 2965 ad
571 2909 862 2981 possibile.
938 2924 943 2928 ‘
1946 2972 1985 2985 Α
2011 2908 2152 2962 vinae
2183 2908 2452 2963 libertatis
2490 2908 2665 2963 factus
2693 2924 2850 2974 suus,
2880 2906 3108 2963 effectus
3140 2916 3224 2962 est
3254 2907 3352 2962 Dei
3379 2906 3633 2975 libertus,

361 2972 415 3059 Ξ,
446 3003 515 3045 διε
544 2972 640 3060 ξίίο
670 3016 803 3076 επιεο
827 3002 1008 3074 justus
1062 3003 1339 3076 ριειηιεωε
1393 3014 1448 3062 ει
1478 3005 1608 3063 ﬁdei
1651 3007 1908 3067 ﬁrmitate
1937 2972 1987 3042 (ἶ
2009 3000 2181 3073 Igitur
2209 3007 2331 3072 post
2374 3000 2747 3057 multiformes
2777 2972 3042 3072 sp'aeiosaa
3082 3000 3182 3057 viae
3230 3000 3525 3057 amfractus
3560 2972 3636 3056 ad

290 3094 565 3151 radicatus
591 3094 648 3149 in
672 3091 838 3151 domo
864 3094 1107 3165 Domini,
1130 3096 1244 3168 jam
1286 3095 1417 3154 inde
1445 3115 1474 3154 a
1510 3100 1716 3156 teneris
1746 3118 1843 3157 anr

2074 3099 2300 3165 igustam
2330 3093 2457 3148 vita:
2490 3099 2702 3164 portam
2735 3093 2996 3161 directus,
3056 3104 3117 3148 ut
3156 3099 3404 3149 cantaret
3442 3093 3627 3148 nudus

289 3184 454 3240 flores
479 3183 741 3240 virtutum
786 3183 1040 3241 emittere
1081 3186 1252 3257 coepit
1282 3186 1337 3242 in
1381 3187 1539 3245 atriis
1580 3189 1778 3246 domus
1812 3193 1909 3249 Dei
2008 3183 2185 3237 viator
2225 3197 2410 3237 coram
2464 3183 2628 3253 hujus
2676 3182 2869 3237 mundi
2916 3182 3247 3250 latronibus,
3298 3180 3629 3237 deliberavit

291 3275 497 3342 nostri;
555 3274 809 3331 eminens
869 3281 930 3330 ut
973 3273 1157 3346 palma
1212 3276 1502 3335 altitudine
1559 3281 1867 3338 nobilitatis
1890 3323 1906 3350 ,
2010 3275 2174 3329 etiam
2206 3275 2465 3331 acuuctis
2489 3276 2696 3331 nociva:
2723 3277 3095 3347 possessionis
3116 3293 3175 3332 se
3204 3277 3466 3348 expedire
3496 3291 3629 3333 one-

289 3374 460 3438 utque
517 3366 716 3421 cedrus
792 3365 979 3421 Libani
1043 3366 1503 3439 multiplicaudus
1560 3373 1905 3428 suaveolenti
2008 3366 2163 3421 ribus
2226 3368 2301 3422 Ne
2341 3367 2488 3423 enim
2517 3375 2641 3438 post
2672 3368 2895 3438 plenam
2930 3368 3188 3443 legalium
3231 3376 3630 3439 prmeeptorum

285 3456 537 3514 ubertate
576 3457 901 3517 sanctitatis.
933 3459 999 3514 At
1036 3465 1326 3532 postquam
1365 3461 1435 3517 de
1475 3462 1704 3519 floribus
1740 3465 1904 3521 bona;
1962 3452 1965 3453 ⁷
2008 3458 2417 3513 observantiam
2450 3458 2669 3513 cumulo
2698 3474 2812 3513 suae
2850 3457 3224 3531 perfectionis:
3248 3458 3467 3514 deesset
3496 3458 3633 3513 illud

288 3550 409 3617 ejus
436 3547 640 3605 indolis
694 3547 1047 3621 pulchritudo
1092 3556 1149 3604 et
1178 3550 1364 3606 suavis
1393 3551 1532 3608 odor
1584 3553 1806 3625 pietatis
1843 3572 1903 3612 se
2006 3566 2174 3605 unum
2204 3550 2495 3606 dominica:
2523 3551 2846 3605 sententiae:
2881 3551 3014 3606 Vade
3038 3557 3088 3605 et
3109 3552 3274 3605 vende
3303 3553 3483 3607 omnia
3508 3566 3627 3621 quis

289 3640 453 3713 longe
483 3641 701 3712 lateque
731 3637 946 3707 effudit,
977 3647 1033 3694 et
1084 3645 1334 3713 tempore
1365 3643 1526 3712 primi
1558 3643 1628 3679 διδ
1660 3643 1902 3701 Heinrici
2005 3645 2164 3701 habes
2192 3652 2244 3700 et
2268 3647 2337 3700 da
2363 3645 2691 3715 pauperibus
2732 3651 2783 3699 et
2810 3648 2935 3699 veni
2962 3660 3177 3715 sequere
3209 3660 3313 3711 me,
3341 3650 3391 3698 et
3416 3644 3630 3699 habebis

286 3730 516 3804 gloriosi
543 3736 602 3785 et
629 3729 910 3787 victoriosi
939 3729 1086 3803 regis
1114 3729 1172 3785 in
1195 3729 1468 3787 fructuum
1498 3748 1746 3807 gemmas
1775 3751 1904 3789 eru-
2006 3738 2318 3790 thesaurum
2360 3737 2422 3788 in
2465 3736 2590 3789 coelo
2631 3734 2835 3803 (Matth.
2868 3749 2978 3799 x1x,
3031 3733 3152 3804 2]):
3188 3732 3280 3788 hic
3305 3732 3491 3787 omnia
3531 3749 3630 3788 sua

288 3823 389 3893 pit,
419 3821 638 3877 tandem
671 3820 817 3876 circa
848 3826 1098 3890 tempora
1128 3821 1343 3877 Ottonis
1383 3823 1549 3894 primi
1574 3825 1731 3894 quasi
1761 3826 1904 3883 oliva
2003 3843 2113 3882 non
2143 3826 2367 3898 quidem
2414 3825 2685 3893 vendidit,
2718 3824 2818 3880 sed
2849 3823 2999 3880 fideli
3028 3825 3268 3880 debitori
3307 3824 3523 3880 Christo
3555 3825 3624 3879 ad

286 3912 569 3969 fructifera
591 3912 648 3966 in
667 3911 832 3967 domo
864 3912 1078 3967 Domini
1109 3911 1346 3969 ubertim
1377 3923 1749 3971 maturescere
1786 3934 1898 3974 caa-
2000 3935 2224 3975 usuram
2257 3918 2609 3974 commodare
2637 3917 2869 3985 studuit,
2902 3916 3156 3991 gaudens
3192 3917 3344 3989 quod
3378 3916 3500 3985 ejus
3539 3916 3623 3972 fe-

289 4009 389 4080 pil.
433 4004 621 4071 Qualis
650 4010 833 4060 autem
862 4020 961 4075 per
989 4004 1166 4075 prima
1194 4006 1370 4061 aetatis
1394 4007 1733 4064 incrementa
1778 4011 1901 4079 ejus
2000 4019 2221 4064 nerator
2246 4008 2522 4074 existeret,
2555 4008 2625 4062 de
2675 4022 2785 4079 quo
2817 4022 2926 4062 non
2968 4005 3184 4061 dubitet
3224 4006 3356 4077 quin
3386 4004 3623 4062 fideliter

287 4099 397 4155 vita
425 4096 611 4165 fuerit,
645 4111 757 4151 non
786 4101 868 4151 est
894 4094 1305 4151 discutiendum
1329 4098 1492 4154 nobis
1513 4097 1600 4152 ⁸1⁷.
1635 4099 1766 4155 Nam
1795 4117 1897 4156 su-
1999 4099 2104 4153 sibi
2134 4114 2354 4153 usuram
2384 4097 2454 4131 ⁸²⁰
2482 4097 2741 4152 solveret.
2776 4094 2841 4151 Ut
2868 4094 3015 4151 enim
3057 4103 3203 4149 esset
3229 4111 3374 4149 unus
3402 4082 3617 4150 illorum

288 4186 503 4260 perﬂuo
534 4186 601 4241 de
633 4184 832 4241 arbore
860 4184 1127 4256 quaeritur
1150 4186 1331 4258 qualis
1351 4187 1422 4242 sit
1453 4187 1603 4242 radix
1623 4190 1744 4260 ejus
1775 4207 1899 4264 quae
2001 4191 2071 4246 de
2094 4189 2299 4261 quibus
2336 4187 2620 4258 apostolus
2651 4186 2816 4241 dicit:
2867 4191 3133 4254 tanquam
3171 4184 3323 4251 fnihii
3374 4184 3627 4240 habentes

287 4278 419 4332 latet
462 4276 633 4331 humo
691 4274 907 4341 obruta,
954 4289 1076 4329 cum
1136 4289 1203 4329 ex
1254 4276 1373 4331 solo
1439 4292 1636 4348 sapore
1693 4278 2051 4350 fructusnet
2088 4285 2275 4338 omnia
2322 4281 2646 4350 possidentes
2709 4277 2783 4349 (II
2819 4282 2933 4332 Cor.
2989 4274 3208 4345 vt,10),
3257 4274 3477 4331 volebat
3527 4292 3623 4330 sua

287 4326 417 4332 -_---
463 4326 626 4331 πη--
963 4326 1075 4329 ,π-
1256 4326 1367 4331 ----
1440 4326 1635 4348 ατ---
1693 4326 1903 4336 -._-._-
2000 4326 2051 4337 -,
2322 4326 2643 4350 ,Μυκη----ν
2711 4326 2776 4349 κ--
2824 4326 2932 4332 --ρ
3529 4326 3620 4330 η-

286 4373 649 4443 cognoscatur
677 4365 890 4422 arboris
921 4372 1135 4421 natura.
1187 4366 1444 4423 Veritatis
1472 4368 1636 4423 etiam
1665 4369 1733 4405 ⁸η
1766 4387 1900 4427 voce
1923 4326 1978 4394 D
2004 4373 2227 4435 habere,
2270 4378 2463 4427 etnon
2511 4371 2737 4425 habere.
2782 4368 2997 4422 Habere
3038 4366 3183 4421 bene
3224 4366 3620 4436 dispensando,

287 4464 520 4520 dicitur:
550 4467 867 4533 Unaqueque
894 4461 1055 4518 arbor
1087 4477 1155 4518 ea:
1181 4464 1369 4530 fructu
1407 4480 1505 4522 suo
1540 4470 1897 4535 cognoscitur,
1996 4483 2113 4523 non
2144 4466 2351 4521 habere
2388 4480 2550 4520 avare
2594 4460 2992 4518 conservando.
3037 4458 3238 4514 Fidelis
3279 4475 3519 4530 namque
3561 4466 3617 4515 et

284 4558 398 4609 Non
447 4551 679 4607 enimde
721 4554 890 4621 spinis
942 4551 1201 4622 colligunt
1236 4553 1392 4621 ﬁcus,
1449 4570 1620 4623 neque
1674 4556 1899 4613 derubo
2002 4557 2248 4628 prudens
2299 4571 2493 4610 servus
2544 4551 2877 4607 constitutus
2917 4565 2948 4603 a
2987 4548 3218 4603 Domino
3264 4563 3432 4619 super
3462 4547 3620 4602 fami-

284 4648 619 4703 vindemiant
666 4662 831 4702 uvam
861 4647 1008 4717 (Luc.
1053 4663 1128 4714 vr,
1158 4647 1267 4720 44).
1321 4649 1446 4705 Haec
1472 4665 1605 4725 ergo
1646 4650 1811 4707 arbor
1840 4652 1895 4708 in
1998 4651 2127 4705 liam
2158 4665 2335 4713 suam,
2367 4654 2475 4703 tam
2510 4644 2739 4717 provide
2766 4650 2822 4697 et
2842 4641 3059 4697 lucrose
3086 4639 3286 4715 sategit
3315 4639 3500 4696 locare
3524 4656 3623 4711 pe-

285 4753 417 4815 agro
446 4737 661 4793 Domini
686 4738 949 4808 plantata,
972 4755 1074 4796 nec
1102 4741 1284 4812 spina,
1326 4756 1429 4797 nec
1461 4742 1632 4798 rubus
1663 4742 1785 4815 fuit,
1830 4745 1901 4802 de
2002 4740 2129 4796 culii
2162 4738 2247 4794 sui
2285 4752 2578 4803 summam,
2609 4743 2671 4789 ut
2698 4748 2823 4787 eum
2863 4730 3000 4785 nihil
3034 4729 3142 4784 sibi
3168 4728 3236 4783 de
3276 4745 3493 4784 summa
3523 4730 3623 4785 de-

284 4829 582 4905 qua_nulla
620 4830 938 4900 punctionis
979 4833 1265 4903 aSperitas,
1307 4834 1460 4890 nullo
1520 4837 1902 4894 amaritudinis
2001 4836 2293 4895 οΐοεϐθΐθῑι
2342 4827 2409 4881 de
2438 4821 2694 4879 mercede
2741 4827 2927 4875 tamen
2974 4817 3184 4873 fenoris
3215 4824 3470 4888 sumptus
3500 4817 3615 4872 θκί·

282 4921 556 4979 acerbitas
574 4920 864 4993 processit,
887 4923 985 4976 sed
1007 4929 1159 4979 tanta
1183 4924 1420 4983 dulcedo
1438 4924 1647 4983 fructus
1667 4927 1831 4984 efflux

2066 4928 2196 4985 eret,
2239 4919 2384 4975 unde
2407 4914 2690 4972 conservis
2719 4912 2837 4968 suis
2878 4911 2935 4967 in
2972 4916 3224 4982 tempore
3256 4909 3426 4965 tritici
3457 4925 3619 4965 men-

283 5018 343 5069 ut
368 5016 673 5085 proventus
692 5009 813 5080 ejus
833 5010 998 5067 etiam
1029 5028 1176 5069 nunc
1204 5013 1261 5068 in
1280 5015 1530 5072 aecclesia
1560 5016 1655 5071 Dei
1679 5017 1904 5074 fruetiﬁ-
2002 5030 2186 5070 suram
2229 5018 2503 5085 erogaret.
2539 5007 2678 5073 Quid
2707 5005 2855 5061 enim
2888 5002 3165 5061 lucrosius
3196 5001 3347 5057 ﬁdeli
3380 5003 3620 5060 echono-

1625 5148 1850 5205 VARUE
1890 5148 2164 5207 LECTION
2170 5146 2269 5203 ES.

354 5271 735 5353 ³⁰⁰,.ηο,τθειι1τι
761 5272 1307 5353 ἕρδῑτέείωρχῇἰοή.
1327 5278 1672 5353 _Wasse_burg
1707 5284 1930 5353 Antiqq.
1975 5282 2170 5339 Galliae
2199 5279 2426 5347 Belgicae
2452 5277 2547 5353 lib.
2581 5272 2776 5353 HI._“°
2796 5271 3059 5353 gaudens
3101 5267 3185 5324 21».
3228 5340 3244 5353 ὶ
3281 5268 3348 5353 ⁸2
3379 5267 3542 5353 primi

282 5340 645 5421 "’__oi_b_adum
673 5344 727 5398 2.
769 5344 859 5421 213.
897 5345 963 5421 _3.
994 5344 1284 5421 orbaldum
1311 5349 1364 5404 4.
1482 5350 1552 5385 ⁸¹³
1575 5340 1821 5408 aemulari
1844 5340 1902 5410 ἷιῖ
1939 5354 2064 5409 Haec
2111 5340 2392 5421 sufﬁciant
2418 5350 2492 5404 ad
2520 5340 2876 5421 ostendenda
2914 5345 3148 5421 codicum
3186 5340 3618 5421 ab__Henschenio

286 5413 655 5493 g_dhibitorum
693 5420 743 5470 et
770 5417 1026 5493 editionis
1055 5418 1210 5493 Surii
1234 5420 1482 5493 lectiones
1506 5423 1590 5476 vel
1624 5427 1808 5493 potius
1850 5440 2078 5480 errores.
2153 5411 2221 5458 3“
2250 5423 2393 5477 deest
2426 5422 2477 5476 2.
2521 5420 2572 5474 3.
2651 5412 3151 5493 8ff[(lap_itulum_ll.
3183 5414 3342 5493 etnita
3364 5426 3534 5493 pger
3561 5411 3611 5466 1-

286 5483 358 5518 ⁸¹⁶
383 5499 491 5539 υοπ
533 5500 697 5567 ξίφεϊ
733 5488 1116 5567 adscripta}?
1151 5489 1205 5544 1.
1291 5490 1359 5526 ⁸¹⁷
1400 5494 1541 5567 inter
1578 5482 1744 5550 nobis
1800 5500 1855 5551 et
1882 5496 2015 5551 Nam
2054 5497 2196 5551 linea
2222 5508 2379 5549 erasa
2403 5497 2481 5548 est
2531 5495 2577 5545 t.
2672 5489 2740 5523 δίε
2766 5482 2914 5541 enim
2965 5486 3019 5540 2.
3052 5485 3108 5541 3.
3198 5483 3319 5540 ⁸¹⁹1
3359 5483 3444 5555 1ι3
3475 5482 3617 5538 linea

284 5569 441 5613 erasa
466 5558 589 5610 atate
614 5558 996 5627 spiritualis’t.
1024 5559 1095 5597 ⁸²⁰
1126 5576 1410 5618 uersuram
1432 5563 1627 5622 litteris
1654 5581 1716 5621 er
1734 5570 1906 5625 erasis
1929 5567 1985 5625 2.
