3934 6054
159 261 286 318 665

1578 265 1724 323 νιΤΑ
1763 265 2112 331 WICBERTI.

3406 294 3512 352 666

156 405 260 492 “nio
283 405 446 490 quam
465 405 568 490 sua
596 391 652 491 in
683 392 860 449 servis
875 393 1092 492 Domini
1119 395 1478 492 profundere,
1514 411 1645 492 quae
1670 396 1790 492 ipse
1814 399 2032 470 Avium
2072 404 2320 462 veritatis
2350 408 2623 477 insistere,
2657 380 3033 468 collaborahat
3061 431 3418 492 magnopere,
3448 431 3512 480 ut

151 479 435 534 Dominus
464 479 519 533 in
547 494 608 534 se
635 480 818 551 ipsum
851 487 1129 554 gratanter
1154 481 1416 556 dignetur
1446 476 1790 548 refundere?
1890 497 2074 548 amoto
2105 495 2258 550 omni
2310 476 2708 568 impedimento
2739 517 2770 554 a
2807 509 2969 573 cepto
3027 476 3246 574 pietatis
3267 476 3507 580 itinere,

155 570 440 626 Praeterea
468 578 523 626 et
549 571 656 626 alio
695 572 988 628 dominicas
1011 575 1162 630 vocis
1182 574 1401 630 hortatu
1431 572 1784 641 incitabatur,

154 669 226 718 ut
258 671 316 718 et
355 663 494 719 alios
521 662 587 697 ⁸³¹
617 664 872 735 exemplo
908 672 963 720 et
1004 666 1208 720 auxilio
1235 666 1302 720 ad
1344 665 1486 720 bene
1513 664 1787 738 agendum

158 751 428 818 illiceret,
461 752 591 806 dum
619 766 730 806 non
763 754 1125 828 neglegenter
1151 755 1356 810 dictum
1379 772 1410 810 a
1442 754 1672 810 Domino
1704 769 1786 810 re-

161 844 414 900 coleret:
445 846 546 908 Qui
568 847 758 914 recipit
792 849 1106 916 prophetam
1141 849 1222 904 vel
1248 852 1456 908 iustum
1481 850 1539 902 in
1568 847 1787 902 nomine

150 939 431 1006 praphetz
457 938 538 992 vel
557 940 718 1006 justi,
747 940 1039 994 mercedem
1071 943 1335 1010 prophetae
1362 941 1443 996 vel
1477 941 1620 1010 justi
1641 941 1786 994 acci-

149 1029 244 1095 pit
270 1027 478 1093 (Matth.
525 1042 576 1092 κ,
605 1026 718 1095 41),
781 1033 836 1082 et
863 1027 998 1082 illud
1039 1027 1346 1083 Danihelis:
1397 1030 1498 1092 Qui
1525 1029 1784 1097 adjusli-

153 1121 302 1172 tiam
326 1118 583 1173 erudiunt
609 1119 826 1186 multos,
868 1120 1153 1188 fulgebunt
1188 1123 1346 1190 quasi
1377 1121 1542 1176 stella:
1567 1123 1627 1174 in
1659 1135 1782 1190 per-

144 1215 349 1280 petuas
373 1213 699 1265 aeternitate:
727 1210 884 1282 (Dan.
913 1227 1008 1278 xu,
1051 1211 1104 1281 3)
1170 1212 1325 1267 Unde
1354 1217 1414 1266 ut
1467 1211 1781 1267 mercedem

148 1300 394 1371 iustitiae
433 1301 732 1357 multorum
765 1302 1062 1373 acciperet,
1117 1317 1228 1358 non
1260 1303 1395 1358 satis
1425 1318 1546 1358 esse
1602 1303 1781 1360 visum

155 1396 245 1446 est
279 1390 385 1444 sibi
415 1406 474 1446 se
505 1390 621 1461 ipse
648 1390 799 1446 solus
843 1391 912 1446 ad
950 1391 1224 1460 justitiam
1276 1391 1550 1458 tenderet,
1580 1391 1688 1446 nisi
1731 1401 1786 1448 et

156 1481 303 1537 alios
327 1496 514 1537 secum
546 1498 764 1538 currere
802 1499 902 1538 suo
947 1483 1202 1554 exemplo
1233 1483 1301 1537 ad
1335 1483 1556 1538 hortatu
1587 1499 1787 1540 mone-

161 1578 272 1638 ret,
305 1576 362 1626 et
389 1571 510 1642 ipse
541 1587 706 1626 causa
734 1571 926 1626 salutis
951 1572 1244 1628 multorum
1293 1571 1469 1638 fieret,
1503 1579 1558 1626 et
1604 1571 1788 1644 dupli-

160 1681 286 1721 cem
318 1680 579 1721 coronam
613 1666 1075 1721 remunerationis
1101 1667 1394 1738 acciperet.

231 1759 286 1812 4.
325 1757 420 1812 llic
451 1756 675 1812 fratrum
708 1764 918 1814 amator
955 1759 1046 1830 qui
1083 1775 1148 1814 ex
1191 1759 1299 1816 alto
1333 1760 1517 1815 cordis
1545 1759 1786 1830 suspirio

154 1848 227 1904 ad
287 1849 458 1904 Deum
491 1847 732 1904 clamare
791 1856 1006 1920 poterat
1037 1865 1160 1904 cum
1203 1849 1378 1905 Isaia:
1437 1855 1476 1904 A
1507 1853 1652 1918 facie
1689 1857 1786 1907 tua

148 1942 378 1995 Domine
414 1941 752 2009 concepimus
776 1945 828 1994 et
870 1943 1029 2010 quasi
1053 1945 1449 2010 parturivimus
1479 1949 1532 1998 et
1580 1945 1785 2012 peperi-

149 2048 298 2099 mus,
356 2035 612 2102 spiritum
639 2033 833 2088 salutis
890 2038 1002 2087 tuas
1052 2035 1280 2099 fecimus
1341 2037 1402 2088 in
1463 2039 1608 2089 terra
1652 2034 1780 2104 (Isa.

154 2141 304 2192 xxvr,
335 2124 427 2193 18)
463 2153 532 2164 —
588 2125 737 2196 quod
795 2123 1097 2198 cogitando
1143 2132 1476 2196 conceperat
1529 2124 1780 2197 et-quasi

156 2215 330 2288 longo
368 2213 790 2269 deliberationis
821 2220 955 2268 aestu
985 2213 1371 2285 parturiverat,
1413 2215 1558 2286 piam
1608 2213 1779 2269 animi

157 2295 381 2375 peperit
410 2301 862 2369 benivolentiam,
913 2319 1014 2374 per
1043 2318 1206 2374 quam
1258 2303 1368 2359 Deo
1397 2301 1543 2359 ﬁlios
1589 2301 1782 2358 salutis

160 2393 367 2450 faceret
411 2410 579 2465 super
603 2402 826 2449 terram.
869 2395 943 2450 De
998 2395 1338 2466 pr0prietate
1371 2395 1644 2466 siquidem
1687 2395 1780 2450 he-

157 2486 411 2542 reditatis
449 2502 564 2542 suae
595 2485 825 2542 fundum
856 2485 1202 2542 Gemmelaus
1223 2487 1432 2542 dictum
1464 2486 1691 2561 delegit,
1725 2493 1780 2543 et

152 2579 270 2634 Deo
315 2584 369 2634 et
406 2578 779 2650 apostolorum
826 2579 1064 2651 principi
1108 2579 1266 2635 Petro
1305 2585 1606 2650 sanctoque
1639 2579 1776 2634 Exu-

155 2668 311 2740 perio
341 2669 565 2740 martyri
603 2668 845 2743 glorioso
877 2668 946 2723 ad
991 2667 1424 2724 construendum
1473 2667 1530 2721 in
1583 2683 1774 2723 eorum

153 2757 366 2812 honore
403 2757 797 2812 monasterium
827 2757 1185 2813 devotissime
1210 2755 1503 2830 delegavit.
1540 2756 1638 2812 Hic
1691 2763 1774 2812 ta-

155 2845 454 2901 beruacula
475 2845 674 2901 dilecta
701 2847 812 2902 Deo
837 2853 893 2901 et
918 2845 1269 2902 delectabilia
1299 2843 1622 2900 hominibus
1647 2860 1776 2901 con-

153 2940 376 2991 struens
413 2937 644 2992 Domino
673 2937 956 3004 virtutum,
1002 2945 1062 2994 ut
1087 2953 1278 3010 passer
1316 2937 1643 2992 humilitatis
1671 2952 1771 2992 vo-

1887 580 2030 636 viam
2062 587 2448 643 mundatorum
2477 589 2571 643 Dei
2591 590 2818 646 dilatato
2845 593 3010 648 corde
3047 603 3232 665 posset
3261 613 3504 656 currere.

1889 671 2023 736 Quia
2053 677 2199 732 enim
2233 695 2338 735 non
2371 688 2430 735 ut
2456 681 2592 737 Esau
2611 682 2821 754 pilosus
2848 686 3204 742 venationum
3236 691 3391 746 vanis
3414 699 3508 748 aut

1887 765 2100 836 nocivis
2154 770 2433 827 exercitiis
2483 773 2839 840 inserviebat,
2887 777 2989 832 sed
3033 785 3092 834 ut
3141 779 3282 836 lenis
3334 782 3504 840 Jacob

1885 853 2036 912 domi
2068 859 2324 916 habitans
2364 863 2703 934 simplicitati
2757 874 2812 922 et
2861 867 3195 926 innocentiae
3227 873 3503 940 studebat,

1884 951 2051 1002 totam
2083 965 2142 1004 se
2184 949 2240 1004 in
2285 951 2404 1022 ejus
2442 953 2796 1012 dilectionem
2855 958 3240 1016 transfuderat.
3291 963 3503 1035 Quippe

1884 1049 2054 1104 quem
2095 1039 2347 1108 exemplo
2378 1040 2560 1096 fidelis
2590 1043 2816 1099 Abrahae
2848 1044 2916 1100 de
2950 1053 3094 1102 terra
3124 1055 3176 1104 et
3207 1049 3278 1104 de
3305 1051 3376 1085 "3
3408 1066 3504 1108 co-

1882 1129 2144 1203 gnatione
2172 1149 2270 1188 sua
2294 1134 2407 1203 jam
2449 1137 2655 1193 dudum
2697 1140 2882 1196 animo
2915 1143 3093 1199 exisse
3141 1156 3500 1220 cognoverat,

1883 1219 1934 1275 ei
1977 1228 2174 1277 terram
2217 1228 2662 1296 repromissionis
2711 1241 3028 1303 competere
3073 1219 3354 1304 credebat,
3399 1254 3503 1296 nec

1883 1323 2009 1364 eum
2038 1313 2254 1368 volebat
2279 1331 2380 1371 suo
2411 1317 2710 1374 destituere
2749 1321 3022 1389 subsidio,
3054 1341 3219 1396 quem
3261 1343 3503 1398 perpen-

1887 1398 2055 1454 debat
2082 1416 2182 1470 per
2209 1403 2396 1458 omnia
2435 1405 2597 1479 dirigi
2636 1407 2826 1464 divino
2877 1411 3101 1468 auxilio.
3135 1413 3264 1470 ideo
3291 1415 3498 1472 salubri

1887 1495 2104 1576 reperto
2134 1493 2396 1562 consilio,
2426 1509 2622 1550 omnes
2647 1513 2737 1552 res
2767 1498 3086 1555 hereditatis
3113 1517 3229 1557 suae
3259 1521 3396 1576 quas
3423 1506 3500 1560 si-

1888 1575 1944 1630 bi
1975 1578 2058 1632 vir
2085 1596 2220 1636 suus
2259 1582 2544 1658 Rodingus
2571 1585 2716 1641 dotis
2759 1587 2934 1662 gratia
2985 1575 3356 1660 impenderat,
3408 1593 3496 1649 vel

1888 1685 2026 1740 quas
2051 1671 2158 1742 ipsi
2190 1673 2306 1744 pari
2341 1677 2617 1748 aequitatis
2648 1678 2914 1734 industria
2953 1681 3283 1739 addiderant
3309 1685 3378 1719 3"
3405 1701 3503 1756 pa-

1887 1763 2144 1820 trimonio
2173 1781 2295 1832 suo,
2320 1768 2388 1821 ad
2413 1769 2728 1839 praesidium
2750 1772 2863 1828 Deo
2893 1773 3109 1843 placita:
3131 1777 3500 1832 constructio-

1887 1855 1974 1910 nis
1988 1859 2221 1913 contulit
2259 1861 2507 1933 legaliter
2536 1863 2824 1919 carissimo
2857 1865 3046 1936 nepoti
3077 1883 3198 1923 suo.

1954 1950 2008 2004 6.
2041 1951 2117 2004 Ad
2147 1952 2264 2007 lucc
2291 1953 2478 2008 omnia
2516 1969 2629 2009 non
2671 1971 2862 2026 parum
2907 1956 3086 2012 solatii
3121 1959 3380 2015 divinitas
3428 1959 3500 2015 ti-

1885 2039 1994 2094 deli
2027 2055 2128 2096 suo
2160 2039 2438 2096 Wicberto
2482 2042 2812 2108 contulerat,
2843 2045 2993 2115 quod
3032 2044 3087 2098 in
3130 2046 3218 2100 his
3243 2048 3502 2105 omnibus

1884 2133 2165 2190 doctorem
2197 2141 2251 2190 et
2274 2143 2562 2206 patronum
2593 2137 2887 2208 quemdam
2915 2140 3289 2196 venerabilem
3321 2143 3499 2198 virum

1884 2222 2165 2278 Erluiuum
2198 2225 2426 2280 nomine
2456 2226 2802 2296 prazviderat,
2826 2229 2920 2298 qui
2952 2237 3008 2284 et
3031 2229 3146 2300 ipse
3176 2233 3497 2288 canonicam

1883 2331 1993 2387 qua
2045 2315 2260 2372 vivebat
2309 2319 2578 2392 regulam,
2625 2319 2694 2374 ad
2735 2321 3115 2375 monachicam
3166 2321 3332 2376 vitam
3365 2339 3501 2378 con-

1879 2409 2133 2460 verterat.
2177 2406 2228 2460 ls
2270 2406 2362 2476 pio
2407 2413 2640 2476 patrono
2672 2414 2861 2462 nostro
2893 2407 2945 2462 in
2991 2408 3250 2464 omnibus
3279 2409 3496 2466 utilium

1879 2509 2062 2548 rerum
2093 2493 2342 2549 consiliis
2378 2495 2742 2566 exequendis,
2784 2495 2841 2548 in
2880 2496 3132 2552 secclesia
3170 2497 3496 2553 zedificanda

1879 2593 1934 2639 et
1985 2583 2224 2656 officinis
2275 2586 2501 2640 claustri
2559 2587 2966 2653 construendis,
3017 2588 3072 2642 in
3126 2587 3385 2644 fratribus
3423 2589 3492 2644 ad

1877 2677 2020 2732 ovile
2053 2678 2146 2732 Dei
2196 2679 2568 2734 convocandis
2607 2688 2663 2735 et
2706 2681 2984 2755 regendis,
3034 2681 3224 2738 aderat
3278 2682 3499 2752 adjutor

1875 2775 2184 2836 Oportunus
2211 2774 2266 2822 et
2295 2767 2576 2823 unanimis
2596 2768 2686 2823 "5.

1947 2855 1999 2911 7.
2059 2855 2163 2910 Alii
2191 2855 2260 2910 ad
2303 2854 2662 2926 perfectionis
2690 2857 2910 2912 culmen
2957 2857 3208 2913 tendenti
3238 2855 3496 2913 sufﬁcere

1873 2947 2156 3002 videretur
2192 2962 2223 3001 a
2268 2946 2413 3002 malo
2463 2947 2796 3014 declinasse,
2847 2949 3038 3004 mundi
3075 2949 3296 3021 pompis
3333 2949 3498 3004 abre-

156 3031 269 3085 latu
299 3030 560 3100 directus,
589 3031 803 3088 invenit
831 3032 937 3088 sibi
973 3032 1222 3100 domum,
1253 3039 1309 3088 et
1352 3040 1410 3088 ut
1441 3040 1617 3088 turtur
1657 3033 1780 3089 zelo
1805 3065 1854 3134 Ο
1882 3036 2188 3105 nuntiasse,
2229 3052 2329 3091 sua
2365 3037 2552 3092 omnia
2585 3037 2920 3108 pauperibus
2966 3053 3247 3113 erogasse.
3301 3038 3367 3092 At
3396 3039 3498 3094 do-

159 3121 425 3177 castitatis
462 3131 518 3178 et
561 3123 772 3196 gemitu
801 3124 1246 3196 compunctionis
1285 3124 1558 3180 animatus
1597 3124 1781 3195 posuit
1809 3121 1853 3134 ν
1881 3145 2043 3184 mnus
2079 3127 2384 3184 \Vicbertus
2409 3144 2532 3200 quae
2556 3137 2702 3184 retro
2732 3138 2861 3184 sunt
2887 3129 3113 3196 oblitus,
3143 3129 3199 3184 in
3221 3130 3499 3186 anteriora

157 3212 263 3267 sibi
294 3212 510 3282 nidum,
535 3214 633 3269 ubi
677 3224 972 3286 reponeret
1003 3215 1186 3286 pullos
1208 3231 1338 3272 suos
1358 3215 1525 3287 (Psal.
1557 3231 1778 3284 LXXXIII,
1877 3236 1938 3274 se
1965 3220 2264 3275 extendere
2295 3219 2592 3286 nitebatur,
2624 3221 2984 3292 semetipsum
3012 3237 3252 3294 arguens
3289 3221 3496 3294 imper-

155 3303 232 3374 4),
267 3305 368 3359 sub
399 3305 502 3361 alis
532 3305 722 3361 matris
749 3306 1020 3362 aecclesiae
1045 3305 1446 3363 confovendos.
1474 3306 1556 3362 lbi
1585 3323 1780 3362 mona-
1879 3309 2158 3378 fectionis,
2197 3311 2304 3365 nisi
2338 3317 2666 3384 argumento
2705 3310 2998 3366 dominicae
3038 3327 3234 3366 manus
3271 3314 3339 3368 ad
3390 3330 3496 3368 un-

149 3395 378 3452 chorum
408 3397 642 3454 collecta
667 3405 907 3465 caterva,
942 3413 1040 3468 per
1068 3413 1258 3452 eorum
1290 3399 1618 3470 obsequium
1661 3399 1778 3455 dis-
1876 3414 2042 3471 guem
2093 3397 2450 3468 expoliretur.
2508 3397 2752 3452 Audiens
2782 3414 2985 3468 nempe
3045 3399 3336 3454 Dominum
3397 3401 3491 3454 di-

150 3484 397 3556 ponebat
433 3485 720 3541 immolare
757 3487 868 3541 Deo
908 3485 1088 3540 laudis
1127 3485 1417 3552 sacriﬁcia,
1460 3493 1516 3542 et
1541 3488 1773 3542 reddere
1877 3493 2122 3541 centem:
2153 3488 2209 3540 Si
2243 3489 2361 3554 quis
2395 3486 2513 3540 vult
2561 3487 2744 3539 venire
2780 3486 2850 3538 ad
2875 3500 2980 3548 me,
3021 3486 3245 3555 abneget
3303 3493 3489 3541 semet-

150 3574 434 3630 Altissimo
488 3581 615 3630 vota
652 3591 771 3643 sua,
822 3575 917 3648 qui
953 3575 1294 3631 seminantes
1345 3575 1398 3632 ei
1437 3577 1768 3648 spiritualia,

151 3685 251 3725 sua
275 3673 550 3724 metereut
579 3669 839 3725 carnalia.
871 3670 980 3726 Hos
1009 3670 1077 3725 ad
1109 3678 1312 3726 rectam
1345 3687 1559 3727 morum
1593 3672 1772 3729 infor-

151 3762 287 3818 mari
326 3760 520 3817 volens
547 3761 813 3838 regulam,
845 3761 913 3816 ad
943 3761 1258 3834 apostolicae
1287 3762 1410 3817 vita:
1437 3762 1600 3836 dirigi
1639 3762 1771 3820 fecit

153 3855 379 3921 lineam,
421 3869 522 3926 per
559 3869 722 3926 quam
764 3853 818 3908 in
849 3853 1007 3911 initio
1062 3853 1190 3910 ﬁdei
1223 3853 1510 3911 fundatam
1541 3857 1772 3928 primiti-

153 3962 274 4002 vam
319 3951 667 4017 compererat
691 3944 1018 4001 ecclesiam.
1064 3945 1122 4000 In
1151 3945 1354 4018 quibus
1404 3945 1542 4001 illud
1575 3947 1773 4018 praeci-

160 4051 329 4107 puum
379 4041 516 4105 erat,
541 4041 600 4089 ut
651 4033 805 4090 nulla
833 4034 915 4090 eis
958 4035 1202 4106 propria,
1249 4036 1346 4091 sed
1373 4037 1560 4092 omnia
1591 4043 1775 4093 essent

157 4126 492 4194 communia,
525 4133 584 4182 ut
612 4142 846 4198 quorum
877 4127 1222 4184 conversatio
1246 4127 1358 4199 jam
1387 4135 1504 4184 erat
1551 4129 1608 4184 in
1647 4145 1770 4185 cos.-

157 4220 246 4287 lis,
275 4219 578 4293 angelicam
621 4220 1028 4292 quadammodo
1056 4221 1220 4276 vitam
1260 4221 1530 4296 degerent
1570 4223 1626 4277 in
1659 4229 1773 4279 ter-

157 4311 249 4367 ris.
273 4310 441 4366 Porro
471 4310 594 4380 ipse
631 4310 701 4365 ad
748 4325 939 4366 eorum
979 4315 1241 4382 tanquam
1275 4310 1343 4364 ad
1391 4311 1767 4381 apostolorum

1872 3576 2052 3644 ipsum
2085 3579 2138 3628 et
2158 3574 2308 3628 tollat
2331 3587 2545 3628 crucem
2567 3588 2728 3628 suam
2751 3579 2803 3628 et
2826 3579 3086 3642 sequatur
3112 3589 3198 3628 me
3231 3574 3379 3645 (Luc.
3415 3591 3491 3644 ix,

1869 3664 1983 3736 23),
2016 3671 2192 3720 totum
2236 3665 2340 3719 hoc
2369 3663 2708 3719 dominicum
2761 3663 3051 3734 imperium
3100 3665 3262 3720 traxit
3291 3665 3361 3720 ad
3409 3681 3489 3736 se,

1871 3765 1927 3814 et
1940 3759 2011 3794 ⁸³⁸
2038 3759 2324 3830 abnegans
2351 3759 2418 3794 ⁸³⁷
2446 3758 2800 3830 semetipsum
2833 3759 2956 3814 tulit
2986 3775 3208 3814 crucem
3241 3758 3490 3816 mortiﬁ-

1872 3848 2105 3904 cationis
2127 3848 2259 3904 Jesu
2287 3848 2344 3902 in
2369 3863 2602 3919 corpore
2633 3864 2755 3915 suo,
2789 3849 3062 3926 castigans
3093 3865 3298 3922 corpus
3329 3867 3491 3907 suum

1877 3946 1930 3998 et
1958 3940 2016 3994 in
2040 3939 2358 3996 servitutem
2401 3940 2682 4016 redigens,
2739 3957 2810 3998 ne
2855 3941 2996 3998 forte
3036 3942 3160 3997 aliis
3187 3943 3494 4015 praedicans

1876 4039 1994 4110 ipse
2020 4035 2288 4108 reprobus
2331 4036 2688 4092 inveniretur.
2743 4036 2888 4092 Tulit
2917 4052 3135 4092 crucem
3186 4037 3352 4092 etiam
3382 4037 3496 4094 fra-

1872 4129 2044 4178 ternae
2072 4123 2494 4194 compassionis,
2527 4123 2749 4196 quando
2800 4132 2990 4180 erutus
3036 4125 3106 4180 de
3145 4125 3328 4182 cribro
3369 4127 3492 4182 dia-

1872 4214 2069 4270 bolicae
2102 4217 2498 4287 temptationis,
2532 4216 2623 4288 ipe
2652 4217 2952 4289 aliquando
3007 4232 3309 4274 conversus
3351 4233 3488 4274 con-

1873 4303 2128 4362 ﬁrmabat
2155 4306 2350 4363 fratres
2387 4323 2538 4375 suos,
2582 4324 2680 4380 pro
2721 4308 2928 4380 quibus
2967 4308 3088 4379 ipse
3127 4307 3375 4362 Christus
3404 4307 3494 4362 bi-

157 4397 550 4469 pedesponens
588 4397 774 4452 omnia
803 4413 925 4469 quae
967 4397 1224 4466 habebat,
1264 4405 1324 4454 ut
1351 4399 1546 4454 usibus
1565 4394 1766 4456 eorum
1793 4451 1846 4472 ἢ
1873 4398 2031 4454 berat
2073 4399 2142 4434 ³³⁸
2185 4399 2409 4456 calicem
2444 4401 2733 4470 passionis.
2779 4401 2948 4472 igitur
2993 4407 3214 4471 arrepto
3263 4399 3493 4455 rationis

535 4451 544 4452 7
601 4451 609 4452 7
686 4451 693 4452 7
750 4451 770 4452 77
815 4451 837 4469 7.
1024 4451 1029 4452 7
1086 4451 1097 4452 7
1582 4451 1766 4456 777—7——
2192 4451 2409 4456 7—777777-
2444 4451 2732 4470 τ--η-ν--μ
2781 4451 2935 4472 νηπ-
2997 4451 3207 4471 wn."

158 4487 227 4541 ad
255 4501 476 4542 omnem
498 4485 888 4543 sufficientiam
923 4486 1234 4542 necessaria
1263 4451 1850 4558 suppeterent,sol-D
1874 4492 2050 4559 clavo,
2106 4498 2230 4564 post
2295 4508 2476 4547 rerum
2526 4507 2750 4546 suarum
2801 4492 3072 4560 jacturam
3124 4491 3306 4546 nudus
3356 4507 3490 4546 ena-

157 4579 306 4636 licita
336 4579 667 4650 paternitate
698 4578 1050 4650 diSponebat.
1083 4579 1242 4636 Unde
1281 4578 1445 4652 legali
1476 4581 1771 4638 traditione

159 4669 380 4724 tradidit
402 4669 484 4724 eis
521 4668 706 4725 villam
737 4670 998 4741 superius
1027 4672 1388 4726 nominatam.
1423 4672 1773 4730 Gemmelaus

158 4767 212 4816 et
239 4760 427 4816 omnia
465 4760 534 4816 ad
565 4761 799 4816 eandem
831 4761 1228 4832 appendentia,
1252 4771 1306 4817 et
1335 4761 1443 4818 alia
1473 4764 1643 4818 multa
1666 4780 1772 4819 un-

155 4849 447 4924 decunque
466 4851 521 4906 in
553 4859 764 4924 partem
790 4851 875 4908 vel
915 4859 1118 4909 sortem
1149 4869 1304 4909 suam
1331 4853 1458 4926 jure
1496 4854 1772 4911 heredita-

156 4940 226 4996 tis
250 4940 505 4996 cedentia
533 4940 622 4995 ⁸η.

223 5032 279 5086 5.
310 5029 389 5084 Ad
425 5029 530 5086 hoc
565 5045 707 5102 opus
758 5029 907 5086 felici
945 5031 1194 5102 auspicio
1245 5030 1527 5104 inceptum
1554 5033 1768 5089 anima-

1873 4581 1950 4637 vit
1977 4583 2046 4616 ⁸²⁹
2077 4583 2147 4637 de
2176 4581 2366 4636 mundi
2407 4581 2568 4652 hujus
2599 4580 2908 4652 naufragio,
2941 4587 2996 4634 et
3035 4579 3255 4634 tandem
3283 4580 3492 4651 potitus

1872 4671 2210 4727 monachicae
2265 4669 2470 4742 quietis
2509 4676 2672 4740 portu
2709 4668 2780 4702 ⁸³0
2825 4668 3122 4723 anchoram
3174 4668 3492 4726 stabilitatis

1871 4761 1940 4816 de
1970 4761 2079 4816 alto
2108 4758 2346 4830 pectoris
2371 4757 2456 4812 sui
2491 4757 2624 4828 jecit
2660 4757 2716 4811 in
2749 4757 3057 4812 claustralis
3095 4757 3160 4793 ⁸³¹
3203 4757 3329 4815 vitae
3357 4775 3486 4831 pro-

1871 4851 2062 4909 fundo.
2096 4850 2326 4906 Videbat
2345 4850 2491 4906 enim
2523 4849 2673 4922 quod
2693 4865 2962 4922 nusquam
2989 4849 3120 4905 alibi
3165 4851 3334 4907 tutius
3370 4867 3492 4923 per-

1871 4945 2082 5018 fugium
2135 4949 2281 4998 esset
2321 4941 2556 5016 fugienti
2615 4958 2646 4997 a
2693 4943 2886 4998 mundi
2951 4942 3224 5014 periculo,
3264 4959 3387 4998 cum
3432 4944 3489 4998 in

1870 5035 2127 5092 claustris
2153 5033 2473 5090 monasterii
2503 5033 2574 5068 ⁸³³
2602 5034 2814 5090 heremi
2839 5049 2948 5092 non
2975 5035 3120 5091 desit
3147 5035 3412 5100 solitudo,
3435 5037 3516 5089 et'

158 5121 318 5176 batur
337 5133 448 5175 non
477 5119 656 5175 solum
687 5119 992 5176 divinitatis
1020 5119 1219 5192 gratia,
1252 5121 1349 5175 sed
1397 5121 1562 5177 etiam
1595 5123 1764 5179 nobi-
1866 5130 1912 5184 si
1951 5143 2117 5200 quem
2163 5126 2349 5200 aliquo
2398 5125 2564 5182 modo
2604 5126 2894 5184 diabolica;
2923 5126 3256 5182 incursionis
3303 5124 3490 5181 titillet

156 5208 372 5264 lissimae
402 5214 458 5265 et
474 5207 948 5264 christianissimus
979 5208 1115 5265 aviae
1146 5224 1260 5264 suae
1291 5208 1450 5264 Gislae
1481 5211 1574 5282 pia
1605 5212 1764 5269 coni-

1867 5221 2212 5294 inquietudo,
2267 5227 2450 5292 presto
2490 5219 2634 5276 adsit
2694 5229 2908 5292 promta
2949 5219 3202 5275 fraternae
3232 5215 3484 5273 consola-

157 5303 373 5373 ventia,
423 5319 547 5377 quae
591 5303 971 5361 dulcissimum
1037 5314 1302 5376 nepotem
1359 5321 1519 5362 suum
1569 5307 1766 5364 videns
1865 5311 2034 5368 tionis
2063 5309 2342 5367 fortitudo.
2377 5308 2611 5366 Videbat
2637 5309 2804 5365 etiam
2835 5307 2985 5381 quod
3017 5322 3128 5364 non
3159 5305 3323 5361 altius
3347 5319 3484 5375 pos-

1504 5415 1724 5474 VARUE
1749 5418 2029 5477 LECTION
2039 5418 2132 5475 ES.

224 5509 288 5587 ⁸ξ¹
305 5517 530 5587 flete.
564 5519 622 5568 et
647 5529 699 5568 a.
727 5516 884 5569 initio
916 5513 1086 5587 1.)”
1112 5514 1289 5570 hincl
1330 5514 1419 5586 114
1448 5517 1593 5571 linea
1620 5533 1778 5574 erasa
1792 5523 1891 5575 est.
1923 5519 1975 5573 1.
2037 5517 2109 5553 ω
2138 5531 2272 5587 sup,

971 5585 1042 5620 ⁸²⁶
1069 5600 1334 5656 superscr.
1374 5585 1430 5642 1.
1479 5587 1531 5642 2.
1563 5589 1707 5644 deest
1731 5591 1782 5645 3.

154 5654 260 5708 loco
295 5667 420 5726 raso
443 5654 495 5710 1.
530 5671 620 5712 ma
652 5670 828 5726 supra
851 5671 1068 5714 erasum
1092 5654 1324 5714 videtur.

154 5727 351 5781 inserit
376 5724 430 5781 2.

153 5581 219 5618 ³³⁸
243 5581 267 5634 1
303 5580 391 5653 213
421 5583 576 5638 linere
606 5599 774 5638 erasa;
806 5587 854 5640 1.

1429 5658 1499 5694 εθο
1527 5660 1615 5730 1ιῦ
1653 5661 1798 5720 linea
1832 5677 1996 5719 erasa
2027 5660 2076 5714 1.

2273 5530 2308 5570 a
2335 5515 2394 5570 in
2419 5518 2619 5570 sertum
2645 5515 2695 5569 1.
2752 5513 2821 5548 ⁸³⁸
2847 5511 2904 5566 di
2932 5525 3102 5580 supra
3129 5509 3402 5580 insertum
3428 5507 3483 5564 1.

2592 5585 2660 5620 m
2685 5583 2915 5640 bibebat
2943 5579 3082 5637 corr.
3124 5596 3167 5635 r.
3200 5581 3252 5634 1.
3337 5579 3406 5613 ⁸³³
3426 5581 3486 5634 in

2878 5653 2949 5690 ⁸⁸³
2980 5653 3126 5709 locus
3154 5666 3312 5709 rasus
3349 5651 3402 5704 1.
3426 5657 3483 5707 et

1910 5590 1978 5624 ⁸³⁷
2014 5587 2099 5644 hic
2131 5603 2240 5643 von:
2271 5601 2427 5642 erasa
2460 5589 2507 5642 1.

2190 5659 2255 5694 θ³¹
2287 5674 2389 5716 cau
2405 5673 2546 5715 corr.
2579 5656 2701 5714 clau
2724 5657 2775 5711 1.
