3938 6050
423 224 526 283 667

1649 219 1990 276 SlGEBERTl
2033 216 2543 275 GEMBLACENSIS.

3647 224 3759 279 668

421 358 505 406 set
533 351 851 417 ascendere,
883 349 927 404 si
959 360 1146 422 posset
1189 351 1342 405 illum
1389 350 1673 426 religionis
1697 351 1927 425 gradum
1954 354 2038 404 at-
2063 349 2113 420 Α
2139 346 2402 417 patebant
2431 348 2684 418 luporum
2725 346 3005 404 morsibus
3044 347 3324 404 dominico
3355 348 3484 404 ovili
3531 349 3761 409 inclusnt

422 443 653 517 tingere,
681 443 746 496 ad
780 457 942 513 quem
980 442 1129 496 omni
1161 442 1386 513 quidem
1423 441 1605 496 ordini
1645 440 2032 496 aecclesiastico

421 533 685 604 omnique
724 541 954 589 terrena:
1004 535 1256 604 potestati
1307 534 1470 589 liceat
1522 533 1808 598 accedere,
1851 548 1881 586 a
1927 547 2034 603 quo

423 628 559 683 nulli
591 629 817 684 omnino
851 629 1000 684 nulla
1035 629 1262 684 omnino
1309 629 1378 663 ⁸³³
1418 628 1709 684 occasione
1748 627 1912 682 liceat
1942 627 2040 680 im-

426 738 572 793 pune
603 723 886 779 recedere.
936 724 1205 778 Praeterea
1244 723 1327 776 vir
1360 723 1604 794 prudens
1651 728 1778 777 ante
1809 728 1864 776 et
1895 727 2038 775 retro

2140 439 2228 509 (cf.
2291 443 2463 496 Vitam
2500 444 2761 496 Johannis
2812 443 3149 511 Gorziensis).
3214 440 3594 497 Collaborabat
3647 441 3758 496 sibi

2139 535 2208 590 ad
2263 537 2364 592 hoc
2416 536 2540 607 pius
2579 537 2890 592 Gorziensis
2925 536 3100 592 abbas
3155 539 3490 612 Agenoldus,
3535 546 3759 594 restau—

2139 625 2325 680 randaa
2355 632 2556 681 sanctae
2596 625 2882 698 religionis
2936 626 3154 695 adjutor
3207 634 3534 697 Oportunus.
3569 629 3762 700 Itaque

2139 717 2425 788 extirpatis
2451 718 2662 774 nocivis
2686 718 2964 773 radicibus
2996 718 3065 772 de
3093 719 3354 774 dominici
3379 721 3522 775 horti
3555 721 3762 785 areola,

423 813 692 879 oculatus,
734 814 869 868 nihil
912 821 1117 869 temere
1159 820 1212 868 et
1251 814 1557 886 improvide
1599 813 1702 867 sibi
1762 811 2036 885 agendum
2142 809 2484 865 Adelberone
2534 810 2796 881 episcOpo
2853 810 3156 881 plantante,
3202 812 3482 884 Agenoldo
3523 813 3764 888 rigante,

426 919 552 958 esse
581 906 901 960 attendebat
927 905 1266 978 diligentius.
1303 905 1367 960 Ut
1397 905 1543 959 enim
1573 903 1778 958 athleta
1800 901 2040 956 stadium
2141 898 2252 953 Deo
2306 906 2488 954 autem
2527 899 2954 969 incrementum,
2994 900 3178 962 dante,
3232 901 3556 956 crescebant
3596 902 3764 957 solito

427 993 709 1068 ingressus
755 995 989 1051 sollicite
1029 995 1351 1068 qualitatem
1388 994 1492 1050 loci
1532 992 1925 1063 circumspicit,
1972 1007 2041 1045 ne

429 1086 574 1156 quod
604 1084 993 1142 olfendiculum
1037 1086 1144 1141 sibi
1178 1086 1443 1161 pugnanti
1476 1086 1561 1140 vel
1603 1084 1847 1138 currenti
1873 1083 2039 1147 obsit,

429 1176 502 1229 ita
529 1183 582 1230 et
613 1176 703 1230 hic
724 1185 909 1231 noster
936 1177 1142 1231 athleta
1173 1176 1604 1246 Oportunitatem
1637 1180 1690 1228 et
1721 1173 2039 1244 qualitatem

429 1267 534 1322 loci
577 1268 670 1322 ubi
703 1270 1043 1339 prepositum
1077 1285 1234 1323 suum
1264 1283 1459 1322 secure
1491 1272 1864 1336 exequeretur
1887 1271 2043 1318 caute

430 1357 687 1427 dispexit.
735 1359 945 1413 scilicet
975 1358 1068 1412 ubi
1097 1433 1100 1436 ἢ
1127 1374 1231 1412 nec
1259 1356 1572 1429 indulgeret
1601 1354 1706 1409 sibi
1754 1353 2046 1424 disciplina

433 1451 736 1516 remissior,
761 1468 863 1506 nec
885 1468 983 1522 pro
1006 1452 1207 1506 intuitu
1239 1459 1384 1505 notae
1405 1449 1708 1504 nobilitatis
1731 1449 1872 1503 male
1895 1449 2048 1502 blan-

2143 985 2370 1041 uberius
2393 987 2656 1043 virtutum
2703 988 2990 1058 plantaria.
3036 989 3364 1061 Quicunque
3407 1005 3537 1062 ergo
3600 990 3766 1045 abre-

2144 1078 2466 1134 nuntiantes
2496 1079 2684 1132 seculo
2715 1094 2883 1133 suave
2915 1077 3112 1133 Christi
3153 1079 3347 1151 jugum
3374 1080 3569 1134 tollere
3599 1080 3765 1134 vole-

2145 1168 2297 1233 bant,
2330 1183 2493 1238 quam
2533 1166 2694 1222 mites
2725 1174 2779 1222 et
2809 1167 3048 1221 humiles
3078 1167 3242 1223 corde
3277 1168 3533 1238 exemplo
3566 1167 3768 1222 Christi

2147 1273 2268 1312 esse
2293 1257 2581 1320 deberent,
2623 1256 2715 1310 hic
2747 1255 3088 1311 ediscebant.
3136 1256 3459 1327 Quicunque
3511 1272 3578 1310 ex
3630 1255 3771 1310 mili-

2149 1351 2251 1406 tari
2278 1335 2468 1405 habitu
2499 1350 2555 1404 in
2579 1351 2779 1405 timore
2812 1350 3028 1405 Domini
3061 1349 3441 1405 fortitudinem
3472 1366 3626 1404 suam
3643 1365 3772 1403 mu-

2150 1441 2357 1507 tabant,
2391 1441 2483 1496 hic
2517 1441 2672 1512 quasi
2725 1441 2781 1494 in
2812 1455 3007 1510 campo
3053 1440 3223 1495 divini
3264 1439 3518 1510 tyrocinii
3546 1439 3772 1510 experi-

431 1539 645 1594 diretur
668 1541 770 1594 sibi
800 1541 1222 1596 honoriﬁcentia
1260 1540 1583 1610 impensior.
1617 1539 1868 1593 Timebat
1899 1538 2046 1592 enim
2150 1540 2394 1587 mentum
2426 1533 2509 1587 sui
2543 1533 2855 1602 capiebant.
2886 1532 3210 1603 Quicunque
3249 1548 3314 1586 ex
3355 1531 3595 1586 clericali
3625 1538 3778 1585 sorte

435 1647 504 1685 ne
543 1632 647 1685 sibi
689 1633 964 1688 diceretur
1011 1650 1040 1687 a
1081 1634 1342 1689 Domino:
1398 1635 1614 1687 Utinam
1660 1632 1866 1686 calidus
1921 1645 2128 1740 essesB

433 1727 532 1774 aut
555 1724 785 1789 frigidus
797 1724 813 1775 .'
838 1725 926 1777 sed
950 1726 1078 1792 quia
1109 1725 1312 1792 tepidus
1339 1738 1410 1789 es,
1445 1725 1704 1792 incipiam
1745 1727 1793 1775 te
1820 1735 2054 1775 evomere

433 1825 500 1864 ex
528 1826 615 1864 ore
638 1827 750 1865 meo
777 1811 956 1882 (Apoc.
998 1830 1078 1877 ιιι,
1112 1813 1214 1879 ιδ).
1258 1813 1506 1865 Timebat
1545 1810 1740 1878 etiam,
1787 1826 1877 1877 ne,
1912 1809 2055 1864 sicut

437 1897 528 1952 ille
557 1899 649 1970 qui
679 1908 868 1954 contra
896 1901 1117 1954 ﬂantem
1150 1909 1375 1955 ventum
1416 1900 1580 1956 ﬂores
1621 1905 1828 1968 portat,
1891 1898 2054 1953 etiam

440 1987 557 2058 ipse
580 1987 842 2042 inanitate
863 1989 930 2022 33‘
954 1989 1210 2044 elationis
1234 1987 1478 2054 inﬂatus,
1505 1990 1768 2044 collectos
1798 1987 2053 2042 virtutum

442 2080 607 2133 liores
639 2080 915 2149 perderet.
958 2087 1011 2135 et
1040 2080 1194 2151 quasi
1226 2081 1469 2152 pulveris
1500 2081 1758 2152 squalore
1816 2078 2058 2134 foeditate

444 2169 735 2239 apostasia:
763 2169 1012 2224 sorderet
1043 2180 1096 2224 et
1127 2171 1426 2225 ca‘scutiret.

515 2261 569 2315 8.
601 2257 844 2328 Denique
873 2259 1130 2314 columba
1159 2258 1355 2313 Christi
1388 2259 1582 2314 nolens
1613 2257 1820 2312 diutius
1853 2255 2062 2312 involvi

446 2354 745 2407 mundanis
799 2353 1268 2422 ﬂuctuationibus,
1310 2353 1439 2407 dum
1492 2368 1602 2408 non
1649 2351 1925 2408 inveniret
1963 2350 2060 2404 ubi

448 2444 819 2515 requiesceret
848 2461 945 2516 pes
976 2447 1116 2516 ejus,
1169 2445 1305 2500 adiit
1339 2445 1558 2500 archam
1592 2449 1836 2515 paratam
1891 2459 1921 2497 a
1952 2443 2063 2497 Deo

451 2537 748 2590 multorum
779 2537 960 2601 saluti,
1002 2538 1214 2593 scilicet
1264 2539 1554 2593 claustrum
1602 2535 1912 2592 Gorziensis
1943 2548 2056 2590 cce-

453 2625 626 2680 nobii.
688 2627 745 2679 Id
779 2628 1093 2683 ceenobium
1121 2628 1249 2684 olim
1291 2629 1373 2683 vir
1416 2629 1601 2704 magni
1657 2627 1895 2682 nominis
1935 2626 2062 2696 Pip-

454 2718 568 2788 pini
601 2718 669 2752 ⁸³⁵
698 2719 847 2792 regis
885 2735 948 2774 ex
979 2735 1168 2775 sorore
1209 2735 1382 2790 nepos
1413 2719 1804 2795 Crodegandus
1835 2719 2064 2773 Metten-

452 2807 528 2861 sis
557 2809 850 2879 episcopus
880 2810 1199 2871 construxit,
1241 2815 1295 2862 et
1349 2810 1417 2863 ad
1456 2816 1722 2864 internum
1756 2806 2064 2863 sanctitatis

453 2919 567 2957 suae
597 2905 996 2958 monimentum
1028 2905 1096 2939 εδδ
1125 2904 1326 2973 Opibus
1355 2903 1568 2971 (litavit,
1611 2910 1667 2957 et
1710 2902 1856 2973 quod
1890 2902 2065 2970 majus

455 3003 540 3050 est
569 2996 855 3070 religionis
884 2997 1058 3068 gratia
1101 2995 1378 3051 decoravit
1425 2996 1514 3065 (cf.
1555 2999 1724 3050 Vitam
1772 2997 2063 3063 Chrodeg.).

456 3083 561 3137 Sed
593 3100 851 3154 processu
881 3085 1146 3156 temporis
1171 3086 1556 3140 crebrescente
1596 3085 1868 3139 bellorum
1909 3082 2067 3136 mali-

456 3174 558 3238 cia,
580 3182 634 3228 et
657 3191 754 3244 per
786 3177 901 3231 luec
919 3176 1278 3231 crudescente
1306 3176 1571 3230 malorum
1595 3175 1840 3242 miseria,
1863 3181 1917 3229 et
1939 3175 2068 3245 quia

460 3262 609 3334 legas
655 3263 820 3318 silent
865 3264 1008 3318 inter
1039 3281 1210 3331 arma,
1256 3265 1380 3320 ideo
1421 3264 1796 3318 invalescente
1848 3279 2068 3334 quaqua

459 3357 724 3405 terrarum
753 3352 1040 3419 injustitia,
1072 3353 1232 3407 etiam
1269 3353 1342 3407 ibi
1370 3369 1468 3423 per
1497 3358 1680 3408 notam
1710 3351 1975 3423 temporis
2014 3358 2068 3406 et

459 3443 802 3512 przelatorum
864 3444 1130 3500 incuriam
1201 3445 1508 3516 disciplinae
1576 3445 1842 3518 regularis
1909 3443 2074 3514 coepit

458 3535 693 3589 emolliri
725 3553 976 3592 censura.
1015 3537 1209 3592 Ethaec
1237 3537 1482 3593 caelestis
1512 3537 1606 3592 irae
1630 3537 1920 3609 permissio
1949 3544 2074 3592 tan-

459 3625 552 3680 diu
589 3627 908 3698 permansit,
964 3626 1142 3681 donec
1187 3627 1408 3685 tandem
1455 3627 1656 3682 divinae
1698 3627 2075 3682 miserationis

459 3716 655 3771 oculus
683 3732 848 3785 super
890 3715 1264 3770 inhabitantes
1306 3723 1505 3770 terram
1549 3717 1859 3787 prospexit;
1895 3717 1990 3788 qui
2022 3723 2076 3771 et

461 3807 802 3862 infidelitatis
831 3808 1085 3861 tenebras
1111 3809 1334 3875 amovit,
1360 3815 1414 3862 et
1435 3809 1610 3862 lucem
1644 3809 1886 3863 veritatis
1919 3824 2078 3864 revo-

459 3898 619 3953 cavit.
651 3898 727 3950 Ad
768 3899 872 3951 hoc
903 3898 1045 3951 inter
1095 3899 1302 3967 primos
1346 3915 1376 3952 a
1409 3899 1517 3954 Deo
1566 3899 1767 3953 missus
1797 3908 1880 3954 est
1911 3899 2069 3953 Adel-

460 3989 616 4053 bero,
658 3989 868 4059 primus
917 3989 1080 4057 hujus
1139 3990 1377 4044 nominis
1432 3990 1712 4044 Mettensis
1751 3989 2071 4060 epiSCOpus,

460 4079 555 4151 qui
586 4080 852 4136 nobilium
884 4081 1374 4137 christianissimus
1413 4090 1468 4136 et
1511 4081 1939 4137 Christianorum
1971 4098 2072 4138 no-

461 4167 767 4223 bilissimus
797 4200 858 4208 —-
895 4178 1018 4250 ‘erat
1055 4171 1263 4241 quippe
1300 4169 1464 4225 frater
1499 4170 1782 4225 Fritherici
1816 4170 1975 4225 ducis
2007 4201 2074 4210 ~—

463 4257 517 4311 in
547 4257 650 4312 hoc
707 4257 941 4328 primum
983 4259 1068 4313 sui
1111 4259 1394 4332 regiminis
1434 4258 1585 4313 dedit
1639 4259 1984 4324 exercitium,
2017 4267 2076 4314 ut

462 4349 767 4404 etseculari
797 4349 1039 4419 potentia
1070 4359 1126 4404 et
1155 4351 1456 4422 episcopali
1498 4366 1731 4405 censura
1762 4352 2078 4406 exturbaret

461 4457 492 4495 a
530 4456 628 4495 sua
655 4440 861 4496 diocesi
888 4442 1323 4516 inreligiositatis
1352 4442 1575 4498 vicium.
1605 4443 1774 4512 Hujus
1804 4444 1962 4499 bonae
1992 4445 2078 4499 in-

462 4531 727 4586 tentionis
753 4531 970 4586 oculum
1015 4532 1312 4586 intendens
1343 4532 1579 4603 primum
1612 4548 1780 4603 super
1803 4534 2074 4588 monasti-

461 4638 577 4677 cam
601 4623 970 4695 disciplinam,
1004 4625 1325 4680 elaborabat
1355 4641 1474 4679 eam
1508 4626 1578 4680 ad
1608 4626 1923 4696 apostolicae
1953 4626 2077 4681 vitae

463 4711 712 4784 redigere
735 4727 1003 4768 normam.
1042 4714 1101 4768 Et
1127 4714 1402 4784 incipiens
1430 4731 1460 4768 a
1492 4714 1683 4769 Gorzia
1712 4730 1835 4786 quae
1864 4715 2079 4770 caeteris

463 4802 810 4857 monasteriis
840 4811 955 4858 erat
983 4806 1331 4874 prmstantior
1376 4805 1433 4859 in
1481 4821 1580 4860 sua
1620 4807 1932 4876 parrochia,
1979 4805 2074 4860 ubi

466 4892 726 4947 institutis
749 4893 1031 4966 religionis
1060 4895 1283 4966 vixipsa
1310 4897 1652 4967 apparebant
1679 4896 1933 4970 vestigia,
1963 4911 2076 4951 non

465 4981 618 5052 prius
645 4981 875 5050 destitit,
915 4998 1078 5054 quam
1110 4985 1448 5040 monachicae
1503 4985 1625 5040 vitae
1656 4985 2000 5055 professores
2047 5003 2079 5040 a

464 5073 652 5129 saeculi
678 5073 917 5130 vanitate
958 5082 1220 5131 retractos
1241 5084 1402 5131 rectm
1433 5077 1535 5132 via:
1565 5076 1824 5145 reddidit,
1867 5085 1922 5132 et
1950 5085 2079 5133 ante

467 5167 653 5222 omnia
723 5167 964 5222 radicem
1009 5167 1277 5223 malorum
1344 5174 1397 5222 et
1437 5169 1632 5224 malam
1686 5171 2079 5226 monachorum

469 5273 782 5326 novercam,
837 5257 1050 5312 scilicet
1111 5259 1502 5330 proprietatum
1551 5261 2078 5331 concupiscentiam,

469 5366 733 5406 mucrone
755 5349 1015 5421 pastorali
1037 5349 1286 5417 extinxit,
1317 5358 1371 5406 et
1392 5351 1484 5423 qui
1520 5351 1574 5405 in
1603 5353 1790 5408 saeculi
1809 5352 2082 5424 competis

2155 1625 2223 1679 ad
2254 1625 2505 1680 altiorem
2538 1623 2866 1678 humilitatis
2895 1623 3125 1697 gradum
3161 1623 3425 1693 optabant
3452 1622 3777 1686 ascendere,

2156 1715 2244 1770 hic
2273 1731 2399 1771 cum
2450 1714 2620 1769 Jacob
2662 1729 2773 1769 non
2825 1714 2881 1768 in
2935 1711 3145 1768 somnis
3193 1712 3290 1767 sed
3340 1727 3529 1766 revera
3573 1711 3778 1765 scalam

2157 1811 2328 1866 caelos
2357 1811 2717 1884 attingentem
2747 1811 3099 1864 merebantur
3119 1807 3328 1874 videre,
3358 1823 3458 1878 per
3483 1823 3643 1878 quam
3675 1821 3779 1860 an-

2156 1903 2309 1975 gelos
2321 1902 2686 1957 ascendentes
2703 1908 2757 1955 et
2769 1900 3173 1955 descendentes
3190 1897 3611 1969 possentvidere
3627 1897 3778 1966 (Gen.

2157 2011 2344 2060 xxviii,
2378 1994 2485 2064 12).
2539 1992 2667 2048 Cum
2723 2006 2854 2065 ergo
2896 1992 2986 2046 hic
3028 1998 3212 2046 tantus
3242 1998 3444 2044 sanctae
3494 1987 3786 2060 religionis

2161 2085 2344 2140 fervor
2374 2091 2481 2138 tam
2517 2085 2678 2156 longe
2717 2092 2772 2137 et
2803 2090 2910 2136 tam
2942 2083 3051 2136 late
3092 2081 3292 2137 caloris
3323 2079 3406 2136 sui
3439 2077 3776 2134 diffunderet

2162 2177 2433 2240 ﬂammas,
2458 2177 2547 2231 hic
2567 2176 2634 2230 ad
2659 2175 3008 2247 disciplinam
3026 2173 3240 2230 Domini
3262 2172 3444 2228 omnis
3465 2169 3783 2226 conﬂuebat

2165 2266 2440 2332 nobilitas,
2465 2265 2648 2321 omnis
2674 2264 2936 2339 dignitas,
2966 2265 3146 2319 omnis
3177 2263 3297 2318 sine
3323 2277 3680 2334 personarum
3701 2260 3790 2313 di-

2165 2355 2440 2410 scretione
2457 2354 2727 2426 professio
2747 2353 3110 2409 concurrebat
3129 2358 3183 2408 et
3197 2359 3346 2407 aetas.
3367 2352 3479 2407 Nec
3493 2352 3786 2422 quisquam

2166 2448 2253 2504 vel
2302 2447 2518 2502 initium
2549 2445 2928 2501 conversionis
2956 2461 3013 2500 se
3046 2445 3310 2501 credebat
3351 2444 3667 2515 arripuisse,
3706 2453 3796 2507 cui

2167 2551 2278 2592 non
2309 2535 2618 2609 contigerat
2649 2534 2929 2589 Gorziensi
2981 2534 3171 2608 regula
3201 2533 3480 2587 initiatum
3513 2547 3659 2586 esse.
3697 2531 3794 2586 llic

2166 2627 2552 2685 inveniebatur
2584 2627 2668 2680 lac
2699 2626 2846 2697 quod
2881 2626 3140 2696 parvulus
3170 2631 3392 2699 sugeret
3421 2624 3511 2692 ⁸³⁷,
3545 2623 3633 2678 hic
3658 2624 3796 2678 soli-

2167 2721 2269 2775 dus
2299 2718 2460 2790 panis
2490 2734 2659 2789 quem
2699 2716 2975 2787 perfectus
3031 2717 3337 2780 manderet,
3385 2722 3439 2770 et
3479 2715 3788 2786 aliquando

2164 2812 2322 2884 quasi
2349 2811 2531 2866 nutrix
2584 2810 2638 2864 in
2670 2825 2874 2880 corpus
2930 2825 3088 2864 suum
3123 2809 3421 2876 trajiceret,
3453 2814 3510 2861 ut
3564 2814 3618 2861 et
3657 2806 3799 2862 alios

2169 2902 2334 2957 rudes
2356 2900 2440 2955 vel
2469 2898 2718 2954 infirmos
2742 2899 2870 2954 inde
2891 2907 3160 2969 pasceret.
3200 2899 3346 2952 Inter
3371 2912 3467 2952 eos
3490 2896 3578 2950 hic
3610 2903 3802 2951 noster

2170 3001 2435 3066 patronus
2457 2993 2768 3048 Wicbertus
2800 2993 2868 3028 ⁸³⁸
2899 3007 3009 3048 non
3033 2993 3240 3047 ultimm
3275 2991 3602 3058 nobilitatis,
3626 2991 3799 3046 immo

2091 3044 2138 3112 Ο
2171 3044 2281 3138 {rion
2337 3081 2542 3136 ultima:
2593 3080 2922 3134 humilitatis
2980 3088 3034 3135 et
3088 3080 3391 3135 sanctitatis
3454 3044 3651 3150 spiritu
3701 3079 3801 3134 Dei

2170 3183 2369 3252 agente
2400 3184 2483 3230 est
2509 3174 2798 3240 adductus,
2835 3183 2893 3228 ut
2924 3174 3017 3245 qui
3045 3174 3157 3242 jam
3199 3173 3409 3227 dudum
3442 3172 3798 3227 renuntiave-

2173 3276 2260 3323 rat
2289 3268 2404 3322 suis
2433 3265 2691 3321 omnibus
2749 3265 2838 3320 hic
2867 3267 3028 3319 etiam
3060 3264 3389 3335 sibimetipsi
3433 3264 3798 3327 renuntiaret,

2170 3366 2229 3414 ut
2262 3358 2471 3413 Christo
2499 3357 2796 3430 perfectius
2849 3358 3157 3411 adhereret.
3192 3355 3284 3428 |Se
3341 3357 3520 3426 ipsum
3573 3371 3706 3428 ergo
3741 3362 3796 3409 et

2176 3463 2370 3503 omnes
2421 3463 2560 3519 quos
2618 3447 2828 3502 Christo
2887 3444 3234 3510 lucrifecerat
3273 3444 3568 3500 venerandi
3627 3444 3802 3513 patris

2175 3536 2442 3611 Agenoldi
2475 3536 2826 3591 committens
2856 3534 3131 3602 manibus,
3161 3533 3465 3588 adherebat
3505 3533 3557 3587 ei
3582 3532 3802 3587 studio-

2176 3627 2310 3692 sius,
2346 3633 2400 3680 et
2429 3625 2497 3680 ab
2534 3640 2630 3679 ore
2686 3625 2804 3692 ejus
2835 3623 3114 3694 pendebat
3144 3622 3430 3688 intentius,
3482 3629 3673 3692 utpote
3705 3622 3798 3691 qui

2177 3735 2244 3773 ex
2273 3718 2526 3772 doctrina
2557 3718 2677 3784 ejus
2732 3731 2844 3771 non
2882 3715 3034 3770 solus
3083 3713 3231 3784 pasci
3280 3713 3541 3780 habebat,
3591 3713 3689 3768 sed
3749 3721 3803 3767 et

2179 3808 2350 3862 micas
2373 3825 2436 3862 ex
2469 3824 2533 3862 ea
2567 3806 2816 3862 collectis
2857 3821 2956 3876 per
2973 3819 3030 3859 se
3071 3803 3263 3859 Christi
3295 3803 3629 3875 pauperibus
3659 3800 3802 3856 ferre

2177 3899 2481 3972 satagebat.
2526 3898 2586 3951 Et
2617 3906 2676 3952 ut
2703 3896 2756 3950 id
2788 3897 2858 3950 ad
2881 3894 3028 3967 quod
3059 3903 3285 3950 venerat
3315 3893 3640 3967 diligentius
3673 3907 3806 3946 exe-

2175 3997 2455 4063 queretur,
2499 3989 2842 4062 singulorum
2881 3988 3086 4062 gratias
3132 3985 3383 4040 sollerter
3443 3984 3794 4055 contempla-

2176 4080 2355 4146 batur,
2398 4088 2452 4133 et
2490 4078 2700 4148 aliquid
2730 4077 2859 4131 inde
2888 4077 2956 4130 ad
2987 4091 3045 4129 se
3079 4075 3257 4144 ipsum
3296 4072 3550 4141 trajicere
3579 4071 3800 4125 niteba-

2177 4178 2280 4227 tur.
2315 4167 2844 4224 Erudiebaturillius
2875 4167 3160 4238 patientia,
3193 4164 3601 4220 accendebatur
3634 4163 3799 4217 istius

2177 4262 2371 4319 orandi
2425 4261 2705 4327 instantia,
2755 4260 2983 4315 alterius
3036 4257 3407 4314 delectabatur
3449 4254 3792 4311 obedientia.

2181 4357 2344 4412 Istius
2375 4355 2764 4421 humilitatem,
2798 4354 2944 4408 illius
2974 4353 3292 4408 imitabatur
3317 4348 3693 4405 sobrietatem.
3740 4349 3800 4401 lu

2182 4451 2287 4505 hoc
2315 4449 2504 4504 activae
2524 4448 2650 4503 vitae
2683 4447 2950 4514 laborem,
2978 4445 3037 4501 in
3064 4445 3157 4499 illo
3185 4440 3672 4513 contemplationis
3702 4440 3803 4494 mi-

2179 4539 2399 4594 rabatur
2425 4538 2699 4593 ardorem.
2735 4535 2925 4590 Flebat
2957 4534 3186 4605 perinde
3225 4533 3293 4566 339
3343 4529 3481 4586 miro
3520 4530 3708 4596 modo,
3743 4537 3805 4583 ut

2179 4629 2309 4683 dum
2352 4629 2472 4698 ipse
2501 4626 2571 4680 de
2596 4625 2939 4696 singulorum
2977 4622 3274 4678 virtutibus
3304 4619 3516 4691 aliquid
3546 4617 3806 4687 decerpit

2180 4720 2327 4792 quod
2361 4718 2468 4773 sibi
2499 4717 2570 4772 sit
2603 4732 2699 4786 pro
2724 4715 3000 4786 exemplo,
3033 4714 3154 4784 ipse
3184 4712 3336 4767 solus
3366 4709 3627 4767 omnibus
3654 4715 3806 4762 esset

2177 4808 2450 4878 exemplo.
2478 4805 2542 4860 Ut
2573 4805 2719 4860 enim
2751 4803 3055 4859 secundum
3087 4801 3395 4858 Salomonis
3419 4798 3802 4870 proverbium,

2176 4906 2386 4969 ferrum
2427 4900 2568 4966 ferro
2605 4900 2844 4964 acuitur,
2894 4896 2968 4950 ita
3008 4896 3145 4950 alter
3194 4895 3261 4948 ab
3311 4893 3484 4946 altero
3540 4891 3611 4945 ad
3653 4890 3802 4944 bene

2179 4993 2452 5066 agendum
2481 4989 2873 5055 exacuehatur,
2907 4995 2958 5044 et
3002 4995 3063 5043 ut
3093 4989 3244 5042 homo
3281 4983 3569 5040 confundit
3599 4984 3803 5049 faciem

2180 5085 2344 5137 amici
2397 5082 2485 5134 sui
2513 5078 2688 5148 (Prov.
2745 5094 2912 5144 xxvn,
2953 5077 3061 5143 l7),
3115 5076 3188 5130 ita
3219 5081 3274 5129 et
3310 5088 3406 5128 eos
3428 5072 3517 5143 pia
3547 5070 3803 5125 fraternae

2181 5169 2549 5225 aemulationis
2597 5167 2852 5223 movebat
2889 5165 3162 5231 confusio,
3220 5163 3326 5218 nisi
3376 5161 3513 5216 alter
3567 5159 3804 5214 alterum

2183 5262 2368 5334 quiret
2390 5261 2610 5316 imitari.

2247 5339 3806 5410 9.1........,.....⁸⁴⁰.

1817 5477 2036 5531 νΑΒΙκΕ
2076 5473 2452 5532 LECTIONES.

1067 5574 1135 5609 ⁸³⁵
1162 5575 1408 5630 uanitate
1445 5575 1498 5630 ‘Z.
1560 5575 1611 5631 3.

854 5646 922 5681 ⁸³⁹
953 5646 1206 5716 proinde;
1246 5646 1298 5702 3.
1363 5663 1426 5701 ear
1479 5663 1613 5703 corr.

471 5578 477 5588 ‘
543 5574 611 5608 ⁸³³
640 5574 861 5644 penitus
899 5573 950 5631 3.

476 5645 526 5698 1.
575 5643 724 5701 2ί3.

1729 5577 1798 5611 ⁸³⁵
1829 5576 2012 5647 Pipini
2062 5576 2114 5632 Ξ.
2169 5576 2219 5631 3.

1749 5648 1818 5683 διο
1848 5644 1970 5718 Ipse
2013 5663 2182 5718 usque
2246 5644 2607 5716 apostolicum

2353 5573 2423 5608 ⁸³⁵
2451 5578 2867 5627 monumentum
2895 5569 2947 5623 τὶ.
2988 5569 3039 5622 3.
3074 5568 3140 5602 ⁸³⁷
3170 5571 3431 5640 suggeret
3463 5563 3518 5618 2.
3561 5562 3806 5640 *μω-αα

2688 5645 2749 5696 in
2825 5643 2933 5698 loco
3000 5655 3123 5695 raso
3337 5641 3406 5693 Et
3448 5635 3654 5691 excidit
3705 5635 3801 5689 hoc
