3938 6050
150 279 271 334 669

1539 271 1695 328 VlTA
1734 267 2080 329 WICBERTI.

3389 261 3496 319 670

199 395 305 461 "~10
332 404 421 460 "l.
466 405 591 476 [pse
616 417 750 476 ergo
779 401 874 474 qui
905 399 1097 457 mundi
1126 399 1535 457 renuntiaverat
1569 398 1782 456 vanita-
1808 401 1856 470 Α
1884 410 1997 452 non
2033 393 2264 449 minima
2301 389 2358 446 in
2410 397 2520 446 tota
2569 387 2664 444 Dei
2712 387 2962 444 aacclesia
2999 385 3313 452 aediﬁcatio,
3353 389 3503 458 quod

149 495 332 561 tibus,
361 493 564 548 timens
593 507 664 546 ne
693 491 892 545 iterum
920 490 1040 559 ejus
1066 489 1366 545 illiceretur
1383 486 1780 559 voluptatibus,
1810 467 1856 470 ³
1883 489 2004 558 ejus
2018 486 2271 557 exemplo
2293 482 2453 539 multi
2484 481 2864 538 renuntiantes
2893 479 3104 545 seculo,
3136 487 3337 534 sanctze
3369 467 3504 534 reli-

150 587 296 642 dum
327 583 430 639 sub
469 583 698 639 obtentu
744 581 1214 652 disponendarum
1269 578 1778 636 aecclesiasticarum

154 691 349 732 rerum
375 673 557 730 adhuc
583 672 634 727 ei
657 671 962 726 deserviret
989 669 1364 740 specietenus,
1388 669 1455 724 ad
1477 669 1584 724 hoc
1613 669 1781 724 etiam

157 767 370 822 timens
421 765 491 800 ³⁴²
542 762 678 818 illud
709 760 1073 832 apostolicum
1119 759 1190 793 διδ
1219 760 1501 814 doctorem
1534 773 1643 814 non
1688 755 1782 813 de-

155 855 298 910 bere
327 870 450 909 esse
477 851 826 924 neophitum,
879 865 950 905 ne
989 849 1164 904 elatus
1201 848 1409 904 incidat
1431 847 1488 902 in
1514 847 1785 920 judicium

152 943 372 1000 diaboli
399 945 448 1014 (Ι
499 945 629 996 Tim.
658 958 737 1006 ut,
767 940 844 1009 6),
895 939 1114 994 induxit
1143 937 1201 992 in
1233 937 1477 992 animum
1539 937 1784 992 venienti

157 1036 362 1092 morbo
391 1033 709 1106 quantotius
738 1030 1164 1088 occurrendum.
1198 1029 1580 1086 Venerabilem
1623 1031 1784 1100 cujus

153 1145 332 1200 supra
358 1125 711 1182 meminimus
767 1123 1074 1188 Erluinum,
1114 1123 1291 1178 virum
1333 1123 1443 1178 Deo
1495 1121 1781 1194 placitum,

159 1218 488 1278 hominibus
517 1222 830 1287 acceptum,
871 1214 928 1268 in
966 1213 1239 1286 gimnasio
1266 1219 1470 1269 sanctae
1501 1213 1785 1288 religionis

159 1313 521 1372 laudabiliter
548 1310 873 1377 exercitum,
907 1308 1184 1364 lucrandis
1232 1309 1344 1365 Deo
1369 1309 1660 1364 animabus
1697 1309 1785 1363 in-

163 1405 568 1469 tentissimum,
609 1400 872 1457 amicitiis
903 1399 1214 1471 principum
1247 1405 1406 1456 terrae
1435 1409 1491 1455 et
1515 1399 1781 1472 majorum

157 1494 432 1552 recclesiae
459 1491 782 1568 gloriosum,
825 1487 1165 1560 exequendis
1194 1487 1360 1542 rebus
1380 1487 1785 1544 {ecclesiasticis

159 1601 263 1657 per
299 1583 488 1641 omnia
519 1583 804 1649 idoneum,
865 1579 1014 1634 hunc
1050 1578 1214 1633 talem
1245 1577 1419 1634 virum
1453 1585 1644 1649 utpote
1674 1594 1780 1649 pa-

1881 579 2064 656 gionis
2089 593 2148 634 se
2176 576 2541 646 subjiciehant
2570 572 2880 645 proposito.
2913 571 3020 626 Sed
3043 570 3250 626 invidia
3284 570 3377 624 ubi
3409 571 3506 626 de-

1881 678 2116 748 sit,quae
2147 689 2250 729 nec
2276 671 2333 726 in
2365 669 2621 743 paradiso
2643 667 2966 724 deliciarum
3000 681 3104 721 nec
3132 665 3186 718 in
3213 665 3334 736 ipso
3363 678 3502 736 quo-

1888 785 1998 840 que
2025 767 2166 824 coelo
2219 762 2436 820 defuit?
2476 761 2709 826 Quidam
2740 760 2834 832 qui
2879 759 3027 814 bona
3074 755 3257 813 fidelis
3303 755 3502 840 Christi

1889 833 2156 910 Wicberti
2183 852 2410 924 obliquo
2441 851 2602 908 oculo
2639 849 2926 914 limabant,
2949 862 3110 902 aures
3147 846 3368 902 caesaris
3405 833 3502 924 ad-

1886 943 2078 1004 versus
2132 961 2256 1002 eum
2298 923 2599 1016 appellant,
2637 929 2706 996 et"
2746 939 3019 996 invidiose
3050 939 3100 994 ei
3148 923 3500 1012 derogantes,

1885 1049 2077 1098 contra
2107 1053 2222 1094 rem
2254 1036 2531 1108 publicam
2554 1049 2678 1089 eum
2707 1031 2886 1107 egisse
2917 1035 3196 1096 accusant,
3217 1029 3312 1102 qui
3341 1029 3503 1084 Gem-

1883 1128 2095 1184 melaus
2120 1124 2363 1200 regalem
2391 1122 2578 1178 ﬁscum
2610 1120 2912 1190 majoribus
2965 1119 3138 1190 ipsius
3169 1117 3500 1173 munificen-

1884 1220 1960 1277 tia
2016 1215 2289 1289 imperiali
2333 1214 2453 1270 loco
2495 1211 2753 1268 beneficii
2793 1211 3136 1274 attributum,
3181 1209 3236 1264 in
3289 1215 3498 1280 partem

1884 1306 2238 1381 proprietatis
2266 1319 2381 1359 suae
2419 1301 2790 1372 usurpaverit,
2832 1308 2888 1354 et
2935 1299 3150 1368 injussu
3190 1299 3338 1372 regis
3369 1297 3499 1353 fun-

1883 1399 2010 1456 dato
2039 1397 2116 1452 ibi
2146 1393 2422 1457 cmuobio,
2477 1391 2532 1444 in
2580 1397 2787 1446 sortem
2825 1387 3197 1444 ecclesiastici
3247 1387 3386 1456 juris
3415 1387 3504 1441 in-

1879 1487 2422 1568 justetransfuderit,
2453 1486 2603 1560 quod
2633 1484 2751 1540 ﬁeri
2783 1483 2933 1538 nullo
2961 1483 3244 1538 modo'lex
3278 1482 3500 1553 publica

1883 1585 2034 1642 sinit.
2068 1583 2196 1638 Pius
2241 1587 2583 1636 constructor
2620 1583 2673 1632 et
2719 1585 2944 1631 sanctus
2977 1574 3223 1645 provisor
3257 1573 3362 1629 loci
3395 1588 3501 1629 no-

159 1683 304 1731 trem
350 1681 406 1729 et
464 1672 720 1727 intimum
778 1683 940 1723 suum
979 1667 1238 1724 convenit
1290 1666 1672 1734 amicabiliter,
1725 1667 1780 1722 in

1883 1679 1981 1736 stri
2002 1677 2071 1732 ad
2117 1689 2336 1731 causam
2367 1671 2660 1727 dicendam
2694 1669 2875 1723 edicto
2904 1667 3048 1742 regis
3073 1667 3142 1722 ad
3172 1665 3380 1721 curiam
3411 1665 3500 1719 iu-

157 1784 292 1824 eum
325 1781 385 1822 se
424 1764 604 1835 rejicit
639 1765 709 1799 3“
741 1779 904 1836 quam
945 1759 1309 1828 familiariter,
1337 1759 1394 1813 in
1425 1773 1492 1816 eo
1535 1759 1692 1831 quasi
1725 1759 1780 1814 in

1883 1771 2121 1828 vitantur
2159 1766 2249 1828 “7,
2279 1780 2444 1819 causa
2473 1761 2820 1834 prOponitur,
2852 1762 2920 1816 de
2945 1760 3216 1828 injustitia
3243 1765 3502 1832 expostu-

158 1857 517 1916 reclinatorio
555 1855 754 1912 animae
791 1870 905 1910 suae
944 1859 1092 1909 totus
1133 1849 1406 1906 incumbit
1451 1849 1520 1886 3"
1551 1847 1781 1906 ﬁducia-

161 1951 312 2007 liter.
343 1949 402 2004 Ei
430 1965 496 2004 ex
525 1947 720 2004 ordine
748 1946 888 2003 velle
917 1961 1079 2002 suum
1111 1943 1388 2016 aperiens,
1420 1941 1470 1997 ei
1511 1957 1572 1996 se
1600 1941 1779 2012 ipsum

155 2041 335 2118 magis
366 2057 530 2114 quam
570 2039 676 2095 sibi
705 2039 964 2106 credens,
999 2035 1409 2094 communicato
1440 2049 1564 2090 cum
1601 2033 1781 2088 fratri-

155 2135 264 2190 bus
293 2131 528 2190 consilio
561 2147 688 2187 eum
733 2130 992 2186 abbatem
1021 2128 1129 2183 sibi
1177 2125 1389 2202 deligit,
1423 2131 1478 2180 et
1526 2125 1784 2181 fidelibus

153 2226 356 2288 Christi
389 2223 772 2280 annitentibus
797 2221 1080 2278 dominico
1108 2219 1238 2277 ovili
1265 2217 1470 2290 praefici
1501 2217 1649 2273 facit.
1687 2218 1782 2274 llle

151 2325 418 2391 tanquam
472 2317 654 2373 bonus
697 2320 852 2386 pater
889 2312 1126 2369 familias
1155 2311 1352 2367 doctus
1407 2310 1476 2366 de
1521 2310 1781 2366 thesauro

147 2423 256 2464 suo
302 2405 549 2479 proferre
597 2420 739 2460 nova
790 2411 846 2460 et
889 2411 1100 2468 vetera,
1149 2401 1332 2456 sciens
1381 2399 1674 2470 adimpleri
1705 2401 1785 2455 le-

149 2515 278 2574 gem
313 2495 509 2552 Christi
539 2496 585 2552 si
617 2495 756 2550 alter
789 2494 1020 2550 alterius
1049 2497 1232 2564 portet
1261 2506 1451 2558 onera,
1491 2490 1784 2561 supposuit

153 2589 442 2652 humiliter
477 2589 772 2644 humerum
829 2585 898 2640 ad
951 2583 1366 2655 suscipiendum
1427 2597 1588 2646 onus,
1649 2581 1782 2637 satis

149 2663 378 2752 quidem
410 2691 598 2752 grave,
649 2675 749 2730 sed
806 2675 916 2730 Deo
945 2673 1054 2728 sibi
1101 2677 1435 2742 cooperante
1489 2670 1780 2742 portabile,

146 2771 427 2826 animatus
458 2770 553 2826 illo
608 2767 907 2841 proverbio
939 2766 1087 2838 quod
1133 2781 1234 2838 per
1273 2764 1609 2836 Sapientiam
1641 2764 1779 2821 dici-

148 2869 264 2917 tur:
293 2865 487 2914 Frater
513 2861 608 2929 qui
646 2875 682 2914 a
727 2860 905 2925 fratre
934 2857 1232 2926 adjuvetur
1260 2857 1418 2924 quasi
1441 2856 1636 2910 civitas
1663 2870 1784 2924 qua:

142 2967 258 3008 non
313 2957 665 3022 expugnatur
713 2952 881 3020 (Prov.
928 2964 1082 3014 xvtu,
1139 2947 1254 3016 19),
1314 2947 1391 3002 lta
1427 2945 1513 3001 vir
1557 2951 1781 3000 sanctus

149 3043 464 3100 Wicbertus
508 3048 734 3098 strenuo
773 3039 1122 3112 cooperatori
1160 3053 1261 3096 suo
1306 3037 1528 3093 Erluino
1557 3036 1779 3093 Marthae

141 3135 452 3192 ministerio
479 3135 758 3210 delegato,
791 3133 908 3204 ipse
937 3148 1063 3188 cum
1084 3131 1252 3187 Maria
1282 3131 1487 3186 sedens
1509 3129 1578 3184 ad
1606 3129 1778 3200 pedes

1879 1861 2043 1924 latur,
2073 1858 2129 1912 in
2183 1851 2546 1910 deliberanda
2573 1851 2847 1906 sententia
2900 1849 3040 1904 alius
3087 1849 3178 1904 alii
3212 1849 3360 1905 varie
3401 1865 3498 1904 as-

1880 1951 2132 2008 sentitur.
2164 1943 2424 2016 Discipuli
2457 1941 2727 2016 evangelii
2761 1957 2793 1995 a
2823 1939 3056 1996 Domino
3083 1939 3236 1995 docti
3266 1939 3501 1994 “9.01m

1879 2041 2092 2098 stabitis
2121 2043 2249 2093 ante
2278 2049 2423 2104 reges
2452 2039 2504 2088 et
2524 2032 2772 2103 prasides
2807 2031 2972 2085 nolite
2999 2031 3233 2098 cogitare
3268 2029 3502 2097 qualiter

1883 2138 1984 2188 aut
2009 2130 2139 2201 quid
2166 2127 2502 2196 loquamini;
2553 2124 2774 2178 dabitur
2809 2123 2957 2176 enim
2982 2120 3126 2175 vobis
3165 2121 3225 2173 in
3248 2119 3344 2172 illa
3370 2120 3500 2173 hora

1882 2221 2010 2292 quid
2059 2217 2360 2288 loquamini
2390 2213 2597 2284 (Matth.
2651 2228 2705 2276 x,
2735 2210 2822 2278 i9)
2861 2239 2930 2248 —
2969 2223 3080 2263 non
3140 2203 3498 2274 sophisticam

1883 2318 2137 2385 quaerunt
2177 2304 2736 2380 argumentationem,
2791 2300 2891 2356 sed
2925 2295 3298 2369 snmplicitatis
3347 2292 3500 2349 chri—

1882 2381 2072 2458 stiana;
2099 2397 2450 2472 pratendunt
2478 2392 2869 2448 humilitatem.
2903 2388 3148 2444 Scientes
3193 2384 3342 2439 enim
3369 2381 3503 2454 quia

1883 2493 2259 2566 periculosum
2290 2495 2374 2544 est
2427 2495 2616 2542 contra
2645 2488 2942 2540 torrentem
2982 2477 3208 2534 brachia
3248 2475 3498 2538 tendere,

1881 2601 1986 2640 nec
2023 2584 2342 2654 ignorantes
2387 2575 2720 2632 sententiam
2782 2569 3055 2644 apostoli;
3107 2570 3208 2633 Qui
3254 2566 3506 2636 potestati

1881 2679 2100 2744 resistit,
2139 2675 2338 2730 resistit
2375 2674 2467 2726 Dei
2504 2669 2836 2725 ordinationi
2862 2664 3026 2734 (Rom.
3072 2677 3182 2716 xm.
3233 2659 3311 2730 2),
3345 2654 3504 2729 pedi-

1883 2768 1989 2824 bus
2019 2761 2369 2836 imperatoris
2395 2777 2458 2816 se
2485 2756 2769 2814 humiliter
2796 2753 3146 2826 provolvunt,
3173 2757 3231 2803 et
3256 2762 3326 2802 ne
3355 2745 3413 2800 in
3442 2760 3503 2800 se

1883 2867 1938 2916 et
1969 2859 2027 2914 in
2059 2869 2333 2929 pauperes
2359 2850 2557 2908 Christi
2588 2856 2808 2904 terrena
2847 2861 2947 2900 sua
2979 2839 3225 2914 potentia
3252 2837 3508 2893 abutatur

1880 2948 2208 3022 suppliciter
2224 2949 2560 3016 exposcunt;
2594 2941 2850 2996 dicentes
2875 2933 3226 3010 gaudendum
3250 2945 3372 2984 esse
3391 2943 3506 2982 ma-

1875 3017 2060 3113 jestati
2110 3035 2510 3110 imperatoriae,
2560 3031 2711 3104 quod
2769 3025 3114 3098 temporibus
3163 3020 3379 3113 imperii
3422 3017 3508 3113 sui

1877 3109 2063 3188 divina
2091 3109 2377 3184 miseratio
2439 3123 2640 3180 ostium
2692 3115 3088 3174 misericordiae
3121 3128 3235 3167 sua:
3275 3109 3514 3166 voluerit

141 3225 362 3281 Domini
394 3240 492 3296 pro
532 3198 826 3278 audiendo
844 3221 1019 3293 ipsius
1057 3220 1245 3286 verbo,
1287 3219 1460 3294 elegit
1509 3198 1773 3288 Optimam
1876 3217 2212 3293 patefacere,
2244 3216 2373 3270 dum
2413 3213 2552 3268 tales
2579 3210 2793 3280 aliquot
2829 3207 2976 3261 viros
3005 3204 3267 3276 dignatur
3297 3198 3506 3253 mundo

144 3325 360 3388 partem
391 3331 513 3387 quae
545 3329 656 3370 non
707 3312 1023 3369 auferretur
1063 3311 1132 3366 ab
1164 3326 1252 3367 eo.
1299 3293 1433 3364 Nam
1473 3309 1544 3364 ad
1597 3308 1779 3364 alvea-
1877 3309 2277 3374 transmittere,
2336 3303 2431 3377 qui
2473 3301 2625 3376 digni
2683 3299 2794 3356 sint
2841 3293 3090 3352 exaudiri
3145 3299 3367 3347 orantes
3409 3303 3506 3358 pro

146 3405 286 3460 rium
321 3403 735 3470 monachorum,
778 3400 990 3457 scilicet
1032 3399 1282 3455 Gorziam
1337 3412 1643 3470 regressus,
1683 3396 1773 3464 je-
1873 3409 2022 3459 statu
2065 3399 2143 3456 rei
2212 3397 2480 3470 publicae;
2541 3407 2703 3466 posse
2739 3391 3126 3461 imperatorem
3193 3385 3263 3438 de
3316 3381 3500 3436 alieno

143 3495 344 3566 λαοίίῆ
375 3493 580 3569 vigiliis
621 3499 674 3548 οι
721 3491 1072 3550 orationibus
1125 3490 1390 3555 intentus,
1427 3486 1774 3559 οοιιιθῐηρὶει-
1872 3491 2234 3548 fundamento
2259 3485 2480 3540 laudem
2523 3480 2750 3544 mereri,
2795 3478 2840 3532 si
2881 3477 2950 3532 ab
2981 3473 3190 3529 aliisin
3224 3471 3495 3525 honorem

155 3587 322 3644 tionis
345 3586 532 3642 virtuti
561 3585 793 3642 vacabat
827 3583 1086 3640 liberius.

232 3675 288 3730 11
324 3675 413 3730 ⁴⁶.
445 3675 562 3730 Jam
604 3674 658 3728 in
692 3673 854 3729 laude
903 3673 1002 3728 Dei
1050 3671 1267 3728 novella
1299 3668 1564 3742 plantatio
1598 3667 1782 3724 fructi-

153 3767 430 3834 ﬁcaverat,
453 3767 566 3836 jam
593 3765 834 3841 agricola
864 3765 1173 3838 preciosum
1225 3763 1462 3819 fructum
1492 3770 1647 3817 terra:
1677 3776 1778 3816 ex-

157 3865 389 3932 pectans
416 3857 1086 3930 patienterferebat,quia
1114 3866 1530 3928 temporaneum
1545 3863 1601 3910 et
1634 3869 1782 3910 sero-

156 3951 329 4004 tinum
359 3963 416 4003 se
446 3953 802 4018 accepturum
837 3961 950 4001 non
1001 3943 1312 4000 diffidebat.
1349 3945 1466 3998 Jam
1496 3943 1782 3998 crescebat

163 4036 360 4094 Christi
385 4036 581 4112 gloria.
607 4035 722 4105 jam
777 4035 997 4091 illorum
1028 4049 1128 4106 per
1154 4049 1294 4106 quos
1341 4032 1784 4088 henedicebatur

163 4143 366 4185 nomen
427 4128 641 4208 Domini
679 4127 1155 4198 multiplicabatur
1203 4125 1401 4196 gratia,
1451 4124 1674 4197 quando
1714 4125 1782 4180 de

165 4219 508 4274 Gemmelaus
547 4219 778 4275 novellae
817 4219 1030 4275 scilicet
1059 4216 1491 4274 constructionis
1523 4216 1782 4273 coenobio

165 4314 295 4370 boni
316 4313 503 4370 odoris
528 4313 694 4390 longe
725 4314 945 4386 lateque
975 4313 1157 4369 exibat
1183 4311 1500 4387 fragrantia,
1530 4309 1677 4382 quod
1708 4309 1782 4364 ibi

165 4417 365 4466 sanctae
396 4409 682 4485 religionis
701 4409 947 4465 fervente
977 4407 1217 4474 ﬂamma,
1241 4412 1296 4463 et
1322 4405 1450 4477 justi
1480 4406 1548 4460 de
1579 4405 1782 4462 virtute

169 4501 224 4556 in
250 4501 503 4556 virtutem
527 4500 582 4554 in
608 4499 732 4555 dies
752 4497 1139 4571 proficiebant,
1181 4506 1235 4552 et
1259 4496 1448 4566 injusti
1485 4495 1555 4550 ab
1585 4495 1786 4552 erroris

169 4591 485 4648 tortitudine
523 4593 779 4649 conversi
801 4593 916 4661 jam
958 4591 1016 4646 in
1055 4590 1324 4646 directum
1363 4588 1538 4644 ibant.
1580 4587 1655 4642 Ex
1684 4588 1788 4642 hac

172 4684 300 4740 boni
327 4684 516 4741 odoris
542 4685 809 4740 suavitate
848 4683 1057 4756 repleta
1095 4691 1214 4739 erat
1239 4687 1348 4738 tota
1380 4681 1578 4736 domus
1601 4678 1789 4735 aeccleo

171 4773 286 4840 sise,
318 4782 375 4828 et
400 4773 656 4846 attigerat
675 4773 790 4842 jam
832 4773 952 4844 ipsa
982 4771 1226 4829 culmina
1261 4769 1574 4842 imperialis
1624 4766 1783 4834 aulae,

174 4865 266 4921 ubi
303 4865 517 4922 cunctis
545 4865 806 4938 palatinis
845 4866 902 4920 in
930 4881 1031 4922 ore
1059 4872 1178 4920 erat
1207 4863 1296 4936 pia
1327 4859 1660 4919 nobilissimi
1685 4857 1787 4916 viri

176 4956 436 5014 Wicberti
461 4957 530 5012 ad
560 4958 732 5014 Deum
765 4957 1148 5026 conversio,et
1172 4957 1242 5013 de
1273 4955 1396 5025 ejus
1423 4951 1787 5011 conversione

1885 3583 1984 3639 Dei
2014 3585 2328 3637 constructa
2356 3577 2499 3642 loca,
2537 3587 2649 3628 sua:
2680 3569 2855 3644 regali
2887 3564 3135 3638 potentia
3165 3561 3296 3618 velit
3327 3558 3504 3624 tueri;

1880 3675 2062 3731 alieno
2090 3670 2264 3727 labori
2325 3683 2451 3724 eum
2484 3679 2645 3737 posse
2682 3660 3034 3734 participare,
3067 3655 3114 3710 si
3146 3669 3233 3708 res
3284 3652 3353 3708 ab
3382 3649 3506 3704 aliis

1893 3770 2006 3824 Deo
2052 3767 2180 3838 jure
2239 3759 2575 3818 hereditario
2625 3758 2833 3832 legatas
2875 3753 3136 3827 dignetur
3185 3747 3508 3838 auctoritate

1881 3855 2186 3929 imperialis
2219 3867 2414 3907 manus
2445 3831 2841 3910 corroborare;
2871 3843 3100 3914 dignum
3125 3853 3247 3893 esse
3277 3841 3338 3891 ut
3358 3831 3504 3904 apud

1881 3925 2293 4018 imperatoriam
2324 3954 2616 3996 censuram
2642 3936 2767 4008 plus
2806 3933 2984 3989 valeat
3029 3932 3140 3986 Deo
3172 3925 3370 4000 placita
3404 3939 3502 3979 ve-

1883 4014 2059 4093 ritatis
2115 4033 2370 4106 aequitas,
2411 4045 2578 4102 quam
2633 4039 2996 4082 susurronum
3051 4030 3107 4076 et
3164 4014 3502 4090 bilinguium

1884 4105 2295 4190 calliditas,vel
2325 4118 2668 4176 adulantium
2721 4113 3005 4178 dolositas,
3051 4111 3120 4165 de
3161 4107 3366 4180 quibus
3405 4105 3506 4160 Sa-

1886 4215 2098 4288 pientia
2130 4213 2294 4268 dicit:
2323 4215 2553 4266 Susurro
2575 4211 2629 4260 et
2658 4204 2915 4272 bilinguis
2939 4199 3278 4288 maledictus,
3305 4195 3506 4250 multos

1883 4284 2121 4361 turbavit
2139 4315 2331 4372 pacem.
2348 4298 2620 4361 habentes,
2639 4298 2691 4348 et
2709 4294 2901 4358 lingua
2923 4289 3084 4343 tertia
3107 4284 3290 4356 (Eucti.
3315 4297 3504 4348 xxvm,

1891 4397 1994 4468 15),
2021 4412 2146 4468 quae
2175 4395 2366 4469 lingua
2395 4385 2738 4444 adulantium
2771 4378 3107 4452 intelligitur
3134 4376 3333 4430 multos
3355 4387 3506 4469 _com-

1884 4459 2058 4544 movit
2120 4459 2346 4538 llaecvet
2384 4477 2494 4533 alia
2535 4477 2590 4530 in
2631 4473 2782 4526 hunc
2807 4467 3032 4523 modum
3065 4463 3258 4528 locuti,
3291 4477 3322 4515 a
3355 4459 3506 4514 bona

1885 4597 1985 4652 spe
2014 4592 2181 4650 quam
2211 4575 2268 4630 in
2298 4573 2411 4628 Deo
2443 4565 2725 4624 habebant
2766 4576 2874 4618 non
2906 4563 3035 4614 sunt
3059 4553 3322 4619 frustrati,
3373 4553 3384 4606 i

1888 4647 2166 4746 Sapientis
2206 4668 2412 4724 dictum
2467 4678 2589 4719 esse
2630 4674 2824 4716 verum
2871 4651 3116 4725 experti:
3165 4653 3360 4704 Beatus
3413 4647 3509 4715 qui

1887 4739 2124 4836 loquitur
2159 4765 2221 4817 in
2271 4758 2497 4815 auribus
2524 4754 2802 4824 sapientis.
2846 4747 2976 4804 Pius
3006 4742 3156 4799 enim
3213 4755 3306 4795 rex
3361 4739 3504 4836 Otto,

1885 4827 2017 4912 ve-re
2046 4853 2114 4908 ad
2145 4846 2560 4907 restaurandam
2601 4858 2716 4897 rem
2739 4837 3016 4912 publicam
3056 4839 3112 4888 et
3143 4827 3506 4904 reparandam

1890 4945 1986 5002 Dei
2028 4941 2333 4999 ecclesiam
2376 4938 2621 4994 directus
2659 4950 2690 4988 a
2737 4932 2886 4997 Deo,‘_
2916 4927 3002 4983 his
3050 4923 3244 4980 salutis
3285 4919 3510 4977 monitis

1526 5078 1749 5136 VARl/E
1775 5071 2155 5132 LEPTIONES.

181 5183 282 5239 loco
337 5189 516 5240 textus
567 5187 730 5240 totius
775 5187 986 5254 capitis.
1047 5203 1069 5233 ι
1129 5181 1291 5247 Quod
1347 5180 1825 5254 Gemmelacenses
1882 5174 2076 5254 fratres
2139 5170 2220 5254 ad-
2279 5167 2562 5254 exemplar

183 5255 322 5320 Quod
345 5256 413 5310 ab
443 5239 572 5311 hinc
593 5239 961 5325 capitulorum
998 5239 1218 5310 numbri
1255 5263 1430 5307 manu
1475 5253 1662 5308 seaculi
1688 5254 1825 5325 Χιζᾙ
1864 5247 2049 5302 adrasi
2091 5249 2242 5310 sunt,
2273 5243 2459 5325 itauut
2482 5239 2646 5325 locop

2650 5159 3028 5218 Gorziensium
3123 5149 3388 5210 instituit.
3482 5168 3508 5194 ιο

2648 5235 2866 5290 rimarii
2891 5231 2956 5284 XI
3003 5232 3127 5299 jam
3152 5225 3416 5299 habeatur
3445 5218 3508 5285 X,

184 5295 233 5382 ξι
266 5329 343 5381 sic
368 5341 524 5396 porro
556 5295 720 5396 usqge
746 5295 1018 5394 invﬁnem,
1046 5327 1142 5382 ubi
1166 5329 1368 5380 iterum
1405 5295 1666 5379 numerus
1695 5295 1918 5376 additur
1951 5331 2054 5388 quo
2078 5295 2414 5396 argumenti.
2736 5295 3513 5396 sajisﬁQf-vaﬂs'ff‘jffrﬁ

188 5404 286 5452 tres
315 5369 545 5466 carpituli
573 5369 706 5454 nolui
727 5369 1252 5465 lineasweras'e'rit,’
1275 5369 1388 5452 vlch
1415 5369 1716 5464 Equam
1731 5369 1938 5462 primos
1954 5369 2206 5466 “capituli
2219 5385 2414 5466 decimi
2441 5383 2612 5436 lineas
2630 5369 3515 5466 insfl‘ipﬁeruifo’iuﬁf.

185 5469 512 5538 Sigebertum
561 5485 662 5526 nec
700 5472 1075 5526 Godeseatcum

1122 5471 1292 5536 fuisse
1317 5469 1602 5538 scriptura
1617 5466 1800 5521 docere
1833 5465 2064 5538 videtur.

189 5505 234 5523 ..ι
269 5505 512 5523 suum...
565 5505 660 5526 ..νυ
833 5505 856 5525 ο
928 5505 944 5524 ι
981 5505 1075 5524 .....
1153 5505 1290 5524 αωυυ
1317 5505 1425 5522 σω,
1465 5505 1591 5522 ...μη
1617 5505 1798 5521 sese...
1837 5505 2064 5518 "ww...
2121 5505 2248 5514 ην--.
2274 5505 2360 5512 η-.-
2524 5505 2567 5508 η
2665 5505 2691 5518 .,
2904 5505 2922 5514 -

189 5505 312 5594 Ιήῗισ
337 5544 652 5610 transcripti
674 5505 924 5608 fil-$252
947 5505 1188 5596 UNumeri
1213 5542 1276 5595 in
1303 5505 1458 5596 codd]:
1483 5538 1536 5590 2.
1579 5536 1612 5593 3
1657 5535 2206 5610 continuileguntur.
2237 5527 2304 5562 3“
2327 5527 2474 5580 hunc
2498 5535 2792 5610 numerum
2807 5517 3031 5610 ,νϐεξέεέιὶ
3052 5505 3510 5610 ἓηχίξρηξξξξξξεξο

191 5617 241 5667 et
265 5613 342 5667 sic
369 5627 524 5669 narro
548 5615 728 5668 multa
756 5614 960 5669 lacuna
989 5612 1250 5668 indicata.

1343 5575 1541 5666 ἒῗῖἱπῖαὲ
1559 5575 2589 5670 eaEJ'i'iméis'Ltza'amalia
2642 5575 2714 5670 3“;
2743 5587 2934 5658 rejecit
2958 5585 3012 5640 3.
3055 5575 3147 5618 ἰιι
3179 5577 3434 5636 incubuit
3456 5575 3510 5631 3.

194 5662 334 5736 δίδῖί
351 5662 722 5752 £751.5st
742 5662 1250 5754 ιέῑἐῐέι’ᾖιιὶηἰὶῖ⁷’“ὠ
1281 5662 1540 5738 invitatur
1561 5662 1744 5734 addito
1768 5693 1822 5734 n.
1858 5677 1883 5732 1
1919 5662 2220 5732 accersitur
2245 5669 2299 5727 3.
2378 5668 2447 5704 “3
2479 5662 2729 5722 edocti3.
