3938 6050
436 220 540 277 671

1650 220 1995 293 SIGEBERTI
2044 217 2555 278 GEMBLACENSIS.

3669 205 3795 262 67!

441 361 632 402 aurem
687 346 921 403 advertit
975 354 1278 424 gratanter,
1324 358 1377 406 et
1424 352 1749 423 petitionem
1799 351 2049 408 ﬁdelium
2078 355 2125 423 Α
2153 362 2359 423 genere
2405 352 2460 401 et
2488 343 2697 400 divitiis
2735 334 3040 408 eminebat,
3083 338 3242 407 cujus
3283 335 3631 392 nobilitatem
3668 333 3793 389 alia
3884 368 3885 371 η

444 436 637 492 Christi
668 438 883 508 accepit
937 439 1253 514 dignanter.
1312 442 1516 497 Annuit
1561 443 1708 498 enim
1772 441 2052 498 communi

444 524 811 596 palatinorum
833 527 1086 596 consilio,
1109 539 1164 584 et
1184 531 1358 605 regali
1387 531 1602 587 censuit
1621 532 1827 600 edicto,
1859 540 1919 589 ut
1942 541 2057 587 rata

446 623 501 672 et
554 617 877 674 inconvulsa
924 632 1274 691 permaneret
1322 623 1539 679 novella
1596 624 2060 681 Gemmelacensis

446 704 686 761 cmuobii
731 709 1090 776 constructio,
1142 717 1196 765 et
1241 711 1505 783 quicquid
1545 711 1625 768 illi
1681 712 1944 767 aecclesiae
1993 712 2061 767 ab

446 792 569 866 ipso
611 794 815 851 domno
864 796 1141 855 Wicberto
1171 800 1259 855 vel
1307 802 1474 856 etiam
1514 801 1746 858 aliorum
1777 803 2068 858 venerabi-

447 882 591 944 lium
618 889 863 945 virorum
891 890 1181 966 largitione
1212 893 1387 951 fuerat
1415 911 1763 966 concessum,
1790 904 1849 953 ut
1878 899 2063 953 nullus

452 979 761 1035 inﬁdelium
797 983 883 1039 vel
911 984 1111 1058 aliquis
1152 987 1420 1042 heredum
1469 988 1589 1057 ejus
1628 989 1933 1065 infringere
1963 1006 2064 1045 au-

452 1070 579 1125 deat
607 1072 833 1127 omnino
864 1081 950 1128 est
990 1074 1364 1133 interdictum.
1405 1078 1637 1149 Insuper
1690 1079 1958 1151 permissa
1984 1086 2068 1135 est

454 1158 536 1213 eis
566 1166 807 1229 potestas
844 1162 1169 1219 advocatum
1208 1174 1264 1221 et
1312 1166 1620 1239 regularem
1647 1169 1901 1223 abbatem
1938 1184 2062 1224 cum

455 1250 690 1332 imperio
719 1254 863 1328 regis
891 1255 1155 1329 eligendi,
1189 1258 1473 1313 castellum
1502 1261 1884 1328 construendi,
1915 1276 2065 1315 mer-

453 1346 667 1405 catum,
716 1357 1096 1411 percussuram
1137 1355 1393 1413 monetae,
1443 1348 1767 1403 matheriam
1804 1348 2063 1403 faciendi.

456 1430 577 1501 Ipse
621 1431 894 1487 locus-ab
938 1436 1089 1490 omni
1137 1438 1385 1493 omnium
1438 1439 1662 1494 servitio
1695 1440 1957 1495 immunis
1985 1446 2067 1495 est

457 1519 726 1587 redditus,
788 1521 844 1576 in
897 1523 1137 1592 civitate,
1196 1526 1251 1580 in
1288 1527 1536 1596 castello,
1579 1529 1635 1583 in
1688 1530 1838 1595 villa,
1898 1546 2068 1600 super

436 1627 647 1683 aquas,
677 1612 734 1666 in
766 1615 1045 1684 pontibus,
1080 1617 1135 1671 in
1167 1619 1424 1676 omnibus
1463 1621 1684 1693 imperii
1721 1622 1806 1677 sui
1836 1622 1973 1678 locis
1996 1621 2065 1677 ab

459 1701 609 1756 omni
640 1703 898 1761 theloneo
937 1713 991 1761 et
1015 1707 1216 1764 tributo
1255 1720 1339 1766 est
1390 1712 1696 1777 absolutus,
1724 1714 1920 1785 subj“9
1949 1714 2068 1770 solo

460 1789 625 1863 regiae
655 1790 996 1848 defensionis
1025 1796 1337 1857 munimine
1361 1799 1644 1870 subjectus
1673 1800 1762 1856 35°.

532 1878 620 1933 12.
654 1878 840 1934 Omnis
889 1897 976 1936 res
1027 1883 1139 1951 jam
1197 1880 1501 1957 composita
1538 1888 1851 1955 videbatur,
1884 1891 2071 1946 omnia

457 1968 569 2037 jam
602 1969 659 2023 in
689 1976 809 2026 tuto
850 1987 969 2027 esse
996 1975 1382 2045 credebantur,
1425 1980 1560 2034 nihil
1587 1996 1652 2035 ex
1704 1981 1891 2053 aliqua
1918 1992 2070 2053 parte

461 2066 828 2122 metuebatur.
862 2068 937 2123 De
967 2071 1133 2127 rebus
1159 2075 1426 2130 aecclesiae
1457 2077 1671 2133 traditis
1699 2084 1753 2134 et
1792 2079 1859 2134 de
1900 2079 2074 2134 liber-

464 2160 573 2209 tate
616 2155 789 2227 ipsius
838 2157 945 2214 loci
990 2168 1139 2216 carta
1190 2164 1525 2236 conscripta,
1570 2165 1845 2237 imperiali
1889 2168 2072 2223 edicto

466 2253 581 2301 erat
628 2247 968 2315 confirmata,
1029 2263 1083 2308 et
1137 2256 1285 2310 anuli
1345 2257 1651 2329 imperialis
1705 2260 2072 2332 impressione

460 2337 813 2393 auctorizata.
855 2339 983 2404 Quae
1022 2344 1377 2401 auctorizatio
1434 2346 1574 2403 facta
1612 2355 1696 2403 est
1728 2349 2075 2406 sollemniter

466 2428 678 2495 Leodii,
730 2431 797 2484 12
837 2432 951 2488 Kal.
985 2434 1251 2498 Octobris,
1306 2454 1452 2495 anno
1482 2440 1777 2497 dominicai
1820 2442 2075 2498 incarna-

468 2519 637 2574 tionis
662 2520 787 2583 946,
809 2521 1111 2581 indictione
1140 2529 1194 2595 4,
1223 2530 1379 2605 regni
1406 2531 1827 2590 domniOttonis
1856 2535 1898 2589 Ι.
1928 2550 2074 2590 anno

466 2609 556 2676 M,
594 2611 905 2668 cathedram
958 2615 1323 2687 Trajectensis
1358 2624 1624 2680 aecclesiae
1664 2634 1888 2700 regente
1928 2627 2077 2682 Uho—

466 2715 630 2775 gone.
664 2702 741 2756 Ad
773 2704 915 2760 hanc
945 2706 1422 2767 confirmationem
1469 2714 1768 2786 imperialis
1791 2716 2080 2787 potestatis

468 2794 699 2850 accessit
727 2796 892 2852 etiam
951 2801 1265 2871 apostolicae
1304 2805 1455 2860 sedis
1507 2809 1827 2875 auctoritas,
1886 2809 2016 2864 dum
2049 2825 2080 2864 a

474 2884 773 2941 Benedicto
817 2887 1055 2958 septimo
1113 2891 1278 2960 hujus
1329 2895 1573 2951 nominis
1620 2913 1764 2969 papa
1793 2898 2078 2953 decretum

473 2987 574 3046 est,
597 2986 656 3034 ut
682 2988 796 3036 rata
823 2990 967 3038 esset
988 2984 1042 3038 in
1061 2994 1389 3057 perpetuum
1402 2990 1867 3048 Gemmelacensis
1889 3009 2072 3050 caeno.

2097 1666 2145 1733 Β

2156 436 2416 493 nobilitas
2426 433 2788 510 augebat—ei
2809 430 3017 503 quippe
3033 426 3320 483 Reinuidis
3335 440 3597 499 germana
3610 423 3796 479 nobi-

2156 530 2353 586 lissimi
2378 527 2617 584 senioris
2663 525 2836 581 uestri
2866 521 3131 578 Wicberti
3173 521 3435 575 nubserat
3466 549 3534 558 —
3564 516 3661 572 hic
3700 516 3795 571 iu—

2156 623 2384 694 justitiae
2412 620 2596 694 gladio
2623 617 2923 683 accinctus,
2964 612 3283 686 cupiditatis
3311 611 3479 666 armis
3506 606 3787 676 conﬁsus,

2165 719 2363 775 clamat
2391 714 2893 771 Gemmelaceusem
2943 709 3138 765 ﬁscum
3171 706 3506 763 hereditaria
3542 705 3675 779 lege
3721 720 3794 759 ex

2168 804 2518 863 matrimonio
2543 803 2730 860 uxoris
2761 816 2874 856 sua;
2907 797 3170 855 Benuidis
3194 797 3265 832 ⁸⁵⁸
3292 795 3397 851 sibi
3428 802 3793 866 competere,

2171 895 2393 953 afﬁnem
2438 908 2597 948 suum
2636 891 2975 947 Wicbertum
3008 904 3120 944 non
3156 886 3410 960 legaliter
3432 877 3645 955 egisse,
3692 885 3795 955 qui

2164 986 2268 1043 sub
2333 989 2566 1056 optentu
2621 979 2910 1055 religionis
2965 993 3190 1033 uxorem
3239 991 3415 1038 suam,
3462 986 3795 1047 germanam

2168 1077 2383 1134 scilicet
2441 1073 2610 1140 illius,
2663 1069 2900 1127 voluerit
2959 1068 3164 1140 injuste
3226 1064 3587 1121 exheredare.
3653 1062 3797 1118 Con-

2172 1172 2378 1237 tempta
2408 1177 2540 1237 ergo
2569 1159 2877 1231 imperialis
2902 1157 3067 1213 curias
3093 1155 3439 1221 auctoritate,
3463 1159 3796 1223 contempto

2165 1259 2481 1335 apostolicae
2533 1271 2781 1313 censurm
2821 1254 3193 1318 anathemate,
3247 1250 3456 1320 junctis
3492 1248 3602 1304 sibi
3642 1264 3797 1305 com-

2167 1349 2406 1424 plicibus
2433 1362 2546 1402 suae
2595 1343 2899 1416 injustitia},
2956 1356 3067 1396 non
3122 1340 3277 1395 timet
3307 1338 3578 1393 abbatiam
3638 1337 3799 1391 inso-

2166 1444 2345 1498 lenter
2395 1438 2676 1504 invadere,
2729 1442 2785 1491 et
2830 1432 3195 1489 substantiam
3233 1429 3459 1485 fratrum
3518 1428 3801 1485 violenter

2168 1528 2435 1599 diripere.
2470 1527 2528 1580 In
2568 1523 2810 1581 ofﬁcinis
2838 1520 3061 1578 claustri
3104 1520 3232 1591 equi
3285 1518 3654 1584 stabulantur,
3699 1530 3801 1588 per

2171 1623 2289 1677 loca
2348 1610 2685 1674 monachicae
2734 1613 3022 1670 solitudini
3078 1610 3448 1684 competentia
3499 1609 3804 1665 saeculares

2171 1723 2420 1782 persona:
2449 1706 2639 1762 inclite
2668 1710 2966 1777 vagantur:
3009 1702 3207 1757 fratres
3261 1717 3360 1771 per
3393 1697 3625 1755 latibula
3675 1714 3803 1753 san-

2171 1798 2367 1855 ctuarii
2398 1795 2896 1869 quomodocunquc
2945 1808 3070 1847 sese
3108 1796 3374 1853 tutantur,
3427 1795 3483 1844 et
3533 1789 3590 1843 in
3629 1794 3799 1843 tanta:

2173 1892 2547 1950 tribulationis
2573 1890 2805 1945 articulo
2836 1887 3146 1943 subsidium
3169 1886 3372 1942 divinae
3406 1883 3630 1955 pietatis
3660 1896 3803 1954 pra:-

2172 1989 2461 2044 stolantur.
2491 1985 2792 2041 Videbatur
2817 1998 3021 2054 nempe
3053 1981 3123 2016 ⁸⁵⁸
3173 1979 3463 2035 malevolis
3492 1976 3798 2049 implenda:

2174 2079 2455 2149 injustitiaa
2498 2083 2835 2148 oportunum
2892 2089 3015 2129 esse
3064 2080 3304 2143 tempus,
3373 2070 3501 2143 quia
3553 2070 3623 2105 ³³⁸
3686 2064 3803 2139 ipse

2173 2178 2396 2226 sanctus
2424 2169 2509 2225 vir
2557 2167 2872 2223 Wicbertus
2926 2165 3133 2220 mundo
3166 2164 3280 2234 jam
3320 2171 3590 2230 mortuus,
3640 2169 3703 2218 et
3731 2162 3797 2216 ab

2174 2264 2255 2320 eis
2284 2263 2447 2337 longe
2474 2266 2738 2327 remotus,
2771 2264 3089 2314 excusserat
3110 2272 3169 2312 se
3187 2273 3219 2311 a
3246 2256 3460 2312 cunctis
3492 2254 3806 2310 ratiociniis

2173 2354 2440 2410 mundani
2496 2351 2789 2417 tumultus;
2842 2365 3007 2421 porro
3065 2347 3240 2403 abbas
3305 2346 3561 2401 Erluinus
3606 2361 3809 2401 recens

2174 2446 2352 2503 oculis
2391 2444 2658 2517 privatus,
2693 2441 3068 2497 restaurandis
3099 2441 3266 2496 rebus
3294 2438 3528 2511 perditis
3566 2438 3804 2509 putaba-

2178 2542 2267 2592 tur
2289 2550 2411 2590 esse
2444 2532 2628 2587 minus
2656 2531 2911 2586 idoneus.
2961 2529 3060 2584 llic
3090 2528 3318 2583 sinister
3356 2541 3542 2582 rumor
3581 2531 3639 2579 ut
3676 2540 3805 2594 per-

2177 2630 2309 2686 culit
2355 2643 2515 2683 aures
2544 2626 2718 2682 sancti
2776 2625 2880 2679 viri
2929 2624 3087 2693 cujus
3141 2621 3489 2679 conversatio
3531 2621 3643 2690 jam
3688 2605 3809 2673 erat

2179 2720 2235 2774 in
2291 2718 2470 2784 ccelis,
2514 2716 2649 2789 quid
2688 2715 2743 2770 ei
2784 2720 2919 2769 tunc
2970 2712 3140 2767 fuerit
3177 2711 3367 2778 animi,
3410 2725 3518 2765 non
3549 2724 3690 2780 Opus
3724 2715 3810 2763 est

2179 2825 2504 2882 expromere
2559 2809 2626 2844 ⁸⁵⁷
2658 2807 2862 2863 verbis.
2897 2805 2991 2861 Cui
3025 2805 3276 2877 quamvis
3328 2802 3617 2876 indignum
3645 2800 3807 2856 vide-

2180 2911 2335 2957 retur
2362 2901 2431 2955 de
2480 2900 2618 2955 stiva
2646 2898 2908 2955 dominici
2952 2898 3118 2953 aratri
3149 2895 3340 2952 oculos
3378 2901 3523 2950 retro
3566 2908 3808 2949 conver-

2170 3002 2307 3063 tere,
2339 3000 2394 3049 et
2421 3008 2585 3066 grave
2626 3001 2775 3048 esset
2792 3008 2852 3047 se
2875 2991 3166 3047 emeritum
3211 2989 3409 3044 militia
3448 2988 3597 3043 bello
3629 3002 3798 3042 mun-

468 3070 548 3125 bii
580 3083 884 3146 praerogata
914 3075 1255 3134 immunitas.
1297 3081 1585 3136 Decretum
1602 3092 1689 3139 est
1714 3084 1898 3151 etiam,
1928 3043 2151 3141 utdeC
2181 3043 2338 3138 danae
2384 3043 2779 3137 agilicitudinis
2823 3081 3019 3135 iterum
3075 3078 3378 3145 involvere,
3432 3092 3542 3131 non
3588 3077 3802 3132 distulit

475 3163 583 3219 alio
613 3167 951 3224 monasterio
985 3168 1060 3224 ibi
1090 3171 1261 3227 abbas
1289 3188 1399 3229 non
1430 3175 1814 3245 constituatur,
1845 3177 1943 3232 sed
1977 3178 2081 3248 ipsi

475 3256 619 3312 servi
637 3257 729 3312 Dei
747 3260 1051 3316 secundum
1070 3264 1244 3319 sancti
1260 3265 1540 3322 Benedicti
1572 3268 1816 3343 regulam
1833 3270 2084 3325 viventes

473 3361 537 3401 ex
569 3363 666 3403 sua
706 3349 925 3421 pr0pria
963 3354 1391 3428 congregatione
1433 3356 1682 3413 abbatem
1715 3358 1954 3431 eligendi
1986 3374 2086 3430 po—

472 3438 726 3490 testatem
762 3438 1022 3507 habeant,
1048 3446 1103 3495 et
1131 3448 1190 3496 ut
1219 3441 1390 3497 abbas
1436 3443 1555 3515 ipse
1604 3445 1908 3520 privilegiis
1936 3446 2085 3502 sedis

472 3527 789 3597 apostolicae
840 3529 1032 3586 infulis
1058 3533 1372 3602 decoretur,
1404 3543 1459 3589 et
1488 3541 1546 3590 ut
1576 3537 1755 3608 ipsum
1802 3547 2085 3593 monaste-

469 3617 609 3672 rium
643 3619 747 3674 sub
765 3619 905 3691 juris
935 3620 1155 3677 dicioue
1198 3630 1400 3679 sanctae
1438 3624 1696 3680 Romanae
1737 3625 1803 3661 ⁸⁸³
1858 3637 2082 3697 aposto-

470 3708 590 3765 licae
646 3710 796 3765 sedis
838 3713 1219 3780 constitutum,
1287 3715 1494 3771 nullius
1535 3717 1761 3773 alterius
1818 3719 2081 3774 aecclesiae

464 3800 607 3868 juris
628 3801 942 3857 dicionibus
961 3803 1346 3873 submittatur;
1377 3808 1786 3864 interminando
1808 3826 1874 3864 ex
1899 3817 2082 3866 aucto-

468 3887 629 3942 ritate
659 3888 807 3944 beati
837 3891 981 3945 Petri
1032 3893 1409 3963 apostolorum
1442 3895 1728 3967 principis,
1770 3897 1873 3952 sub
1906 3898 2079 3954 divini

467 3978 835 4036 obtestatione
875 3982 1073 4051 judicii
1123 4000 1187 4040 ac
1237 3986 1433 4041 validis
1486 3989 1852 4044 anathematis
1909 3990 2079 4046 inter-

469 4068 826 4136 dictionibus,
866 4078 926 4127 ut
954 4074 1104 4128 nulla
1132 4074 1429 4147 aliquando
1459 4077 1545 4134 vel
1571 4095 1734 4149 parva
1764 4082 1848 4136 vel
1880 4097 2079 4153 magna

469 4175 705 4231 persona
735 4161 943 4234 aliquid
973 4165 1040 4221 de
1068 4166 1232 4222 rebus
1252 4167 1337 4223 vel
1369 4171 1816 4239 possessionibus
1834 4174 1904 4228 ad
1930 4174 2075 4230 idem

468 4253 862 4309 monasterium
893 4255 1301 4326 pertinentibus
1321 4256 1535 4314 auferre
1566 4261 1652 4318 vel
1673 4262 1917 4318 alienare
1936 4280 2080 4335 prae-

2182 3179 2365 3227 tamen
2398 3186 2498 3243 pro
2527 3169 2884 3226 consolandis
2924 3167 3184 3223 fratribus
3216 3167 3320 3221 iter
3348 3166 3676 3233 accelerare,
3708 3166 3802 3238 qui

2184 3278 2283 3333 pro
2313 3261 2422 3315 illis
2442 3266 2667 3331 paratus
2691 3266 2808 3314 erat
2839 3257 3003 3313 etiam
3025 3255 3265 3311 animam
3297 3271 3524 3326 ponere.
3567 3255 3805 3309 Veniens

2184 3373 2317 3433 ergo
2348 3356 2692 3411 desideratus
2716 3354 2783 3409 ad
2814 3353 3185 3408 desideratum
3215 3351 3397 3406 locum
3424 3350 3517 3422 qui
3552 3350 3802 3406 testimo-

2186 3448 2338 3503 nium
2368 3454 2485 3502 erat
2512 3463 2626 3502 suae
2659 3444 2992 3511 devotionis,
3021 3443 3208 3498 tristes
3228 3449 3282 3497 et
3309 3441 3585 3497 desolatas
3611 3439 3803 3495 fratres

2184 3540 2471 3596 conﬁrmat
2525 3538 2713 3594 verbis
2768 3535 3151 3593 consolatoriis
3185 3576 3199 3602 ,
3258 3542 3314 3589 et
3369 3533 3570 3605 quibus
3620 3533 3802 3604 potuit

2185 3632 2354 3688 armis
2385 3630 2709 3686 humilitatis
2747 3636 2801 3684 et
2838 3628 3126 3684 modestiae
3178 3626 3416 3682 occurrit
3453 3624 3797 3693 adversariis,

2183 3728 2239 3777 et
2268 3720 2540 3775 feritatem
2572 3725 2629 3772 et
2669 3715 3028 3787 cupiditatem
3059 3729 3249 3770 eorum
3281 3712 3533 3784 mitigare
3584 3709 3800 3764 labora-

2181 3814 2275 3869 bat
2326 3814 2552 3870 monitis
2602 3811 2889 3867 suasoriis.
2947 3810 3029 3864 [lli
3089 3807 3439 3880 praesentiam
3494 3805 3798 3860 sanctitatis

2180 3908 2302 3977 ejus
2360 3905 2762 3978 aliquantulum
2827 3903 3065 3968 reveriti,
3117 3907 3177 3956 ut
3241 3900 3392 3955 aliud
3440 3898 3686 3953 clausum
3741 3895 3794 3950 in

2178 4002 2405 4068 pectore
2432 3994 2580 4049 aliud
2624 3994 2680 4048 in
2709 3993 2900 4068 lingua
2931 3996 3243 4063 promptum
3279 3988 3571 4053 habentes,
3610 4002 3793 4041 cesse-

2179 4100 2307 4148 runt
2329 4090 2398 4146 ad
2438 4096 2659 4159 tempus
2694 4087 2814 4156 ejus
2855 4068 3143 4151 voluntati,
3186 4101 3245 4139 se
3279 4084 3481 4139 intuitu
3515 4080 3795 4138 afﬁnitatis

2184 4182 2305 4250 ejus
2331 4179 2399 4234 ab
2429 4178 2696 4251 injustitia
2730 4177 3162 4236 istacessaturos
3187 4173 3442 4245 polliciti.

2250 4270 2336 4325 14.
2369 4257 2437 4303 ⁸⁵⁸
2463 4267 2604 4338 Sepe
2631 4265 2952 4322 nominatus
2978 4270 3031 4318 et
3061 4279 3196 4333 sepe
3224 4260 3596 4317 nominandus
3640 4258 3798 4315 nobis

468 4353 668 4401 sumat.
705 4347 815 4403 Hoc
851 4348 1115 4435 scriptum
1166 4366 1263 4420 per
1289 4368 1511 4408 manum
1569 4355 1846 4412 Bonefacii
1877 4357 2075 4413 notarii
2100 4351 2416 4420 Ddomnus
2449 4354 2758 4411 Wicbertus
2781 4361 2886 4408 tam
2919 4351 3196 4427 gratiosus
3227 4349 3481 4417 fuitDeo,
3514 4355 3574 4403 ut
3599 4349 3797 4423 dignus

469 4438 766 4511 regionarii
786 4446 948 4511 atque
978 4441 1247 4497 scriniarii
1270 4451 1472 4500 sanctae
1505 4445 1763 4502 Romana;
1794 4448 2080 4516 aecclesiae,

470 4529 656 4584 datum
712 4537 794 4585 est
856 4532 891 4585 8
947 4531 1060 4587 Kal.
1113 4533 1312 4604 Aprilis
1389 4551 1488 4607 per
1558 4552 1756 4593 manus
1819 4536 2082 4608 Stephani

473 4621 719 4694 episcOpi
758 4639 821 4679 ac
865 4622 1274 4682 bibliothecarii
1315 4632 1518 4682 sanctae
1563 4628 1715 4684 sedis
1742 4629 2081 4700 apostolicae,

472 4726 618 4766 anno
649 4710 1004 4782 pontiﬁcatus
1034 4714 1223 4770 domui
1267 4715 1546 4772 Benedicti
1578 4717 1670 4772 Vll
1722 4732 1878 4788 papae
1909 4733 2080 4785 nono,
2133 4728 2137 4732 ’

472 4803 780 4872 imperante
812 4804 1006 4861 Ottone
1035 4823 1068 4862 a
1107 4807 1216 4864 Deo
1243 4814 1503 4865 coronato
1533 4824 1734 4882 magno
1760 4826 1826 4866 ac
1854 4809 2083 4880 paciﬁca

474 4894 824 4966 imperatore,
856 4911 1002 4952 anno
1041 4898 1121 4966 16,
1163 4899 1259 4971 qui
1282 4906 1367 4955 est
1405 4915 1583 4955 annus
1604 4900 1821 4955 Domini
1849 4900 1975 4955 953.

545 4984 633 5042 13.
667 4986 745 5041 Ita
774 4986 1096 5059 aliquandiu
1126 4991 1403 5048 arridente
1441 5008 1638 5048 sereno
1677 4992 1816 5049 coelo
1853 5007 2087 5063 prospe—

476 5078 672 5146 ritatis,
706 5078 1005 5151 derepente
1035 5081 1312 5138 inhorruit
1334 5082 1564 5155 inopina
1595 5083 1861 5139 immissio
1892 5082 2086 5138 diabo-

478 5167 599 5223 licae
650 5170 1013 5239 tempestatis.
1084 5171 1368 5243 Siquidem
1422 5172 1793 5229 Heribrandus
1841 5173 1911 5228 de
1965 5173 2088 5229 vico

478 5258 759 5318 Mainwolt
803 5263 892 5332 ⁸⁸³,
948 5264 1041 5336 qui
1092 5264 1233 5319 inter
1270 5264 1487 5321 nobiles
1539 5265 1984 5337 Bratuspantium
2020 5265 2090 5301 εδδ

2183 4449 2350 4505 fuerit
2398 4448 2563 4504 etiam
2647 4444 2964 4517 apostolicae
3010 4441 3424 4513 prmdicationis
3471 4440 3795 4495 ministerio.

2184 4542 2328 4598 Gens
2355 4539 2631 4613 siquidem
2672 4537 3038 4610 Ungarorum,
3081 4550 3201 4606 qua:
3257 4532 3592 4606 quibusdam
3620 4532 3799 4587 muni-

2183 4630 2415 4686 tissimis
2443 4627 2610 4683 clusis
2663 4630 2897 4690 remota,
2928 4638 3031 4678 nec
3060 4622 3131 4678 ad
3177 4623 3540 4677 meridianam
3592 4636 3696 4675 nec
3722 4620 3790 4674 ad

2183 4716 2584 4774 occidentalem
2614 4714 2831 4786 plagam
2862 4711 3101 4767 exeundi
3146 4711 3416 4767 habuerat
3465 4709 3797 4776 facultatem,

2185 4827 2286 4884 per
2335 4809 2619 4866 Arnulfum
2666 4809 3056 4878 imperatorem
3117 4804 3295 4877 ruptis
3349 4804 3522 4861 clusis
3581 4802 3795 4869 emissa,

2184 4906 2399 4956 mortuo
2450 4897 2675 4953 Arnulfo
2725 4897 3077 4967 imperatore,
3134 4900 3303 4950 totam
3350 4893 3583 4959 Italiam,
3636 4898 3795 4946 totam

2185 4988 2531 5045 Germaniam
2578 4993 2639 5041 ut
2695 4984 2810 5040 fera
2887 4988 3191 5055 tempestas
3274 4980 3424 5036 vario
3485 4979 3798 5035 vastationis

2186 5096 2390 5156 genere
2435 5078 2773 5150 depopulata
2802 5083 2885 5131 est
2937 5092 3036 5147 per
3065 5088 3241 5130 annos
3270 5072 3489 5127 circiter
3518 5071 3793 5143 quinqua-

2188 5169 2360 5245 ginta.
2390 5167 2514 5223 Hzec
2532 5182 2671 5240 gens
2687 5166 2854 5247 etiam
2876 5170 3124 5234 tempore
3150 5160 3314 5234 primi
3339 5158 3554 5217 Ottonis
3574 5174 3792 5232 aggres-

2190 5278 2250 5318 sa
2287 5262 2355 5297 ⁸⁵⁸
2387 5259 2819 5334 Lotharingiam,
2879 5256 3118 5314 deducta
3161 5262 3246 5311 est
3281 5270 3313 5308 a
3365 5254 3510 5310 duce
3560 5249 3795 5307 Conrado

1824 5371 2047 5427 VARI/E
2082 5367 2460 5425 LECTIONES.

556 5466 625 5501 3"
665 5483 729 5522 ac
752 5467 854 5523 sub
878 5468 930 5524 3.

484 5534 552 5611 A3;
622 5537 692 5573 ⁸⁵⁵
718 5554 958 5611 namque
987 5540 1038 5599 3.

1128 5541 1197 5577 ⁸⁵⁶
1228 5556 1486 5613 quoniam
1519 5542 1570 5598 3.

486 5605 555 5640 ⁸⁵⁸
585 5622 806 5678 agressa
831 5605 882 5664 1:

1018 5470 1088 5505 διο
1115 5485 1190 5525 m.
1216 5475 1299 5525 est
1336 5485 1381 5525 s.
1414 5469 1467 5527 3.
1543 5471 1609 5506 εει
1637 5471 1780 5527 R.et
1797 5487 1843 5525 a.
1878 5470 1932 5526 2.
2015 5470 2084 5505 ⁸⁵³
2110 5468 2382 5525 Maviwolt
2431 5467 2486 5522 5.
2561 5466 2631 5500 ‘53
2651 5463 3104 5519 brabantensium
3144 5463 3210 5518 2b

1695 5541 1763 5578 ⁸⁵⁷
1802 5540 2112 5614 exprimere
2153 5539 2206 5599 3.

3334 5460 3402 5495 δυ’
3428 5455 3708 5516 Reinuidis
3741 5457 3792 5509 2.

2296 5539 2364 5575 ⁸⁵⁸
2393 5540 2600 5609 reliqua
2648 5551 2812 5606 usque
2839 5536 2909 5592 ad
2944 5536 3110 5601 ﬁnem
3131 5538 3350 5605 paginae
3385 5535 3443 5587 in
3475 5532 3584 5587 loco
3603 5529 3761 5585 rasot
