3938 6050
142 267 264 327 673

1553 259 1703 315 νιτΑ
1745 257 2093 315 WICBERTI.

3388 271 3495 326 6⁸74

148 408 338 467 usque
386 392 457 449 ad
485 390 676 447 silvam
704 380 1113 457 Carbonariam,
1158 394 1215 444 et
1249 387 1452 445 virtute
1482 388 1579 444 Dei
1627 387 1774 459 apud
1800 392 1855 458 Α
1877 403 2038 445 sonus
2061 390 2267 445 karitas
2298 398 2395 459 est,
2422 391 2592 447 dulcis
2614 407 2698 448 res
2725 400 2778 449 et
2806 394 3131 453 delectabilis
3160 402 3365 456 caritas
3394 410 3491 469 est,

147 483 436 541 Lobiense
464 480 782 538 coenobium
804 487 1049 545 ostensa,
1074 477 1351 549 prohibita
1370 478 1513 532 ultra
1530 476 1776 548 prodire,
1878 495 1997 550 quae
2018 488 2305 551 praesentes
2329 490 2381 538 et
2398 485 2637 541 absentes
2660 490 2723 541 in
2750 503 2927 543 unum
2951 493 3150 560 colligit
3168 495 3389 559 fratres.

150 576 328 632 rediit
359 576 586 646 impune
632 572 722 644 (cf.
766 573 1010 628 Folcuini
1036 576 1183 640 gesta
1229 570 1348 625 abb-
1396 570 1545 626 Lobb.
1584 572 1671 624 SS.
1704 586 1775 636 IV,

1883 572 2020 637 {£16
2073 573 2162 628 Sic
2218 574 2301 629 vir
2329 575 2425 630 Dei
2474 585 2654 633 tactus
2682 580 2920 650 quodam
2960 585 3230 657 praesagio
3284 586 3497 644 futuro-

147 670 274 737 66).
326 667 563 742 Ungaris
593 682 725 739 ergo
753 673 810 721 et
839 664 1024 721 eundo
1053 672 1108 719 et
1136 663 1423 719 redeundo
1475 678 1573 734 per
1597 662 1779 718 vicum
1880 682 2023 732 rum,
2054 667 2201 738 quod
2234 669 2557 739 prepediem
2588 670 2930 729 tendendum
2972 674 3080 730 sibi
3111 686 3258 733 esset
3305 681 3373 734 ad
3404 697 3500 736 su-

148 758 664 813 Gemmelacensem
725 754 1162 821 transeuntibus,
1241 753 1483 809 occurrit
1535 752 1617 807 vir
1684 751 1780 807 Dei

156 852 478 908 Wicbertus
506 851 618 921 (an.
645 850 799 920 954),
826 863 941 904 non
975 847 1156 919 clipeo
1189 846 1258 881 ⁸⁸0
1288 854 1382 901 aut
1410 846 1570 920 galea
1614 852 1783 901 mate-

155 942 284 997 riali
315 947 615 1013 protectus,
663 938 762 994 sed
791 945 1000 994 tantum
1044 936 1230 1010 gladio
1260 937 1414 992 verbi
1476 935 1571 991 Dei
1598 934 1785 991 accin-

158 1044 312 1101 ctus,
365 1039 591 1104 paratus
642 1031 833 1086 bibere
865 1030 1094 1087 calicem
1136 1029 1431 1101 passionis,
1489 1035 1546 1083 et
1577 1044 1785 1100 ponere

159 1121 409 1178 animam
440 1137 593 1175 suam
656 1126 883 1190 propter
928 1119 994 1153 ⁸⁶¹
1026 1118 1319 1173 salvandas
1368 1116 1594 1172 fratrum
1655 1117 1785 1171 ani-

162 1228 289 1271 mas
333 1211 403 1245 ⁸⁶²
451 1212 628 1277 (Joan.
665 1224 751 1272 xv,
782 1207 892 1276 13),
934 1223 1064 1278 qua,
1101 1216 1162 1262 ut
1214 1206 1347 1262 dicit
1398 1206 1631 1274 Veritas,
1678 1221 1788 1261 non

162 1306 253 1355 est
303 1297 481 1367 major
518 1295 719 1351 caritas
762 1296 807 1367 (ι
833 1299 948 1352 Cor.
980 1311 1101 1362 xm,
1144 1295 1245 1364 13).
1308 1295 1368 1350 Et
1412 1294 1590 1366 primo
1628 1294 1791 1349 miles

165 1390 370 1446 Christi
398 1388 704 1445 secundum
738 1393 1078 1460 praeceptum
1110 1387 1385 1462 evangelii
1411 1385 1649 1443 offerens
1681 1386 1791 1441 illis

166 1486 402 1542 verbum
443 1485 613 1556 pacis,
644 1484 929 1557 ingressus
981 1490 1065 1539 est
1088 1483 1233 1538 viam
1272 1481 1707 1554 praedicationis,
1741 1485 1795 1536 et

169 1574 438 1645 paulatim
469 1573 719 1648 mitigata
747 1589 939 1629 eorum
968 1572 1143 1640 rabie,
1185 1572 1353 1643 ccepit
1390 1572 1505 1640 jam
1535 1586 1699 1644 agere
1725 1570 1795 1625 de

1884 770 2072 825 pernae
2103 756 2408 814 vocationis
2428 758 2699 827 bravium,
2734 762 2989 832 praevidit
3013 764 3117 819 sibi
3148 766 3201 821 in
3230 767 3498 839 futurum,

1884 853 1945 902 ut
1986 849 2209 919 quando
2249 849 2504 922 deposito
2530 854 2715 909 carnis
2742 870 2912 911 onere
2940 856 3326 932 ingrederetur
3354 862 3500 917 viam

1884 936 2156 993 universae
2204 938 2425 1005 carnis,
2483 941 2656 997 aciem
2711 944 2874 1013 hujus
2930 944 3182 1004 fraternae
3222 950 3504 1008 societatis

1888 1025 2018 1080 hinc
2052 1026 2187 1081 inde
2221 1026 2425 1083 locaret
2454 1030 2507 1083 in
2543 1032 2826 1099 subsidiis,
2858 1051 2981 1107 quae
3011 1052 3298 1093 aerearum
3326 1047 3505 1096 cater-

1887 1134 2078 1172 varum
2120 1118 2374 1174 incursus
2420 1122 2770 1191 proturbaret
2796 1126 3105 1182 orationum
3138 1130 3283 1184 telis.
3331 1130 3504 1202 Hujus

1892 1207 2098 1280 negotii
2135 1206 2458 1278 perficiendi
2493 1212 2766 1267 secundas
2797 1222 2979 1284 partes
3007 1216 3326 1290 relinquens
3353 1218 3505 1275 ﬁdeli

1888 1295 2095 1352 vicario
2121 1312 2221 1352 suo
2260 1297 2444 1352 abbati
2474 1298 2718 1367 Erluino,
2737 1316 2937 1357 cavens
2964 1304 3071 1358 sibi
3098 1321 3199 1376 per
3228 1307 3414 1363 omnia
3433 1323 3505 1363 ne

1891 1384 1995 1440 sub
2051 1385 2284 1441 obtentu
2347 1387 2581 1457 alicujus
2639 1390 2718 1444 rei
2766 1393 3105 1462 exequendae
3143 1395 3505 1465 quantulum-

1896 1491 2117 1548 cunque
2146 1477 2342 1533 iterum
2400 1478 2778 1551 implicaretur
2832 1482 3040 1550 seculo,
3100 1486 3354 1541 ultimum
3384 1487 3504 1544 vale

1897 1564 2090 1620 dicens
2146 1565 2406 1623 fratribus
2458 1575 2514 1623 et
2542 1567 2757 1637 amicis,
2809 1579 2863 1625 et
2912 1572 3211 1643 Optabilem
3260 1576 3415 1646 paci.-
3454 1584 3509 1631 et

173 1680 373 1720 eorum
406 1663 603 1719 salute.
656 1663 768 1718 Nec
819 1661 1032 1718 destitit
1070 1662 1176 1717 illis
1215 1662 1483 1717 idolatriae
1535 1656 2216 1768 spurcitiaBdilectioms
2264 1658 2582 1715 memoriam
2660 1660 2981 1732 relinquens
3050 1662 3151 1729 eis,
3221 1666 3513 1720 maturavit

166 1755 531 1812 sordentibus
561 1754 807 1825 pandere
848 1752 978 1808 ﬁdei
1014 1752 1273 1825 dogmata
1303 1761 1359 1807 et
1414 1752 1563 1826 regis
1599 1750 1794 1807 aeterni

170 1844 445 1906 misteria,
522 1843 703 1897 donec
753 1842 969 1913 aliquos
1024 1857 1213 1897 eorum
1269 1858 1299 1896 a
1357 1855 1528 1915 regno
1586 1838 1795 1895 diaboli

171 1934 464 2004 abstraxit,
506 1949 718 2005 eosque
749 1932 1067 2002 abjurantes
1122 1939 1466 1988 sacramenta
1506 1930 1796 1986 diabolicae

173 2024 408 2092 militiae,
455 2022 799 2093 transcripsit
847 2022 903 2076 in
963 2037 1164 2077 novum
1223 2038 1428 2077 nomen
1479 2020 1795 2077 christiana:

173 2116 405 2172 militiae.
460 2113 791 2170 Benedictus
822 2114 965 2169 Deus
993 2129 1092 2185 per
1119 2114 1329 2182 omnia,
1371 2113 1465 2185 qui
1517 2112 1795 2168 Wicberto

175 2210 282 2268 sub
313 2211 486 2284 signis
515 2209 633 2265 suis
661 2208 922 2264 militanti
955 2207 1130 2277 affuit,
1172 2209 1339 2281 eique
1368 2208 1599 2265 civicam
1642 2222 1802 2264 coro-

176 2320 308 2359 nam
325 2302 535 2358 tribuit.

253 2394 341 2449 15.
380 2392 692 2448 Praavidens
720 2392 802 2447 vir
844 2392 956 2447 Deo
996 2391 1198 2462 plenus
1228 2388 1340 2446 nbn
1372 2406 1497 2446 esse
1546 2396 1798 2461 paratum

176 2489 286 2545 sibi
311 2506 344 2543 a
379 2491 493 2545 Deo
525 2494 700 2560 patre,
724 2494 784 2543 ut
813 2486 1035 2541 biberet
1064 2486 1302 2557 primum
1336 2486 1567 2541 calicem
1599 2486 1805 2557 passio-

186 2581 297 2647 nis,
352 2579 601 2633 animum
656 2576 888 2649 appulit,
929 2582 990 2632 ut
1041 2584 1355 2632 mereretur
1384 2577 1574 2632 bibere
1610 2577 1803 2632 saltem

181 2667 492 2725 secundum
523 2665 752 2722 calicem
785 2663 1178 2730 confessionis,
1198 2673 1252 2720 et
1277 2665 1405 2721 ideo
1437 2672 1581 2721 totus
1611 2665 1668 2719 in
1702 2666 1807 2721 hoc

181 2764 242 2815 ut
270 2756 611 2813 consulendo
638 2754 745 2809 sibi
773 2754 1090 2809 consuleret
1111 2754 1274 2809 etiam
1305 2754 1449 2820 ali's,
1477 2754 1808 2829 excogitavit

182 2862 328 2918 opus
356 2845 502 2918 quod
523 2859 634 2899 non
663 2844 843 2898 solum
865 2842 996 2910 sibi,
1026 2842 1124 2897 sed
1153 2842 1317 2897 etiam
1352 2842 1475 2898 aliis
1495 2843 1804 2914 prodesset.

183 2937 319 2991 Nam
372 2934 712 3005 amplectens
751 2948 921 3003 super
948 2931 1137 2988 omnia
1195 2933 1503 3001 caritatem,
1536 2948 1658 3004 quae
1719 2938 1807 2987 est

184 3030 466 3089 vinculum
507 3028 819 3085 dilectionis
858 3027 950 3098 ⁸⁸³,
983 3034 1038 3082 et
1066 3027 1123 3080 in
1154 3043 1264 3099 qua
1294 3027 1363 3062 8“
1407 3033 1490 3082 est
1518 3027 1807 3099 plenitudo
1838 3073 1882 3099 ,η

1837 3076 1886 3141 C

186 3125 348 3199 legis,
388 3130 442 3180 et
473 3124 544 3179 ob
578 3125 683 3179 hec
710 3122 947 3177 maxime
975 3123 1123 3194 quod
1174 3122 1278 3179 hoc
1317 3122 1557 3194 speciale
1585 3123 1812 3178 manda-

190 3222 306 3271 tum
338 3220 422 3267 est
452 3211 667 3267 Domini
696 3210 964 3266 dicentis:
996 3212 1314 3266 Mandatum
1341 3227 1545 3267 nonum
1583 3212 1647 3267 do
1670 3212 1813 3267 vobis

192 3309 253 3357 ut
276 3317 366 3358 vos
396 3304 626 3356 invicem
650 3299 891 3369 diligatis
922 3298 1102 3369 (Joan.
1136 3315 1259 3366 xm,
1310 3298 1418 3371 34),
1450 3300 1620 3371 cmpit
1649 3315 1813 3374 agere

191 3414 317 3455 cum
350 3396 598 3468 pluribus
626 3394 844 3450 devotis
873 3399 929 3448 et
982 3392 1080 3447 Dei
1108 3392 1390 3462 ﬁdelibus,
1424 3403 1483 3449 ut
1514 3410 1611 3465 per
1640 3409 1811 3449 unum

193 3497 395 3546 mutuae
448 3486 691 3543 caritatis
747 3484 1107 3561 conglutinati
1156 3500 1422 3550 amorem,
1461 3484 1813 3540 fraternalem

193 3583 342 3637 inter
362 3597 425 3636 se
452 3584 758 3635 statuerent
789 3576 1132 3643 societatem,
1181 3586 1242 3631 ut
1265 3592 1389 3631 cum
1424 3592 1622 3632 omnes
1644 3592 1815 3631 unum

196 3676 252 3730 in
292 3675 505 3731 Christo
533 3678 737 3739 essent,
769 3687 940 3726 unum
978 3676 1262 3742 saperent,
1291 3685 1460 3725 unum
1496 3669 1813 3743 diligerent,

196 3790 369 3830 unum
395 3773 450 3827 in
473 3771 682 3827 Christo
705 3770 931 3833 vellent,
964 3785 1135 3824 unum
1158 3767 1391 3833 nollent,
1417 3767 1589 3822 nichil
1607 3766 1676 3801 ⁸⁸⁵
1706 3766 1819 3821 dia-

195 3866 380 3922 bolica
400 3863 737 3920 emulatione
764 3868 1106 3918 contractum
1134 3860 1265 3917 odio
1295 3861 1546 3936 dignum,
1573 3858 1661 3915 vel
1681 3873 1817 3915 cm-

198 3954 477 4011 trarietate
534 3951 877 4006 inveniretur
933 3952 1234 4017 diversum,
1294 3958 1355 4005 ut
1420 3964 1548 4006 vere
1601 3946 1818 4021 paciﬁci

199 4051 542 4102 mererentur
569 4042 969 4099 beatitudinem
1000 4041 1241 4097 ﬁliorum
1264 4040 1393 4109 Dei;
1424 4040 1494 4095 ad
1524 4039 1628 4095 hoc
1652 4038 1816 4094 etiam

199 4148 261 4197 ut
289 4139 596 4197 secundum
625 4137 814 4194 Jacobi
859 4141 1195 4209 praeceptum
1229 4139 1452 4206 peccata
1492 4149 1590 4189 sua
1646 4132 1817 4187 alter-

203 4242 382 4290 utrum
411 4230 961 4301 conﬁterentur(Jac.
993 4246 1047 4296 v,
1075 4228 1183 4299 16),
1216 4232 1271 4283 et
1300 4225 1511 4283 orando
1541 4239 1642 4297 pro
1673 4222 1817 4279 invi-

204 4342 321 4383 cem
355 4324 714 4388 salvarentur,
749 4320 800 4376 ei
848 4320 992 4375 sicut
1019 4318 1230 4373 Veritas
1259 4317 1364 4373 ait:
1404 4320 1506 4382 Qui
1556 4318 1693 4373 lotus
1716 4319 1815 4381 est,

1897 1747 2041 1802 viam
2081 1748 2150 1803 ad
2204 1749 2439 1807 amicam
2488 1750 2590 1805 sibi
2621 1752 2866 1823 quietem
2911 1753 3221 1810 Gorziensis
3255 1756 3515 1811 solitudi-

1898 1836 2005 1892 nis.
2041 1838 2191 1893 Sicut
2220 1840 2368 1893 enim
2401 1841 2570 1911 piscis
2585 1850 2862 1898 extractus
2900 1843 2969 1897 ab
3002 1860 3145 1916 aqua
3174 1862 3282 1902 non
3329 1854 3514 1917 potest

1900 1931 2109 1998 vivere,
2139 1932 2352 2004 itaipse
2382 1933 2610 1991 timebat
2636 1935 2705 1989 de
2734 1936 2846 1991 vita
2860 1937 3059 1992 animm
3086 1954 3220 2005 suae,
3253 1939 3512 2012 quotiens

1896 2036 1928 2075 a
1958 2023 2445 2095 contemplationis
2498 2027 2883 2082 extrahebatur
2924 2029 3137 2100 requie.
3185 2030 3313 2086 Post
3356 2038 3435 2087 tot
3459 2038 3512 2087 et

1896 2118 2078 2169 tantos
2109 2115 2328 2171 labores
2353 2117 2481 2172 dum
2507 2118 2622 2186 jam
2658 2119 2884 2191 jamque
2915 2127 3227 2190 expectaret
3257 2122 3375 2176 dari
3404 2121 3511 2176 sibi

1902 2217 1933 2256 a
1960 2203 2072 2259 Deo
2104 2204 2171 2238 ⁸⁸⁷
2200 2205 2563 2261 desideratam
2608 2208 2926 2263 missionem
2973 2210 3182 2265 militiae
3229 2227 3362 2277 suae,
3394 2221 3515 2266 tan-

1901 2301 2029 2355 dem
2058 2315 2153 2354 rex
2170 2315 2359 2375 regum
2392 2300 2607 2356 luatatus
2636 2302 2865 2358 militem
2882 2320 3039 2358 suum
3073 2304 3167 2359 diu
3194 2321 3293 2376 pro
3322 2306 3515 2361 castris

1902 2404 2129 2446 suorum
2161 2390 2393 2446 viriliter
2435 2392 2673 2475 stetisse,
2707 2400 2925 2463 tempus
2954 2410 3076 2449 esse
3106 2394 3262 2449 duxit
3290 2394 3341 2449 ei
3375 2410 3513 2466 prae-

1904 2478 2017 2532 mia
2044 2478 2249 2535 laboris
2285 2480 2540 2547 reddere,
2574 2487 2629 2536 et
2663 2482 2828 2553 capiti
2858 2483 2979 2555 ejus
3023 2498 3285 2541 coronam
3335 2486 3518 2542 laudis

1906 2574 2211 2644 imponere.

1976 2663 2061 2718 17.
2127 2662 2186 2715 Et
2231 2660 2343 2731 jam
2402 2662 2640 2717 instante
2690 2672 2938 2734 tempore
2993 2665 3349 2723 resolutionis
3382 2683 3516 2735 suae,

1905 2756 2074 2827 cmpit
2102 2754 2480 2827 languescere.
2531 2755 2792 2811 Summus
2821 2756 2968 2811 enim
3011 2758 3204 2814 artifex
3230 2762 3322 2831 qui
3370 2778 3521 2817 sem-

1908 2864 2008 2919 per
2028 2847 2239 2902 invenit
2268 2847 2324 2901 in
2345 2862 2513 2918 opere
2534 2863 2633 2902 suo
2662 2848 2812 2919 quod
2833 2849 3017 2905 adhuc
3046 2852 3240 2907 tundat
3260 2854 3519 2924 etpoliat,

1906 2940 2144 2995 electum
2190 2955 2350 2994 suum
2382 2946 2642 3011 tanquam
2675 2956 2867 2994 aurum
2899 2941 2953 2995 in
2978 2940 3201 2998 fornace
3234 2945 3520 3015 probabat,

1907 3038 1969 3087 ut
1993 3037 2329 3103 excoqueret
2370 3030 2439 3086 ad
2468 3048 2663 3101 purum
2695 3032 2930 3087 scoriam
2978 3041 3327 3105 peccatorum
3377 3038 3519 3109 ejus.

1913 3121 2390 3177 Gemmelacenses
2415 3121 2505 3188 ⁸⁸⁸,
2527 3128 2588 3177 ιιι
2609 3122 2902 3178 audierunt
2923 3124 3209 3181 dominum
3233 3136 3287 3183 et
3314 3135 3522 3199 patrem

1912 3227 2072 3265 suum
2106 3210 2174 3264 ad
2201 3216 2432 3265 mortem
2462 3209 2749 3278 inﬁrmari,
2782 3228 2891 3267 non
2924 3220 3226 3282 potuerunt
3250 3232 3351 3272 suo
3383 3225 3527 3273 tem-

1912 3316 2105 3374 perare
2145 3298 2343 3356 dolori.
2389 3299 2542 3355 Hunc
2570 3316 2758 3356 eorum
2799 3302 3045 3358 dolorem
3094 3305 3262 3360 nimis
3291 3322 3525 3383 exagge-

1914 3395 2087 3459 rabat,
2142 3392 2189 3447 si
2220 3408 2346 3447 eum
2406 3391 2461 3446 in
2507 3399 2653 3447 terra
2690 3394 3156 3468 peregrinationis
3219 3414 3334 3453 sua:
3391 3399 3527 3469 ipsis

1914 3484 2236 3540 absentibus
2264 3482 2615 3558 contingeret
2667 3483 2844 3538 obire.
2878 3482 3031 3540 Unde
3058 3487 3152 3557 qui
3184 3504 3251 3542 ex
3296 3488 3383 3543 his
3407 3505 3526 3544 ma-

1912 3574 2115 3648 jusculi
2139 3589 2259 3628 esse
2284 3572 2635 3640 videbantur,
2666 3573 2785 3628 sine
2812 3589 2967 3629 mora
2997 3575 3243 3631 Gorziam
3267 3578 3523 3647 tendunt,

1917 3670 1974 3719 et
2014 3662 2298 3718 dominum
2329 3677 2487 3717 suum
2524 3662 2798 3718 viventem
2833 3663 3141 3728 inveniunt,
3188 3675 3243 3721 et
3270 3666 3527 3739 aliquan-

1923 3755 2097 3813 tulum
2150 3755 2501 3811 dissimulato
2531 3755 2744 3824 dolore,
2780 3762 2951 3830 agunt
2990 3773 3112 3813 cum
3144 3773 3212 3815 eo
3246 3760 3315 3815 de
3341 3776 3530 3832 repor-

1920 3846 2089 3902 tando
2115 3846 2237 3917 ejus
2287 3859 2534 3916 corpore.
2572 3844 2667 3899 Ille
2699 3844 2968 3901 accersito
2995 3845 3064 3899 ad
3105 3861 3164 3900 se
3193 3846 3391 3901 abbate
3428 3861 3529 3902 suo

1921 3936 2009 3992 cui
2044 3934 2707 4003 nomen.erat0ilbaldus,
2740 3936 2918 4007 aperit
2941 3936 2991 3991 ei
3017 3952 3176 3991 suum
3192 3953 3531 4011 suorumque

1921 4026 2283 4094 desiderium,
2314 4032 2369 4082 et
2400 4026 2504 4080 hoc
2545 4024 2614 4079 ab
2650 4040 2719 4080 eo
2763 4025 3018 4080 ultimum
3066 4025 3276 4097 ex‘petit
3321 4027 3534 4082 beneﬁ-

1920 4119 2091 4184 cium,
2120 4126 2181 4174 ut
2232 4118 2395 4173 liceat
2446 4117 2563 4172 suis
2601 4116 2852 4173 defuncti
2909 4118 3157 4189 corporis
3198 4119 3283 4173 sui
3311 4120 3533 4193 glebam

1917 4209 2123 4268 referre
2150 4212 2219 4266 ad
2246 4210 2690 4266 Gemmelacense
2723 4209 3039 4266 cenobium.
3069 4209 3248 4264 Abbas
3299 4225 3365 4266 ex
3400 4228 3534 4268 con-

1917 4308 2066 4375 silio,
2132 4305 2417 4378 respondit
2464 4311 2523 4359 ut
2570 4311 2725 4375 pater
2768 4302 2919 4359 ﬁlio:
2961 4307 3031 4357 Mi
3077 4305 3160 4369 ﬁli
3210 4306 3533 4372 dulcissime,

202 4435 313 4476 non
340 4419 541 4487 indiget
566 4418 676 4471 nisi
715 4421 778 4469 ut
809 4414 964 4484 pedes
994 4413 1154 4479 lavet,
1196 4412 1286 4466 sed
1310 4416 1387 4466 est
1413 4411 1652 4466 mundus
1682 4415 1822 4465 totus
1840 4426 1897 4495 ι)
1924 4407 2193 4495 angustiis
2217 4403 2355 4455 mihi
2381 4405 2511 4455 sunt
2538 4399 2790 4495 undique.
2818 4400 3177 4495 Sanctitatem
3206 4404 3537 4495 tuam-reve-

206 4512 378 4580 (Joan.
412 4523 529 4573 xm,
562 4505 673 4573 10),
721 4504 797 4558 ita
826 4501 923 4557 loti
964 4500 1242 4571 baptismo
1272 4498 1548 4554 alterutrae
1604 4496 1822 4554 confes-

200 4603 398 4669 sionis,
439 4600 566 4658 lotis
611 4597 850 4671 pedibus
895 4595 1100 4668 quibus
1156 4609 1270 4650 non
1299 4598 1481 4664 potest
1520 4592 1642 4648 sine
1695 4592 1821 4648 labe

205 4701 347 4751 terra
366 4689 565 4747 calcari
584 4689 673 4754 ⁸⁸⁸,
703 4686 760 4741 id
786 4692 869 4741 est
888 4684 1124 4757 expiatis
1152 4683 1367 4740 actibus
1395 4683 1651 4737 humana:
1670 4681 1817 4749 vitae,

205 4800 328 4857 quae
383 4783 473 4837 vix
531 4788 623 4836 aut
664 4779 981 4834 nullatenus
1018 4778 1138 4833 sine
1194 4791 1335 4832 neve
1393 4774 1604 4846 peccati
1644 4781 1826 4845 potest

207 4872 455 4944 transigi,
490 4887 591 4942 per
630 4868 886 4925 fraternae
912 4866 1180 4924 orationis
1226 4866 1487 4921 auxilium
1521 4864 1824 4920 redderen-

206 4970 294 5017 tur
321 4960 417 5017 toti
444 4958 659 5023 mundi,
690 4956 1032 5024 elemosinis,
1052 4955 1302 5026 jejuniis,
1332 4954 1582 5026 psalmis,
1616 4952 1818 5024 ymnis,

208 5052 438 5108 canticis
478 5048 864 5122 spiritualibus
890 5048 960 5103 ad
1001 5048 1107 5103 hoc
1145 5046 1458 5103 constitutis
1482 5046 1552 5100 ab
1584 5045 1821 5101 invicem

209 5143 432 5215 expiati.
462 5139 779 5197 Delectabat
817 5138 967 5194 enim
999 5152 1095 5193 eos
1124 5136 1261 5192 illud
1313 5135 1462 5191 beati
1509 5135 1823 5211 Augustini,

212 5234 307 5307 qui
364 5234 422 5289 in
476 5232 694 5288 laudem
758 5227 1006 5285 karitatis
1072 5241 1442 5298 prorumpens
1488 5224 1598 5280 ait:
1648 5227 1826 5281 Dulcis

1921 4509 2061 4561 reor,
2097 4494 2347 4547 animam
2380 4496 2534 4544 tuam
2572 4488 2642 4543 ad
2687 4492 2853 4542 Deum
2898 4493 3119 4542 euntem
3166 4489 3540 4546 scandalizare

1919 4598 2131 4650 vereor,-
2162 4580 2253 4636 sed
2291 4582 2449 4633 timeo
2467 4591 2536 4631 ne
2563 4577 2645 4631 illi
2668 4576 2736 4611 ⁸⁶⁹
2773 4591 2934 4645 super
2978 4577 3074 4632 hoc
3098 4577 3540 4635 scandalizentur

1920 4675 2015 4740 qui
2043 4678 2092 4726 te
2120 4676 2180 4725 ut
2204 4673 2415 4739 patrem
2428 4670 2780 4731 venerantur,
2804 4668 2854 4718 et
2878 4679 3117 4719 amorem
3137 4680 3295 4735 quem
3319 4666 3541 4723 mbae.

1922 4774 2055 4824 runt
2102 4764 2172 4800 97°
2220 4763 2318 4819 tibi
2348 4764 2567 4827 viventi,
2621 4760 2817 4815 vellent
2872 4760 3081 4815 exibere
3126 4763 3542 4831 praesentialiter

1921 4860 2089 4914 etiam
2117 4855 2388 4909 morienti.
2417 4855 2548 4906 Ecce
2581 4850 2917 4905 voluntatem
2954 4865 3133 4906 meam
3158 4857 3410 4923 postpono
3435 4858 3545 4909 tum

1923 4948 2210 5012 voluntati,
2245 4947 2293 5000 si
2329 4944 2650 5013 aspiraverit
2679 4942 2777 4996 tibi
2827 4948 2877 4997 et
2907 4946 3014 4998 tuis
3055 4943 3305 5000 voluntas
3348 4946 3458 5001 Dei.
3488 4945 3544 4998 Si

1923 5038 2155 5107 suppetit
2184 5037 2289 5090 tuis
2315 5033 2553 5101 facultas
2582 5032 2837 5103 implendi
2872 5031 3197 5088 desiderium
3217 5047 3402 5101 suum,
3434 5047 3545 5089 non

1925 5146 2058 5200 nego
2075 5142 2259 5184 meum
2285 5141 2585 5182 assensum.

1995 5220 2234 5277 Tandem
2295 5218 2361 5254 9'”
2409 5218 2494 5275 vir
2556 5217 2653 5273 Dei
2724 5224 3139 5275 consummatus
3175 5217 3232 5272 in
3284 5216 3545 5273 virtutum

1560 5352 1783 5408 VARIIE
1826 5349 2184 5408 LECTIONES

283 5471 354 5507 ⁸⁶⁰
378 5471 599 5544 clippeo
665 5470 928 5544 galeaveu
956 5467 1039 5544 3._
1116 5466 1182 5544 3f“
1214 5479 1314 5544 pro
1353 5465 1413 5544 ΞΖ

216 5544 285 5580 ⁸⁸⁸
304 5548 383 5600 ita
425 5538 520 5600 hoc
559 5538 695 5599 loco-
724 5541 773 5595 1.
861 5540 931 5575 ⁸⁸⁸
954 5538 1157 5594 culcari

213 5616 283 5651 ³⁴¹⁰
307 5615 495 5671 exhib.
528 5615 583 5670 2.

1522 5462 1591 5497 ⁸⁸³
1628 5460 1919 5517 animabus
1950 5460 2001 5517 3.

2128 5458 2199 5494 ⁸⁸³
2227 5457 2597 5529 perfectionis
2639 5457 2738 5529 3.“
2796 5455 2864 5491 ⁸⁶⁴
2899 5468 3033 5529 quo
3088 5468 3255 5529 _corrj._
3296 5470 3461 5529 _qua_
3495 5457 3550 5529 1.
3576 5496 3595 5503 -

1255 5578 1266 5591 .
1353 5535 1420 5569 ³⁸⁷
1450 5533 1674 5589 domino
1726 5532 1777 5591 3.
1863 5534 1931 5569 ⁸⁸⁸
1960 5534 2020 5587 G.
2077 5524 2258 5586 autem
2314 5536 2374 5584 ut
2420 5528 2472 5585 3.
2559 5528 2628 5563 3”
2649 5526 2742 5582 alii
2785 5524 2932 5582 corr;
2959 5524 3038 5579 illi
3078 5524 3130 5580 1.
3166 5526 3259 5580 alii
3288 5524 3363 5580 ΞΣ
3386 5527 3465 5581 illi
3492 5528 3547 5584 3.

680 5612 746 5647 ⁸⁷¹
780 5615 867 5668 hic
915 5617 1081 5682 caput
1126 5612 1263 5666 XVII
1311 5608 1568 5682 inchoent
1605 5606 1747 5661 codd.
1784 5606 1838 5659 2.
1875 5604 1928 5659 3.
2190 5603 2242 5658 1.
2268 5604 2510 5682 nonnisi
2556 5603 2736 5682 majus
2773 5597 3044 5682 [absque
3074 5598 3310 5682 sapit-uti
3337 5600 3552 5682 indica:

215 5657 739 5745 uo;e”'.}£z'
780 5657 1184 5741 lidbetifS'i-riba
1209 5657 1579 5736 Ἑκάᾶἶῖἆάῖᾗ,
1607 5657 1925 5733 numerum
1961 5657 2113 5731 XVII
2122 5657 2345 5744 posuit,
2379 5679 2431 5728 et
2454 5687 2583 5729 mox
2609 5657 2765 5737 infra
2789 5657 2963 5722 XVIII.
2994 5675 3046 5724 et
3074 5657 3259 5724 XVIIII
3283 5657 3545 5726 instituit.
