3938 6050
426 305 534 363 675

1616 284 1964 347 SIGEBERTI
2006 283 2523 343 GEMBLACENSIS.

3659 275 3764 331 676

422 432 614 506 gratia,
655 427 805 501 quod
837 427 1013 497 majus
1056 432 1139 480 est
1179 438 1344 495 quam
1372 421 1420 477 si
1463 420 1750 477 claruisset
1791 419 2033 474 miracu-
2055 422 2112 489 Α
2134 416 2241 470 lem
2275 414 2451 470 virum
2503 410 2880 473 Aletrannum,
2910 421 3076 506 quem
3099 412 3223 506 post
3253 419 3408 461 suam
3451 402 3766 506 excecatio-

421 523 597 578 lorum
646 520 822 596 gloria
874 516 1463 588 miraculis—quippe
1504 510 2030 583 nonnunquamvir-

420 619 564 669 tutes
608 608 967 675 oﬁ‘uscantur,
1044 605 1305 661 miracula
1357 619 1487 659 vero
1549 604 1684 659 solis
1742 600 2033 657 virtutibus

417 701 970 759 commendantur—
1000 700 1066 753 10
1109 698 1220 753 Kal.
1264 696 1409 753 Junii
1465 698 1582 765 (an.
1622 694 1748 767 962)
1790 693 2035 749 reddidit

417 798 672 870 spiritum
701 795 985 868 fatigatum
1019 809 1123 849 nec
1152 793 1357 848 victum
1378 791 1674 848 fructuosis
1703 789 1984 845 laboribus
2016 805 2031 856 ;

419 899 475 945 et
497 890 565 944 ad
592 896 778 961 patres
813 902 945 943 suos
975 885 1281 957 adpositus,
1324 884 1419 956 qui
1449 882 1818 939 seminaverat
1850 880 1905 935 in
1936 880 2035 935 be-

419 982 857 1049 nedictionibus,
887 982 960 1016 ⁸⁷²
983 980 1308 1050 messuitUI
1333 983 1450 1035 Cor.
1478 995 1554 1044 ix,
1580 977 1635 1045 6)
1664 976 1829 1031 etiam
1853 975 1909 1029 in
1941 973 2037 1029 be-

419 1074 852 1139 nedictionibus,
882 1071 1205 1142 centuplum
1228 1076 1283 1125 et
1319 1069 1485 1126 vitam
1526 1073 1787 1122 aeternam
1832 1080 2036 1119 secun-

420 1163 551 1219 dum
585 1161 801 1218 Domini
842 1161 911 1196 ⁸⁷³
951 1158 1376 1232 promissionem
1424 1156 1629 1227 (Matth.
1672 1170 1786 1221 χιχ,
1826 1152 1916 1224 29)
1946 1152 2040 1206 in-

423 1252 645 1325 deptus.

496 1349 581 1403 18.
616 1346 1093 1402 Gemmelacenses
1125 1343 1235 1398 laeti
1279 1341 1349 1396 ab
1381 1340 1567 1395 invitis
1596 1353 1798 1410 corpus
1826 1335 2039 1394 domini

422 1437 508 1492 sui
536 1434 866 1506 suscipiunt,
907 1438 962 1489 et
1011 1447 1070 1487 se
1129 1430 1315 1486 votivo
1365 1427 1523 1499 operi
1562 1427 1874 1499 accingunt.
1937 1424 2038 1488 Qui

423 1529 795 1597 praecaventes
825 1537 895 1576 ne
918 1518 1097 1575 aestivi
1129 1517 1329 1573 caloris
1359 1516 1617 1573 nimietas
1641 1514 1850 1569 faceret
1888 1512 2041 1581 inju-

422 1617 558 1672 riam
591 1624 782 1670 sancto
809 1611 1048 1683 corpori,
1079 1609 1299 1665 intralia
1338 1608 1590 1681 corporis
1645 1606 1896 1676 ejiciunt,
1937 1604 2040 1659 ibi-

422 1724 532 1781 que
562 1715 720 1763 terrae
751 1704 1047 1761 infodiunt.
1079 1703 1313 1759 cadaver
1357 1717 1489 1757 vero
1540 1700 1652 1755 sale
1691 1708 1746 1754 et
1770 1697 1937 1754 variis
1975 1697 2043 1731 '7‘

423 1802 830 1875 pigmentorum
862 1800 1124 1855 odoribus
1166 1804 1563 1873 conspergunt,
1594 1812 1721 1867 quae
1758 1792 2039 1865 putredini

423 1909 703 1966 corporeae
726 1893 1094 1964 corruptionis
1125 1906 1433 1964 repugnare
1483 1896 1732 1961 possunt.
1765 1887 1916 1943 Unus
1943 1903 2044 1942 au-

424 1993 536 2042 tem
566 2003 756 2043 eorum
788 1986 1010 2042 nomine
1049 1985 1293 2053 Adecbo,
1339 1984 1434 2056 qui
1464 1995 1686 2054 semper
1715 1980 2042 2036 familiarius

423 2079 603 2136 fuerat
624 2079 925 2135 obsecutus
955 2085 1145 2133 sancto
1177 2077 1318 2140 viro,
1350 2091 1415 2131 ac
1444 2091 1542 2146 per
1571 2076 1676 2130 hoc
1716 2074 1879 2129 etiam
1910 2088 2042 2127 san-

420 2181 508 2228 cto
538 2172 756 2244 corpori
805 2172 985 2227 adhuc
1025 2169 1435 2242 obsequebatur
1485 2167 1554 2201 37‘
1587 2165 1911 2231 instantius,
1954 2164 2043 2221 hic

425 2270 743 2333 comparato
798 2276 952 2317 carro
999 2275 1120 2315 cum
1160 2258 1363 2322 bobus,
1414 2254 1743 2327 superponit
1791 2261 2043 2308 sanctum

428 2364 651 2421 corpus,
684 2366 794 2405 non
826 2363 937 2421 quo
976 2349 1188 2403 honore
1218 2345 1504 2401 dominum
1552 2343 1763 2411 decuit,
1805 2342 1904 2398 sed
1934 2357 2044 2414 quo

428 2458 614 2498 amore
649 2441 769 2513 ipse
802 2440 1017 2496 debuit.
1070 2439 1188 2495 Jam
1229 2443 1626 2509 praecesserant
1675 2434 2045 2510 longiuscule,

430 2541 487 2589 et
517 2550 646 2590 ecce
675 2534 856 2589 omnis
882 2531 1263 2589 ('«orziensium
1296 2529 1537 2603 populus
1569 2528 1770 2583 exarsit
1802 2528 1858 2582 in
1888 2527 1967 2582 ira
1997 2533 2052 2582 et

433 2624 643 2690 furore,
678 2640 807 2698 egre
864 2623 1109 2679 ferentes
1144 2639 1348 2693 corpus
1388 2622 1538 2677 illius
1578 2619 1864 2692 asportari,
1893 2621 2051 2689 cujus

435 2716 655 2771 meritis
687 2732 747 2771 se
767 2715 1070 2771 credebant
1097 2732 1128 2769 a
1177 2715 1289 2769 Deo
1320 2713 1390 2749 ³⁷⁸
1418 2713 1685 2783 adjuvari.
1723 2712 1862 2785 Ergo
1906 2710 2049 2766 facto

433 2820 623 2880 grege,
674 2810 1025 2876 perstrepunt
1068 2801 1321 2874 papulari
1365 2817 1542 2869 more,
1569 2808 1624 2857 et
1654 2814 1861 2871 paucos
1891 2797 2047 2853 multi

434 2897 795 2969 insequentes
854 2896 1220 2951 conclamant.
1255 2894 1333 2949 Ad
1376 2894 1671 2949 clamorem
1711 2906 2051 2948 concurren-

432 2990 568 3044 tium
593 2988 1072 3043 Gemmelacenses
1101 2987 1527 3056 obstupescunt,
1567 2992 1623 3039 et
1651 2983 1816 3039 tacito
1868 2982 2051 3037 cordis

429 3082 671 3137 clamore
719 3078 987 3134 auxilium
1038 3078 1132 3133 Dei
1179 3083 1451 3149 quierunt.
1516 3076 1579 3131 Et
1634 3076 1727 3147 qui
1783 3089 1883 3146 pro
1920 3072 2050 3129 ﬁliis

2133 521 2261 561 nem
2305 510 2359 561 et
2386 502 2770 575 expulsionem
2821 499 3076 557 Evraclus
3128 496 3430 569 episcOpus
3453 495 3761 551 ordinave-

2132 602 2213 652 rat
2240 595 2498 651 abbatem
2532 593 2910 659 Lobiensium,
2947 588 3169 661 scripsit
3197 587 3488 659 epistolam
3522 586 3580 641 in
3611 586 3761 640 hunc

2134 688 2359 744 modum
2386 685 2477 742 “0.

2457 793 2660 832 INCIPIT
2698 775 2764 811 ⁸³¹
2798 787 3055 830 ειηετοω.
3100 785 3317 827 annum
3347 770 3439 825 ⁸⁸³.

2207 876 2342 928 Μέγα
2387 874 2778 942 dispensatione
2815 870 3090 924 miseratio
3131 873 3387 937 operatur
3432 866 3643 930 divina,
3703 872 3766 920 ut

2131 966 2550 1036 praecedentium
2578 970 2732 1019 actus
2778 967 2908 1033 jure
2934 962 3037 1017 sibi
3088 962 3421 1030 placentium
3469 958 3675 1028 duplici
3706 962 3793 1019 in,

2139 1060 2235 1113 hoc
2262 1059 2615 1112 mortalitatis
2651 1056 2847 1111 saaculo
2884 1054 3264 1123 gratiﬁcentur
3308 1053 3521 1117 honore,
3552 1056 3615 1104 ut
3654 1064 3766 1103 non

2139 1149 2366 1201 minoris
2390 1147 2585 1214 gratia:
2616 1147 2675 1199 in
2701 1142 2995 1199 ccelestibus
3036 1143 3281 1195 ditentur
3306 1140 3760 1194 remuneratione.

2136 1237 2372 1303 Denique
2415 1235 2495 1288 his
2524 1234 2797 1301 largitatis
2820 1247 2934 1286 suae
2978 1232 3130 1287 donis
3175 1235 3366 1285 auctor
3388 1230 3637 1283 omnium
3665 1227 3762 1282 bo-

2137 1340 2336 1380 norum
2372 1330 2508 1380 Deus
2533 1326 2903 1393 posteritatem
2939 1323 3226 1393 cujusdam
3255 1321 3439 1376 dilecti
3473 1323 3561 1375 sui
3591 1316 3766 1374 Wich-

2138 1417 2275 1471 berti
2306 1416 2666 1485 prasentibus
2696 1418 2965 1484 insignire
3000 1415 3257 1483 dignatus
3285 1419 3363 1468 est
3416 1410 3762 1480 temporibus,

2144 1508 2330 1563 nolens
2360 1514 2423 1562 ut
2454 1510 2562 1576 ipse
2592 1512 2823 1561 testatur
2845 1506 3168 1576 splendentis
3197 1506 3432 1560 lucerna:
3459 1503 3767 1558 claritatem

2143 1602 2242 1656 sub
2292 1602 2457 1656 modii
2515 1601 2712 1655 umbra
2740 1601 2946 1655 diutius
2997 1599 3351 1665 obtenebrari,
3402 1601 3535 1666 quin
3586 1598 3767 1665 potius

2144 1694 2448 1759 autiﬁcandi
2505 1696 2684 1762 gratia
2718 1694 2870 1761 longe
2906 1693 3134 1761 lateque,
3165 1707 3261 1748 ceu
3309 1695 3617 1746 aromatum
3647 1690 3768 1755 fra-

2138 1785 2418 1852 grantiam
2470 1785 2585 1851 ejus
2612 1782 2857 1850 dispersit
2895 1781 3020 1836 boni
3068 1782 3238 1836 odoris
3266 1782 3612 1834 suavitatem.
3674 1781 3771 1832 Hic

2143 1877 2314 1944 igitur
2357 1875 2509 1930 corde
2557 1873 2863 1928 sitibundus
2910 1876 3136 1942 gestiens
3183 1872 3408 1940 adipisci
3451 1873 3689 1939 gratiam
3717 1876 3768 1924 et

2142 1967 2438 2037 evangelici
2465 1981 2573 2020 non
2609 1966 2804 2020 surdus
2843 1965 3060 2020 auditor
3113 1966 3392 2031 sermonis,
3441 1969 3639 2017 cuncta
3665 1962 3763 2016 de-

2138 2063 2312 2130 spexit
2338 2061 2643 2127 saecularia,
2697 2062 2900 2128 respuit
2955 2066 3187 2126 terrena,
3225 2060 3517 2127 postposuit
3556 2063 3765 2126 tempo-

2140 2150 2303 2217 ralia,
2343 2155 2507 2203 semet
2543 2149 2607 2203 de
2643 2155 2830 2204 caetero
2879 2150 3080 2218 manci:
3102 2164 3203 2202 ans
3245 2149 3421 2203 cultui
3464 2149 3777 2202 monasticae

2143 2242 2436 2309 religionis,
2471 2247 2532 2295 ut
2564 2240 2845 2296 altioribus
2877 2246 2928 2294 et
2956 2241 3314 2295 sanctioribus
3355 2242 3447 2295 Dei
3476 2245 3648 2309 posset
3671 2254 3773 2293 va-

2146 2345 2271 2385 care
2311 2331 2667 2400 jussionibus.
2719 2333 3038 2385 Monasterio
3073 2344 3205 2384 sane
3255 2330 3585 2385 Gemmelaus
3622 2344 3771 2382 nun-

2148 2426 2343 2489 cupato
2369 2422 2459 2474 sui
2482 2422 2627 2489 juris
2657 2420 2968 2473 heareditate
3008 2422 3105 2473 Deo
3138 2418 3490 2473 servientibus
3513 2417 3769 2487 delegato,

2148 2516 2358 2570 sincero
2389 2516 2585 2583 affectu
2632 2515 2930 2569 dilectionis
2959 2514 3202 2580 fratrum
3237 2514 3627 2567 monachorum
3650 2528 3773 2568 coa-

2149 2606 2353 2661 dunari
2401 2606 2470 2640 ⁸⁸³
2519 2608 2687 2662 voluit
2737 2607 3220 2674 congregationem,
3268 2605 3364 2659 ubi
3412 2611 3463 2659 et
3503 2607 3611 2674 ipse
3636 2605 3775 2673 quod

2149 2698 2293 2752 credi
2316 2699 2480 2765 facile
2506 2704 2603 2765 est,
2630 2697 2873 2766 regulari
2897 2699 3081 2751 vivens
3111 2699 3350 2763 tramite,
3403 2698 3645 2766 plurima
3674 2701 3775 2750 Deo

2148 2789 2314 2858 digna
2344 2792 2504 2858 gessit
2532 2804 2714 2859 opera,
2756 2789 2965 2843 malens
2992 2803 3104 2843 sua:
3149 2791 3501 2844 exortationis
3538 2788 3776 2857 exemplo

2149 2885 2368 2935 cunctos
2416 2881 2487 2933 ad
2541 2880 2671 2935 bene
2721 2880 2992 2948 agendum
3034 2880 3392 2947 corroborare,
3423 2895 3587 2949 quam
3615 2880 3775 2937 mal.

2147 2975 2417 3027 suasionis
2464 2973 2692 3042 perﬁdia
2718 2973 2918 3028 codidie
2947 2987 3045 3042 per
3086 2972 3257 3027 devios
3286 2986 3470 3027 errare
3495 2973 3771 3027 decursus.

2149 3068 2269 3118 IIwc
2312 3070 2499 3118 autem
2553 3067 2865 3119 sanctitatis
2919 3079 3032 3119 sua
3082 3065 3327 3133 exempla
3358 3071 3410 3118 et
3458 3067 3779 3119 constantia

431 3175 597 3229 Israel
647 3173 911 3248 pugnavit
948 3180 1138 3229 contra
1182 3132 1543 3243 insequentes
1583 3132 1889 3244 (Egyptios,
1940 3187 2048 3241 pu-

2150 3158 2448 3210 certamina
2500 3170 2611 3211 non
2637 3156 2811 3211 solum
2844 3159 2902 3210 in
2950 3160 3073 3227 jam
3101 3132 3252 3211 dicta
3268 3157 3375 3211 loco
3429 3156 3778 3211 manentibus

431 3246 819 3339 gnavit‘eti'am
872 3278 970 3334 pro
1025 3262 1162 3317 istis.
1221 3261 1416 3317 subito
1448 3261 1595 3316 enim
1640 3260 1708 3294 877
1746 3265 2051 3317 Δοι-ιαιεῃῃ.
2150 3247 2496 3302 abundanter
2544 3248 2753 3302 exiliuit
2802 3248 3089 3314 fratribus,
3138 3262 3327 3302 verum
3371 3247 3618 3303 omnibus
3643 3246 3780 3302 bene

435 3358 644 3425 pestate
682 3370 776 3408 aer
796 3352 1092 3418 inhorruit,
1133 3357 1188 3407 et
1226 3349 1371 3406 clara
1401 3349 1491 3405 die
1521 3364 1633 3405 nox
1670 3348 1855 3404 aliena
1892 3347 2050 3403 incu-
2148 3342 2430 3410 agentibus
2452 3348 2504 3396 et
2530 3348 2786 3396 sanctum
2814 3342 3152 3411 sapientibus
3181 3343 3335 3397 laici:
3362 3347 3417 3396 et
3444 3343 3666 3407 clericis,
3697 3345 3784 3395 vi-

435 3441 569 3496 buit.
619 3441 959 3512 Concrepant
1000 3440 1267 3508 tonitrua,
1307 3440 1511 3495 micant
1561 3437 1804 3512 fulgura,
1845 3436 2051 3493 cadunt
2147 3436 2268 3491 duis
2309 3443 2361 3491 et
2408 3439 2683 3505 orphanis,
2714 3439 2991 3491 monachis
3046 3443 3098 3491 et
3139 3440 3240 3493 Deo
3287 3439 3478 3492 dicatis
3534 3439 3779 3506 feminis,

435 3530 688 3587 fulmina.
736 3531 858 3587 Illos
890 3530 1137 3585 tenebrae
1194 3528 1504 3601 palpabiles
1552 3527 1621 3582 ab
1668 3528 1863 3583 itinere
1898 3540 2059 3582 revo-

434 3627 580 3684 cant,
615 3618 693 3673 illi
723 3619 792 3653 "8
824 3634 936 3674 uno
959 3618 1162 3673 itinere
1192 3617 1507 3691 gradientes
1536 3631 1642 3671 nec
1680 3616 1748 3671 ad
1776 3615 2056 3670 dexteram

435 3727 539 3768 nec
567 3710 635 3766 ad
676 3711 952 3767 sinistram
984 3711 1355 3766 declinabant.
1399 3711 1478 3764 lta
1531 3708 1611 3763 illi
1654 3707 1920 3764 divinitus
1958 3722 2055 3762 ex-

435 3803 608 3858 territi
640 3803 1011 3868 retroccdunt,
1045 3802 1137 3857 isti
1176 3801 1349 3870 adjuti
1380 3800 1650 3857 divinitus
1683 3799 1860 3855 libere
1894 3798 2053 3854 ince-

430 3891 585 3946 dunt.
618 3891 747 3945 Tam
803 3890 1145 3961 praedicabili
1197 3890 1466 3945 miraculo
1506 3896 1730 3944 sanctus
1771 3888 1866 3943 Dei
1901 3887 2053 3942 Wic—

428 3984 617 4039 bertus
653 3984 976 4052 illustratus,
1021 4000 1144 4040 cum
1198 3985 1369 4039 multa
1415 3984 1662 4040 omnium
1696 3982 2054 4039 veneratione

430 4073 500 4129 ad
542 4064 994 4130 Gemmelacense
1049 4076 1367 4132 coenobium
1424 4082 1507 4131 est
1544 4076 1773 4143 relatus,
1819 4081 1873 4130 et
1928 4090 2054 4130 cum

432 4165 647 4219 honore
674 4164 865 4219 debito
896 4164 951 4218 in
969 4164 1218 4220 aecclesia
1237 4164 1414 4220 sancti
1438 4163 1734 4220 Salvatoris
1765 4163 2056 4236 sanctique

439 4257 582 4312 Petri
608 4257 843 4328 apostoli
872 4257 1146 4328 sepultus,
1177 4273 1236 4313 se
1267 4273 1391 4313 cum
1449 4258 1559 4313 Deo
1597 4257 1782 4314 vivere
1813 4257 2057 4315 ostendit

438 4360 498 4400 se
526 4344 933 4401 invocantibus.
965 4346 1207 4401 Credunt
1236 4347 1383 4401 enim
1424 4362 1485 4402 se
1515 4346 1636 4415 ejus
1673 4345 1905 4401 tuitione
1927 4361 2058 4417 pro-

2154 3543 2270 3583 suce
2296 3530 2645 3584 exortationis
2682 3528 3002 3583 documenta
3052 3528 3285 3597 prwbuit
3321 3529 3539 3596 ﬁdelia;
3593 3534 3645 3582 et
3696 3530 3784 3581 in-

2153 3632 2315 3686 super
2342 3617 2510 3671 veluti
2558 3618 2619 3669 in
2652 3617 2937 3687 propatulo
2973 3617 3195 3681 claruit,
3246 3619 3475 3686 paganis
3528 3622 3581 3671 et
3617 3617 3784 3671 idolo-

2154 3726 2281 3765 rum
2319 3712 2592 3779 spurciliis
2620 3710 2808 3764 deditis
2858 3712 3104 3765 misteria
3151 3716 3313 3779 atque
3347 3710 3599 3779 dogmata
3637 3712 3785 3778 regis

2154 3806 2343 3859 (sterni
2394 3806 2803 3858 amministrare
2843 3817 2952 3857 non
3027 3805 3239 3858 distulit
3279 3803 3524 3871 ﬁdeliter,
3559 3805 3785 3872 cupiens

2152 3907 2236 3948 eos
2259 3894 2512 3961 supernis
2538 3891 2743 3947 civibus
2771 3894 2976 3947 sociare
3000 3891 3327 3947 amabiliter.
3359 3896 3476 3947 Post
3496 3894 3653 3962 cujus
3688 3892 3785 3945 de-

2152 3999 2359 4040 cessum
2412 3990 2464 4039 et
2501 3987 2626 4038 vitw
2664 3987 2941 4053 prmsentis
2987 3987 3302 4051 terminum,
3352 3985 3529 4049 ﬁdeles
3563 3983 3788 4039 diversae

2155 4078 2329 4131 aetatis
2355 4082 2407 4131 et
2429 4077 2765 4131 diversorum
2792 4076 3068 4146 graduum
3096 4080 3212 4145 ejus
3245 4078 3463 4130 incitati
3503 4076 3650 4131 bona:
3676 4091 3779 4130 ac-

2158 4172 2315 4226 tionis
2344 4172 2602 4240 exemplo,
2660 4186 2789 4240 opus
2844 4170 3097 4236 deiﬁcum
3146 4174 3196 4224 et
3248 4172 3447 4225 amoris
3500 4169 3786 4224 dulcedine

2151 4259 2378 4328 plenum
2395 4259 2533 4327 quod
2556 4258 2625 4312 ab
2652 4260 2763 4329 ipso
2798 4265 3049 4314 exortum
3077 4263 3173 4325 est,
3202 4258 3453 4327 ampliori
3474 4259 3781 4327 frequentia

2150 4348 2497 4417 promulgare
2530 4355 2879 4403 curaverunt.
2938 4349 3150 4402 Placuit
3195 4362 3328 4403 sane
3350 4347 3603 4416 pluribus
3632 4350 3778 4402 circa

438 4434 710 4508 tegendos
761 4436 1179 4506 perpetualiter,
1228 4452 1424 4492 omnes
1472 4435 1567 4508 qui
1616 4452 1741 4491 eum
1797 4428 2332 4498 invocantDlowm
2390 4438 2845 4493 commorantibus
2885 4437 3079 4507 quibus
3123 4454 3275 4494 mens
3330 4441 3515 4493 sanior
3551 4443 3603 4491 et
3650 4452 3780 4505 erga

441 4524 880 4593 praesentialiter.
939 4524 1085 4581 Obiit
1138 4534 1323 4581 autem
1376 4526 1466 4582 hic
1505 4534 1730 4581 sanctus
1785 4526 1883 4581 Dei
1912 4539 2059 4580 anno

441 4612 733 4669 dominicae
785 4614 1183 4671 incarnationis
1232 4616 1659 4689 nongentesimo
1717 4614 2060 4688 sexagesimo

445 4702 692 4757 secundo
719 4702 811 4758 37°.

520 4792 609 4849 19.
663 4794 818 4859 Quod
882 4795 1005 4850 talis
1050 4802 1343 4871 tantusque
1402 4797 1493 4853 hic
1522 4797 1607 4851 vir
1663 4796 1760 4851 Dei
1800 4795 2063 4852 fueritne

450 4883 577 4954 quis
605 4883 899 4951 discredat,
954 4886 1126 4957 ipsius
1163 4887 1350 4944 domni
1396 4886 1616 4941 abbatis
1654 4886 1863 4941 Erluini
1904 4887 2064 4942 testi-

453 4975 701 5032 monium
750 4977 994 5047 accedat,
1034 4979 1131 5050 qui
1180 4979 1232 5034 ei
1265 4977 1574 5033 diutissime
1603 4977 1865 5046 convixit,
1897 4994 2063 5050 quem

456 5067 629 5125 nichil
661 5069 809 5125 illius
835 5070 1011 5126 latuit.
1058 5072 1108 5126 Is
1140 5070 1396 5126 Erluinus
1427 5069 1565 5124 dans
1594 5085 1816 5141 operam
1849 5071 1918 5126 ad
1949 5070 2066 5126 dis-

454 5161 773 5229 ponendum
823 5161 981 5217 initia
1045 5178 1076 5216 a
1151 5161 1355 5217 domno
1426 5160 1741 5219 Wichberto
1809 5162 2067 5219 fraternae

453 5249 733 5307 societitis
760 5250 1075 5323 collegium,
1133 5257 1187 5306 et
1216 5251 1286 5306 ad
1338 5252 1445 5308 hoc
1486 5251 1727 5309 invitans
1774 5254 2068 5310 venerabi-

2159 4530 2328 4581 Deum
2355 4527 2643 4583 devotionis
2689 4533 2808 4582 erat
2838 4528 3083 4597 affectus,
3136 4528 3200 4583 ob
3236 4542 3365 4582 suas
3403 4530 3617 4581 animas
3646 4525 3786 4581 redi-

2159 4616 2383 4670 mendas
2432 4616 2787 4683 fraternalem
2816 4619 2959 4671 inter
3006 4631 3062 4670 se
3091 4619 3324 4685 jungere
3349 4618 3675 4681 societatem,
3723 4620 3788 4668 ut

2157 4708 2310 4774 pacis
2326 4710 2376 4761 et
2400 4706 2696 4761 dilectionis
2728 4710 2967 4759 tenentes
3006 4707 3064 4757 in
3095 4708 3251 4760 terris
3276 4707 3552 4769 unionem,
3590 4706 3790 4772 patria

2165 4798 2388 4852 celestis
2415 4802 2754 4851 mererentur
2777 4797 2995 4865 perfrui
3017 4798 3409 4852 communione.
3458 4798 3632 4864 Igitur
3683 4799 3789 4848 Ka-

2165 4887 2350 4941 lendas
2379 4888 2545 4939 Maias
2570 4887 2817 4940 convenit
2852 4900 2962 4941 non
2991 4886 3198 4941 modica
3222 4886 3465 4951 ﬁdelium
3507 4889 3690 4937 turma
3717 4882 3792 4935 ad

2167 4982 2343 5038 locum
2369 4987 2729 5036 memoratum
2766 4985 3119 5051 inspiratione
3173 4984 3359 5050 utique
3385 4980 3793 5036 clementissimi

2166 5078 2259 5129 Dei
2286 5077 2653 5143 inflammata,
2710 5076 2961 5131 devoveas
3006 5080 3105 5131 Dea
3130 5090 3226 5144 per
3255 5075 3522 5129 circulum
3550 5073 3690 5125 anni
3714 5071 3788 5126 ad

2166 5164 2447 5220 oblationis
2471 5172 2814 5220 sacramenta
2861 5166 3190 5234 pertinentia
3231 5164 3476 5230 luminis,
3505 5162 3665 5231 panis
3700 5162 3785 5213 vi-

2167 5258 2329 5325 nique
2371 5255 2440 5289 ⁸⁸⁸
2463 5272 2781 5312 mensuram
2808 5258 3167 5311 communiter
3192 5260 3482 5323 repertam,
3514 5259 3574 5308 ut
3603 5255 3666 5305 in
3700 5251 3789 5307 die

1813 5388 2031 5444 VARUE
2063 5390 2441 5448 LECTIONES.

524 5508 687 5565 tmm.
746 5526 801 5571 et.
859 5511 896 5567 i.
953 5510 1008 5565 b.
1057 5514 1118 5566 in
1161 5511 1267 5567 loco
1318 5527 1439 5567 raso
1495 5514 1542 5567 1.
1641 5512 1710 5546 ⁸⁷⁸
1741 5511 1830 5567 dei
1879 5512 1929 5566 2.
1988 5512 2039 5566 3.

455 5576 523 5613 ⁸⁷⁷
555 5582 759 5636 etenim
791 5582 843 5638 3.
916 5582 985 5617 ⁸⁷⁸
1012 5582 1102 5637 isti
1132 5583 1184 5638 3.

455 5649 702 5723 tiplicata
729 5663 858 5723 sunt
878 5668 1048 5723 super
1096 5649 1412 5709 numerum.

2138 5510 2206 5546 επ
2238 5510 2360 5565 aliis
2402 5512 2455 5565 2.

1276 5582 1345 5617 '7’
1368 5586 1542 5658 pergit
1568 5582 1627 5658 3:
1663 5583 1927 5658 Miracula
1947 5582 2156 5658 vitandi
2187 5581 2394 5658 fastidii
2425 5582 2615 5658 gratia
2640 5597 2942 5654 suppressa
2989 5586 3136 5636 sunt.
3168 5577 3627 5658 Quandoquidem
3644 5578 3793 5658 mulf

1443 5657 1696 5723 Sequitur
1723 5656 1911 5710 relatio
1934 5655 1997 5709 de
2023 5655 2316 5710 elevatione

2562 5512 2630 5546 ⁸⁷³
2662 5509 3029 5565 famulabatur
3065 5508 3119 5563 3.
3184 5578 3193 5579 ί
3233 5506 3489 5579 Μαμιιά
3516 5504 3685 5579 Deum
3728 5503 3788 5579 2-

2339 5596 2394 5637 ιιι
2425 5596 2602 5658 grsua
2640 5597 2942 5654 suppressa
2989 5596 3136 5636 sunt.
3168 5596 3397 5643 quando
3442 5596 3627 5633 uiuam
3644 5596 3790 5631 ηιυι-

2339 5657 2472 5724 ejus.
2550 5652 2619 5688 “0
2636 5657 2759 5717 Qum
2784 5658 3280 5724 sequunturgusque‘
3305 5651 3377 5706 ad
3397 5596 3565 5716 gnem
3591 5650 3790 5705 desunt

452 5721 536 5775 Ωιι.
566 5722 619 5777 3.
650 5723 730 5777 3b.
761 5723 812 5776 4.
847 5722 899 5777 5.
933 5721 985 5779 et
1012 5726 1072 5778 in
1102 5726 1272 5780 editis.
1347 5724 1412 5759 ⁸⁸¹
1452 5721 1594 5780 deest
1617 5724 1668 5779 2.
1739 5725 1808 5759 ⁸⁸³
1831 5724 1888 5779 Ε.
1924 5725 2136 5781 abbatis
2156 5723 2209 5779 2.
2261 5725 2330 5759 ⁸⁸³
2357 5721 2676 5781 coadiuuari
2700 5725 2754 5781 2.
2824 5721 2893 5759 ⁸⁵⁸
2923 5722 3223 5794 unicuique
3254 5722 3308 5775 2.
