3938 6050
177 283 280 338 6⁵17
1346 285 1497 341 νιΤΑ
1541 286 1830 344 WICBER’I

1939 318 1990 328 -—
2034 287 2317 349 APPEND.
3404 291 3511 347 678

177 416 545 473 Kalendarum
595 418 891 486 unicuique
912 417 1184 487 designato
1215 419 1281 474 de
1309 421 1391 476 his
1434 422 1592 478 rebus
1615 438 1714 493 pro
1742 438 1800 479 eo
1822 430 1877 497 Α
1901 426 2079 479 tinare
2113 431 2446 493 statuerunt,
2469 430 2846 495 permanentes
2874 426 3118 495 deinceps
3145 426 3271 492 ﬁdei
3293 433 3346 481 et
3363 427 3514 483 Icari-

176 511 280 577 ﬁat
309 511 505 566 oblatio
527 515 580 565 et
627 513 773 565 sacri
807 514 1036 566 misteriz
1069 514 1406 583 supplicatio.
1463 519 1637 573 Totius
1685 533 1805 588 ergo
1906 518 2016 569 tate
2036 516 2238 569 sociali.
2288 517 2539 570 Initiatia
2562 519 2640 570 est
2668 516 2777 569 huic
2827 516 3078 581 fraterna
3120 518 3342 571 societas
3370 532 3517 572 anno

178 604 399 658 vinculo
447 603 745 658 dilectionis
778 603 866 657 die
898 611 1201 672 praenotata
1254 611 1368 661 tam
1420 608 1584 663 abbas
1640 626 1807 679 quam
1901 610 2078 678 primo
2104 611 2318 678 imperii
2334 611 2503 679 primi
2533 608 2603 643 ⁸⁸⁵
2639 611 2861 675 Ottonis,
2902 612 2997 678 qui
3023 616 3101 664 est
3129 624 3312 665 annus
3347 609 3517 665 domi-

180 701 384 751 cuncta
422 698 762 765 congregatio
828 698 1213 753 monachorum
1256 702 1379 768 jam
1442 700 1575 755 dicti
1620 716 1809 757 mona-
1906 700 2037 753 nicas
2062 700 2460 754 incarnationis
2484 696 2590 754 963
2615 697 2707 751 ⁸⁸⁸.

179 788 336 840 sterii
357 800 457 840 nec
475 799 586 840 non
609 787 931 855 pagensium
960 789 1169 857 copiosa
1193 786 1487 845 multitudo
1512 804 1568 844 se
1585 791 1805 859 conglu-

725 1108 1302 1199 HISTORIA
1351 1111 2163 1202 'ELEVATIONIS
2229 1113 2311 1201 S.
2385 1114 2983 1203 WICBERTI

1526 1298 1826 1356 AUCTORE
1873 1299 2192 1356 ANONYMO

638 1591 913 1654 INCIPIT
969 1592 1036 1629 ⁸⁸⁷
1103 1594 1196 1655 DE
1261 1594 1745 1659 ELEVATIONE
1806 1596 2144 1661 EJUSDEM
2209 1597 2479 1661 SANCTI
2539 1597 3083 1662 CONFESSORIS.

265 1783 320 1836 1.
377 1782 693 1836 Exultemus
741 1782 1109 1851 dilectissimi,
1168 1785 1478 1841 exultemus
1517 1786 1573 1840 in
1612 1785 1808 1858 gloria,
1838 1791 1890 1859 Β
1916 1786 1984 1841 ad
2010 1787 2409 1858 impetrandam
2440 1804 2608 1860 super
2633 1790 2739 1844 hoc
2777 1789 3027 1860 episcOpi
3053 1789 3403 1846 Leodicensis
3441 1809 3535 1848 au-

195 1889 360 1944 quam
394 1874 449 1926 in
480 1877 618 1929 testa
643 1874 808 1943 hujus
838 1875 948 1930 diei
988 1876 1376 1933 observatione
1407 1878 1568 1933 nobis
1598 1879 1816 1935 confert
1915 1876 2220 1931 ctoritatem
2256 1877 2374 1946 ipse
2412 1877 2480 1931 ab
2509 1892 2575 1931 eo
2604 1878 2848 1947 suscepit
2887 1877 3242 1951 legationem.

195 1962 294 2017 Dei
317 1962 512 2036 gratia.
544 1962 715 2018 Hodie
747 1963 954 2035 quippe
982 1965 1128 2020 Deus
1158 1966 1321 2022 nobis
1369 1967 1613 2035 donavit,
1665 1970 1814 2041 quod

197 2053 267 2109 ab
288 2055 503 2129 origine
533 2056 725 2110 mundi
758 2058 986 2127 paravit,
1010 2058 1270 2131 gaudium
1293 2060 1556 2117 videlicet
1585 2061 1655 2116 de
1686 2078 1816 2116 san-

194 2151 281 2200 cto
337 2144 654 2201 confcssoro
704 2162 803 2202 suo
844 2146 1146 2216 Wicberto,
1204 2165 1369 2222 quem
1417 2151 1472 2206 in
1519 2145 1817 2223 operandis

197 2233 477 2290 miraculis
533 2235 862 2292 hereditavit
924 2237 1067 2293 sicut
1128 2239 1395 2310 scriptum
1460 2248 1543 2297 est
1590 2243 1814 2298 nomine

193 2332 399 2382 aeterno
442 2326 625 2397 (Eccli.
655 2344 745 2395 xv,
777 2329 832 2400 6)
873 2329 1002 2395 Quae
1031 2331 1207 2403 gloria
1243 2332 1406 2388 nobis
1437 2349 1502 2388 ex
1542 2335 1813 2405 corporali

196 2418 319 2487 ejus
358 2420 637 2489 presentia
684 2420 963 2491 specialis,
1025 2423 1288 2479 omnibus
1340 2425 1627 2481 christiani
1676 2426 1818 2481 facta

197 2518 281 2565 est
310 2510 609 2585 generalis,
640 2510 770 2583 quia
797 2527 961 2582 quem
993 2512 1146 2569 locus
1173 2513 1275 2569 iste
1301 2515 1413 2584 jam
1447 2515 1577 2571 olim
1609 2523 1818 2587 patrem

199 2613 230 2656 a
266 2602 379 2657 Deo
410 2602 632 2670 meruit,
663 2603 829 2661 hodie
867 2604 1016 2676 apud
1044 2604 1216 2661 Deum
1246 2607 1488 2662 mundus
1526 2615 1819 2679 patronum

202 2698 446 2771 agnovit.
960 2684 963 2691 ’

281 2791 454 2865 Igitur
491 2798 716 2847 sanctus
744 2791 1056 2848 Wicbertus
1083 2794 1149 2849 40
1193 2793 1310 2850 fere
1347 2811 1615 2851 annorum
1646 2796 1823 2868 spatio

209 2884 267 2938 in
317 2884 590 2939 bonorum
642 2900 873 2955 Operum
920 2894 1333 2942 consummatus
1362 2888 1644 2952 exercitio,
1677 2888 1825 2959 apud

214 2973 462 3028 Gorziam
489 2989 602 3027 suae
624 2974 1001 3029 conversionis
1024 2974 1339 3031 coenobium
1368 2976 1479 3031 vita
1509 2976 1828 3045 defunctus,

212 3063 267 3117 in
298 3062 676 3127 Gemmelaus,
708 3078 822 3117 sua
876 3063 1067 3134 primas
1089 3065 1529 3121 conversationis
1556 3065 1700 3136 loco,
1739 3083 1830 3123 se-

1984 1964 2037 2021 3.
2100 1965 2327 2020 Currum
2381 1965 2470 2021 Dei
2523 1972 2656 2020 tunc
2712 1965 2902 2020 Leodii
2952 1967 3240 2041 aurigabat
3295 1968 3534 2024 domnus

1915 2060 2189 2128 Otbertus,
2234 2062 2503 2117 aecclesiaa
2556 2078 2669 2117 suae
2719 2062 2861 2117 inter
2918 2064 3363 2133 praedecessores
3401 2082 3534 2122 suos

1914 2148 2047 2203 satis
2063 2149 2408 2204 commodus.
2435 2149 2533 2214 Qui
2563 2150 2655 2204 ubi
2688 2148 2890 2204 bonam
2921 2149 3065 2206 bene
3096 2151 3532 2207 desiderantium

1917 2242 2255 2297 voluntatem
2283 2242 2510 2309 audivit,
2561 2243 2811 2299 discussa
2842 2250 2896 2298 et
2925 2251 3207 2315 comperta
3240 2260 3419 2299 rerum
3448 2261 3537 2300 ve-

1918 2333 2102 2401 ritate,
2155 2333 2302 2403 justa
2352 2333 2668 2405 petentibus
2729 2350 3009 2389 assensum
3063 2336 3234 2402 dedit,
3286 2337 3536 2411 gaudens

1923 2430 2169 2494 tempore
2199 2440 2299 2479 suo
2324 2439 2422 2494 per
2454 2423 2548 2478 Dei
2580 2423 3016 2479 misericordiam
3037 2424 3355 2491 revelatum,
3390 2426 3538 2480 unde

1921 2515 2103 2571 omnis
2162 2515 2402 2570 mundus
2436 2531 2467 2569 a
2518 2515 2902 2570 necessitatum
2933 2515 3181 2586 pondere
3221 2532 3280 2571 se
3310 2518 3541 2572 sentiret

1922 2604 2246 2660 relevatum.
2308 2604 2384 2658 Ab
2433 2605 2637 2660 domno
2679 2604 2932 2668 Henrico,
2985 2604 3093 2660 loci
3126 2605 3296 2660 nostri
3350 2607 3543 2677 archy-

1924 2696 2181 2762 diacono,
2212 2712 2377 2751 causa
2408 2695 2656 2751 defertur
2684 2696 2973 2752 Fredcrico
3024 2697 3430 2753 Coloniensium
3462 2715 3544 2753 ar-

1926 2784 2303 2855 chiepiscOpo.
2359 2784 2579 2839 Confert
2620 2784 2713 2839 ille
2751 2785 2809 2838 in
2847 2785 3057 2852 synodo
3093 2786 3359 2858 generali,
3411 2787 3542 2858 quid

1929 2881 2076 2929 esset
2120 2874 2396 2947 agendum
2435 2890 2605 2944 super
2636 2874 2861 2949 negotio
2902 2875 3064 2929 nobis
3102 2876 3353 2946 speciali,
3395 2882 3449 2931 et
3479 2893 3546 2930 ex

1930 2961 2165 3017 consilio
2228 2962 2411 3017 libens
2457 2963 2672 3030 annuit,
2759 2962 2909 3033 quod
2964 2963 3321 3019 annuendum
3368 2963 3549 3020 ﬁdelis

1932 3059 2130 3108 nostrae
2163 3053 2336 3124 partis
2362 3051 2544 3108 fautor
2570 3052 2770 3107 innuit.
2806 3053 2885 3108 Ita
2913 3053 2982 3089 ⁸⁸⁰
3013 3053 3317 3109 divinitatis
3347 3064 3549 3130 agente

210 3158 431 3231 panum
471 3165 553 3213 es,
578 3156 815 3213 functus.
852 3113 954 3214 Urbi
993 3160 1061 3214 ab
1093 3176 1142 3215 a.
1171 3160 1319 3215 dom.
1362 3161 1470 3216 inc_
1504 3162 1631 3218 962.
1662 3113 1731 3204 _,_
1761 3179 1828 3220 eo
1853 3113 1902 3182 Ο
1929 3144 2246 3211 clementia,
2314 3160 2439 3200 cum
2516 3144 2704 3200 omnia
2769 3145 3034 3200 cederent
3115 3163 3180 3201 ex
3247 3140 3547 3215 sententia,

211 3253 421 3323 quippe
458 3250 742 3306 hominem
778 3251 930 3306 exuit
958 3283 1020 3291 —
1057 3266 1156 3321 per
1183 3267 1360 3308 annos
1388 3252 1489 3308 137
1527 3253 1692 3309 tacito
1726 3270 1829 3310 no-

211 3340 359 3395 mine
386 3339 575 3409 jacuit,
611 3339 699 3393 vix
750 3339 943 3410 paucis
966 3338 1222 3396 ﬁdelibus
1260 3356 1360 3411 per
1388 3348 1567 3396 cartas
1614 3347 1830 3396 veteres

212 3428 633 3484 recordantibus
685 3429 937 3483 umbram
985 3429 1107 3497 ejus
1160 3429 1485 3485 sanctitatis.
1520 3431 1677 3485 Anno
1730 3445 1830 3484 au—

215 3525 327 3573 tem
359 3518 510 3574 dom.
544 3518 659 3574 inc.
698 3519 838 3575 1099
886 3517 1105 3573 refulsit
1125 3518 1368 3574 nominis
1396 3519 1518 3588 ejus
1546 3519 1837 3586 memoria,

216 3629 358 3669 nova
383 3613 669 3684 signorum
701 3611 895 3685 gratia,
919 3610 1073 3667 illum
1104 3610 1431 3666 miriﬁrante
1470 3611 1539 3645 ⁸⁸⁸
1576 3611 1670 3666 Dei
1711 3627 1836 3665 ma-

108 3700 118 3707 ’
221 3702 547 3777 gniﬁcentia
578 3701 667 3757 ⁸⁸⁸.
711 3702 843 3766 Quae
884 3700 957 3756 ita
996 3701 1053 3755 in
1085 3715 1153 3756 eo
1195 3700 1466 3756 mirabilis
1498 3699 1598 3755 fuit
1627 3716 1726 3771 per
1774 3701 1841 3755 12

222 3810 400 3851 annos
450 3800 575 3849 ante
621 3791 797 3848 sancti
847 3793 1095 3864 corporis
1149 3791 1539 3856 elevationem,
1582 3797 1643 3846 ut
1674 3792 1840 3865 longe

221 3892 441 3965 lateque
468 3888 770 3946 maximum
790 3888 841 3942 ei
871 3888 944 3944 ob
969 3887 1228 3944 omnibus
1258 3886 1663 3960 comparaverit
1688 3903 1841 3944 amo-

222 3996 337 4036 rem
361 3988 415 4035 et
446 3980 738 4035 honorem.

295 4070 350 4127 2.
379 4069 537 4125 Unde
564 4068 754 4124 multis
801 4073 1047 4124 nostrum
1076 4066 1262 4122 multis
1317 4067 1481 4123 etiam
1544 4072 1842 4122 extraneo-

226 4178 349 4217 rum
384 4159 561 4214 videri
602 4158 771 4229 coepit
814 4157 1129 4230 indignum,
1175 4157 1325 4228 quod
1353 4156 1437 4213 vir
1489 4163 1654 4211 tanta:
1700 4156 1846 4227 apud

233 4247 474 4306 hominis
506 4245 905 4315 aestimationis,
946 4252 1111 4301 tanta:
1140 4245 1287 4317 apud
1315 4246 1486 4300 Deum
1519 4244 1847 4312 sanctitatis,

1930 3239 2169 3293 domnus
2226 3246 2415 3293 noster
2458 3238 2760 3309 episcopus
2812 3254 2879 3294 eo
2927 3254 3056 3312 erga
3105 3254 3205 3294 nos
3254 3241 3426 3296 factus
3469 3249 3552 3296 est

1932 3333 2288 3404 promptioris
2328 3332 2518 3399 animi,
2555 3348 2663 3404 quo
2704 3333 2762 3386 in
2815 3333 2920 3388 hoc
2945 3349 3003 3387 se
3042 3333 3322 3407 gaudebat
3352 3335 3551 3389 habere

1932 3443 2224 3482 assensum
2257 3435 2313 3482 et
2341 3427 2721 3482 auctoritatem
2772 3428 2937 3481 etiam
2989 3427 3072 3481 sui
3114 3428 3548 3498 metrOpolitani.

1939 3518 2192 3590 Denique
2222 3518 2288 3572 ad
2350 3518 2513 3588 hujus
2544 3518 2752 3590 negotii
2808 3517 3189 3572 executionem
3229 3518 3349 3589 ipse
3386 3520 3554 3591 ccepit

1940 3609 2223 3677 insistere,
2252 3626 2418 3681 quem
2456 3609 2515 3663 in
2564 3609 2920 3665 assentiendo
2952 3609 3101 3664 unde
3132 3610 3415 3666 consultus
3442 3612 3557 3667 fue-

1940 3712 2042 3774 rat,
2076 3722 2173 3776 pre
2197 3704 2370 3760 nimio
2402 3704 2690 3778 gestientis
2719 3704 2886 3759 animi
2921 3702 3202 3760 desiderio
3246 3704 3334 3760 vix
3372 3722 3557 3777 spera-

1941 3794 2137 3849 bamus
2176 3793 2492 3866 persistere.
2527 3794 2637 3849 Hec
2688 3793 2837 3848 enim
2878 3793 3056 3849 crebri
3088 3794 3156 3849 ad
3200 3810 3325 3849 eum
3353 3803 3555 3851 nostrae

1942 3885 2236 3961 legationis
2263 3900 2547 3951 excursus,
2582 3885 2689 3940 hoc
2727 3884 2968 3960 agebant
2992 3886 3289 3942 voluntatis
3327 3887 3449 3957 ejus
3480 3888 3560 3943 in-

1944 3972 2098 4029 dices
2127 3973 2196 4028 ad
2228 3988 2328 4029 nos
2355 3988 2632 4028 recursus.

2017 4064 2072 4118 4.
2107 4062 2399 4134 Postquam
2441 4069 2627 4118 autem
2668 4078 2768 4133 per
2794 4063 2989 4119 crebra
3026 4071 3229 4121 nostrae
3269 4066 3571 4145 legationis.

1951 4152 2309 4216 internuntia,
2359 4151 2574 4207 diversa
2619 4151 2687 4207 de
2716 4152 2820 4207 hac
2850 4169 2908 4207 re
2939 4153 3065 4207 data
3092 4160 3219 4208 sunt
3256 4162 3310 4209 et
3337 4162 3565 4227 accepta

1952 4258 2242 4315 responsa,
2284 4243 2523 4298 domnus
2571 4242 2743 4298 abbas
2790 4243 3074 4298 Lietardus
3097 4245 3208 4311 jam
3251 4261 3350 4315 per
3376 4261 3435 4300 se
3460 4253 3569 4323 sta-p

234 4341 387 4397 nullo
418 4340 566 4396 cultu
615 4338 989 4395 venerationis
1035 4338 1402 4393 honoraretur
1440 4353 1472 4393 a
1514 4338 1695 4393 nobis.
1739 4337 1850 4392 Ho-
1952 4332 2058 4388 tuit
2106 4348 2318 4398 curare,
2360 4331 2509 4403 quod
2543 4331 2668 4386 aliis
2713 4338 2885 4386 totum
2928 4332 3231 4386 curandum
3277 4331 3569 4388 videbatur

234 4452 355 4491 rum
387 4434 626 4489 maxima
654 4449 780 4504 pars
809 4439 924 4487 erat
950 4430 1291 4505 Sigebertus,
1327 4429 1570 4502 antiquae
1600 4429 1853 4485 scientiae
1879 4486 1934 4505 ἢ
1956 4421 2321 4478 commisisse.
2356 4421 2494 4492 Ergo
2528 4420 2657 4475 licet
2686 4419 2889 4474 fractus
2919 4425 3079 4474 aetate
3101 4418 3364 4487 senili,se
3388 4420 3565 4491 ipsum

234 4538 291 4586 et
346 4528 673 4585 reverentiae
722 4527 1048 4593 monachus,
1104 4524 1271 4593 hujus
1328 4530 1531 4581 nostrae
1587 4523 1854 4579 aecclesiaa
1880 4510 2290 4584 “impendens
2318 4511 2631 4586 grandioris
2658 4511 2761 4565 Via?
2789 4510 2986 4577 labori,
3020 4510 3285 4565 Ῑιθοάίιιιῒι
3314 4519 3572 4593 Propera?

235 4616 705 4674 Gemmelacensis
757 4615 972 4683 oculus,
1011 4613 1101 4670 cui
1142 4613 1235 4685 pie
1284 4612 1606 4688 invigilabat
1634 4611 1745 4669 vita
1802 4618 1859 4667 et
1957 4604 2073 4676 (an.
2100 4603 2258 4674 1110)
2288 4603 2529 4675 quodam
2559 4612 2619 4658 ut
2658 4602 2735 4658 ita
2759 4602 2966 4657 dictum
2993 4602 3064 4658 sit
3092 4601 3383 4658 alleviatus
3410 4603 3572 4671 vehis

232 4709 659 4769 conversatione
716 4715 770 4764 et
801 4707 1089 4782 religionis
1135 4705 1374 4761 fervore.
1432 4704 1604 4760 Tanto
1635 4718 1858 4775 nanque
1959 4698 2083 4754 culo
2113 4696 2244 4752 boni
2275 4696 2552 4752 desiderii.
2585 4696 2669 4750 Ibi
2700 4701 2805 4750 lam
2830 4695 3153 4766 episcopum
3181 4711 3342 4769 quem
3377 4699 3574 4770 archy-

236 4802 440 4859 certior
464 4806 583 4857 erat
612 4799 682 4855 de
708 4797 1015 4855 sanctitatis
1053 4796 1174 4866 ejus
1220 4795 1416 4871 gratia,
1453 4800 1662 4867 quanto
1691 4794 1830 4850 vitam

1961 4786 2247 4853 diaconos,
2281 4792 2390 4841 tam
2411 4785 2641 4840 abbates
2667 4800 2831 4857 quam
2858 4785 3147 4840 universos
3175 4787 3576 4845 ecclesiasticae

236 4893 360 4964 ejus
389 4889 685 4949 virtutibus
728 4889 947 4961 plenam
1003 4887 1176 4943 multa
1213 4884 1325 4941 stili
1388 4892 1715 4956 prosecutus
1777 4888 1861 4938 est

241 4980 541 5056 elegantia.
573 4978 675 5044 Qui
707 4995 773 5034 ex
799 4977 1043 5035 evidenti
1074 4975 1470 5031 miraculorum
1506 4972 1855 5035 ostensione,

243 5079 470 5141 accepta
508 5067 769 5140 explendi
797 5065 1059 5122 desiderii
1090 5063 1175 5119 sui
1223 5062 1536 5127 occasione,
1578 5061 1648 5117 de
1687 5061 1866 5117 eleva-

1960 4876 2043 4933 rei
2074 4874 2307 4946 publicae
2347 4874 2685 4930 conveniens
2723 4873 3070 4946 praapositos,
3121 4875 3281 4945 petiit
3311 4884 3369 4932 ut
3396 4877 3466 4932 ab
3497 4878 3578 4933 eis

1963 4966 2303 5022 unanimiter
2328 4964 2678 5033 difﬁniretur,
2710 4965 2931 5038 quando
2962 4973 3293 5038 conceptum
3320 4966 3581 5023 ﬁdelibus

1966 5058 2165 5115 animis
2217 5064 2400 5114 votum
2461 5058 2849 5129 compleretur.
2928 5059 3082 5125 Quod
3123 5065 3179 5114 et
3221 5058 3421 5114 factum
3475 5067 3576 5115 est.

245 5162 399 5219 tione
428 5161 604 5217 sancti
620 5160 742 5230 ejus
764 5158 1014 5231 corporis
1033 5157 1204 5228 coepit
1231 5170 1394 5229 agere
1424 5154 1572 5225 apud
1596 5168 1695 5209 eos
1715 5167 1864 5225 quo—
1971 5150 2115 5204 Sane
2145 5146 2405 5219 quoniam
2444 5148 2511 5202 ad
2546 5154 2693 5202 tanta
2721 5148 2785 5183 ⁸⁸¹
2820 5163 2976 5204 nova:
3005 5148 3200 5204 salutis
3238 5148 3440 5223 gaudia
3470 5144 3582 5203 non

247 5269 366 5308 rum
406 5253 515 5309 hoc
557 5258 675 5307 erat
705 5248 1065 5306 auctoritatis.
1108 5244 1358 5317 Denique
1397 5244 1587 5300 domni
1631 5241 1869 5298 Lietardi
1970 5240 2135 5296 facile
2183 5245 2370 5310 posset
2416 5239 2632 5294 evocari
2678 5249 2889 5295 semota
2953 5238 3200 5294 ﬁdelium
3251 5240 3582 5309 p0pulorum

246 5341 464 5397 abbatis
492 5340 773 5399 voluntate
802 5336 1056 5396 consulta
1082 5344 1137 5392 et
1161 5332 1552 5391 benedictione
1581 5338 1868 5404 percepta,
1971 5329 2281 5403 frequentia
2332 5328 2541 5400 placuit
2570 5340 2628 5384 ut
2680 5344 2825 5385 nono
2867 5327 3095 5383 Kalend.
3146 5326 3462 5382 Octobrium
3494 5327 3584 5384 die

1600 5455 1821 5513 VARIE
1849 5452 2222 5511 LECTIONES.

317 5563 387 5602 ⁸⁸³
411 5579 517 5623 vox
561 5572 742 5636 postea
785 5564 854 5637 al:
909 5563 1018 5637 alio
1060 5566 1292 5637 mutata
1313 5575 1374 5614 in
1399 5556 1631 5637 secundi
1662 5556 1736 5637 1λ
1786 5551 2052 5637 “ﬁli-lli”
2099 5549 2388 5637 addunt}.
2430 5546 2925 5637 βίῖᾲεξεῖλξεςξιᾼὶιᾙ
2948 5544 3581 5637 compeundios'arelatip

246 5618 589 5696 elevatiiibisr
603 5618 871 5706 corporis
908 5633 1105 5707 ipsius.
1122 5627 1758 5707 sancti‘confe‘ssorismii.
1802 5626 2139 5707 Exultemiisn
2155 5635 2323 5707 usque
2351 5618 2575 5707 agnovit
2592 5620 2831 5707 Adesun‘t‘
3245 5618 3585 5707 “elevationes

245 5687 481 5768 ἆξὲῖὶῆ
493 5687 575 5764 ii.—
593 5687 744 5764 (Εἴ
765 5687 865 5742 *⁸⁸⁸
886 5687 1275 5778 ηιάεηιίὶοιιιιθ
1305 5701 1357 5757 3.
1425 5700 1493 5734 ⁸⁸⁰
1527 5697 1903 5755 muniﬁcentia
1931 5697 1982 5752 3.
2071 5694 2140 5730 ⁸³⁸
2167 5687 2331 5749 ιιεὶ-
2354 5687 2614 5748 récursus
2636 5690 2831 5747 desunt
2858 5687 2912 5745 3.
2985 5688 3051 5724 ⁸⁸⁸
3071 5695 3225 5747 tante
3245 5687 3301 5746 2.
