3938 6050
431 220 540 278 679

1637 218 1988 275 SlGEBERTl
2030 218 2543 287 GEMBLACENSIS.

3653 250 3775 309 680

422 351 595 406 sancti
634 351 880 422 corporis
932 349 1170 407 elevatio
1204 348 1384 417 ﬁeret,
1435 363 1501 404 eo
1552 349 1699 421 quod
1759 350 2038 453 pridie‘in
2060 354 2118 426 Α
2142 355 2329 413 videre
2357 359 2541 417 datum
2565 369 2649 420 est
2667 366 2883 442 signum
2909 371 3088 427 crucis
3115 371 3172 427 in
3209 373 3345 431 cmlo
3383 392 3551 450 super
3578 380 3767 453 ipsum

422 442 682 513 martyrio
750 448 1063 498 sanctorum
1116 441 1462 496 Thebeorum
1524 443 1840 513 specialiter
1880 441 2043 498 nobis

418 530 738 602 sollempni,
772 531 908 586 satis
932 530 1129 603 ingens
1151 531 1391 602 pepulus
1423 539 1477 586 et
1506 530 1699 586 indicti
1727 530 2042 587 commercii

420 628 476 679 et
493 624 690 681 votivae
711 624 978 679 orationis
1000 640 1185 690 causa,
1218 623 1277 678 in
1315 625 1464 679 hunc
1491 624 1668 680 locum
1697 625 2040 680 conveniret.

489 718 544 772 5.
578 718 822 773 Domnus
856 717 1029 773 abbas
1068 717 1351 773 Lietardus
1388 718 1442 773 in
1472 719 1559 774 his
1607 736 1729 791 quae
1765 719 1869 773 sibi
1898 718 2042 774 bene

420 807 507 864 vel
537 808 686 864 dicta
715 808 801 863 vel
837 808 978 864 facta
1007 816 1135 863 sunt
1165 809 1400 877 laetatus,
1433 809 1598 880 hujus
1628 808 1842 864 laeticiae
1873 808 2046 880 parti-

417 897 759 971 cipationem
792 899 861 954 ad
896 909 1139 955 nostram
1180 900 1406 955 destulit
1433 900 1895 971 expectationem.
1926 899 2045 955 Mo-

416 992 544 1048 nuit
585 992 790 1048 deinde
820 1001 879 1048 ut
929 993 1242 1049 desiderata
1283 993 1413 1050 boni
1449 995 1663 1065 patroni
1716 993 2046 1063 sollempnia

411 1082 599 1138 debita
611 1089 812 1139 nostra:
836 1082 1147 1139 devotionis
1174 1082 1544 1153 praevenirent
1571 1082 1781 1137 munia.
1813 1082 2044 1154 Nanque

413 1172 484 1227 ad
516 1171 924 1243 prosperandos
952 1188 983 1226 a
1019 1172 1130 1227 Deo
1162 1172 1330 1240 hujus
1384 1171 1462 1226 rei
1505 1186 1797 1226 successus
1828 1185 1892 1225 ex
1924 1169 2045 1241 epi-

413 1266 572 1337 s00pi
607 1268 872 1323 mandato
897 1267 1175 1337 jejunium
1219 1263 1437 1331 indixit,
1479 1263 1628 1335 quod
1659 1263 1779 1334 ipse
1806 1278 1915 1318 una
1943 1277 2041 1318 no-

412 1357 630 1413 biscum
668 1374 734 1414 eo
774 1358 1026 1414 devotior
1062 1371 1173 1428 quo
1203 1354 1491 1411 sollicitior
1520 1353 1770 1425 perfecit.
1810 1354 2041 1425 Jamque

415 1451 698 1508 affulserat
738 1453 857 1507 dies
887 1453 999 1517 illa,
1032 1451 1165 1506 caelo
1220 1458 1489 1521 terraeque
1523 1448 1737 1512 festiva,
1771 1449 1904 1504 caelo
1946 1464 2045 1520 pro

413 1559 681 1614 compare
713 1544 1024 1618 designato,
1048 1552 1202 1598 terra:
1230 1558 1328 1613 pro
1359 1549 1590 1613 patrono
1619 1541 1723 1596 sibi
1746 1541 2043 1616 assignato.

418 1637 618 1693 Aderat
672 1639 962 1709 utriusque
997 1654 1162 1692 sexus
1208 1636 1370 1708 plebs
1400 1636 1875 1735 innumerabilisa
1902 1651 2041 1707 quos
2070 1675 2116 1744 Β

418 1726 794 1797 undecunque
821 1726 1184 1782 advocaverat
1209 1740 1363 1780 amor
1393 1731 1448 1778 et
1497 1725 1674 1779 honor
1704 1725 1877 1780 sancti
1905 1740 2041 1780 eon-

413 1824 661 1883 fessoris.
695 1826 1081 1882 Convenerant
1107 1827 1271 1881 etiam
1305 1826 1488 1895 plures
1509 1824 1744 1879 abbatus
1768 1830 1827 1878 et
1849 1824 2033 1880 archi-

410 1916 666 1989 dyaceni,
699 1925 754 1973 et
793 1918 885 1973 alii
917 1917 1327 1974 meclesiasticae
1359 1915 1646 1991 religionis
1674 1922 1782 1971 tam
1838 1922 2037 1971 aucto-

411 2024 498 2064 res
527 2026 689 2080 quam
726 2010 1005 2081 discipuli,
1049 2025 1189 2081 quos
1224 2009 1292 2063 ad
1333 2007 1571 2063 caelestis
1604 2008 1846 2062 thesauri
1887 2022 2040 2063 com-

407 2099 741 2169 positionem
770 2100 1102 2154 invitaverat
1140 2099 1440 2155 auctoritas
1479 2099 1668 2154 domni
1700 2098 1951 2170 episc0pi
1983 2103 2044 2152 et

404 2191 738 2266 religiositas
799 2192 1096 2248 tractandaa
1152 2192 1252 2247 rei.
1311 2191 1551 2256 Quorum
1606 2192 1819 2247 devotis
1875 2192 2040 2247 obse-

409 2284 556 2356 quiis
578 2285 753 2343 sancti
787 2286 1035 2358 corporis
1085 2285 1444 2361 margaritum
1488 2286 1761 2340 elevatum
1805 2286 1874 2340 de
1920 2285 2042 2341 loco

411 2377 731 2447 sepulturae,
763 2377 819 2431 in
857 2377 1166 2449 proximam
1208 2377 1324 2452 agri
1364 2377 1647 2448 planitiem
1679 2383 1763 2433 est
1790 2377 2044 2448 deporta-

408 2474 547 2535 tum,
574 2469 1002 2538 expectantibus
1029 2469 1252 2541 populis
1281 2468 1796 2525 demonstrandum.

479 2556 533 2609 6.
587 2556 805 2610 Interea
836 2572 934 2627 pro
973 2573 1033 2612 re
1071 2563 1125 2612 et
1151 2563 1400 2629 tempore
1434 2556 1625 2614 habito
1663 2558 1729 2613 ad
1772 2558 2038 2630 populum

410 2660 691 2713 sermone,
746 2662 871 2701 cum
897 2646 1159 2703 omnibus
1212 2648 1342 2703 satis
1381 2647 1580 2704 factum
1618 2656 1765 2705 esset
1796 2665 1897 2721 pro
1936 2666 2039 2705 sua

405 2732 786 2804 expectatione
826 2750 993 2805 super
1036 2735 1211 2790 sancti
1251 2737 1503 2807 corporis
1530 2737 1766 2804 visione,
1808 2744 2035 2793 sanctus

404 2823 691 2882 confessor
722 2824 1036 2881 Wicbertus
1074 2828 1143 2881 ab
1175 2827 1436 2883 omnibus
1460 2834 1773 2895 veneratur,
1801 2844 1832 2883 a
1856 2827 2030 2898 pluri-

403 2915 508 2971 bus
532 2916 714 2972 votiva
740 2916 826 2971 vel
857 2925 1166 2988 spontanee
1194 2917 1478 2973 oblatione
1509 2926 1849 2973 muneratur.
1896 2917 2029 2973 Inde

413 3009 482 3064 ad
511 3009 619 3064 loci
651 3010 822 3066 nostri
869 3010 1096 3066 tutelam
1138 3019 1192 3067 ct
1228 3011 1613 3078 salvationem,
1657 3028 1781 3068 cum
1824 3011 2032 3068 feretro

402 3103 470 3157 ad
517 3102 586 3137 3"
614 3103 720 3157 hoc
750 3102 1049 3158 fabrefacto
1091 3104 1146 3158 in
1186 3104 1443 3175 placitam
1483 3104 1588 3159 sibi
1619 3104 1885 3160 aecclesim
1919 3121 2029 3161 no-

401 3197 526 3245 strae
565 3190 1034 3246 Gemmelacensis
1082 3192 1357 3264 repositus
1411 3199 1495 3248 est
1545 3192 1891 3247 mansionem
1936 3194 2026 3248 "3.

400 3277 580 3333 Multis
631 3278 1168 3351 deniquefidelium
1209 3297 1319 3337 non
1346 3281 1478 3337 satis
1506 3281 1681 3336 visum
1732 3288 1835 3349 est,
1879 3282 2031 3354 quod

400 3373 481 3429 eis
528 3372 691 3443 hujus
746 3373 856 3429 diei
906 3374 1110 3447 gaudio
1165 3374 1484 3446 participari
1528 3375 1713 3430 datum
1761 3382 1868 3443 est,
1917 3376 2023 3431 nisi

398 3469 609 3541 aliquid
658 3468 1017 3541 reliquiarum
1075 3470 1278 3545 singuli
1336 3477 1392 3525 ut
1444 3470 1722 3542 petierant
1765 3470 2019 3542 accipere

396 3570 763 3631 mererentur,
792 3564 942 3619 unde
968 3564 1034 3619 ab
1084 3565 1166 3620 eis
1213 3580 1428 3630 cruces,
1474 3565 1688 3631 altaria,
1722 3564 1808 3621 vel
1855 3564 2020 3620 etiam

397 3660 614 3735 integra
669 3660 909 3715 oratoria
946 3659 1354 3715 dedicarentur.
1408 3660 1618 3726 Quanta
1668 3675 1798 3716 vero
1857 3647 2031 3715 tuerit

395 3751 561 3822 hujus
597 3750 709 3805 diei
762 3750 975 3817 laetitia,
1018 3766 1138 3821 quae
1198 3750 1252 3804 in
1308 3751 1541 3806 Domino
1602 3750 1911 3806 laetantium
1973 3757 2029 3806 et

391 3841 754 3898 exultantium
784 3841 979 3912 gloria,
1022 3841 1152 3912 quia
1184 3857 1347 3897 nemo
1375 3842 1443 3896 ad
1504 3842 1802 3898 dicendum
1837 3848 2021 3914 potest

390 3927 670 3995 sufficere,
703 3926 912 3982 bonum
946 3933 1030 3982 est
1060 3927 1223 3982 silere
1252 3944 1416 4000 quam
1444 3945 1635 3999 parum
1670 3931 1876 3986 dicere.
1908 3932 2019 3986 lm-

388 4032 480 4072 Ino
536 4015 664 4087 quia
719 4015 1061 4085 promptiora
1109 4023 1237 4070 sunt
1272 4016 1591 4072 testimonia
1630 4034 1810 4073 rerum
1853 4036 2016 4091 quam

392 4107 713 4172 verborum,
757 4105 828 4161 de
882 4122 947 4162 ea
974 4107 1232 4162 credatur
1279 4107 1671 4165 innumerabili
1728 4111 1901 4168 turbae
1953 4109 2018 4165 ﬁ-

393 4200 596 4257 delium
648 4198 998 4271 pepulerum,
1066 4214 1206 4270 quos
1272 4200 1341 4255 ad
1400 4202 1833 4258 anniversarium
1902 4220 2017 4260 suae

392 4290 569 4362 ipsius
598 4288 923 4345 elevationis
953 4287 1125 4355 diem,
1156 4288 1330 4362 gratia
1363 4290 1538 4345 sancti
1570 4290 1908 4348 confessoris
1939 4291 2019 4346 in-

394 4383 545 4451 vitat,
602 4388 657 4438 et
692 4396 916 4453 semper
941 4386 1000 4436 ut
1051 4380 1334 4437 credimus
1366 4381 1625 4438 invitabit
1683 4399 1782 4455 per
1815 4399 2014 4440 novam

394 4474 789 4532 miraculorum
817 4472 1218 4544 operationem.
1253 4473 1415 4530 Facta
1440 4480 1527 4530 est
1570 4480 1750 4531 autem
1780 4475 2019 4532 celebri-

393 4576 476 4624 tas
520 4567 685 4636 hujus
724 4564 1073 4631 elevationis,
1108 4580 1253 4621 anno
1294 4571 1489 4637 quarto
1546 4565 1786 4623 Heinrici
1827 4567 2010 4640 quinti

396 4654 563 4724 hujus
603 4655 844 4711 nominis
885 4655 1254 4726 imperatoris,
1284 4657 1380 4729 qui
1411 4663 1494 4712 est
1523 4657 1663 4713 1110
1714 4659 1783 4713 ab
1836 4658 2014 4716 incar-

398 4742 628 4799 natione
659 4742 869 4799 domini
897 4744 1217 4802 Salvatoris.

472 4830 527 4884 7.
558 4830 730 4902 Hujus
759 4831 1085 4888 elevationis
1114 4833 1236 4889 dies
1273 4839 1426 4891 tanto
1458 4843 1543 4891 est
1576 4835 1859 4910 signorum
1892 4839 2012 4910 pri-

404 4917 607 4992 vilegio
621 4919 1057 4989 commendatus,
1075 4926 1135 4976 ut
1164 4937 1276 4978 non
1292 4922 1534 4977 humana
1562 4925 1892 4992 temeritate,
1916 4925 2016 4982 sed

405 5011 593 5069 divina
640 5010 990 5067 ordinatione
1038 5013 1294 5069 credatur
1343 5031 1469 5070 esse
1524 5015 1842 5087 dispositus.
1886 5017 2016 5072 Cum

404 5104 556 5160 enim
613 5103 671 5158 in
727 5118 793 5158 eo
823 5118 985 5174 quem
1047 5092 1469 5177 préscripsimus
1521 5105 1664 5173 loco,
1706 5108 2014 5179 expositum

401 5198 577 5255 sancti
609 5213 809 5269 corpus
833 5203 1175 5267 spectaretur
1210 5215 1241 5255 a
1271 5199 1497 5271 populo,
1527 5200 1780 5271 apparuit
1810 5201 2015 5272 quibus

2056 3054 2106 3124 C

2144 446 2348 517 locum,
2384 455 2531 524 quod
2579 457 2867 517 videbatur
2918 464 3051 520 orbe
3081 465 3410 537 splendente
3452 446 3770 531 circumfu-

2145 558 2287 634 sum.
2331 544 2534 603 Rerum
2588 557 2647 606 ut
2684 554 2929 611 creditur
2976 559 3240 629 mysterio
3316 561 3658 634 insinuante,
3712 576 3776 625 ut

2145 632 2274 720 quia
2301 639 2612 695 communis
2666 642 2840 700 hostis
2869 645 2975 702 hoc
3014 647 3174 720 signo
3203 648 3381 707 victus
3438 661 3522 709 est
3552 632 3770 713 Christo

2146 719 2537 795 triumphante,
2594 746 2696 801 per
2732 733 2900 803 hujus
2948 719 3164 806 patroni
3227 740 3421 796 merita
3481 745 3771 815 supplices

2144 814 2266 883 ejus
2322 819 2439 874 erui
2485 831 2771 892 sperarent
2809 825 2878 881 ab
2933 827 3283 885 inimicorum
3342 814 3645 891 visibilium
3711 845 3771 894 et

2146 904 2503 965 invisibilium
2562 920 2855 984 potestate.
2913 917 2973 972 Et
3021 919 3153 991 quia
3194 923 3370 978 semel
3418 923 3768 982 inimicorum

2146 1001 2353 1057 mentio
2377 1001 2515 1059 facta
2537 1014 2640 1077 est,
2674 1011 3107 1079 pretereundum
3127 1029 3238 1069 non
3270 1023 3374 1084 est,
3408 1018 3559 1089 quod
3590 1020 3773 1076 inho-

2144 1104 2334 1145 norem
2367 1098 2421 1147 et
2442 1109 2685 1151 amorem
2711 1098 2887 1154 sancti
2914 1099 3246 1158 confessoris
3274 1109 3354 1159 tot
3383 1105 3594 1163 inimici
3627 1109 3774 1165 inter

2144 1192 2205 1232 se
2250 1178 2503 1237 homines
2549 1185 2614 1239 ad
2647 1185 2875 1256 gratiam
2906 1188 3211 1257 redierunt,
3269 1198 3406 1263 quot
3442 1194 3500 1248 hi
3535 1195 3630 1267 qui
3660 1197 3768 1251 ad-

2143 1280 2299 1326 erant
2328 1288 2609 1346 nunquam
2643 1293 2744 1332 sua
2773 1281 3039 1336 memoria
3067 1281 3276 1338 redisse
3302 1284 3578 1342 viderunt.
3610 1287 3769 1345 Unde

2143 1360 2294 1451 salvo
2372 1363 2658 1437 privilegio
2715 1367 3008 1425 dominicae
3065 1371 3388 1440 nativitatis,
3446 1376 3760 1451 angelicum

2146 1447 2282 1504 illud
2340 1467 2560 1508 carmen
2611 1458 2914 1527 aptandum
2984 1466 3070 1516 est
3117 1461 3306 1535 gratiae
3364 1447 3768 1534 hujusvnostraa

2147 1540 2494 1600 festivitatis:
2526 1548 2703 1605 Gloria
2753 1553 2811 1605 in
2861 1553 3081 1608 excelsis
3116 1557 3238 1621 Deo,
3288 1561 3342 1610 et
3388 1558 3446 1609 in
3477 1563 3622 1612 terra.
3659 1574 3775 1629 pax

2140 1636 2445 1692 hminibus
2487 1639 2637 1695 bonae
2678 1642 2973 1698 voluntatis
3025 1643 3168 1715 {Lua
3212 1661 3275 1711 ιι,
3315 1644 3429 1716 id),
3475 1645 3765 1712 Quomodo

2140 1724 2287 1778 enim
2320 1740 2431 1781 non
2475 1727 2636 1782 detur
2691 1728 2865 1804 gloria
2919 1731 2975 1785 in
3022 1732 3255 1787 excelsis
3298 1732 3430 1801 Deo,
3488 1734 3582 1806 qui
3625 1752 3762 1790 san-

2113 1820 2285 1870 .ctum
2334 1831 2492 1872 suum
2546 1819 2693 1890 apud
2734 1836 2794 1875 se
2850 1821 3215 1896 gloriﬁcatum
3258 1824 3314 1879 in
3355 1825 3510 1894 caelo,
3579 1843 3766 1883 coram

2140 1902 2460 1960 hominibus
2499 1906 2825 1979 glorificavit
2869 1912 3049 1966 crucis
3086 1919 3325 1968 ostensa:
3392 1914 3580 1989 signo.
3628 1915 3766 1972 Con-

2139 2005 2438 2067 sequenter
2465 1999 2631 2054 etiam
2684 2000 2740 2055 in
2772 2008 2919 2057 terra
2966 2020 3068 2073 pax
3112 2005 3429 2061 hominibus
3469 2005 3631 2063 bonae
3663 2024 3766 2064 vo-

2142 2087 2369 2145 luntatis
2423 2106 2547 2147 esse
2586 2092 2773 2158 debet,
2831 2095 3033 2166 quibus
3079 2096 3338 2153 divinitas
3391 2098 3446 2153 in
3502 2099 3768 2156 omnibus

2139 2180 2226 2234 vel
2258 2179 2485 2236 oﬂ‘ensis
2513 2181 2599 2237 vel
2630 2184 3052 2241 necessitatibus
3084 2193 3296 2242 tantum
3325 2189 3472 2261 apud
3498 2206 3557 2246 se
3579 2190 3766 2246 inter-

2141 2288 2415 2328 cessorem
2464 2275 2678 2345 prebet.
2708 2276 2784 2331 Ad
2818 2278 2974 2347 cujus
3005 2279 3188 2335 meriti
3223 2282 3763 2339 commendationem

2143 2383 2255 2423 non
2288 2369 2561 2426 immerito
2601 2370 2797 2427 factam
2856 2372 3260 2430 crediderimus
3314 2376 3494 2432 crucis
3527 2377 3766 2434 demon-

2143 2461 2486 2531 strationem,
2512 2463 2717 2535 quippe
2750 2480 2918 2536 quem
2964 2465 3169 2521 scimus
3200 2475 3424 2539 pr0pter
3451 2468 3625 2524 Deum
3664 2487 3768 2526 ex-

2143 2554 2332 2625 pedite
2357 2556 2728 2628 sequendum,
2759 2573 2820 2612 se
2844 2557 3021 2628 ipsum
3063 2559 3166 2613 sibi
3194 2559 3522 2635 abnegassc,
3553 2570 3611 2617 et
3637 2578 3768 2617 cru-

2140 2662 2259 2703 cem
2317 2664 2493 2715 suam,
2560 2649 2666 2705 hoc
2719 2656 2803 2704 est
2843 2650 3022 2706 carnis
3078 2667 3193 2706 suae
3237 2651 3752 2722 mortiﬁcationem,

2138 2744 2265 2807 post
2322 2735 2592 2792 Christum
2645 2736 2858 2794 tulisse.
2917 2738 3165 2812 Denique
3222 2748 3277 2796 et
3322 2742 3473 2798 orbis
3512 2743 3602 2799 ille
3650 2744 3753 2815 qui

2137 2836 2497 2898 apparentem
2548 2844 2767 2884 crucem
2805 2830 2956 2886 visus
3009 2840 3094 2887 est
3133 2832 3587 2902 circumfulsisse,
3646 2850 3767 2891 non

2136 2916 2458 2973 indecenter
2503 2919 2792 2975 estimatur
2844 2934 3064 2976 coronae
3116 2920 3512 2995 signiﬁcativus
3563 2922 3760 2989 fuisse,

2135 3023 2299 3077 quam
2333 3007 2434 3063 iste
2466 3015 2690 3064 sanctus
2723 3025 2820 3081 pro
2850 3009 2968 3065 suis
3000 3010 3164 3078 justis
3203 3010 3487 3067 laboribus
3517 3012 3766 3069 creditur

2135 3116 2166 3154 a
2195 3101 2307 3156 Deo
2346 3102 2636 3158 meruisse.
2693 3102 2797 3158 Cur
2836 3110 3019 3160 autem
3052 3105 3157 3161 hoc
3185 3106 3404 3180 signum
3454 3105 3548 3161 alii
3584 3107 3753 3164 vide-

2135 3193 2263 3263 rint,
2296 3195 2390 3249 alii
2413 3195 2605 3252 videre
2666 3212 2776 3253 non
2810 3197 3132 3266 meruerint,
3166 3214 3275 3254 non
3317 3199 3386 3255 ad
3419 3207 3665 3256 nostrum
3690 3202 3765 3257 de

2132 3289 2318 3361 aliquo
2365 3290 2757 3362 prejudicium,
2808 3292 2907 3348 sed
2944 3293 3014 3347 ad
3071 3293 3319 3348 divinum
3370 3293 3443 3349 de
3486 3293 3756 3350 omnibus

2125 3380 2365 3450 pertinet
2405 3381 2707 3451 judicium.
2750 3383 2897 3439 Deus
2943 3383 3092 3439 enim
3134 3383 3304 3452 judex
3349 3385 3551 3455 justus,
3579 3385 3753 3441 etiam

2123 3470 2228 3527 hoc
2282 3479 2533 3545 tempore
2580 3473 2797 3543 judicat
2826 3475 2896 3531 de
2935 3475 3267 3547 quibusdam
3311 3476 3650 3544 hominibus,
3699 3484 3762 3534 et

2124 3558 2258 3617 istos
2312 3560 2710 3617 misericordiae
2755 3578 2870 3618 suae
2921 3563 3302 3621 consolatione
3357 3564 3577 3638 dignos,
3629 3565 3760 3622 illos

2133 3648 2354 3720 penitus
2384 3650 2536 3707 ducit
2562 3650 2839 3726 indignos.
2869 3651 3029 3720 Istos,
3080 3652 3212 3725 quia
3242 3654 3390 3725 quod
3433 3662 3642 3710 rectum
3669 3662 3759 3709 est

2131 3743 2320 3811 agunt,
2359 3745 2412 3795 et
2450 3739 2497 3793 si
2537 3740 2719 3796 adhuc
2757 3747 2963 3808 errant,
3005 3741 3179 3797 nichil
3232 3759 3301 3797 ex
3346 3742 3751 3810 obstinatione,

2120 3830 2218 3885 sed
2279 3847 2347 3886 ex
2398 3831 2712 3906 ignorantia
2763 3839 2819 3889 et
2864 3832 3219 3906 simplicitate
3286 3834 3535 3903 faciunt;
3604 3834 3753 3902 illos,

2120 3919 2250 3991 quia
2286 3921 2536 3977 viventes
2565 3930 2620 3978 et
2664 3910 2917 3978 videntes
2973 3923 3029 3978 in
3076 3924 3260 3996 ignem
3305 3924 3532 3980 vadunt.
3590 3924 3748 3979 Unde

2120 4010 2460 4066 credendum
2489 4017 2574 4067 est
2632 4019 2688 4068 et
2716 4012 3038 4080 dicendum,
3074 4013 3222 4085 quod
3274 4013 3416 4069 Deus
3453 4014 3560 4069 hoc
3584 4014 3747 4087 signo

2118 4106 2367 4156 sanctum
2395 4116 2555 4156 suum
2609 4108 2835 4173 propter
2875 4102 3000 4157 illos
3029 4099 3443 4178 gloriﬁcaverit,
3498 4118 3638 4174 quos
3673 4102 3747 4159 de

2118 4209 2188 4251 eo
2227 4209 2338 4250 non
2371 4194 2581 4266 perfide
2611 4193 2710 4249 sed
2751 4209 2905 4251 more
2936 4194 3179 4249 humano
3237 4194 3491 4249 dubitare
3520 4192 3726 4249 viderit

2118 4285 2358 4358 ideoque
2413 4284 2549 4340 illud
2591 4284 2797 4341 vidisse
2846 4284 3046 4341 multos
3100 4284 3500 4351 dubitantium,
3532 4298 3749 4354 paucos

2117 4378 2460 4434 sanctitatem
2519 4378 2643 4447 ejus
2694 4377 3062 4445 credentium,
3113 4378 3391 4433 neminem
3441 4373 3749 4432 virtutibus

2118 4470 2293 4543 ipsius
2322 4469 2708 4526 invidentium.

2186 4560 2239 4615 8.
2289 4559 2427 4625 Quid
2479 4566 2660 4615 autem
2711 4559 2962 4615 dicemus
3011 4559 3082 4614 de
3129 4558 3364 4613 muliere
3409 4574 3554 4630 quae,
3612 4574 3742 4614 cum

2115 4660 2390 4725 oportuno
2425 4651 2550 4707 loco
2594 4657 2785 4713 staret,
2828 4651 3041 4706 elevata
3071 4650 3128 4705 in
3181 4656 3485 4721 conspectu
3547 4648 3744 4722 p0puli

2114 4749 2305 4797 sancta
2333 4740 2567 4814 pignora
2589 4754 2699 4795 non
2730 4740 2908 4811 potuit
2936 4739 3125 4795 videre
3144 4739 3172 4793 ‘l’
3201 4738 3467 4794 Nimirum
3508 4738 3662 4810 quod
3684 4738 3742 4792 in

2117 4830 2332 4887 occulto
2382 4828 2687 4885 divinitatis
2725 4827 2941 4897 judicio
2982 4829 3102 4897 ejus
3154 4844 3320 4883 causa
3350 4827 3476 4882 talis
3506 4834 3646 4893 erat,
3681 4837 3745 4883 ut

2117 4923 2343 4997 indigna
2408 4932 2557 4979 esset
2611 4921 2822 4989 videre,
2906 4921 3054 4993 quod
3116 4921 3364 4976 omnium
3421 4918 3744 4990 aSpectibus

2115 5013 2421 5086 expositum
2449 5011 2660 5077 fuerat;
2702 5026 2761 5065 se
2796 5010 2971 5081 ipsam
3002 5018 3186 5065 tamen
3227 5009 3347 5082 ipsa
3375 5008 3740 5072 conveniens,

2117 5118 2172 5165 et
2224 5108 2396 5164 nichil
2449 5116 2633 5180 preter
2664 5114 2888 5177 peccata
2943 5121 3044 5161 sua
3095 5104 3304 5160 visibus
3353 5103 3483 5175 lsuis
3516 5103 3743 5159 obstare

2115 5216 2477 5275 cognoscens,
2533 5197 2741 5255 tamdiu
2790 5197 2936 5269 apud
2976 5212 3035 5253 se
3082 5197 3196 5254 Deo
3230 5195 3426 5252 humili
3465 5193 3744 5252 satisfecit

1755 5388 1977 5444 νΑΒΙιΈ
2002 5389 2378 5445 LECTIONES.

465 5544 536 5581 ⁸³⁸
564 5546 631 5602 ad
669 5548 726 5602 h.
777 5546 820 5603 f.
875 5549 1070 5604 desunt
1090 5547 1145 5601 2.

1259 5546 1329 5582 “3
1353 5548 1440 5604 hic
1462 5549 1657 5624 desinit
1694 5549 1750 5617 3,
1799 5551 1881 5624 his
1906 5553 2115 5617 verbis;
2149 5551 2444 5624 Hucusque
2482 5548 2655 5606 sancti
2684 5548 2788 5605 viri
2815 5547 3069 5605 elevatio.
3103 5549 3420 5616 Sequuntur
3444 5547 3739 5618 privilegia

396 5619 598 5674 Ottonis
620 5625 672 5673 et
699 5619 967 5675 Benedicti
996 5623 1102 5687 VII,
1122 5623 1384 5688 postremo
1405 5621 1597 5677 relatio
1624 5622 1688 5678 de
1714 5623 2077 5681 oombustione
2098 5619 2438 5681 monasterii.
