3934 6054
183 223 286 278 681

1323 225 1468 278 VITA
1509 225 1568 279 S.
1611 223 1958 279 WICBERTI.
2001 255 2071 264 —
2110 225 2388 281 APPEND.

3420 227 3526 281 682

184 343 458 412 oratione,
489 344 670 401 donec
719 344 926 417 perfrui
983 354 1287 403 mereretur
1325 355 1634 404 sanctarum
1679 348 1806 404 reli-
1831 351 2003 420 Ascli
2040 351 2152 406 Deo
2184 367 2405 406 causam
2436 367 2589 405 suam
2634 350 2922 418 revelaret,
2967 359 3135 424 utque
3165 353 3520 409 exaudiretur

187 436 442 508 quiarum
463 435 699 492 visione.

261 528 312 582 9.
357 527 468 582 Nec
506 529 691 583 minus
729 529 994 585 miraculo
1035 530 1260 605 dignum
1311 537 1414 598 est,
1447 530 1596 602 quod
1628 529 1684 582 in
1724 529 1810 582 al-

188 625 306 672 tera
336 618 576 673 muliere
615 617 818 674 factum
858 627 960 675 est.
1005 620 1127 676 Haec
1155 621 1284 674 dum
1323 620 1392 675 ad
1449 636 1589 674 nova
1649 619 1812 687 hujus

187 706 300 761 diei
329 707 532 782 gaudia
569 723 693 763 cum
722 709 914 780 populi
947 711 1191 766 venisset
1219 709 1550 782 frequentia,
1575 709 1802 764 deside-

189 797 333 852 rium
388 795 540 853 lideli
570 800 882 870 apponat-it
920 801 974 855 in
1015 809 1262 872 pectore,
1297 809 1356 856 ut
1391 801 1629 872 aliquam
1681 815 1808 871 por-

187 890 494 946 tiunculam
543 891 651 946 sibi
683 899 989 964 reportaret
1017 896 1086 949 de
1117 895 1290 950 sancti
1321 893 1652 950 confessoris
1693 909 1811 948 cor-

189 999 346 1052 pore.
406 983 676 1055 Expositis
725 985 892 1058 igitur
921 996 980 1042 ut
1015 987 1222 1042 dictum
1277 995 1359 1042 est
1407 987 1476 1041 ad
1507 986 1806 1041 videndum

186 1075 394 1130 sanctis
426 1075 768 1148 pignoribus,
804 1079 1016 1133 astabat
1075 1079 1196 1150 ipsa
1227 1095 1351 1134 cum
1383 1079 1708 1146 astantibus,
1755 1083 1810 1132 et

189 1174 342 1222 tanto
384 1169 504 1237 ejus
545 1169 886 1224 desiderium
917 1172 1244 1246 augebatur,
1288 1180 1493 1243 quanto
1525 1170 1806 1245 augmenti

185 1273 358 1311 causa
411 1257 618 1312 videnti
676 1261 1107 1330 proponebatur.
1197 1260 1335 1324 Quid
1396 1259 1563 1334 igitur
1621 1265 1810 1332 ageret

185 1362 302 1416 quo
329 1361 387 1400 se
418 1347 692 1402 verteret?
731 1347 847 1402 Non
892 1356 1010 1403 erat
1039 1365 1103 1402 ea
1154 1364 1411 1420 persona,
1444 1364 1568 1419 quae
1600 1347 1670 1402 de
1701 1354 1808 1402 tam

186 1437 440 1508 precioso
490 1455 721 1494 munere
777 1457 1091 1512 quenquam
1134 1440 1484 1512 interpellare
1527 1455 1809 1510 presume-

189 1536 294 1596 ret,
330 1531 416 1585 vel
451 1531 539 1586 cui
589 1531 962 1604 interpellanti
1006 1533 1296 1604 quisquam
1327 1533 1613 1604 impertire
1640 1533 1810 1587 aude-

189 1627 290 1676 ret.
345 1623 481 1688 Quia
526 1624 691 1696 igitur
736 1625 803 1678 de
855 1625 1095 1680 humano
1137 1625 1414 1694 adjutorio
1445 1625 1592 1680 illam
1625 1625 1805 1680 omni-

1917 442 2304 498 indeﬁcienter
2365 451 2569 510 oraret,
2597 443 2794 498 mirum
2823 444 2996 511 dictu,
3029 443 3082 498 in
3135 445 3389 501 manibus
3413 447 3527 502 suis

1915 551 2052 606 quas
2101 535 2383 606 supplices
2421 535 2479 589 in
2518 535 2711 590 caelum
2754 542 3089 606 porrexerat,
3131 537 3316 593 subito
3367 538 3528 593 inve--

1914 623 1996 677 nit
2023 624 2284 694 quiddam
2346 623 2696 696 reliquiarum
2731 641 2868 696 quas
2921 632 3207 697 tantopere
3240 627 3530 682 desidera-

1913 714 2024 770 bet.
2061 715 2213 780 Quod
2266 733 2434 770 unum
2470 717 2718 772 dentium
2751 717 2924 772 sancti
2977 717 3308 773 confessoris
3359 718 3528 774 fuisse

1910 805 2183 875 proditum
2217 811 2300 860 est
2329 806 2397 860 ab
2426 807 2506 861 eis
2549 822 2690 878 quos
2715 806 2793 861 rei
2828 812 2994 861 testes
3031 807 3260 879 contigit
3299 824 3419 863 esse
3459 809 3527 843 ⁸9⁸

1908 900 2048 955 Ecce
2079 901 2312 972 qualiter
2332 917 2444 957 uno
2473 901 2560 956 die
2591 908 2644 956 et
2676 903 2796 957 loco
2827 909 3064 973 quatuor
3088 903 3368 959 miraculis
3393 921 3524 959 san-

1907 995 2028 1042 ctus
2056 995 2208 1058 pater
2236 995 2423 1044 noster
2459 989 2775 1045 Wicbertus
2822 991 3158 1065 gloriﬁcatus
3191 1001 3276 1048 est
3318 1010 3349 1048 a
3381 995 3514 1050 Deo.

1914 1079 2028 1134 Uno
2057 1097 2156 1150 per
2185 1080 2364 1134 crucis
2391 1080 2448 1134 in
2487 1081 2620 1136 caelo
2654 1082 3202 1150 demonstrationem,
3232 1085 3403 1141 altero
3429 1103 3526 1158 per

1909 1167 2260 1222 inimicorum
2317 1167 2602 1223 hominum
2658 1170 3190 1239 reconciliationem,
3255 1173 3412 1229 tertio
3470 1175 3525 1228 in

1911 1257 2139 1312 muliere
2198 1258 2286 1312 cui
2328 1267 2383 1313 et
2435 1259 2607 1314 clausi
2657 1269 2712 1314 et
2749 1263 2923 1331 aperti
2963 1270 3092 1318 sunt
3126 1263 3269 1319 oculi
3325 1267 3527 1335 carnis,

1911 1358 2106 1422 quarto
2163 1350 2214 1404 in
2257 1351 2607 1406 exauditione
2660 1351 2885 1408 alterius
2929 1354 3093 1408 etiam
3141 1355 3408 1412 mulieris.
3455 1359 3528 1413 De
3615 1427 3618 1430 ἢ

1911 1456 2146 1512 quorum
2186 1440 2577 1496 miraculorum
2630 1441 2827 1514 gloria,
2881 1444 3048 1498 hodie
3102 1462 3133 1500 a
3183 1445 3292 1501 Deo
3323 1447 3378 1500 in
3433 1447 3524 1502 tali

1911 1539 2144 1603 patrono
2175 1531 2336 1587 nobis
2361 1547 2622 1588 concessa
2653 1531 2823 1586 nichil
2856 1532 3062 1600 dicere,
3095 1533 3266 1590 nichil
3295 1536 3524 1610 dignum

1913 1637 2205 1692 possumus
2248 1620 2577 1688 retribuere,
2613 1620 2721 1675 nisi
2751 1628 2810 1676 ut
2830 1621 2950 1676 haec
2979 1622 3073 1676 Dei
3105 1637 3272 1693 Opera
3313 1623 3404 1678 Dei
3446 1624 3531 1678 fa-

190 1711 355 1766 moda
383 1722 748 1784 occupaverat
783 1713 1114 1784 desperatio.
1173 1714 1342 1768 Deum
1389 1713 1808 1784 precordialiter
1835 1688 1886 1756 Β
1915 1722 2126 1768 teamur
2157 1727 2280 1767 esse
2329 1713 2610 1780 miracula,
2653 1713 2747 1785 qui
2779 1712 2836 1766 in
2873 1713 3082 1768 sanctis
3112 1715 3228 1768 suis
3255 1715 3530 1788 gloriosus

185 1806 384 1862 orabat
413 1823 484 1862 ne
525 1806 874 1863 fraudaretur
901 1825 933 1863 a
981 1807 1257 1864 desiderio
1297 1822 1415 1863 suo.
1459 1809 1593 1894 Dum
1623 1813 1802 1862 autem

1906 1806 2037 1863 vivit
2068 1813 2122 1860 et
2148 1814 2342 1880 regnat
2377 1805 2434 1860 in
2461 1807 2664 1862 saecula
2693 1807 3041 1862 saeculorum.
3072 1808 3268 1862 Amen.

1131 2053 1756 2144 MIRACULA
1823 2052 1913 2142 S.
1987 2051 2588 2174 WICBEROTI

1477 2203 1778 2260 AUCTORE
1816 2201 2134 2258 ANONYMO
2175 2203 2244 2238 893

719 2508 732 2515 -
763 2450 1153 2514 PROLOGUS
1199 2451 1592 2514 SIGEBEBTI
1638 2452 1714 2514 IN
1761 2453 2164 2516 MIRACULIS
2209 2452 2475 2516 SANCTI
2520 2451 2907 2515 GUIBERTI.

262 2588 403 2644 Dicit
477 2588 790 2659 Sapientia:
861 2590 1125 2644 Memoria
1183 2590 1326 2660 justi
1375 2607 1495 2646 cum
1534 2591 1808 2660 laudibus,

173 2693 380 2734 nomen
418 2679 712 2748 impiorum
738 2683 1010 2748 putrescet
1040 2680 1216 2749 (Prov.
1266 2697 1320 2745 χ,
1356 2681 1427 2743 7).
1458 2680 1656 2734 Verum
1691 2696 1811 2735 esse

187 2765 339 2838 quod
393 2765 527 2821 dicit
563 2767 846 2838 Sapientia
895 2774 1167 2821 testantur
1217 2767 1380 2822 etiam
1432 2778 1619 2823 nostra
1671 2775 1813 2824 tem-

186 2873 346 2930 pora,
379 2874 500 2930 qua:
546 2875 672 2914 cum
713 2859 972 2914 laudibus
1013 2860 1108 2915 Dei
1173 2861 1426 2918 recolunt
1484 2860 1808 2917 memoriam

179 2946 340 3014 justi,
398 2947 572 3002 sancti
636 2947 849 3003 scilicet
902 2947 1186 3011 Wicberti,
1246 2949 1338 3020 qui
1397 2949 1498 3004 fuit
1556 2949 1813 3005 fundator

187 3039 654 3094 Gemmelaccnsis
682 3041 941 3096 coenobii.
999 3041 1114 3096 Non
1145 3041 1292 3096 enim
1323 3041 1662 3114 computruit
1706 3057 1809 3098 no-

185 3149 317 3189 men
369 3134 490 3204 ejus
553 3151 652 3205 per
717 3141 797 3191 tot
837 3151 1112 3191 annorum
1169 3136 1463 3202 curricula,
1519 3153 1619 3208 per
1647 3153 1811 3209 quem

189 3223 396 3279 nomen
438 3224 656 3278 Domini
687 3224 1039 3280 benedicitur
1067 3234 1122 3280 et
1142 3225 1504 3281 benedicetur
1533 3227 1588 3280 in
1628 3241 1811 3281 saecu-

187 3318 262 3374 la.
299 3319 457 3374 Anno
485 3319 762 3390 siquidem
799 3320 1078 3375 incarnata
1101 3320 1231 3375 Jesu
1275 3319 1470 3374 Christi
1520 3321 1680 3374 1099.
1717 3319 1812 3391 qui

162 3417 271 3466 -est
302 3410 400 3466 137
433 3427 464 3466 a
496 3412 731 3467 transitu
763 3411 1011 3480 ejusdem
1039 3412 1214 3466 sancti
1252 3411 1534 3478 Wicberti,
1567 3411 1812 3466 reﬂoruit

185 3505 464 3561 memoria
494 3505 736 3560 nominis
761 3505 882 3574 ejus
907 3521 1008 3576 per
1036 3521 1232 3561 novam
1263 3505 1652 3560 miraculorum
1685 3520 1814 3577 gra-

1911 2593 2041 2647 tiam
2076 2593 2373 2657 declarata.
2423 2593 2678 2658 Quamvis
2719 2593 2879 2656 home
2927 2593 3054 2650 vita:
3081 2595 3370 2652 aestimatio
3412 2611 3522 2652 non

1911 2693 2129 2740 constet
2182 2684 2237 2739 in
2270 2685 2590 2741 ostensione
2633 2685 3048 2754 miraculorum,
3089 2687 3188 2742 sed
3227 2687 3282 2742 in
3327 2687 3526 2744 virtute

1911 2793 2164 2848 operum,
2199 2785 2381 2834 tamen
2413 2779 2676 2834 miracula
2714 2795 2813 2849 per
2840 2786 3060 2835 sanctos
3089 2779 3236 2834 viros
3265 2779 3528 2835 divinitus

1911 2877 2133 2925 ostensa
2174 2878 2302 2924 sunt
2331 2870 2604 2926 bonorum
2638 2887 2868 2942 operum
2899 2871 3227 2927 testimonia.
3275 2873 3385 2928 Nec
3413 2872 3528 2927 fru-

1909 2967 2020 3013 stra
2057 2959 2261 3014 Paulus
2299 2959 2580 3030 apostolus
2609 2961 2707 3014 ait.
2744 2960 2916 3028 Signa
2951 2977 3059 3015 non
3086 2962 3293 3016 dantur
3339 2961 3524 3030 ﬁdeli-

1913 3053 2029 3115 bus,
2053 3054 2144 3106 sed
2173 3054 2477 3122 inﬁdelibus
2505 3052 2556 3122 (Ι
2595 3053 2714 3108 Cor.
2745 3071 2856 3119 xw,
2888 3053 2999 3126 22).
3032 3054 3228 3120 Quanti
3257 3054 3401 3108 enim
3435 3071 3527 3110 va-

1911 3141 2106 3197 luisset
2148 3139 2280 3197 ﬁdei
2319 3143 2658 3214 praedicatio,
2692 3143 2800 3198 nisi
2833 3144 2902 3198 ad
2953 3145 3406 3214 praedicationem
3447 3160 3534 3200 ac-

1913 3235 2170 3290 cessisset
2219 3236 2608 3291 miraculorum
2673 3235 2962 3292 ostensio?
3023 3236 3151 3292 Cum
3197 3254 3330 3312 ergo
3391 3237 3532 3293 Deus

1916 3343 2013 3398 per
2038 3333 2258 3382 sanctos
2286 3327 2434 3382 viros
2458 3327 2616 3400 signa
2645 3333 2700 3382 et
2731 3327 2983 3402 prodigia
3027 3337 3308 3399 Operatur,
3340 3345 3530 3384 revera

1913 3415 2212 3470 inﬁdelitas
2242 3415 2527 3471 hominum
2559 3415 2896 3486 increpatur,
2939 3417 3086 3487 quod
3124 3417 3299 3473 sancti
3328 3417 3430 3472 viri
3463 3417 3532 3470 ab

1911 3504 1993 3558 eis
2033 3505 2203 3577 digno
2232 3503 2610 3559 venerationis
2640 3503 2789 3558 cultu
2819 3518 2932 3558 non
2962 3504 3325 3562 honorantur.

1343 3619 1538 3682 VISIO
1580 3619 1916 3682 EJUSDEM
1963 3617 2366 3682 SIGEBERTI

267 3730 320 3782 l.
373 3725 602 3798 Aliquos
643 3733 893 3782 nostrum
935 3727 1162 3784 multum
1220 3725 1555 3792 offendebat,
1615 3727 1818 3783 multos
1847 3727 2108 3798 Cibique
2148 3724 2362 3781 cibatus
2402 3741 2543 3798 pane
2573 3725 2919 3782 lacrimarum
2950 3733 3005 3783 et
3042 3729 3324 3786 debriatus
3357 3729 3528 3787 calice

194 3817 368 3873 etiam
425 3825 810 3871 extraneorum
853 3823 1044 3872 contra
1077 3833 1176 3872 nos
1213 3833 1390 3890 usque
1437 3818 1502 3872 ad
1562 3817 1818 3890 indigna-

194 3910 408 3965 tionem
436 3909 766 3976 concitabat,
792 3910 941 3982 quod
971 3917 1195 3966 sanctus
1225 3910 1542 3966 Wicbertus
1567 3909 1652 3964 vir
1669 3911 1813 3981 apud

190 3999 458 4056 saeculum
513 4006 674 4056 tanta:
707 4001 1038 4070 nobilitatis,
1087 4001 1233 4074 apud
1277 4003 1446 4057 Deum
1479 4008 1641 4057 tanta:
1691 4018 1812 4056 san-

184 4091 416 4158 ctitatis,
471 4092 625 4148 nullo
701 4093 1078 4150 venerationis
1135 4095 1283 4150 cultu
1339 4095 1718 4150 honorabatur
1781 4111 1812 4150 a

184 4183 371 4240 nobis.
416 4185 565 4240 lnter
593 4200 691 4240 eos
735 4187 827 4258 qui
875 4187 978 4242 hac
1007 4187 1098 4242 die
1129 4187 1494 4242 movebantur
1543 4187 1810 4260 indigna-

182 4276 360 4342 tione,
389 4283 508 4332 erat
533 4277 757 4349 quidam
793 4277 1118 4352 Sigebertus
1148 4279 1394 4346 nomine,
1429 4279 1637 4350 primus
1667 4279 1811 4351 apud

161 4382 292 4424 nos
339 4371 498 4420 aetate
555 4373 610 4422 et
665 4368 1110 4436 conversatione,
1149 4369 1380 4424 scientia
1428 4377 1482 4424 et
1520 4369 1786 4442 religione

188 4455 288 4511 llic
313 4456 458 4511 circa
493 4457 905 4513 venerationem
939 4459 1024 4513 vel
1051 4459 1446 4514 revelationem
1479 4459 1650 4514 sancti
1685 4467 1807 4513 tan-

191 4552 246 4600 to
288 4544 596 4600 ducebatur
621 4546 922 4616 desiderio,
967 4555 1174 4620 quanto
1205 4547 1348 4603 circa
1393 4549 1688 4603 adventum
1721 4549 1806 4604 vel

187 4637 586 4693 revelationem
617 4637 816 4694 Christi
845 4641 1103 4714 antiquus
1135 4641 1224 4695 ille
1255 4641 1512 4712 Symeon.
1555 4641 1711 4696 Unde
1753 4648 1808 4696 et

187 4726 258 4781 ad
287 4727 638 4798 sepulchrum
672 4729 794 4798 ejus
837 4732 1012 4785 locum
1069 4729 1512 4801 compunctionis
1551 4729 1656 4784 sibi
1695 4737 1810 4784 sta-

189 4823 393 4883 tuerat,
427 4833 588 4888 quem
622 4819 874 4890 exemplo
900 4818 1050 4874 illius
1083 4818 1414 4894 evangelica:
1450 4819 1631 4873 Mariae
1685 4834 1807 4873 cum

189 4917 437 4966 aromate
497 4913 808 4969 orationum
862 4913 1262 4987 frequentabat.
1319 4914 1382 4969 Et
1411 4913 1540 4986 quia
1571 4919 1686 4968 erat
1709 4929 1808 4968 cu-

188 5009 306 5057 stos
339 5002 629 5070 tecclesize,
657 5003 879 5075 quando
911 5003 963 5057 id
1013 5003 1290 5070 licentius,
1318 5011 1472 5058 tanto
1499 5003 1808 5075 exequeba-

1917 3813 2380 3886 compunctionis,
2416 3814 2559 3870 fessa
2584 3815 2831 3870 membra
2856 3816 3028 3888 quieti
3069 3817 3239 3875 dedit.
3273 3819 3391 3875 Vita
3429 3822 3527 3876 ob-

1917 3905 2235 3970 dormierat,
2293 3919 2416 3959 cum
2462 3919 2590 3959 ecce
2653 3904 2957 3961 delectatur
3009 3907 3224 3964 visione
3275 3909 3528 3966 mirifica.

1916 3997 2076 4053 Videt
2105 3997 2160 4052 in
2201 3997 2378 4068 ipsam
2409 3997 2713 4052 tecclesiam
2755 3999 2910 4070 quasi
2956 4000 3120 4056 solito
3165 4000 3395 4058 festivus
3431 4019 3530 4075 ap-

1915 4091 2180 4156 paratam,
2239 4084 2401 4140 solito
2449 4085 2651 4142 clarius
2704 4086 3088 4156 illuminatam,
3148 4089 3526 4148 innumerabi-

1915 4180 2020 4235 lem
2058 4180 2262 4234 iutrare
2292 4179 2679 4253 frequentiam,
2730 4199 2894 4254 quam
2935 4183 3246 4260 insignabat
3284 4187 3370 4242 vel
3411 4187 3530 4258 epi-

1913 4272 2154 4344 sc0palis
2171 4271 2487 4340 auctoritas,
2512 4273 2598 4328 vel
2630 4272 2904 4330 clericalis
2942 4273 3206 4346 dignitas,
3236 4276 3322 4331 vel
3354 4276 3524 4331 abba-

1913 4367 2026 4416 tum
2080 4361 2584 4433 monachorumque
2627 4361 2979 4436 religiositas,
3045 4363 3194 4418 Tunc
3251 4363 3402 4418 velut
3456 4365 3526 4419 ad

1911 4451 2180 4525 agendam
2208 4451 2477 4523 synodum
2511 4451 2674 4506 sedes
2704 4457 3008 4522 ponuntur,
3036 4461 3091 4505 et
3116 4451 3185 4505 ad
3224 4451 3520 4508 dicendum

1909 4541 1966 4595 in
1997 4541 2224 4596 sedibus
2255 4556 2505 4612 persona:
2559 4548 2988 4610 componuntur.
3037 4540 3330 4613 Postquam
3359 4559 3527 4614 super

1909 4632 2360 4689 azcclesiasticum
2386 4639 2585 4687 statum
2627 4631 2760 4685 satis
2791 4640 3172 4702 competenter
3201 4641 3284 4688 est
3323 4641 3526 4690 tracta-

1909 4733 2024 4783 tum
2053 4727 2558 4798 convenienterque
2588 4723 2908 4793 dilﬁnitum,
2941 4726 3017 4782 ait
3062 4727 3282 4799 quidam
3305 4730 3522 4786 senior:

1914 4820 2044 4874 Cum
2073 4820 2140 4874 de
2167 4821 2295 4873 aliis
2333 4819 2511 4872 causis
2539 4832 2641 4887 pro
2693 4818 2890 4886 quibus
2927 4822 3264 4876 convenimus
3292 4825 3424 4877 satis
3453 4825 3527 4877 sit

1910 4911 2106 4970 actum,
2167 4908 2233 4962 de
2271 4923 2436 4962 causa
2481 4907 2583 4960 illa
2613 4907 2841 4976 speciali
2889 4922 2994 4977 pro
3032 4924 3143 4978 qua
3195 4912 3254 4964 in
3306 4912 3400 4966 hoc
3431 4912 3526 4965 de-

1913 5001 2154 5054 venimus
2203 4999 2334 5065 loco,
2364 4997 2517 5052 nulla
2545 4996 2722 5050 adhuc
2759 4997 2912 5064 facta
2948 5004 3028 5053 est
3081 5003 3293 5067 mentio,
3327 5002 3530 5056 scilicet

191 5049 304 5057 --ν-
340 5049 629 5070 η---ηηη
658 5049 877 5075 νη..-
911 5049 963 5057 η.
1013 5049 1290 5070 -.πω-..η
1321 5049 1468 5058 -..η-ν
1500 5049 1782 5075 νην-μνη.-
2321 5049 2334 5065 ,
2759 5049 2771 5064 .

191 5101 282 5150 tur
324 5092 602 5149 devotius.
637 5095 762 5150 Erat
787 5103 968 5152 autem
1015 5111 1228 5150 summa
1271 5095 1532 5150 orationis
1579 5095 1720 5164 ejus,
1753 5049 1888 5150 utD
1915 5089 1979 5142 de
2004 5089 2192 5156 Γνατνίί
2233 5091 2414 5142 ποετνο
2458 5087 2743 5144 Ψίεδενίο·
2777 5087 3069 5156 Quidnam:
3119 5089 3377 5162 inquiunt
3409 5089 3526 5158 alii,

188 5191 488 5254 antequam
536 5193 844 5241 moreretur
887 5184 1267 5256 experimento
1334 5183 1614 5255 probaret,
1655 5183 1812 5254 cujus

188 5275 277 5330 vel
305 5275 496 5348 quanti
527 5277 708 5333 meriti
770 5284 915 5334 esset
943 5276 1088 5348 apud
1150 5277 1320 5332 Deum
1349 5284 1570 5332 sanctus
1595 5274 1813 5330 Wiber-

186 5373 295 5424 tus.
340 5367 587 5432 Quadam
631 5369 802 5443 igitur
832 5376 997 5425 nocte
1026 5385 1092 5424 ex
1138 5366 1548 5424 consuetudine
1614 5365 1808 5422 oravit.

1913 5184 2241 5235 tractaretur
2275 5180 2342 5234 de
2385 5195 2463 5248 eo,
2513 5195 2676 5250 quam
2719 5181 2864 5250 quod
2913 5182 3191 5251 deﬁnitum
3226 5186 3304 5236 est
3352 5197 3531 5236 coram

1913 5278 2036 5342 Deo,
2059 5277 2154 5346 qui
2173 5275 2296 5344 jam
2324 5277 2640 5345 miriﬁcavtt
2657 5291 2778 5330 eum
2807 5276 2957 5346 apud
2983 5291 3038 5330 se
3075 5281 3123 5330 et
3153 5277 3306 5346 apud
3331 5291 3453 5344 nos,
3486 5281 3533 5331 et

1913 5368 2108 5421 iterum
2153 5366 2467 5436 miriﬁcabit
2495 5381 2612 5420 eum
2657 5365 2808 5435 apud
2845 5366 3098 5421 swculu-m
3136 5367 3192 5421 in
3231 5367 3481 5435 promimo
3503 5369 3530 5419 γ

1541 5490 1762 5546 νΑΡιιΑε
1807 5490 2183 5546 LECTIONES.

259 5597 326 5632 ³9⁸
368 5601 454 5652 hic
481 5597 675 5653 desinit
701 5596 779 5654 3b.
836 5599 904 5632 “5
925 5601 1034 5654 haec
1055 5600 1249 5653 desunt
1272 5600 1332 5651 in
1363 5597 1411 5650 l.
1440 5596 1524 5648 2b.
1562 5595 1642 5647 3b.
1679 5595 1728 5647 4.
1773 5595 1828 5648 ε’).

597 5709 894 5770 PATROL.
946 5707 1142 5770 CLX.

3133 5707 3212 5768 2'2
