3934 6054
382 244 489 301 683
1595 225 1937 283 SIGEBERTI
1988 225 2055 278 ΟΕ

2173 221 2497 277 LACENSIS.
3410 234 3425 241 ι
3615 189 3777 258 684'

389 373 618 437 Vadam,
644 366 825 440 inquit
853 362 1040 420 senior
1065 361 1176 425 ille,
1200 364 1249 415 et
1274 361 1369 415 hoc
1396 361 1570 429 ipsum
1599 360 1771 425 fratri
1796 338 1883 411 illi
1903 371 1998 411 cu-
2022 359 2073 426 Α
2101 352 2463 409 diffidentiam
2499 365 2596 420 per
2633 346 2796 402 talem
2824 358 3007 398 rerum
3062 346 3117 395 et
3156 330 3551 392 miraculorum
3584 348 3747 389 eou-

382 465 511 520 rabo
541 463 817 525 intimare,
849 459 949 528 qui
972 455 1137 525 hujus
1175 455 1255 507 rei
1272 455 1458 520 gratia
1489 466 1584 506 nos
1613 452 1886 520 inquietat
1912 449 1999 502 die
2100 444 2467 517 sequentiam.

384 518 643 609 acinocte.
677 550 739 604 Et
760 518 1474 616 accedensadSigcbertum
1507 572 1564 580 —
1590 518 1999 609 stabatquiplle
2172 536 2222 593 3-
2266 536 2335 569 ⁸³⁸
2379 534 2455 587 Ad
2502 532 2767 603 OPPidum
2816 530 3160 583 Deonanmm
3212 522 3357 594 (905)
3406 518 3749 576 conﬂuebat

384 643 604 699 eminus
628 648 955 711 exspectans
973 636 1052 690 rei
1072 634 1274 690 exitum
1308 651 1390 686 -υε
1429 632 1748 700 Comprime,
1773 630 1867 694 ait,
1900 643 1999 683 su-
2103 629 2349 700 undique
2382 641 2578 699 magna
2624 623 2951 695 pOpulorum
3004 614 3311 688 frequentia
3348 628 3416 669 eo
3446 611 3599 684 quod
3656 608 3746 664 ibi

385 734 632 802 spirium,
665 727 917 783 exhilara
941 724 1148 779 vultum
1176 725 1224 778 et
1273 723 1543 776 animum:
1575 718 1924 788 complebitur
1944 718 2003 770 in

2164 738 2203 775 er
2250 718 2572 773 memoriam
2610 712 2894 791 genitricis
2951 708 3048 765 Dei
3103 706 3281 761 Mariae
3340 702 3750 758 declarabatur

389 822 541 877 bonis
593 817 921 874 desiderium
977 820 1151 870 tuum.
1202 813 1518 881 Miriﬁcavit
1577 813 1712 864 Deus
1758 812 2005 864 sanctum

2164 812 2274 867 ulta
2324 810 2712 865 miraculorum
2765 804 2961 880 gratia.
3022 802 3080 855 Et
3136 798 3267 870 quia
3315 796 3387 851 ibi
3447 792 3753 866 aliquibus

389 929 563 978 suum,
596 915 646 966 et
684 913 883 965 iterum
912 906 1228 977 miriﬁcabit
1277 920 1414 960 eum.
1458 902 1665 967 Quibus
1705 901 1883 965 dictis,
1916 914 2007 955 so-

2164 903 2446 958 ,ddebatur
2485 906 2671 971 Optata
2714 897 2942 960 sanitas,
2990 893 3192 948 multos
3224 890 3299 944 ibi
3334 888 3518 957 jacere
3558 885 3749 941 facie-

391 1006 565 1060 lutum
606 1012 689 1059 est
717 1008 968 1057 sanctum
1009 998 1143 1053 illud
1174 996 1493 1053 concilium.
1524 994 1632 1049 Sed
1664 993 1792 1065 quia
1823 992 2006 1046 animo

2164 1007 2203 1054 tl.
2248 1015 2379 1070 Spes
2424 992 2817 1066 recuperandae
2849 987 3117 1045 sanitatis.
3149 986 3388 1039 Venerat
3426 981 3558 1035 illuc
3588 979 3753 1033 inter

394 1099 640 1172 cupienti
680 1097 855 1153 nichil
879 1096 1011 1151 satis
1054 1094 1365 1159 festinatur,
1406 1092 1645 1146 domnus
1689 1087 2010 1162 Sigebertus
2112 1093 2250 1149 alios
2295 1088 2544 1160 quaedam
2602 1085 2790 1157 puella
2824 1080 3051 1137 nomine
3098 1075 3418 1141 Hersendis,
3468 1087 3592 1144 quae
3632 1084 3750 1140 per

338 1196 343 1201 ’
399 1190 529 1245 huic
571 1188 773 1245 visioni
804 1187 988 1241 minus
1016 1190 1223 1260 gratus,
1255 1182 1551 1253 minusque
1577 1179 1854 1244 credulus,
1906 1178 2009 1232 ite-
2115 1182 2488 1238 inﬁrmitatem
2539 1177 2659 1232 visu
2716 1173 2998 1230 oculorum
3052 1169 3287 1240 privata,
3352 1163 3638 1237 poscebat,
3682 1168 3751 1214 et

398 1301 517 1340 rum
560 1291 874 1354 soporatur,
907 1288 961 1336 et
992 1281 1187 1333 iterata
1216 1277 1432 1333 visione
1477 1291 1588 1330 non
1615 1275 1726 1342 jam
1768 1273 2012 1328 delecta-
2116 1276 2237 1346 ipsa
2288 1272 2579 1327 sanitatem
2634 1266 2741 1322 sibi
2789 1262 3027 1320 conferri
3074 1278 3105 1315 a
3144 1256 3411 1333 genitrice
3461 1255 3579 1309 Dei.
3627 1252 3747 1306 Sed

398 1384 510 1442 tur,
556 1373 653 1429 sed
693 1370 1008 1441 corripitur.
1066 1368 1223 1422 Videt
1286 1374 1508 1421 sanctos
1568 1379 1825 1436 proceres
1878 1362 2019 1416 sicut
2119 1361 2369 1435 quamvis
2400 1357 2663 1414 meruerit
2691 1353 3019 1417 remedium,
3061 1348 3262 1404 meruit
3290 1354 3475 1402 tamen
3508 1357 3753 1412 recupe-

403 1470 560 1542 prius
598 1467 973 1525 consedentes
1012 1471 1067 1519 et
1110 1464 1512 1533 colloquentes,
1546 1459 1808 1516 severiori
1846 1465 2020 1513 etve-
2122 1455 2276 1511 randi
2334 1451 2566 1508 remedii
2617 1446 2931 1505 consilium.
2989 1440 3305 1498 Ammonita
3361 1446 3445 1493 est
3493 1435 3648 1491 enim
3686 1435 3752 1488 in

402 1561 499 1616 lud
531 1557 946 1633 indignabundo
975 1555 1129 1610 vultu
1164 1555 1218 1607 in
1246 1570 1306 1608 se
1336 1552 1721 1622 respicientes,
1754 1549 2019 1620 illumque
2121 1547 2332 1603 somnis
2356 1544 2546 1600 venire
2568 1542 2635 1596 ad
2677 1538 3128 1596 Gemmelacense
3152 1531 3578 1594 monasterium,
3613 1528 3755 1599 quia

406 1667 566 1706 suum
588 1650 862 1705 seniorem
888 1648 1129 1716 nonjam
1151 1646 1256 1700 sibi
1284 1645 1688 1711 blandientem,
1709 1643 1804 1697 sed
1831 1641 2023 1696 durius
2050 1684 2097 1716 υ
2125 1638 2203 1692 ibi
2231 1654 2340 1692 non
2372 1636 2593 1691 deesset
2619 1631 2725 1687 sibi
2756 1629 3006 1684 sanitatis
3036 1625 3364 1681 remedium.
3397 1619 3557 1676 Venit
3610 1633 3754 1693 ergo

405 1743 806 1814 increpantem.
847 1744 977 1809 Cur,
1012 1741 1208 1812 inquit,
1255 1739 1400 1809 quod
1438 1738 1650 1793 tamdiu
1701 1735 2026 1790 desiderasti
2053 1714 2100 1751 Β
2136 1727 2223 1781 die
2257 1724 2534 1781 dominica
2565 1729 2691 1776 ante
2722 1717 3047 1790 martyrium
3092 1714 3487 1786 apostolorum,
3525 1717 3579 1764 et
3620 1725 3753 1764 cum

408 1841 521 1891 tam
549 1800 850 1905 difﬁculter
876 1800 1346 1902 credisfet'quod
1380 1830 1460 1884 ibi
1506 1831 1618 1898 ipsi
1653 1844 1762 1883 non
1792 1824 2031 1896 expedit,
2136 1818 2323 1874 multis
2364 1816 2607 1872 lacrimis
2649 1829 2834 1881 orans,
2899 1808 3227 1866 ostendebat
3253 1805 3437 1862 cordis
3491 1803 3579 1858 sui
3615 1800 3758 1857 affe-

407 1927 659 1994 ingratus
685 1939 737 1979 es
770 1924 907 1978 dono
951 1925 1117 1978 tanta:
1142 1921 1411 1976 visionis?
1465 1918 1619 1984 Quod
1653 1918 1778 1971 dimi
1808 1916 1947 1982 dico,
1985 1920 2034 1970 et
2135 1919 2301 1965 ctum.
2352 1908 2459 1962 Sed
2502 1905 2633 1979 quia
2661 1902 2949 1959 nesciebat
2991 1915 3102 1972 quo
3142 1914 3204 1953 se
3249 1900 3506 1962 verteret,
3548 1892 3636 1947 vel
3665 1891 3760 1946 cui

412 2013 558 2086 quod
586 2014 725 2081 dico,
765 2016 927 2067 aDeo
965 2012 1122 2066 dico:
1187 2034 1212 2057 α
1270 2009 1581 2078 Miriﬁcabit
1624 2012 1762 2063 Deus
1790 2011 2034 2061 sanctum
2135 2020 2353 2064 causam
2379 2017 2535 2057 suam
2575 1998 2833 2069 aperiret,
2862 2011 2962 2066 pro
3001 2006 3215 2048 merore
3249 1988 3435 2045 cordis
3480 1993 3535 2042 et
3561 1985 3762 2040 dolore

411 2120 588 2172 suum,
616 2110 666 2159 et
707 2106 903 2158 iterum
939 2104 1419 2172 miriﬁcaviteum.
1473 2117 1497 2154 ι
1552 2100 1614 2157 Si
1654 2099 1826 2154 credis
1857 2098 2033 2163 crede,

412 2195 620 2249 videbis
672 2196 729 2248 in
778 2195 1032 2262 proximo
1080 2197 1128 2246 te
1164 2207 1269 2246 non
1314 2193 1530 2259 frustra
1582 2189 1889 2244 credidisse.
1944 2188 2035 2243 liis

415 2285 600 2342 verbis
629 2284 851 2340 territur
880 2283 1117 2339 domnus
1170 2283 1513 2356 Sigebertus,
1570 2282 1712 2337 lecto
1766 2281 1941 2347 exilit,
1983 2287 2038 2335 et

419 2377 489 2434 ad
542 2376 812 2433 tumulum
863 2377 1037 2431 sancti
1092 2375 1266 2447 patris
1322 2374 1579 2431 recurrit.
1642 2374 1722 2428 lbi
1769 2381 2037 2446 quantum

420 2468 717 2541 gratiarum
769 2466 880 2522 Deo
910 2466 1169 2532 reddidit,
1203 2466 1356 2522 solus
1397 2466 1514 2537 ipse
1540 2466 1685 2519 Deus
1725 2464 1883 2520 testis
1916 2463 2038 2518 fuit.

425 2558 488 2613 Et
515 2574 582 2613 ex
611 2558 707 2612 illa
736 2558 872 2612 hora
900 2564 1083 2612 certus
1129 2556 1199 2610 de
1235 2557 1327 2611 Dei
1359 2555 1745 2611 misericordia
1779 2561 1834 2609 et
1865 2551 2041 2608 sancti

425 2648 690 2705 Wicberti
741 2649 934 2721 gloria,
985 2649 1154 2720 cepit
1181 2664 1307 2703 eum
1348 2648 1557 2704 habere
1604 2648 1717 2716 jam
1750 2647 1807 2701 in
1850 2643 2043 2714 majori

427 2738 754 2817 reverentia.

497 2830 551 2886 2.
599 2830 916 2886 Ventilabro
963 2829 1458 2903 quadragesimalis
1513 2826 1882 2884 observantiae
1914 2842 2048 2898 pur-

429 2921 661 2994 gabatur
686 2935 817 2975 area
846 2927 1051 2975 sanctae
1074 2919 1359 2985 tecclesiae,
1393 2918 1614 2990 quando
1639 2917 1913 2972 seniorem
1947 2931 2050 2970 no-

408 3008 601 3066 'strum
662 3009 755 3064 tali
809 3009 1039 3081 contigit
1098 3008 1354 3063 illustrari
1412 3007 1767 3063 revelatione.
1817 3007 1881 3060 Et
1922 3006 2049 3078 quia

434 3102 757 3174 propediem
799 3100 1036 3155 instabat
1066 3106 1285 3172 tempus
1313 3100 1701 3164 desiderabile,
1731 3107 1952 3170 tempus
1978 3099 2050 3152 il-

434 3197 530 3253 lud
568 3196 637 3252 de
659 3203 835 3253 morte
861 3195 1057 3251 Christi
1083 3195 1423 3261 venerabile,
1442 3195 1744 3270 gloriosum
1771 3195 1840 3249 de
1869 3209 2056 3248 resur-

435 3285 704 3351 rectione,
737 3283 813 3339 ibi
875 3282 989 3339 ﬁxit
1028 3285 1324 3340 anchoram
1353 3300 1468 3339 suae
1513 3283 1863 3351 intentionis,
1906 3283 2055 3354 quod

436 3376 483 3431 si
527 3375 661 3447 quid
691 3373 957 3430 divinitus
1000 3374 1315 3430 novandum
1349 3380 1496 3429 esset
1524 3373 1667 3428 circa
1703 3373 1971 3428 memoria
2001 3370 2055 3426 in

438 3465 612 3521 sancti
661 3463 1013 3527 confessoris,
1067 3465 1161 3520 illo
1203 3465 1545 3536 potissimum
1581 3462 1736 3518 fieret
1786 3472 2056 3534 tempore.

438 3574 547 3630 quo
595 3558 856 3631 leguntur
882 3558 1053 3614 multa
1101 3574 1337 3630 corpora
1387 3565 1704 3613 sanctorum
1757 3555 2062 3611 surrexisse

439 3656 495 3705 et
523 3650 713 3704 multis
737 3648 1080 3720 apparuisse,
1132 3649 1188 3702 in
1230 3647 1606 3703 testimonium
1639 3644 1932 3700 dominicae
1967 3660 2062 3699 re-

440 3739 819 3795 surrectionis.
871 3739 1114 3809 Ideoque
1163 3737 1323 3808 quasi
1367 3736 1534 3791 nichil
1570 3744 1741 3791 esset
1796 3733 2061 3807 quicquid

441 3839 571 3888 ante
600 3830 824 3896 fecerat,
870 3828 1135 3901 quicquid
1165 3828 1530 3897 jejunaverat,
1563 3827 1829 3899 quiequid
1876 3827 2066 3902 vigila-

440 3927 613 3987 verat,
642 3919 909 3990 quicquid
955 3924 1227 3987 oraverat,
1287 3919 1355 3972 ad
1386 3918 1603 3985 majora
1657 3933 1716 3972 se
1758 3917 1976 3985 excitat,
2011 3924 2065 3971 et

444 4012 535 4082 pie
615 4009 790 4064 oculis
839 4009 1050 4063 habens
1129 4008 1330 4063 divinae
1383 4007 1769 4078 promissionis
1821 4008 2061 4073 oracula,

445 4107 651 4172 quanto
680 4100 748 4153 de
777 4098 1009 4155 veritate
1042 4097 1413 4169 promittentis
1477 4106 1593 4152 erat
1644 4097 1864 4164 certior,
1915 4105 2063 4151 tanto

444 4196 503 4250 in
533 4195 628 4251 illa
657 4212 819 4268 quam
851 4194 1110 4265 sperabat
1139 4193 1231 4249 die
1260 4192 1483 4248 volebat
1514 4192 1761 4248 inveneri
1801 4191 2057 4263 paratior.

441 4289 644 4344 Verum
691 4304 803 4343 non
847 4287 987 4343 sicut
1038 4287 1157 4358 ipse
1187 4286 1469 4359 cogitabat
1499 4317 1564 4325 —
1616 4284 1882 4341 Dominus
1915 4284 2062 4340 enim

2140 2097 2386 2169 corporis
2458 2103 2571 2152 tota
2622 2091 2930 2150 ebdomada
2978 2090 3120 2146 lecto
3178 2085 3465 2142 decubuit.
3513 2085 3765 2154 Vespere

2135 2189 2351 2248 sabbati
2383 2190 2450 2244 ad
2483 2188 2788 2244 aecclesiam
2834 2184 3058 2248 reddiit,
3077 2197 3295 2239 causam
3328 2196 3483 2235 suam
3516 2176 3764 2249 aperuit,

2139 2292 2192 2340 et
2213 2290 2273 2339 ut
2303 2283 2497 2337 liceret
2526 2280 2635 2335 sibi
2658 2288 2988 2350 pernoctare
3020 2277 3076 2331 in
3116 2275 3369 2331 aecclesia
3393 2274 3485 2330 vix
3518 2271 3768 2328 obtinuit

2141 2387 2218 2441 Ad
2250 2382 2521 2441 tumulum
2549 2378 2721 2435 sancti
2756 2374 3000 2431 Guiberti
3057 2373 3313 2434 deducta,
3356 2370 3435 2425 ibi
3473 2374 3771 2442 pernocta-

2141 2476 2240 2542 vit,
2292 2481 2344 2529 et
2375 2488 2538 2544 quam
2589 2467 2839 2523 devotius
2889 2464 3067 2536 potuit
3110 2468 3357 2517 sanctum
3395 2460 3492 2516 Dei
3558 2474 3659 2531 pro
3706 2473 3771 2511 se

2144 2570 2262 2639 ipsa
2296 2552 2684 2635 interpellavit.
2741 2560 2851 2614 Nec
2898 2556 3117 2612 frustra.
3151 2553 3405 2610 Diluculo
3440 2552 3590 2607 enim
3651 2566 3777 2606 sur-

2146 2674 2283 2731 gens
2326 2674 2357 2711 a
2387 2652 2561 2709 sancti
2624 2648 2854 2715 tumulo,
2904 2662 3030 2701 mox
3067 2653 3129 2701 ut
3180 2644 3349 2699 exivit
3386 2642 3455 2697 ab
3503 2640 3777 2697 iecclesiae

2148 2750 2290 2807 ostio
2318 2768 2329 2804 :
2364 2749 2605 2811 Gratias,
2638 2742 2845 2814 inquit,
2887 2741 3012 2806 tibi,
3044 2755 3073 2795 ο
3116 2742 3272 2804 Deus,
3304 2751 3429 2805 ago.
3460 2736 3593 2806 quia
3623 2733 3779 2788 video

2149 2844 2325 2898 lumen
2355 2841 2487 2906 cwli,
2520 2837 2661 2908 quod
2687 2835 2850 2890 multo
2877 2836 3111 2901 tempore
3162 2845 3273 2886 non
3308 2828 3446 2883 vidi.
3492 2826 3617 2881 Haec
3654 2824 3781 2895 pri-

2150 2949 2239 2988 ma
2268 2928 2654 2985 miraculorum
2706 2923 2888 2999 gratia
2931 2919 3221 2977 laetificans
3252 2918 3468 2973 animos
3498 2914 3774 2979 ﬁdelium,

2151 3019 2451 3078 commovit
2478 3031 2670 3073 omnes
2687 3022 2739 3070 et
2765 3012 3104 3068 laudandum
3133 3008 3447 3064 Dominum.

2224 3111 2278 3163 4.
2318 3108 2478 3161 Fama
2511 3106 2578 3159 de
2632 3102 2857 3158 nomine
2896 3099 3075 3154 sancti
3135 3095 3379 3152 Guiberti
3423 3093 3587 3149 etiam
3628 3106 3785 3145 mare

2155 3196 2428 3262 transivit,
2458 3201 2513 3250 et
2554 3192 2803 3266 Angliam
2850 3187 3163 3244 illustravit.
3209 3185 3372 3253 Cujus
3419 3182 3498 3238 rei
3541 3182 3661 3235 haec
3686 3179 3790 3234 fuit

2158 3302 2341 3343 causa.
2384 3283 2613 3348 Quidam
2661 3275 3196 3335 Gemmelacensium
3246 3273 3567 3327 Hethennus
3601 3268 3787 3323 nomi-

2160 3395 2231 3434 ne
2272 3378 2341 3433 ad
2391 3375 2638 3449 Angliam
2693 3376 2921 3428 venerat
2952 3384 3117 3424 causa
3159 3364 3504 3440 negotiandi.
3540 3352 3667 3430 Ejus
3693 3377 3792 3415 ca-

2162 3468 2345 3523 ballus
2372 3465 2771 3529 inﬁrmabatur,
2803 3462 2952 3515 lesus
2987 3458 3195 3530 quippe
3227 3455 3406 3510 fuerat
3433 3469 3558 3510 cum
3590 3468 3623 3507 a
3662 3452 3790 3506 navi

2166 3558 2559 3614 extraheretur.
2595 3552 2735 3607 Utile
2778 3551 2956 3604 visum
3005 3553 3090 3602 est
3129 3546 3406 3600 sociorum
3446 3540 3699 3603 consilio,
3736 3546 3795 3593 ut

2166 3653 2420 3725 apposito
2453 3650 2713 3705 ﬂeotomo
2767 3644 3046 3700 inﬁrmum
3099 3656 3305 3712 equum
3337 3643 3613 3694 recrearet
3653 3651 3790 3689 san-

2165 3745 2352 3822 guinis
2404 3740 2663 3797 minutio.
2697 3737 2961 3810 Apposito
2995 3734 3257 3790 ﬂeotomo
3287 3730 3515 3804 sanguis
3555 3727 3784 3793 ﬂuebat,

2166 3817 2264 3891 sed
2304 3833 2485 3888 ﬂuxus
2514 3827 2801 3904 sanguinis
2832 3825 3057 3881 modum
3104 3822 3399 3886 excedens,
3444 3818 3595 3874 nullo
3625 3817 3789 3873 modo

2166 3926 2392 3997 reprimi
2440 3929 2669 3995 poterat.
2702 3918 2857 3975 Multi
2897 3915 3329 3992 negotiatorum,
3357 3911 3519 3967 multi
3570 3926 3791 3982 quoque

2165 4015 2465 4088 Anglorum
2492 4021 2858 4071 concurrunt;
2911 4005 3083 4061 multa
3115 4003 3328 4069 dicunt,
3380 4000 3554 4055 multa
3585 3998 3795 4054 faciunt

2166 4087 2291 4176 quae
2343 4103 2410 4157 ad
2470 4096 2885 4171 reprimendum
2945 4091 3232 4166 sanguinis
3269 4090 3476 4145 ﬂuxum
3526 4087 3791 4159 prodesse

2167 4197 2367 4252 solent.
2410 4194 2539 4259 Quae
2574 4191 2761 4247 omnia
2780 4204 2904 4244 cum
2936 4186 3027 4242 hic
3059 4182 3229 4239 nichil
3258 4183 3527 4247 valerent,
3572 4180 3663 4233 ille
3692 4194 3789 4233 cu-

2163 4289 2256 4359 jus
2284 4293 2401 4343 erat
2444 4301 2619 4357 equus
2649 4296 2942 4337 recurrens
2966 4279 3033 4334 ad
3063 4286 3254 4333 notum
3287 4275 3390 4328 sibi
3414 4272 3750 4345 praesidium
3775 4287 3788 4323 :

444 4378 598 4435 novit
637 4378 1006 4453 cogitationes
1055 4377 1342 4432 hominum
1402 4376 1662 4449 quoniam
1718 4393 1872 4433 vanm
1935 4361 2376 4448 suntDSancte,
2431 4378 2634 4450 inquit,
2697 4374 2981 4440 wicberte,
3048 4374 3147 4442 qui
3198 4368 3367 4423 michi
3415 4371 3465 4420 ιε
3515 4367 3792 4421 invocanti

443 4496 513 4511 -—-
537 4471 636 4526 sed
667 4470 811 4526 sicut
850 4471 994 4525 Deus
1025 4464 1380 4540 disposuerat
1419 4468 1620 4524 factum
1655 4475 1755 4523 est.
1789 4468 1907 4523 Jam
1933 4483 2065 4541 ergo

444 4560 735 4615 transierat
780 4575 891 4614 non
921 4560 1100 4614 solum
1146 4559 1266 4614 dies
1296 4559 1387 4613 illa
1426 4559 1494 4613 de
1547 4557 1744 4612 Christi
1787 4573 2066 4612 resurrec-

445 4656 597 4711 tione
625 4656 876 4719 celebris,
910 4655 1218 4727 quinimmo
1258 4662 1312 4710 et
1350 4653 1441 4709 illa
1483 4653 1552 4708 de
1584 4653 1704 4723 ejus
1739 4652 2067 4723 promissio—

446 4760 537 4809 ne,
590 4744 646 4798 id
698 4750 780 4799 est
816 4745 1059 4799 adventu
1115 4744 1289 4798 sancti
1324 4742 1563 4812 Spiritus
1594 4739 1980 4812 expectabilis,
2013 4748 2067 4795 et

446 4838 588 4894 infra
608 4839 715 4894 tale
743 4839 989 4912 tantique
1015 4847 1233 4911 tempus
1263 4840 1532 4912 mysterii,
1565 4836 1737 4894 nichil
1769 4836 1897 4892 novi
1930 4850 2081 4892 con-‘

447 4930 645 5005 tigerat
674 4929 819 4986 circa
847 4931 1202 5002 sepulchrum
1232 4932 1429 4987 sancti.
1472 4931 1669 4987 Videre
1729 4935 1846 4984 erat
1874 4944 2064 4984 senem

445 5027 691 5077 nostrum
732 5021 995 5077 domuum
1038 5022 1388 5097 Sigebertum
1446 5023 1502 5076 in
1534 5022 1639 5076 hac
1678 5019 2066 5092 expectatione

444 5111 702 5179 deficere,
736 5112 874 5168 mori
902 5112 1061 5167 malle
1089 5128 1251 5183 quam
1281 5112 1490 5179 vivere,
1524 5128 1584 5167 se
1616 5127 1795 5179 reum,
1831 5126 1892 5165 se
1924 5109 2065 5164 stul-

445 5208 557 5258 tum
596 5203 868 5272 judicare,
928 5201 1084 5274 quasi
1132 5201 1227 5272 qui
1291 5217 1350 5257 se
1402 5201 1638 5276 dignum
1688 5198 2064 5265 testimaverit,

444 5304 607 5359 quem
638 5291 783 5346 Deus
813 5290 1132 5365 dignaretur
1158 5306 1257 5345 sua
1291 5290 1648 5346 revelatione.
1697 5288 1802 5344 Sed
1833 5289 1930 5360 qui
1960 5288 2063 5342 hu-

445 5378 671 5435 milibus
718 5381 858 5435 Deus
887 5381 980 5436 dat
1021 5380 1274 5455 gratiam,
1307 5380 1415 5437 cito
1465 5381 1779 5437 consolatus
1812 5386 1896 5435 est
1941 5378 2062 5447 ejus

2167 4474 2429 4529 consuesti
2467 4471 2669 4532 adesse,
2729 4483 2841 4522 ecce
2876 4468 2936 4520 in
2987 4468 3076 4519 tuo
3126 4463 3340 4516 nomine
3388 4459 3674 4513 denarium
3701 4472 3790 4512 su-

2164 4578 2400 4635 perpono
2430 4559 2673 4630 efﬂuenti
2700 4572 2863 4611 venae.
2899 4552 3041 4607 Dixit
3072 4556 3124 4605 et
3173 4547 3458 4620 imposuit,
3491 4555 3550 4601 et
3578 4546 3634 4600 in
3670 4546 3787 4616 ipso

2168 4658 2314 4712 dicto
2345 4655 2468 4711 fons
2516 4648 2802 4724 sanguinis
2833 4645 3006 4712 stetit,
3050 4659 3154 4698 nec
3194 4642 3335 4697 ultra
3369 4639 3601 4695 efﬂuxit.
3634 4638 3787 4711 Angli

2170 4766 2263 4820 pre
2294 4747 2554 4803 omnibus
2587 4758 2757 4813 super
2782 4741 2888 4795 hoc
2925 4735 3126 4802 mirati,
3164 4733 3456 4805 requirunt
3497 4731 3566 4785 de
3601 4730 3784 4785 nomi-

2168 4854 2238 4892 ne
2277 4843 2331 4891 et
2359 4834 2551 4890 merite
2582 4831 2755 4887 sancti
2801 4825 3094 4889 \Vicberti,
3124 4829 3178 4879 et
3206 4823 3485 4877 discentes
3517 4835 3637 4874 esse
3665 4835 3788 4889 pro-

2168 4924 2473 4996 pitiabilem
2509 4918 2911 4976 invocationem
2957 4913 3199 4971 nominis
3245 4911 3386 4980 ejus,
3430 4917 3789 4964 assueverunt

2169 5018 2425 5073 invocare
2447 5031 2573 5070 eum
2606 5012 2662 5067 in
2684 5011 2802 5066 suis
2830 5004 3280 5064 necessitatibus.

2241 5109 2291 5163 5.
2337 5106 2397 5161 Et
2427 5104 2551 5177 quis
2598 5100 2815 5157 dubitet
2854 5098 3085 5173 dignum
3139 5109 3264 5150 esse
3293 5088 3582 5177 miraculo,
3640 5089 3781 5161 quod

2170 5214 2271 5272 per
2301 5172 2706 5251 invocationem
2736 5187 2908 5249 sancti
2928 5172 3199 5241 iWicberti
3245 5172 3508 5254 operatus
3537 5185 3618 5234 est
3646 5179 3785 5233 Deus

2169 5287 2224 5342 in
2256 5282 2545 5342 liberando
2587 5273 2914 5334 Everelmo?
2952 5273 3049 5329 llic
3087 5272 3402 5329 lverelmus
3451 5282 3655 5343 genere
3685 5282 3782 5321 no-

2164 5378 2313 5443 bilis,
2344 5391 2447 5430 usu
2476 5373 2642 5429 etiam
2661 5369 2872 5429 militiae
2900 5382 3013 5423 non
3037 5363 3323 5440 ignobilis,
3345 5367 3539 5431 captus
3567 5375 3598 5413 a
3624 5366 3781 5429 nepte

1791 5479 2011 5535 VARl/E
2050 5475 2427 5535 LECTIONES.

528 5551 598 5585 ⁸⁸⁸
625 5554 720 5608 hoc
745 5561 909 5623 caput
929 5557 1158 5611 mutati:
1186 5555 1392 5611 ultimi:
1414 5557 1693 5610 sententiis
1715 5558 1869 5609 extat
1905 5557 1955 5608 et
1982 5554 2041 5606 in
2056 5551 2141 5623 2b.

2008 5620 2210 5679 NOTAE.

521 5691 666 5761 (905)
689 5692 903 5749 Dinant.
