3934 6054
285 295 396 353 685

1418 284 1562 338 νιΤΑ
1606 283 1660 337 8.
1705 278 2052 336 WlCBERTl.
2097 307 2156 317 -
2203 276 2490 334 APPEND.

3515 284 3620 340 686

279 437 382 478 sua
421 416 723 476 Petronilla
755 413 1052 479 comitissa,
1111 411 1168 464 in
1207 409 1429 466 castello
1465 408 1614 480 quod
1670 413 1896 464 vocatur
1918 406 1972 476 Α
1999 403 2090 459 nia
2144 420 2270 460 cum
2329 420 2440 461 non
2482 405 2763 476 potuerint
2817 405 2936 461 ﬁeri
2974 407 3108 462 sine‘
3143 407 3330 480 aliquo
3379 408 3618 482 fragore,

281 512 518 571 Gocileis
548 510 695 582 (906)
725 507 1032 564 vinculatus
1069 503 1170 559 sub
1211 509 1328 558 tuta
1370 501 1592 574 jacebat
1623 499 1892 556 custodia.

285 605 348 659 Et
377 602 506 675 quia
552 613 730 670 nepos
759 612 894 652 suus
938 602 1055 650 erat
1095 593 1378 664 inspectus
1421 589 1528 646 sibi
1559 597 1614 644 et
1640 588 1900 645 omnibus

281 709 380 765 pro
411 691 611 746 robore
643 685 894 766 corporis
942 683 1028 739 sui
1049 690 1103 738 et
1153 680 1424 736 industria
1461 677 1653 746 animi,
1697 675 1902 732 nul’ius

283 792 504 858 precatu
535 781 624 838 vel
651 781 872 836 hortatu
903 775 1082 849 potuit
1119 773 1418 830 Petronilla
1458 771 1626 837 ﬂecti,
1669 785 1773 824 nec
1811 783 1899 824 co-

282 880 428 934 mitis
481 894 586 935 nec
624 877 798 948 ipsius
829 871 984 928 ducis
1037 875 1292 940 respectu
1343 866 1521 938 potuit
1579 861 1808 928 moveri,
1841 867 1902 916 ut

277 967 517 1040 acceptis
550 964 836 1023 obsidibus
871 970 978 1016 tam
1029 957 1124 1013 diu
1163 956 1476 1012 absolveret
1534 953 1900 1019 Everelmum,

279 1063 459 1117 donec
487 1076 574 1116 res
604 1065 659 1114 et
697 1071 865 1114 causa
906 1053 1207 1108 referretur
1237 1055 1291 1105 et
1319 1047 1658 1104 audientiam
1699 1043 1903 1117 patrio-

2000 505 2182 552 tamen
2223 497 2394 553 nichil
2437 498 2630 554 horum
2685 499 2886 572 aliquis
2918 499 2974 555 in
3004 501 3169 558 domo
3213 502 3621 574 quiescentium

2001 588 2179 659 potuit
2213 589 2426 644 audire.
2489 591 2804 647 Everelmus
2843 608 2904 648 se
2961 595 3230 665 reptando
3268 595 3494 650 trahens
3550 598 3617 652 ad

2003 678 2200 733 domus
2225 677 2542 743 fenestram,
2579 680 2702 736 nisu
2740 697 2848 753 quo
2883 683 3062 752 potuit
3098 699 3158 738 se
3182 682 3318 759 jecit
3348 683 3406 739 in
3446 683 3620 739 illam.

2002 769 2096 825 Hic
2141 777 2288 826 certe
2343 787 2484 842 Opus
2515 771 2618 826 fuit
2664 773 2746 828 illi
2797 774 3054 830 invocare
3094 776 3264 832 Deum
3307 783 3360 831 et
3405 784 3624 832 sanctos

2001 865 2118 933 Dei,
2180 871 2234 921 et
2291 865 2642 940 frequentare
2701 885 2904 925 nomen
2963 871 3136 927 sancti
3199 871 3484 940 Wicberti,
3537 871 3623 927 cui

2002 956 2355 1013 commiserat
2407 974 2680 1014 summam
2716 959 2952 1032 inceptae
2983 961 3083 1018 rei.
3113 962 3430 1018 Fenestram
3473 962 3622 1018 enim

2009 1051 2118 1099 tam
2178 1052 2464 1120 angustam
2513 1063 2634 1104 esse
2692 1048 2922 1114 invenit,
2989 1056 3048 1104 ut
3103 1051 3256 1106 nullo
3315 1051 3481 1107 modo
3541 1051 3625 1106 vel

284 1161 479 1207 tarum.
515 1151 825 1220 Desperans
877 1159 1011 1217 ergo
1040 1141 1109 1197 de
1135 1142 1379 1195 humano
1406 1137 1632 1202 auxilio,
1688 1149 1905 1190 causam
2007 1131 2152 1187 ultra
2185 1134 2487 1203 procedere
2527 1136 2613 1190 vel
2657 1137 3005 1193 retrocedere
3063 1140 3320 1210 potuerit.
3355 1139 3486 1194 Rem
3515 1139 3622 1193 mi-

286 1259 441 1298 suam
473 1239 748 1297 commisit
787 1238 924 1304 Deo,
953 1243 1009 1291 et
1032 1249 1244 1305 ponens
1280 1247 1435 1304 apem
1475 1245 1590 1284 suae
1623 1228 1911 1284 liberatio-
2009 1239 2122 1277 ram
2173 1238 2287 1278 non
2327 1225 2465 1280 meis
2505 1226 2603 1280 sed
2657 1226 2832 1298 ipsius
2883 1229 3154 1284 Everelmi
3183 1230 3368 1286 verbis
3423 1231 3623 1285 dicam.

283 1335 370 1389 nis
400 1335 458 1388 in
499 1339 814 1388 sanctorum
844 1327 940 1383 Dei
971 1324 1302 1398 patrocinio,
1335 1321 1710 1394 apostolorum
1755 1321 1912 1392 prin-
2010 1311 2140 1367 Post
2163 1311 2569 1368 invocationem
2605 1314 2700 1368 Dei
2734 1321 2788 1370 et
2812 1317 2988 1372 sancti
3020 1317 3305 1373 Wicberti.
3357 1325 3452 1374 aut
3479 1319 3628 1376 fenc-

284 1427 422 1498 cipis
450 1424 595 1480 Pari
640 1423 902 1478 auxilium
938 1418 1248 1492 expetebat,
1277 1415 1436 1484 cuius
1463 1413 1772 1470 mcclesiam
1807 1414 1911 1469 Pe-
2011 1411 2177 1459 stram
2209 1403 2282 1459 ita
2331 1406 2676 1498 ampliatam,
2709 1413 2823 1498 aut,
2847 1425 3048 1480 corpus
3077 1427 3236 1466 suum
3265 1411 3338 1467 ita
3379 1418 3634 1467 attenua-

286 1495 509 1572 tronilla
556 1519 782 1584 pr0pter
819 1526 880 1566 se
917 1507 1250 1581 capiendum
1289 1505 1634 1560 incenderat.
1689 1503 1817 1559 Cum
1852 1503 1907 1558 in
2009 1501 2123 1550 tum
2164 1511 2286 1550 esse
2340 1495 2646 1567 obstupuit,
2691 1503 2750 1552 ut
2805 1497 3114 1554 facultatem
3151 1501 3238 1556 vel
3291 1502 3628 1572 procedendi

285 1605 406 1675 ejus
420 1604 625 1676 pietate
656 1601 750 1656 diu
785 1608 932 1656 totus
960 1594 1411 1670 penderet,vidit
1431 1594 1654 1649 tandem
1685 1593 1739 1648 in
1761 1609 1910 1649 som-
2008 1586 2097 1641 vel
2134 1586 2602 1644 retrocedendiad
2639 1589 2861 1661 plenum
2895 1591 3166 1648 habuerit.
3205 1593 3268 1647 Et
3296 1593 3425 1665 quia
3456 1600 3628 1650 retro-

286 1694 373 1748 nis
399 1692 547 1764 quod
580 1691 697 1762 ipse
725 1687 1008 1760 apostolus
1037 1684 1392 1741 Petronillam
1439 1683 1818 1757 compellaret,
1850 1691 1910 1738 ut
1936 1719 1985 1764 η
2009 1681 2208 1737 cedere
2239 1689 2356 1738 erat
2404 1683 2482 1738 illi
2505 1685 2781 1754 odiosum,
2841 1686 3104 1743 animavit
3133 1703 3194 1742 se
3223 1687 3293 1742 ad
3323 1689 3638 1758 proceden-

287 1805 348 1843 se
381 1785 577 1844 obside
607 1791 834 1854 accepto
867 1781 1210 1838 Evcrelmum
1238 1779 1305 1834 ad
1334 1785 1550 1850 tempus
1580 1778 1905 1834 absolveret.

288 1877 442 1944 Quod
491 1892 615 1932 cum
647 1874 718 1929 ab
759 1874 883 1945 ipsa
933 1872 1225 1942 impetrare
1265 1885 1376 1925 non
1427 1875 1635 1940 posset,
1661 1867 1913 1942 indigna-

289 1967 514 2022 bundus
573 1961 859 2036 apostolus
898 1960 1130 2022 redibat,
1166 1958 1480 2030 precipiens
1517 1957 1802 2012 Everelmo
1840 1973 1912 2012 ne

290 2077 514 2118 causam
537 2074 694 2114 suam
723 2056 873 2127 turpi
911 2054 1244 2111 condicione
1283 2053 1576 2124 pejeraret.
1607 2052 1736 2108 Cum
1767 2052 1910 2108 inte-

287 2152 566 2222 rim.nulla
591 2151 816 2206 daretur
840 2147 891 2203 ei
923 2162 1209 2219 poenarum
1250 2146 1521 2214 remissio,
1563 2152 1619 2200 et
1649 2145 1774 2200 ideo
1815 2144 1914 2200 lla-

288 2250 471 2318 graret
499 2239 694 2310 majori
717 2237 1034 2310 quaerenda
1062 2235 1256 2290 salutis
1286 2234 1584 2300 desiderio,
1615 2235 1721 2290 hoc
1747 2235 1911 2289 etiam

289 2331 530 2387 intendit
574 2329 779 2394 animo,
833 2334 896 2383 ut
949 2334 1197 2381 sanctum
1248 2323 1587 2380 Wicbertum
1638 2325 1916 2381 invocaret

287 2425 574 2490 attentius,
614 2421 771 2491 cujus
825 2418 1107 2475 efficacem
1158 2416 1422 2488 pietatem
1485 2416 1542 2470 in
1611 2416 1917 2470 liberandis

297 2517 532 2590 captivis
599 2515 853 2572 audierat
933 2511 1203 2584 predicari
1270 2528 1302 2566 a
1349 2511 1621 2582 pluribus.
1689 2510 1912 2565 Satisfa-

295 2609 450 2661 olens
515 2603 646 2660 huic
697 2601 998 2666 desiderio,
1058 2616 1182 2654 eum
1252 2599 1544 2655 invocabat
1593 2615 1715 2654 cum
1763 2605 1911 2654 voto.

301 2701 494 2771 Neque
533 2699 640 2754 hoc
691 2696 824 2752 satis
861 2695 968 2750 sibi
1013 2693 1132 2760 fuit,
1173 2694 1272 2749 sed
1311 2693 1409 2748 uni
1457 2708 1740 2748 servorum
1781 2708 1918 2748 suo-

301 2807 422 2845 rum
476 2789 736 2861 aperiens
784 2803 878 2842 cor
923 2803 1108 2854 suum,
1153 2785 1403 2857 precopit
1441 2792 1498 2840 ut
1541 2785 1608 2840 ad
1647 2785 1921 2840 tumulum

299 2881 475 2935 sancti
506 2877 772 2935 Wicberti
798 2878 924 2944 iret,
975 2893 1246 2948 suumque
1273 2876 1324 2931 ei
1374 2885 1559 2930 votum
1601 2875 1926 2946 praesentia-

307 2967 432 3023 liter
467 2964 707 3023 oﬁ'erret.
763 2965 924 3021 Venit
970 2981 1180 3032 servus,
1239 2974 1540 3038 votumque
1579 2966 1789 3022 domini
1837 2965 1922 3020 sui

2011 1774 2163 1840 dum,
2197 1780 2250 1828 et
2281 1776 2538 1847 mappula
2567 1776 2716 1832 linea
2743 1778 3140 1848 adgfenestram
3165 1777 3351 1846 afﬁxa,
3383 1796 3482 1852 per
3504 1797 3624 1836 eam

2011 1881 2070 1920 se
2108 1867 2358 1938 quamvis
2401 1869 2711 1939 periculose
2752 1871 2952 1940 dejecit
2989 1873 3059 1927 ad
3097 1881 3322 1931 terram.
3369 1873 3498 1928 Cum
3531 1875 3625 1930 tali

2011 1959 2262 2030 periculo
2295 1975 2552 2035 egressus
2575 1961 2764 2030 domo,
2801 1970 2857 2020 et
2886 1971 3146 2036 expertus
3192 1966 3320 2039 quia
3350 1983 3630 2040 nunquam

2011 2050 2250 2106 vincitur
2297 2052 2600 2123 periculum
2662 2054 2783 2110 sine
2833 2056 3103 2126 periculo,
3151 2058 3360 2112 addixit
3412 2075 3472 2114 se
3521 2075 3632 2114 non

2013 2141 2212 2197 minori
2247 2143 2512 2213 periculo,
2561 2144 2773 2201 scilicet
2816 2152 2876 2201 ut
2929 2147 3106 2203 exiret
3142 2148 3212 2204 de
3260 2149 3369 2205 alto
3424 2149 3633 2206 castelli

2014 2245 2190 2286 muro.
2223 2231 2508 2296 Quomodo
2547 2233 2747 2288 vinctis
2785 2235 3022 2306 pedibus
3077 2244 3132 2292 et
3190 2239 3502 2309 ponderosa
3541 2254 3632 2293 ea-

2017 2329 2144 2378 tena
2173 2324 2412 2398 gravatis
2465 2325 2780 2382 ascenderit
2806 2327 3152 2385 altitudinem
3209 2331 3371 2399 muri,
3430 2347 3499 2386 ne
3527 2331 3631 2384 mi-

2018 2416 2124 2470 rari
2150 2417 2374 2489 quidem
2407 2425 2588 2489 potest
2629 2421 2828 2493 aliquis
2866 2423 3072 2478 nedum
3111 2425 3386 2494 explicare
3425 2425 3631 2479 verbis.

2018 2506 2108 2560 Est
2137 2506 2359 2578 quidem
2391 2507 2558 2564 nimis
2587 2510 2930 2566 ammiranda
2961 2519 3112 2568 tanta
3165 2513 3326 2568 fortis
3355 2513 3456 2569 viri
3499 2529 3634 2570 con-

2015 2595 2237 2658 stantia,
2270 2605 2354 2651 est
2389 2597 2525 2652 satis
2573 2599 2849 2655 laudanda
2894 2607 3044 2657 tanta
3095 2603 3384 2672 prudentis
3413 2603 3514 2659 viri
3559 2603 3638 2658 in-

2023 2683 2254 2740 dustria.
2298 2685 2405 2740 Sed
2459 2703 2568 2742 non
2606 2687 2838 2744 multum
2878 2691 3204 2762 profecisset
3252 2692 3513 2748 fortitudo
3540 2695 3642 2748 hu-

2025 2789 2185 2828 mana
2231 2773 2352 2830 sine
2404 2775 2591 2832 divino
2639 2778 2864 2843 auxilio,
2925 2795 3028 2834 nec
3080 2780 3312 2836 multum
3378 2781 3642 2837 valuisset

2024 2863 2266 2918 humana
2304 2863 2574 2920 industria
2601 2867 2723 2922 sine
2753 2867 2940 2923 divino
2973 2869 3228 2937 consilio,
3263 2877 3318 2925 et
3361 2869 3486 2926 ideo
3521 2887 3642 2925 om-

2025 2956 2117 3010 nia
2141 2963 2271 3012 sunt
2299 2957 2466 3032 digna
2479 2957 2764 3014 miraculo.
2786 2958 3184 3032 Quoquomodo
3215 2961 3382 3038 igitur
3405 2978 3637 3018 ascenso

305 3060 504 3116 obtulit
552 3067 746 3116 sancto
793 3058 891 3114 Dei
947 3075 1110 3131 quam
1164 3058 1342 3129 potuit
1385 3058 1676 3126 devotius,
1725 3065 1780 3114 et
1826 3073 2000 3161 curc
2026 3052 2448 3161 castelliprpuro,
2491 3053 2806 3161 Everel‘mus
2834 3063 3130 3161 extractam
3171 3056 3637 3161 camisiamsuam

311 3153 544 3219 venerit,
605 3151 740 3223 quid
816 3151 1048 3216 voverit,
1099 3148 1403 3206 notiﬁcavit
1477 3151 1678 3222 quibus
1726 3149 1919 3205 voluit.

309 3244 493 3298 Tertia
548 3243 752 3298 abhinc
790 3249 953 3298 nocte
992 3241 1232 3296 intendit
1270 3241 1588 3297 Everelmus
1644 3259 1757 3298 rem
1819 3242 1921 3296 im-

305 3335 626 3408 possibilem
689 3334 902 3390 homini
961 3333 1230 3406 incipere,
1291 3335 1506 3390 meritis
1571 3335 1744 3390 sancti
1804 3334 1922 3390 Wi-

305 3426 500 3490 cberti,
531 3433 870 3495 c00perante
926 3423 1034 3477 sibi
1062 3424 1156 3479 illo
1187 3423 1274 3479 cui
1317 3424 1485 3479 nichil
1535 3432 1620 3480 est
1665 3425 1920 3495 impossi-

247 3534 259 3550 σ
307 3514 440 3569 bile.
475 3513 629 3578 Quod
677 3513 783 3566 hoc
817 3512 940 3566 sine
977 3511 1074 3566 Dei
1121 3512 1324 3567 auxilio
1374 3513 1718 3582 impossibile
1757 3513 1924 3568 fuerit

310 3605 521 3662 homini
575 3603 736 3659 facile
790 3611 943 3674 patet
1001 3605 1257 3676 sapienti.
1318 3604 1494 3660 Locus
1549 3604 1602 3658 in
1656 3621 1764 3677 quo
1812 3621 1930 3661 car-

310 3700 530 3750 ceratus
562 3692 804 3762 jacebat,
837 3697 949 3748 uno
979 3698 1190 3748 tantum
1219 3692 1426 3764 pariete
1466 3711 1497 3748 a
1550 3693 1694 3749 lecto
1734 3694 1930 3750 Petro—

315 3781 464 3835 nilla:
520 3779 780 3834 distabat.
840 3779 974 3844 Quia
1033 3781 1180 3836 enim
1221 3781 1526 3836 custodiam
1583 3783 1747 3852 hujus
1795 3783 1932 3838 nulli

313 3873 542 3928 omnino
573 3871 856 3939 credebat,
883 3887 1009 3926 eum
1034 3873 1089 3928 in
1121 3878 1229 3928 tam
1252 3873 1440 3930 ’vicino
1483 3873 1591 3930 sibi
1621 3875 1742 3931 loco
1773 3876 1931 3931 loca-

313 3969 490 4025 verat,
547 3960 640 4016 ubi
688 3961 735 4014 si
781 3961 980 4032 aliquis
1035 3963 1601 4036 quantulumcumque
1656 3964 1934 4037 loquendo

315 4055 652 4122 mussitaret,
704 4054 791 4108 vel
823 4055 1030 4127 aliquid
1087 4055 1322 4132 fragoris
1367 4057 1594 4126 faceret,
1655 4059 1760 4114 hoc
1817 4059 1936 4130 ipsa

313 4147 542 4204 arrectis
588 4148 815 4202 auribus
846 4149 1212 4220 prsesentiret.
1263 4149 1395 4206 Boia
1434 4150 1577 4222 (907)
1610 4158 1792 4206 autem
1825 4158 1935 4208 tam

319 4238 652 4295 convinctim
710 4237 1125 4312 constringebat
1191 4240 1436 4313 undique
1491 4249 1788 4315 utrumque
1847 4259 1938 4298 ca-

320 4331 454 4402 ptivi
515 4330 734 4401 pedem,
791 4337 852 4384 ut
919 4330 1122 4385 nullam
1179 4333 1406 4390 omnino
1483 4334 1714 4390 haberet
1767 4335 1936 4389 eundi

2024 3157 2181 3198 muro
2212 3141 2388 3198 affixit
2424 3149 2479 3197 et
2523 3159 2624 3214 per
2650 3143 2798 3200 illam
2831 3145 3015 3216 quoad
3049 3145 3227 3216 potuit
3253 3162 3312 3202 se
3351 3146 3516 3202 traxit
3544 3147 3643 3202 de-

2023 3248 2230 3300 orsum,
2283 3233 2487 3288 deinde
2531 3235 2783 3292 cadendo
2831 3237 3059 3292 humum
3117 3238 3316 3312 attigit,
3374 3247 3435 3294 et
3482 3240 3642 3310 quasi

2021 3331 2250 3380 truncus
2276 3331 2422 3380 teres
2447 3326 2666 3381 volutus
2709 3327 2768 3381 in
2823 3329 3040 3402 aggeris
3071 3329 3424 3401 profundum,
3477 3331 3642 3385 etiam

2021 3413 2151 3470 inde
2196 3415 2520 3470 mirabiliter
2551 3418 2778 3487 erepsit.
2810 3419 3048 3474 Tandem
3087 3421 3419 3494 contingens
3468 3421 3647 3493 plani-

2023 3505 2154 3561 tiem
2211 3506 2411 3578 campi,
2437 3507 2552 3575 jam
2583 3507 2824 3564 habebat
2861 3510 3176 3566 libertatem
3236 3511 3504 3580 abeundi,
3544 3515 3645 3568 sed

2033 3613 2144 3652 non
2184 3597 2423 3654 habebat
2455 3599 2766 3657 facultatem
2817 3604 3009 3660 eundi.
3043 3605 3107 3661 Et
3135 3611 3315 3662 tamen
3359 3625 3507 3664 nunc
3547 3627 3649 3664 na-

2033 3689 2184 3744 tibus
2233 3707 2294 3746 se
2339 3692 2606 3750 trahendo
2676 3711 2825 3752 nunc
2870 3697 3110 3781 genibus
3179 3701 3426 3772 rependo
3487 3713 3653 3773 prout

2035 3787 2276 3852 poterat,
2319 3783 2598 3841 desiderio
2641 3802 2740 3843 suo
2796 3788 3208 3860 satisfaciendo,
3269 3800 3530 3864 expertus
3567 3803 3653 3850 est

2035 3869 2168 3942 quia
2197 3871 2464 3928 audentes
2486 3873 2630 3930 Deus
2656 3875 2774 3947 ipse
2799 3877 2974 3947 juvat.
3014 3879 3124 3936 Hoc
3148 3881 3314 3938 modo
3345 3883 3647 3954 proximam

2035 3957 2224 4015 silvam
2255 3961 2630 4030 pertransivit.
2681 3964 2788 4020 Sed
2828 3967 3025 4024 timere
3064 3970 3232 4041 cmpit
3270 3971 3355 4026 vir
3406 3989 3571 4046 sagax
3597 3979 3652 4028 et

2038 4047 2364 4118 industrius,
2425 4067 2496 4106 ne
2539 4051 2679 4109 forte
2709 4053 3058 4114 inveniretur
3102 4075 3132 4114 a
3162 4062 3564 4133 quaerentibus,
3605 4063 3652 4118 si

2036 4137 2269 4210 vestigia
2305 4153 2405 4194 sua
2435 4141 2990 4213 deprehenderentur
3018 4149 3086 4204 ab
3125 4149 3519 4224 indagantibus
3562 4169 3653 4208 ca-

2037 4230 2216 4287 nibus.
2255 4235 2364 4292 Hoc
2394 4234 2588 4290 timore
2627 4237 2773 4294 vires
2813 4239 2986 4294 animi
3040 4249 3094 4296 et
3143 4244 3392 4314 corporis
3421 4243 3654 4318 colligit,

2037 4327 2093 4375 et
2139 4323 2371 4378 saltibus
2410 4323 2488 4379 uti
2543 4325 2731 4396 ccepit,
2761 4335 2816 4382 et
2862 4328 3031 4384 tercio
3061 4329 3204 4385 saltu
3244 4346 3306 4386 se
3345 4331 3400 4384 in
3434 4340 3658 4402 praeter-

323 4395 660 4486 facullatem,
695 4421 824 4486 Quis
861 4421 1008 4476 enim
1049 4423 1352 4480 com-iactis
1389 4431 1444 4480 et
1496 4425 1740 4482 immotis
1783 4427 1938 4498 pedi-
1967 4395 2020 4463 ί)
2044 4417 2306 4474 fluentem
2342 4419 2625 4475 tluviolum
2666 4421 2964 4490 transjecit,
2995 4429 3050 4476 et
3096 4423 3289 4480 limosa
3321 4424 3440 4496 ripa
3481 4426 3660 4481 mani-

325 4512 726 4574 busjneedat?
756 4513 863 4568 Sed
915 4529 1016 4569 nec
1060 4513 1374 4571 facultatem
1414 4517 1655 4573 habebat
1684 4518 1942 4574 movendi

325 4617 386 4656 se
444 4601 664 4657 deloco
705 4601 771 4656 ad
817 4602 1020 4669 locum,
1053 4602 1160 4657 nisi
1199 4610 1292 4659 aut
1339 4605 1559 4660 natibus
1601 4615 1655 4662 et
1685 4607 1943 4662 manibus

325 4709 388 4748 se
449 4693 741 4762 trahendo,
791 4699 885 4748 aut
946 4695 1202 4750 manibus
1239 4701 1294 4750 et
1355 4696 1593 4770 genibus
1649 4698 1940 4768 reptando.

331 4783 390 4836 ln
435 4781 722 4853 crepidine
765 4781 873 4836 loci
932 4781 1082 4838 illius
1132 4783 1392 4854 jacebant
1449 4784 1558 4840 duo
1607 4785 1777 4860 ligna,
1831 4775 1942 4841 non

329 4885 460 4925 casu
500 4874 561 4924 ut
593 4869 870 4925 credimus
911 4869 991 4924 ibi
1031 4871 1295 4942 projecta,
1329 4871 1429 4927 sed
1467 4872 1655 4927 divino
1695 4879 1832 4928 nutu
1863 4872 1943 4927 illi

329 4960 534 5016 oblata.
591 4961 892 5036 Aggressns
947 4962 1132 5034 itaque
1195 4969 1444 5018 naturam
1501 4964 1725 5020 vincere
1779 4963 1944 5018 indu-

335 5054 490 5121 stria,
551 5055 723 5111 multo
772 5055 961 5110 labore
1018 5065 1206 5112 cavata
1258 5058 1518 5114 manibus
1556 5064 1720 5126 terra,
1774 5056 1949 5112 inﬁxit

338 5153 496 5202 terra:
545 5146 663 5218 ipsa
701 5147 870 5221 ligna,
913 5155 968 5203 et
1019 5155 1290 5219 oportune
1331 5151 1500 5222 coepit
1543 5151 1790 5222 rependo
1831 5167 1950 5205 ma-

333 5235 504 5289 nibus
561 5243 616 5290 et
646 5237 886 5311 genibus
914 5239 1236 5304 ascendere,
1285 5249 1340 5294 et
1377 5248 1486 5296 tam
1547 5240 1822 5296 laboriose
1859 5256 1950 5295 su-

335 5334 525 5396 perata
555 5326 829 5399 lignorum
855 5327 1164 5396 altitudine,
1199 5329 1480 5384 nitebatur
1500 5329 1726 5402 laquear
1752 5329 1950 5385 domus

333 5417 626 5490 attingere.
668 5419 730 5475 Et
761 5420 978 5476 revulsa
1019 5437 1130 5476 una
1155 5420 1431 5494 laquearis
1459 5421 1662 5489 tabula,
1695 5423 1766 5477 ad
1791 5438 1952 5494 supe-

334 5504 452 5562 rius
505 5507 806 5564 tabulatum
863 5509 1062 5566 domus
1108 5510 1221 5579 jam
1267 5517 1618 5582 pervenerat.
1655 5511 1782 5575 Quae
1831 5525 1954 5566 om-

2041 4508 2144 4562 bus
2171 4509 2288 4563 suis
2325 4515 2533 4574 cavata,
2575 4507 2633 4561 in
2659 4523 2725 4562 ea
2774 4516 2948 4565 totum
3002 4511 3150 4566 diem
3209 4513 3382 4570 latuit.
3427 4516 3659 4572 Videbat

2042 4607 2266 4672 propter
2308 4615 2371 4654 se
2426 4600 2785 4672 quaerendum
2837 4601 2940 4656 hac
2981 4602 3106 4659 illac
3132 4603 3655 4677 circumcursanles,

2041 4691 2266 4748 videbat
2291 4707 2457 4746 canes
2493 4691 2828 4764 odorisequo
2884 4693 3074 4750 habitu
3108 4697 3342 4773 vestigia
3375 4715 3473 4755 sua
3505 4700 3659 4756 inda-

2042 4790 2258 4854 gantes,
2325 4780 2547 4836 videbat
2595 4788 2650 4836 et
2700 4781 2960 4838 audiebat
3013 4785 3367 4844 mulierculas
3417 4789 3570 4860 juxta
3599 4808 3658 4846 se

2044 4870 2271 4925 herbam
2303 4869 2646 4942 colligentes,
2675 4887 2780 4926 nec
2816 4877 3000 4928 tamen
3041 4876 3155 4932 ullo
3196 4878 3360 4935 modo
3391 4896 3545 4951 spem
3572 4897 3660 4934 sa-

2046 4961 2177 5017 lutis
2197 4978 2310 5017 suae
2339 4962 2676 5032 deponebat.
2708 4963 2938 5038 Jamque
2953 4967 3043 5024 die
3073 4971 3282 5039 clauso,
3319 4971 3413 5043 qui
3437 4972 3663 5043 pericli-

2049 5057 2184 5112 tanti
2212 5056 2506 5112 videbatur
2559 5074 2680 5114 esse
2724 5059 2942 5136 longior
2967 5070 3076 5120 toto
3118 5081 3286 5132 anno,
3327 5076 3382 5121 et
3419 5066 3664 5123 instante

2051 5148 2230 5204 noctis
2259 5149 2605 5220 crepusculo,
2638 5160 2754 5207 erat
2782 5153 2972 5209 videre
3000 5162 3055 5212 et
3080 5157 3270 5212 audire
3297 5174 3462 5230 quam
3508 5159 3665 5214 multi

2053 5242 2394 5299 Everelmum
2453 5243 2698 5316 undique
2771 5247 3452 5318 ventilabantocornibus,
3502 5269 3666 5323 quam

2050 5330 2206 5386 multi
2248 5329 2628 5387 discurrebant
2659 5333 2866 5406 ubique
2905 5353 3028 5392 cum
3063 5337 3289 5394 laternis
3335 5349 3390 5394 et
3433 5339 3668 5407 facibus,

2051 5439 2214 5496 quam
2247 5423 2402 5479 multi
2432 5441 2558 5480 eum
2610 5442 2710 5497 per
2754 5428 2948 5484 silvam
2980 5431 3320 5487 venabantur
3349 5432 3670 5509 indaganti-

2053 5512 2159 5567 bus
2191 5512 2444 5569 canibus.
2499 5513 2622 5570 Erat
2663 5517 2846 5572 omnis
2889 5517 2976 5572 via
3029 5519 3283 5592 obsessa,
3334 5528 3452 5577 erat
3495 5521 3682 5577 omnis

1900 5633 2110 5692 NOTAE.
2204 5643 2208 5646 '

409 5731 552 5803 (906)
581 5734 659 5788 An
691 5733 1043 5805 Gottendeys,
1085 5733 1370 5793 castellum
1403 5733 1813 5791 Mechliniense.

2109 5734 2251 5806 (907}
2282 5735 2320 5788 l.
2346 5751 2394 5790 e.
2441 5742 2660 5791 catena.
