3934 6054
272 304 375 359 687

1469 266 1819 326 SlGEBERTl
1861 258 2374 317 GEMBLAOENSIS'

3491 242 3604 298 688

275 432 472 491 semita
523 422 836 481 interclusa.
878 417 943 469 At
990 411 1305 467 Everelmus
1350 407 1408 460 in
1453 405 1564 458 Deo
1595 409 1651 455 et
1697 402 1886 453 sancto
1909 405 1966 470 Α
1991 394 2260 461 gravioris
2288 389 2423 443 mali
2461 387 2680 442 occasio.
2740 383 3032 449 Postquam
3070 375 3211 430 enim
3264 375 3420 444 coepit
3446 373 3608 428 illum

1718 489 1726 491 ξ
2054 490 2067 491 ,
2363 482 2377 491 .
2679 478 2715 491 ..
2799 489 2807 491 ξ
2863 468 3243 491 μηλωμκηώ
3275 481 3397 491 MM
3445 481 3603 491 "mw

274 489 550 581 Wicberto
579 512 845 579 conﬁsus,
874 521 1052 578 usque
1082 504 1152 558 ad
1181 500 1308 573 galli
1335 503 1555 553 cantum
1583 489 1756 560 jacuit
1785 501 1881 557 Spe

273 618 389 674 sola
418 612 707 667 animatus.
771 603 920 658 Gallo
949 613 1080 655 vero
1110 599 1368 654 canente,
1410 584 1645 643 accinxit
1670 600 1729 637 se
1763 578 1882 633 aui-

272 709 347 765 mi
390 700 732 764 fortitudine,
765 703 819 751 et
848 706 1082 766 surgens
1129 685 1347 742 volebat
1384 681 1556 736 abire.
1600 678 1663 730 At
1701 675 1882 735 .Iesus,

424 797 658 848 canente
710 760 855 860 gallo
891 760 1135 835 lPetrum
1194 771 1572 828 lacrimantem
1622 760 1884 834 respexit,

274 854 508 943 danente
540 878 685 954 gallo
711 854 899 930 “etiam
932 867 1273 925 Everelmum
1325 854 1664 914 lacrimando
1721 865 1888 907 oran-

275 986 384 1034 tem
415 971 680 1044 respexit,
711 975 766 1023 et
794 964 925 1037 quia
963 975 1088 1016 eum
1117 954 1338 1027 pietatis
1377 950 1537 1007 oculo
1562 942 1887 1016 respexerit,

275 1032 384 1121 bﬁoc
410 1032 938 1135 primumjudicium
968 1049 1088 1104 fuit.
1117 1047 1356 1101 Canente
1380 1039 1549 1115 gallo,
1580 1050 1725 1090 unus
1755 1032 1890 1086 Eve-

277 1130 433 1210 relmi
490 1166 586 1223 pes
623 1145 834 1201 solutus
873 1146 954 1195 est
982 1155 1013 1192 a
1051 1134 1194 1190 boias
1231 1130 1474 1191 vinculo,
1505 1139 1737 1195 eamque
1768 1136 1894 1191 par-

278 1251 389 1299 tem
421 1210 565 1297 bo‘ize
616 1234 847 1308 alligans
878 1227 1021 1284 cruri
1067 1240 1168 1279 suo
1200 1219 1397 1276 invasit
1434 1217 1579 1270 viam
1622 1210 1767 1266 felici
1796 1225 1895 1262 au-

280 1332 478 1406 spicio,
511 1342 733 1400 semper
758 1327 1009 1378 sanctum
1053 1314 1147 1369 Dei
1192 1309 1528 1367 Wicbertum
1560 1300 1893 1359 invocando.

281 1394 574 1483 F‘rustratis
626 1394 758 1493 ergo
789 1412 1050 1471 omnibus
1088 1422 1147 1461 se
1190 1399 1586 1475 quaarentibus,
1620 1394 1735 1448 ibat
1785 1398 1896 1446 tota

482 1479 876 1566 Christovduce
912 1505 1084 1565 tutus,
1138 1497 1328 1549 sancto
1378 1487 1654 1541 Wicberto
1707 1479 1893 1535 subsi-

280 1608 471 1663 diante
497 1616 745 1659 securus.
802 1596 862 1650 Et
908 1606 1071 1646 mane
1104 1585 1333 1641 veniens
1388 1579 1457 1633 ad
1507 1574 1917 1631 Fraxinensemr

283 1700 590 1760 ecclesiam
619 1703 846 1768 prepter
869 1706 927 1745 se
959 1684 1289 1759 capiendum
1318 1697 1349 1734 a
1379 1673 1678 1732 Petronilla
1704 1670 1896 1724 incen-

283 1809 424 1858 sam,
456 1755 658 1864 gratias
688 1755 802 1849 egit
821 1755 1223 1838 sancto’Petro,
1256 1767 1350 1840 qui
1379 1782 1436 1821 se
1475 1762 1672 1818 vadem
1702 1755 1901 1813 obtulit

284 1853 598 1936 Petronium
630 1888 728 1945 pro
762 1886 827 1925 eo
872 1861 1230 1922 absolvendo.
1263 1858 1327 1912 Et
1352 1870 1463 1911 non
1504 1853 1749 1925 ingratus
1776 1862 1904 1901 san-

288 1982 375 2032 cto
403 1970 685 2028 Wicberto
732 1964 818 2022 cui
857 1968 981 2035 post
1025 1959 1194 2013 Deum
1234 1967 1505 2009 summam
1538 1962 1651 2002 suae
1691 1942 1904 1998 absolu-

289 2069 454 2126 tionis
487 2062 787 2127 commisit,
838 2063 1111 2129 0portune
1149 2051 1219 2105 ad
1258 2048 1377 2118 ejus
1418 2041 1692 2100 tumulum
1731 2036 1904 2101 venit,

288 2167 342 2216 et
367 2159 435 2214 ad
473 2151 850 2213 testimonium
891 2146 1092 2201 divina:
1121 2138 1334 2197 virtutis
1363 2134 1545 2190 boiam
1587 2146 1709 2186 cum
1740 2124 1911 2181 lacri-.

289 2254 395 2307 mis
423 2245 779 2307 exultationis
804 2239 1010 2297 tumbae
1042 2238 1162 2306 ejus
1189 2226 1566 2303 superposuit.
1609 2225 1778 2287 Quam
1812 2217 1904 2289 qui

288 2348 457 2413 videt,
490 2344 693 2419 gratias
724 2341 835 2395 Deo
866 2334 1073 2392 referre
1112 2329 1300 2394 debet,
1335 2321 1483 2398 quod
1516 2324 1736 2376 sanctos
1776 2328 1907 2369 suos

292 2440 367 2494 ita
397 2433 686 2510 gloriﬁcat.

363 2494 431 2581 δῖ’
471 2522 668 2579 Mulier
707 2517 939 2575 oriunda
995 2513 1064 2568 de
1117 2509 1250 2565 villa
1298 2511 1498 2561 nostra
1554 2494 1910 2554 fraternitatis

295 2614 510 2679 Brania,
542 2609 719 2664 nimio
748 2606 938 2662 dolore
966 2601 1213 2657 dentium
1246 2598 1420 2651 multo
1465 2603 1715 2661 tempore
1740 2583 1913 2655 jacuit

295 2701 519 2758 afﬂicta.
553 2697 616 2751 Et
666 2696 929 2750 invocans
967 2704 1170 2745 nomen
1215 2684 1389 2741 sancti
1437 2675 1723 2742 Wicberti,
1780 2672 1913 2728 affe—

299 2800 489 2848 ctuose
524 2784 851 2859 implorabat
886 2789 949 2837 ut
990 2777 1100 2834 sibi
1142 2776 1465 2848 dignaretur
1494 2764 1761 2824 auxiliari.
1805 2762 1913 2816 Nec

296 2886 353 2941 id
402 2884 601 2940 frustra
650 2879 769 2936 fuit.
803 2874 1054 2949 Mitigato
1106 2869 1254 2926 enim
1312 2865 1522 2928 dolore,
1577 2863 1802 2930 experta
1832 2862 1914 2910 est

298 2991 503 3032 nomen
527 2967 701 3027 sancti
742 2965 1008 3023 Wicberti
1042 2978 1100 3017 se
1149 2955 1535 3025 invocantibus
1563 2965 1684 3005 esse
1725 2944 1912 3017 pt‘Opi-

301 3064 512 3121 tiabile.
544 3062 679 3133 Ergo
706 3059 775 3113 ad
802 3054 1068 3111 indicium
1113 3054 1424 3105 consecuta:
1458 3040 1750 3097 medicinae
1783 3034 1919 3090 fecit

299 3171 514 3214 ceream
537 3152 785 3229 gengivaz
816 3148 885 3203 ad
906 3142 1326 3202 similitudinem
1358 3140 1615 3192 humanae
1643 3129 1914 3206 gengivaa,

299 3224 965 3322 eamque'ad'tumulum
1025 3236 1199 3294 sancti
1245 3229 1507 3287 Wicberti
1554 3224 1750 3281 detulit
1801 3235 1926 3275 cum

298 3342 595 3419 gratiarum
628 3336 867 3393 actione.
909 3330 1100 3388 Omnia
1147 3337 1439 3382 recensere
1478 3313 1822 3391 singillatim,
1874 3318 1929 3366 et

299 3402 519 3504 singula
547 3427 814 3500 replicare
843 3421 1112 3485 seriatim,
1147 3424 1231 3472 est
1251 3413 1498 3478 difficile,
1529 3424 1635 3463 nec
1657 3412 1741 3461 est
1779 3402 1927 3458 mul-

301 3493 424 3580 tum.
447 3493 624 3578 utile:
661 3517 791 3574 ldeo
831 3515 898 3571 de
935 3510 1128 3569 multis
1153 3508 1337 3579 aliqua
1383 3500 1625 3559 breviter
1673 3493 1917 3551 conscri-

300 3617 528 3683 buntur,
588 3619 647 3668 ut
690 3627 756 3667 ex
799 3606 992 3682 paucis
1050 3603 1222 3659 multa
1279 3614 1403 3655 esse
1463 3590 1734 3652 veraciter
1788 3605 1917 3660 pro-

299 3708 522 3764 bentur.

373 3802 424 3856 7.
469 3797 739 3854 Hasbania
767 3792 1043 3849 lactiﬁcata
1088 3804 1200 3844 uno
1239 3792 1295 3841 et
1332 3785 1502 3839 altero
1560 3777 1734 3835 sancti
1763 3775 1917 3829 Wic-

302 3889 448 3945 berti
494 3884 786 3947 beneficio,
831 3881 1097 3936 illustrata
1142 3884 1225 3931 est
1255 3874 1419 3928 etiam
1448 3868 1614 3924 tertio
1653 3866 1773 3936 ejus
1803 3863 1915 3917 mi-

303 3987 508 4043 raculo.
542 3984 693 4038 Diem
727 3979 923 4034 festum
944 3979 1292 4047 pentecostes
1322 3967 1564 4040 p0pulus
1593 3959 1919 4030 sollempni-

304 4074 483 4139 zabat,
540 4078 594 4127 et
629 4074 895 4142 vergente
947 4065 1063 4120 sole
1115 4061 1184 4116 ad
1228 4072 1508 4121 occasum,
1548 4050 1918 4121 vespertinam

305 4163 536 4221 sinaxim
569 4159 821 4217 aecclesia
851 4154 1184 4213 celebrabat.
1215 4151 1276 4206 Et
1305 4162 1433 4203 ecce
1464 4144 1685 4216 quidam
1720 4156 1922 4213 paren-

306 4263 425 4310 tum
447 4266 671 4308 suorum
705 4247 960 4303 manibus
988 4246 1328 4299 sustentatus
1366 4236 1534 4298 venit,
1576 4241 1630 4289 et
1656 4237 1922 4304 sequente

304 4344 512 4417 populo
569 4341 638 4396 ad
702 4337 973 4394 tumulum
1040 4332 1215 4389 sancti
1283 4327 1546 4385 Wicberli
1613 4324 1925 4389 deductus,

303 4433 491 4490 boiam
531 4430 717 4505 magni
750 4425 1013 4500 ponderis
1034 4423 1233 4479 tumba:
1250 4420 1423 4476 sancti
1464 4416 1837 4490 superposuit,
1873 4419 1927 4468 et

307 4540 429 4580 cum
467 4503 707 4577 lacrimis
738 4513 1098 4573 exultationis
1135 4512 1337 4587 gratias
1376 4511 1487 4565 Deo
1517 4519 1572 4563 et
1599 4514 1789 4562 sancto
1828 4503 1925 4559 Dei

307 4616 443 4691 egit.
476 4616 851 4686 Interrogatus
889 4608 1015 4680 quis
1041 4611 1208 4671 esset,
1247 4602 1395 4659 unde
1427 4606 1592 4666 esset,
1622 4598 1748 4671 quis
1799 4611 1925 4651 eum

306 4701 658 4774 captivasset,
698 4684 979 4770 quomodo
1020 4693 1307 4759 evasisset,
1339 4689 1525 4747 omnia
1554 4684 1800 4742 seriatim
1831 4698 1929 4737 ex-

308 4794 524 4867 posuit:
556 4796 693 4861 Ego,
736 4789 935 4860 inquit,
966 4791 1028 4843 in
1056 4788 1193 4842 villa
1221 4785 1514 4840 Hasbania:
1551 4796 1669 4851 qua:
1706 4782 1930 4833 vocatur

306 4887 574 4942 Pcllonias
605 4883 881 4951 degebam,
934 4884 984 4935 ct
1034 4894 1136 4949 pro
1173 4878 1430 4933 mediocri
1469 4888 1649 4928 rerum
1687 4885 1927 4927 mearum

307 4981 479 5049 copia,
520 4993 603 5033 me
632 4979 846 5031 strenue
871 4974 1113 5041 agebam.
1161 4971 1268 5027 Sed
1301 4967 1641 5039 quantalibet
1669 4967 1801 5020 assit
1835 4964 1928 5018 ho-

306 5074 443 5127 mini
460 5071 719 5139 felicitas,
750 5084 855 5123 non
880 5067 1027 5121 abest
1064 5067 1113 5119 ei
1142 5062 1441 5133 aliquando
1469 5060 1790 5115 adversitas.
1823 5058 1927 5112 Mi-

308 5163 396 5216 chi
420 5163 561 5216 enim
586 5159 882 5215 insidiatus
913 5155 1138 5226 quidam
1164 5152 1352 5223 prxdo
1379 5152 1592 5205 nomine
1614 5151 1822 5213 Petrus,
1848 5161 1929 5201 me

308 5258 526 5323 captum
553 5253 778 5308 inclusit
803 5253 860 5314 in
885 5248 1101 5303 castello
1128 5246 1272 5316 quod
1292 5245 1497 5300 dicitur
1520 5246 1727 5311 Wanga
1757 5241 1921 5313 (908).

308 5345 423 5411 Ego
451 5359 713 5399 summam
765 5338 1151 5408 redemptionis
1188 5351 1316 5391 mete
1344 5334 1605 5389 taxabam
1635 5333 1927 5389 secundum

308 5448 485 5488 meum
527 5449 704 5503 posse,
733 5432 827 5487 sed
866 5430 954 5484 ille
981 5430 1135 5483 illam
1179 5427 1411 5483 taxabat
1447 5427 1735 5482 secundum
1771 5441 1929 5481 suum

306 5525 454 5581 uelle.
497 5529 566 5581 Et
596 5527 705 5581 huic
731 5527 874 5581 inter
899 5539 982 5579 me
1014 5526 1065 5577 et
1099 5521 1261 5576 illum
1300 5520 1565 5575 dissensio
1603 5520 1721 5587 fuit
1761 5519 1930 5574 michi

1981 490 2157 545 tedere
2176 499 2337 553 super
2360 482 2520 545 longa
2552 478 2813 532 dilatione
2858 468 3243 537 redemptionis
3274 481 3417 532 meae,
3441 481 3606 534 quam

1982 579 2222 645 grauiter
2250 575 2308 626 in
2338 586 2419 624 me
2457 567 2739 630 exarserit,
2769 580 2835 616 ex
2868 563 2960 616 hoc
2991 575 3096 614 uno
3122 557 3359 623 intelligi
3384 557 3603 623 poterit.

1984 670 2102 724 Non
2127 665 2399 717 contentus
2438 672 2548 712 esse
2585 654 2891 710 constrictos
2938 650 3099 721 pedes
3135 660 3275 700 meos
3315 646 3413 698 hac
3443 644 3607 711 graui

1986 772 2149 828 quam
2174 752 2369 807 videtis
2422 749 2563 828 δρία,
2603 744 2824 814 pollices
2872 743 2920 794 et
2957 738 3267 793 conbinatos
3318 736 3606 802 utriusque

1986 858 2177 899 manus
2232 855 2358 895 mea;
2417 816 2615 902 digitos
2674 831 2942 885 artissime
2992 826 3317 881 constrinxit
3394 822 3610 876 arcuali

1986 935 2169 990 corda.
2203 932 2322 998 Qua
2357 941 2515 997 pcena
2544 938 2663 993 quae
2694 924 2870 991 potest
2908 933 3016 972 esse
3047 917 3268 984 gravior
3305 913 3610 981 angustia?

1989 1031 2101 1094 Ego
2130 1028 2204 1078 tot
2233 1022 2497 1075 malorum
2521 1018 2790 1086 pertcsus,
2832 1011 3103 1065 dominica
3128 1011 3277 1062 nocte
3303 1009 3425 1074 post
3448 1019 3611 1071 roga-

1988 1124 2156 1177 tiones
2193 1132 2310 1171 cum
2352 1113 2509 1169 corde
2559 1125 2671 1164 meo
2711 1109 2935 1170 locutus,
2989 1108 3236 1160 sanctum
3283 1101 3614 1156 Wicbertum

1990 1228 2145 1283 quem
2167 1208 2400 1265 solebam
2420 1207 2674 1258 invocare
2702 1200 3062 1269 frequentius,
3114 1194 3270 1248 modo
3291 1191 3614 1247 inuocabam

1992 1305 2254 1359 devotius.
2288 1297 2356 1353 Et
2386 1293 2788 1364 erumpentibus
2819 1291 3058 1343 lacrimis
3098 1288 3163 1341 de
3190 1284 3467 1355 profundo
3496 1298 3617 1337 cor-

1994 1396 2100 1459 dis,
2123 1393 2206 1446 his
2230 1390 2451 1444 orabam
2476 1384 2652 1439 verbis
2679 1400 2693 1436 :
2735 1407 2747 1427 -
2788 1382 2982 1437 Sancte
3018 1377 3300 1440 Wicberte,
3317 1389 3468 1444 quem
3497 1388 3616 1427 om—

1993 1499 2082 1537 nes
2112 1480 2473 1550 experimento
2512 1472 2737 1528 credunt
2764 1485 2872 1525 esse
2902 1483 3011 1522 tam
3034 1468 3191 1537 pium
3220 1468 3269 1518 et
3310 1467 3421 1518 tam
3440 1477 3612 1516 exau-

1995 1575 2235 1636 dibilem,
2259 1586 2355 1625 cur
2384 1571 2465 1621 ita
2502 1564 2812 1620 obduruisti
2848 1564 3037 1615 contra
3063 1573 3145 1613 me
3181 1559 3531 1627 peccatorem,
3565 1557 3616 1606 te

1994 1680 2107 1734 prae
2137 1661 2380 1715 omnibus
2418 1657 2618 1711 sanctis
2653 1651 2987 1722 ﬁducialiter
3018 1649 3345 1701 invocantem
3366 1647 3394 1697 ?
3426 1646 3612 1697 Tanta:

2000 1769 2082 1807 me
2107 1752 2352 1806 coartant
2374 1745 2666 1813 angustiis,
2694 1746 2753 1796 ut
2765 1741 2886 1810 jam
2906 1754 2973 1793 ex
3002 1737 3376 1807 desperatione
3407 1735 3623 1786 timeam

1999 1844 2299 1916 periculum
2339 1842 2533 1893 animus
2559 1850 2704 1902 meai,
2730 1835 2840 1887 nisi
2870 1832 3114 1898 digneris
3137 1828 3484 1898 jamjamque
3513 1825 3626 1877 mi-

2005 1936 2093 1990 chi
2116 1931 2413 1987 subuenire.
2452 1946 2476 1978 »
2509 1927 2642 1982 Cum
2665 1924 2848 1978 taliter
2896 1935 3132 1985 orarem,
3178 1921 3389 1971 tantum
3428 1917 3492 1968 in
3518 1913 3630 1967 loco

2004 2025 2065 2079 in
2103 2039 2209 2093 quo
2231 2020 2481 2091 jacebam
2506 2018 2652 2072 sensi
2679 2030 2789 2069 esse
2813 2012 3064 2075 calorem,
3092 2012 3152 2063 ut
3178 2012 3427 2077 putarem
3458 2005 3631 2074 juxta

2004 2134 2086 2173 me
2107 2130 2384 2171 accensam
2412 2114 2708 2179 fornacem.
2742 2111 2812 2163 Et
2841 2118 3129 2160 concussus
3156 2116 3350 2169 magno
3379 2100 3627 2164 horrore,

2008 2210 2156 2262 tanto
2180 2205 2413 2259 omnium
2441 2200 2791 2254 menbrorum
2819 2209 3056 2249 meorum
3079 2192 3341 2262 perfusus
3378 2202 3497 2243 sum
3535 2201 3629 2240 su-

2006 2302 2157 2367 dore,
2190 2302 2250 2352 ut
2278 2309 2555 2365 nunquam
2580 2295 2655 2348 sic
2693 2288 3039 2345 exxstuarim
3075 2300 3179 2354 pro
3211 2284 3394 2352 aliquo
3433 2280 3628 2334 calore.

2008 2391 2141 2445 Cum
2167 2387 2293 2441 inde
2320 2389 2369 2439 et
2387 2383 2544 2438 corde
2571 2385 2620 2434 et
2650 2392 2867 2447 corpore
2895 2377 3179 2439 anxiarer,
3210 2373 3486 2449 coeperunt
3508 2367 3632 2422 dis-

2009 2480 2145 2534 solui
2176 2476 2419 2544 colligati
2444 2487 2670 2528 manum
2708 2469 2894 2536 digiti,
2934 2470 2982 2520 et
3007 2464 3172 2534 paulo
3195 2464 3322 2533 post
3360 2457 3639 2530 ceperunt

2011 2574 2173 2626 etiam
2203 2569 2391 2623 laxari
2431 2566 2562 2620 boia:
2595 2561 2825 2633 pessuli,
2870 2563 2917 2613 et
2944 2558 3156 2627 gratias
3204 2558 3305 2609 Deo
3357 2556 3407 2606 et
3452 2554 3639 2604 sancto

2011 2662 2128 2726 Dei,
2156 2674 2284 2712 usus
2329 2668 2593 2711 manuum
2621 2655 2670 2705 et
2712 2649 2908 2720 pedum
2938 2646 3182 2701 redditus
3233 2646 3310 2697 est
3348 2641 3530 2695 michi.
3568 2642 3642 2693 Et

2012 2754 2212 2807 oblitus
2232 2753 2403 2804 omnis
2428 2745 2647 2811 doloris,
2670 2758 2762 2796 nec
2792 2743 2981 2795 timens
3012 2739 3254 2807 quinque
3274 2732 3515 2788 custodes
3539 2733 3643 2801 qui

2013 2847 2161 2899 circa
2189 2860 2271 2897 me
2293 2841 2570 2911 jaccbant,
2602 2851 2732 2906 quos
2754 2835 2917 2888 etiam
2943 2831 3175 2898 vigilare
3193 2826 3472 2898 putabam,
3503 2825 3642 2892 cxpi

2016 2937 2172 2990 abire
2199 2950 2318 2988 cum
2356 2948 2448 3002 spe
2486 2929 2813 2986 securitatis.
2858 2927 3079 2980 Emotus
3133 2920 3297 2975 cardo
3348 2919 3475 2972 ostii
3513 2921 3639 2971 tan-

2012 3031 2126 3081 tum
2165 3025 2341 3078 emisit
2370 3021 2675 3084 stridorem,
2696 3021 2758 3071 ut
2776 3016 2939 3069 michi
2976 3013 3085 3082 ipsi
3102 3024 3359 3077 magnum
3379 3021 3631 3076 pavorem

1945 3094 1994 3163 Ο
2015 3120 2064 3171 et
2093 3114 2343 3169 omnibus
2376 3113 2433 3165 in
2463 3111 2617 3163 domo
2655 3103 3045 3177 quiescentibus
3095 3114 3311 3169 grauem
3348 3098 3641 3151 incusserit

2028 3212 2315 3267 horrorem.
2383 3210 2642 3264 Veneram
2694 3202 2768 3257 ad
2816 3204 3025 3271 septum
3072 3196 3295 3252 castelli.
3358 3194 3460 3247 Hic
3506 3194 3645 3245 certe

2027 3307 2196 3359 omnis
2225 3317 2342 3372 spes
2372 3299 2578 3354 excidit
2602 3293 2943 3360 michi.Quid
2971 3293 3113 3345 enim
3139 3288 3411 3357 facerem?
3449 3284 3646 3340 Redire

2026 3416 2135 3456 non
2161 3399 2455 3461 audebam;
2489 3392 2751 3465 quomodo
2782 3390 2847 3444 de
2872 3391 3018 3457 septo
3048 3385 3257 3440 castelli
3311 3384 3509 3437 exirem
3552 3394 3651 3434 nc-

2016 3493 2271 3557 sciebam,
2304 3491 2437 3560 quia
2453 3487 2624 3541 nichil
2643 3483 2881 3547 consilii,
2911 3479 3083 3535 nichil
3106 3479 3308 3531 uirium
3335 3477 3450 3529 erat
3464 3471 3650 3540 michi,

2017 3587 2078 3637 ut
2105 3579 2476 3652 quoquomodo
2505 3588 2801 3647 quaererem
2834 3570 3053 3625 aditum
3084 3566 3334 3622 exeundi.
3371 3563 3502 3617 Cum
3540 3565 3657 3615 sta-

2020 3689 2133 3727 rem
2160 3673 2237 3726 ibi
2266 3672 2527 3725 attonitus
2576 3679 2799 3737 pavore,
2831 3663 2964 3732 σαξρὶ
3008 3663 3255 3715 sanctum
3319 3655 3643 3711 Wicbertum

2018 3764 2287 3823 invocare,
2319 3763 2368 3814 et
2391 3760 2667 3827 imputans
2697 3755 2747 3807 ei
2777 3753 2922 3820 fugae
2949 3764 3079 3804 mete
3095 3761 3330 3809 causam,
3355 3744 3651 3798 lacrimans

2020 3854 2263 3911 dicebam
2288 3869 2300 3905 2
2342 3871 2362 3901 α
2388 3848 2652 3917 Decepisti
2683 3859 2781 3908 me,
2806 3846 2988 3897 sancte
3017 3840 3302 3902 Wicberte,
3331 3840 3381 3890 et
3401 3835 3651 3903 deceptus

2023 3960 2160 4010 sum,
2192 3943 2307 4012 qui,
2327 3941 2459 3994 dum
2478 3938 2635 4005 fugio
2664 3934 2922 3989 damnum
2942 3944 3125 3984 rerum
3145 3940 3407 3983 mearum.
3435 3923 3652 3976 incurri

2019 4036 2207 4088 mortis
2259 4028 2577 4099 periculum.
2621 4026 2680 4080 St
2710 4024 2798 4078 hic
2827 4024 3072 4076 inventus
3128 4019 3305 4085 fuero,
3354 4013 3508 4067 nulla
3546 4014 3649 4066 erit

2019 4122 2183 4177 michi
2221 4120 2370 4174 ultra
2408 4116 2726 4184 redemptio.
2759 4110 2865 4166 Sed
2896 4113 2978 4175 tu,
3015 4110 3219 4170 sancte,
3269 4105 3462 4173 perﬁce
3499 4099 3650 4171 quod

2023 4215 2246 4285 cxpisli,
2274 4213 2407 4282 quia
2438 4210 2535 4264 tibi
2563 4208 2665 4263 soli
2688 4210 2813 4277 post
2841 4208 3003 4259 Deum
3035 4214 3258 4256 causam
3286 4211 3455 4251 meam
3496 4210 3646 4249 com-

2028 4314 2169 4367 misi.
2204 4334 2227 4355 »
2262 4310 2395 4365 Cum
2433 4307 2542 4360 hcec
2585 4319 2789 4360 mecum
2815 4315 3048 4368 agerem,
3102 4297 3245 4350 sensi
3273 4294 3434 4362 quasi
3462 4306 3650 4345 sonum

2030 4404 2243 4458 alarum
2271 4402 2388 4454 auis
2417 4400 2569 4452 circa
2596 4411 2678 4450 mc
2717 4392 3021 4455 volitantis,
3064 4392 3111 4441 ct
3141 4400 3260 4440 cum
3305 4397 3503 4451 pavore
3545 4395 3652 4449 quo

2028 4498 2317 4553 tremebam
2341 4495 2504 4549 etiam
2532 4491 2754 4544 horrore
2798 4498 3104 4549 concussus,
3128 4481 3340 4535 stabam
3376 4481 3533 4531 extra
3570 4489 3653 4528 me

2023 4590 2256 4659 positus,
2280 4590 2329 4640 et
2358 4602 2392 4639 a
2420 4597 2577 4638 sensu
2606 4594 2719 4634 meo
2767 4578 3056 4631 alienatus.
3118 4573 3301 4624 Testor
3342 4570 3531 4632 Deum,
3571 4568 3654 4618 te-

2029 4686 2141 4736 stor
2167 4683 2414 4733 sanctum
2462 4672 2806 4735 Wicbertum,
2864 4681 2947 4721 me
2990 4665 3194 4719 nescire
3250 4661 3466 4716 omnino
3513 4655 3655 4726 quid

2030 4778 2247 4832 interim
2284 4773 2449 4828 michi
2484 4768 2787 4834 contigerit,
2834 4762 3035 4817 scilicet
3064 4756 3329 4829 quomodo
3378 4759 3537 4808 trans
3575 4767 3655 4806 se-

2024 4878 2177 4944 ptum
2205 4866 2636 4935 castcllipositus
2675 4864 2799 4924 sim,
2850 4856 3107 4929 quomodo
3143 4852 3509 4924 praecipitium
3552 4862 3656 4916 ag-

2026 4963 2167 5032 geris
2199 4958 2478 5014 euaserim.
2500 4953 2651 5020 Quod
2680 4950 2754 5006 ad
2772 4965 2855 5003 me
2873 4960 3121 5002 reversus
3147 4943 3242 4998 ubi
3259 4940 3524 5003 intellexi,
3546 4952 3656 4992 non

2022 5031 2195 5122 potest
2223 5049 2335 5102 dici
2364 5046 2447 5099 vel
2476 5042 2621 5099 credi
2647 5044 2912 5111 quantum
2944 5036 3131 5107 stupui
3164 5038 3216 5088 et
3243 5031 3423 5086 adhuc
3444 5031 3651 5097 stupeo.

2026 5143 2212 5199 Inuasi
2227 5144 2403 5194 tamen
2429 5138 2597 5200 uiam,
2619 5134 2741 5205 jam
2764 5146 2910 5202 spem
2943 5130 3136 5184 bonam
3162 5127 3387 5195 portans
3415 5134 3643 5176 mecum.

2028 5233 2335 5291 Audiebam
2358 5228 2639 5298 familiam
2659 5225 2871 5281 castelli
2877 5221 3321 5292 perstrepentem,
3355 5220 3401 5269 et
3426 5229 3508 5267 me
3534 5226 3653 5265 cum

2028 5329 2281 5387 cornibus
2312 5329 2361 5381 et
2389 5324 2609 5392 facibus
2644 5325 2693 5376 et
2727 5319 2956 5376 canibus
2996 5316 3338 5385 quaerentem.
3391 5306 3659 5365 Videbam

2028 5438 2184 5480 canes
2211 5437 2292 5477 me
2327 5419 2674 5486 indagantes,
2735 5414 2833 5484 qui
2861 5426 2943 5466 me
2995 5411 3108 5463 uiso
3147 5401 3559 5461 obmitescebant
3606 5402 3658 5453 ct

2028 5518 2190 5589 quasi
2217 5514 2401 5571 baculo
2424 5511 2669 5583 percussi
2707 5504 3129 5563 retrocedebant.
3185 5499 3356 5567 Super
3395 5496 3480 5549 his
3516 5508 3661 5561 gra-

1848 5623 2064 5680 NOT/E.

387 5699 532 5763 (908)
564 5698 793 5771 Wange,
824 5699 877 5752 in
910 5697 1159 5752 districta
1190 5695 1486 5751 Landensi.
