3934 6054
342 262 451 316 689

1352 257 1502 312 νιτΑ
1542 253 1897 311 DEODERICI
1939 253 2231 310 EPISCOPI
2273 255 2657 314 METTENSIS.

3569 263 3684 320 690

342 391 450 446 tias
489 403 654 456 agens
688 391 793 443 Deo
839 393 887 442 et
933 391 1118 442 sancto
1156 388 1274 453 Dei,
1299 389 1463 456 prout
1509 389 1754 456 poteram
1784 383 1958 438 eundo
1989 391 2032 454 Α
2059 401 2252 456 quare,
2319 402 2444 442 cum
2490 387 2710 459 quidam
2773 389 3102 457 juvenculus
3155 391 3313 446 miles
3365 398 3474 448 tam
3543 395 3680 452 levis

339 485 541 535 noctem
569 479 802 548 explevi,
832 483 882 534 et
919 480 1193 548 insperato
1219 493 1372 532 mane
1417 477 1493 531 ad
1537 478 1750 530 domum
1789 490 1960 529 meam

340 573 482 626 veni.
527 571 602 624 Et
637 571 771 640 quia
792 569 1108 639 prohibente
1149 569 1336 624 dolore
1365 571 1604 638 corporis
1637 567 1737 620 huc
1776 568 1964 619 statim

339 671 520 723 venire
556 682 663 721 non
697 668 872 736 potui,
908 681 1020 720 ecce
1071 669 1256 721 octavo
1308 665 1661 720 absolutionis
1696 677 1826 716 mea
1875 661 1964 715 die

229 783 244 791 ~
342 763 496 816 venio
525 759 599 814 ad
638 757 951 826 referendas
994 760 1206 826 gratias
1233 761 1338 812 Deo
1367 762 1417 811 et
1459 760 1643 811 sancta
1682 753 1955 808 Wicberto.

345 857 437 910 His
462 854 684 921 auditis,
726 853 1022 909 laudabant
1061 868 1256 908 omnes
1285 853 1455 906 Deum
1488 850 1542 905 in
1595 855 1785 904 sancto
1816 847 1959 915 ejus,

345 948 643 1003 laudabant
671 947 841 1002 Deum
867 947 923 1001 in
950 945 1250 1001 virtutibus
1288 945 1428 1016 ejus,
1465 942 1764 998 laudabant
1789 942 1956 996 Deum

346 1040 402 1094 in
433 1040 686 1096 cimbalis
720 1039 1092 1108 jubilationis,
1143 1045 1198 1094 et
1238 1036 1575 1110 personabat
1614 1033 1866 1091 aecclesia
1904 1033 1956 1086 in

344 1127 602 1184 laudibus
640 1135 844 1184 sancta1
875 1126 1170 1182 Trinitatis.

415 1221 469 1277 8.
498 1221 624 1275 Post
663 1221 949 1274 decessum
971 1217 1132 1272 bonae
1163 1215 1442 1271 memoriis
1467 1213 1655 1270 domni
1689 1211 1965 1268 Liethardi

346 1311 562 1366 abbatis
583 1311 696 1383 (an.
729 1310 887 1372 1113,
921 1311 1076 1366 Febr.
1107 1311 1185 1380 4.)
1215 1307 1400 1362 multae
1431 1313 1486 1361 et
1526 1321 1738 1380 magna:
1767 1305 1965 1360 adver-

2062 477 2247 534 animo
2289 495 2452 550 quam
2494 488 2682 536 relate:
2718 482 2830 546 Dic,
2860 481 3064 554 inquit,
3097 484 3184 538 illi
3229 490 3288 539 ut
3319 501 3398 541 me
3433 487 3676 557 adjuvet,

2063 569 2199 636 quia
2242 569 2326 621 hic
2351 569 2638 624 subsiste-re
2664 569 2802 624 mihi
2833 575 2999 626 otium
3021 587 3128 627 non
3159 577 3252 628 est.
3287 573 3385 630 llle
3431 575 3560 632 dicti
3602 577 3682 633 le-

2062 655 2284 710 vitatem
2336 656 2660 722 abhorrens,
2716 657 2785 712 ad
2832 657 3100 715 orandum
3159 663 3474 734 procubuit,
3537 667 3680 724 male

2060 759 2228 798 sanus
2269 747 2696 816 autemjuvenis
2737 751 3072 820 pertransire
3125 752 3318 822 voluit,
3349 755 3446 810 sed
3490 757 3678 814 divino

2063 835 2292 892 verbere
2320 845 2604 909 correptus
2635 854 2746 894 non
2796 840 2989 896 valuit.
3038 842 3272 898 Etenim
3325 843 3464 902 facie
3495 847 3679 904 subito

2061 927 2312 997 distorta,
2369 932 2593 1002 quidam
2646 933 2997 989 menbrorum
3076 941 3280 991 tremor
3350 948 3406 994 et
3469 941 3678 999 oblivio

2061 1019 2263 1080 mentis
2292 1035 2418 1074 eum
2475 1021 2792 1092 intercepit,
2832 1028 2886 1076 et
2935 1022 3252 1082 labantibus
3303 1029 3554 1104 vestigiis
3591 1032 3679 1087 vix

2065 1115 2369 1172 sabsistere
2395 1117 2600 1172 nedum
2629 1118 2710 1173 ire
2739 1133 2901 1190 posse
2931 1121 3117 1190 coepit.
3157 1122 3310 1180 Oculi
3347 1133 3557 1182 torvum
3585 1146 3678 1184 as-

2068 1206 2274 1276 picere,
2299 1223 2460 1261 aures
2499 1207 2844 1275 surdescere,
2875 1209 3064 1286 lingua
3093 1209 3388 1282 balbutire,
3421 1216 3493 1272 ita
3519 1224 3580 1273 ut
3611 1219 3680 1275 de

2069 1295 2292 1352 homine
2351 1299 2522 1354 nichil
2573 1301 2685 1372 jam
2730 1301 3012 1360 videretur
3041 1307 3267 1364 habere.
3317 1309 3446 1366 Nisu
3498 1320 3680 1369 tamen

345 1401 533 1456 sitates
581 1406 938 1456 occurrerunt
968 1397 1151 1464 nobis,
1211 1394 1540 1468 quibusdam
1589 1393 1811 1447 familiae
1866 1407 1969 1448 no-
2068 1405 2176 1460 qua
2217 1390 2394 1460 potuit
2449 1392 2514 1446 ad
2567 1393 2748 1449 locum
2794 1413 2970 1469 usque
3021 1399 3173 1455 chori
3223 1405 3580 1476 perreptavit,
3627 1415 3682 1462 et

346 1502 475 1548 stne
509 1492 761 1567 neglecta
791 1491 1054 1546 aecclesiae
1069 1491 1193 1559 jura
1217 1488 1320 1542 sibi
1353 1485 1797 1552 vendieantibus,
1822 1490 1876 1539 et
1911 1484 1964 1538 in
2069 1478 2346 1548 quendam
2379 1479 2601 1536 fratrum
2657 1483 2724 1517 ⁸9⁸
2769 1483 2846 1538 ibi
2905 1485 3192 1542 sedentem
3240 1490 3458 1559 videns,
3501 1493 3580 1547 illi
3622 1510 3680 1548 se

348 1602 450 1642 nos
494 1595 682 1642 nostra
732 1585 1091 1640 reclamanles
1149 1583 1306 1654 quasi
1359 1598 1460 1636 sua
1523 1579 1964 1650 calumpniames
2063 1571 2368 1645 adjuugere
2415 1575 2739 1645 temptavit.
2773 1577 2994 1632 Horruit
3041 1579 3134 1635 ille
3193 1589 3406 1637 torvum
3436 1585 3681 1641 hominis

347 1683 486 1735 dnre
512 1678 942 1734 vindicantibus.
979 1679 1147 1744 Quam
1178 1677 1482 1752 tragediam
1508 1675 1637 1747 quia
1676 1673 1810 1729 satis
1837 1690 1970 1729 can-
1996 1713 2038 1752 η
2069 1673 2374 1736 θερεοίυῐη,
2417 1669 2514 1723 sed
2545 1669 2836 1726 miseratus
2867 1682 2950 1728 est
2983 1673 3224 1730 debilem
3263 1675 3560 1735 incessum.
3604 1682 3682 1736 lta

351 1779 460 1827 mra
491 1778 573 1826 εει
624 1771 680 1824 in
714 1769 908 1824 mundi
959 1771 1174 1824 ιιιρειιιιο
1237 1768 1328 1823 hic
1356 1767 1565 1822 referre
1605 1766 1963 1837 supersedeo,
1993 1758 2041 1780 ”
2069 1758 2260 1814 horror
2317 1759 2526 1832 fugere,
2587 1763 2865 1820 miseratio
2919 1767 3287 1839 compellebat
3329 1777 3495 1825 stare.
3542 1772 3682 1828 Vicit

343 1880 467 1918 cum
497 1861 781 1933 proprium
815 1863 995 1916 locum
1055 1861 1338 1915 desideret
1375 1859 1496 1928 ejus
1552 1860 1716 1930 plena
1751 1857 1964 1912 relatio.
2067 1853 2246 1902 autem
2271 1849 2578 1920 miseraliO,
2621 1860 2675 1906 et
2705 1870 2869 1924 quem
2901 1855 3189 1912 horruerat
3221 1859 3398 1930 primo
3430 1869 3677 1932 aspectu,

348 1955 522 2028 Igitur
547 1954 614 2009 ad
663 1953 1086 2009 discernendam
1127 1953 1196 2006 ab
1237 1950 1563 2007 hominibus
1598 1949 1805 2020 iniquis
1833 1965 1969 2003 cau-
2067 1937 2534 2010 appropinquavit
2590 1941 2811 1998 miSCI‘O-
2869 1944 3125 2002 seorsum
3173 1949 3325 2004 άυοίῐ
3374 1951 3678 2018 hominem.

347 2062 463 2100 sam
487 2051 731 2100 nostram
757 2045 867 2097 dux
891 2042 1223 2098 Godefridus
1255 2039 1608 2097 Lovaniensis
1645 2039 1966 2094 Gemblaum
2067 2028 2214 2100 (Ιυίεν
2257 2030 2428 2098 unde:
2480 2034 2757 2103 quomOdO
2787 2035 2842 2088 in
2893 2035 3036 2092 hanc
3083 2037 3272 2094 (δοίοῐη
3307 2040 3379 2096 Sil
3411 2048 3674 2110 πιυῑθῑιιδ,

345 2143 592 2202 venerat,
623 2134 718 2190 ubi
743 2150 941 2206 magna
972 2143 1081 2188 tam
1124 2133 1448 2203 Optimatum
1475 2145 1638 2202 quam
1671 2129 1965 2184 satellitum
2066 2124 2262 2196 quaerit
2314 2142 2412 2196 per
2449 2128 2720 2183 ordinem.
2769 2129 2863 2184 Ille
2905 2146 3191 2201 exponens
3240 2148 3554 2202 personam,
3595 2135 3674 2190 lo-

347 2228 414 2262 ⁸9⁷
461 2226 583 2298 ejus
612 2225 922 2296 frequentia
975 2231 1326 2280 convenerat.
1373 2223 1610 2293 Corpora
1647 2228 1963 2276 sanctorum
2066 2230 2212 2283 cum,
2261 2223 2500 2287 tempus,
2539 2234 2792 2273 causam:
2856 2220 2992 2288 Ego,
3052 2220 3249 2292 inquit,
3296 2223 3573 2279 Gcrardus
3611 2227 3677 2280 de

351 2315 603 2386 Exuperii
633 2313 878 2368 martiris
913 2313 1140 2368 Maclovi
1171 2319 1226 2366 et
1279 2309 1542 2365 Wicberti
1585 2308 1963 2364 confessorum
2064 2305 2400 2372 Morealmes,
2433 2307 2588 2361 hodie
2625 2324 2744 2362 eum
2780 2309 3106 2378 quibusdam
3147 2313 3476 2380 primoribus
3506 2319 3554 2369 et
3595 2331 3676 2370 so-

350 2407 405 2461 in
433 2407 616 2462 medio
647 2406 895 2461 ecclesiae
920 2411 1229 2460 terratenus
1250 2403 1530 2473 jacebant,
1571 2408 1631 2456 ut
1679 2400 1807 2469 quia
1837 2415 1968 2470 pec-
2063 2397 2277 2450 dalibus
2300 2400 2430 2452 mcis
2469 2399 2564 2453 hoc
2593 2401 2887 2453 oratorium
2927 2403 3281 2468 intra-veram,
3323 2408 3371 2458 et
3401 2405 3513 2460 illis
3549 2422 3676 2474 erga

347 2497 483 2552 catis
511 2497 862 2554 obstantibus
891 2496 1140 2552 exaudiri
1173 2511 1284 2550 non
1325 2493 1678 2548 merebamur
1709 2492 1764 2545 in
1798 2491 1967 2546 tribu-
2064 2493 2369 2544 sanctorum
2408 2493 2684 2560 principue
2733 2494 2909 2546 sancti
2979 2493 3232 2548 Wicbcrti
3286 2499 3676 2552 venerationem

348 2590 554 2645 latione
608 2597 815 2657 nostra,
856 2606 955 2661 per
985 2590 1127 2644 hanc
1176 2597 1490 2643 sanctorum
1533 2584 1964 2639 satisfactionem
2064 2580 2248 2660 devote
2303 2597 2358 2635 se
2396 2583 2700 2650 agentibus,
2741 2583 3068 2638 devotionem
3108 2601 3285 2641 eorum
3334 2588 3529 2658 quibus
3570 2605 3677 2643 non

354 2682 803 2738 reconciliaretur
844 2681 1008 2736 nobis
1059 2681 1155 2736 Dei
1208 2679 1604 2734 misericordia.
1659 2678 1737 2731 Ad
1770 2678 1964 2730 horum
2063 2675 2240 2728 decuit
2262 2676 2499 2729 irridere
2525 2678 2658 2745 ccepi
2697 2677 3050 2732 sermonibus.
3082 2681 3220 2734 Eam
3267 2680 3329 2733 ob
3366 2696 3586 2736 causam
3617 2684 3678 2737 in

347 2787 479 2846 ergo
531 2781 844 2828 sanctorum
921 2769 1337 2826 venerationem
1390 2767 1546 2822 multi
1622 2782 1813 2822 eorum
1867 2763 1960 2835 qui
2063 2767 2416 2820 miserabilem
2444 2782 2596 2835 quem
2613 2767 2785 2820 cernis
2815 2767 3058 2822 habitum
3088 2784 3173 2822 me
3206 2769 3541 2824 (lemutatum
3567 2773 3678 2826 scio

344 2874 718 2923 convenerant
771 2867 839 2921 ad
888 2865 1037 2921 diem
1071 2865 1223 2920 illum
1265 2861 1707 2926 convertebatur,
1765 2858 1964 2932 prmci-
2063 2860 2112 2910 et
2167 2858 2434 2925 conﬁteor,
2476 2861 2640 2926 atque
2682 2873 2716 2910 a
2753 2859 2978 2924 sanctis,
3015 2859 3286 2928 praecipue
3326 2864 3510 2914 sancto
3557 2863 3678 2917 Wi-

347 2976 456 3030 pue
487 2959 740 3017 adsancti
779 2959 1063 3024 Wicberti,
1105 2959 1262 3026 cujus
1293 2970 1495 3012 nomen
1521 2953 1762 3026 gloriosa
1787 2953 1959 3008 mira-
2061 2948 2257 3013 cberto,
2299 2963 2454 3017 quem
2503 2949 2809 3018 specialiter
2834 2949 3060 3018 offendi,
3097 2951 3310 3005 veniam
3355 2965 3585 3018 merear,
3627 2956 3678 3006 te

345 3048 593 3104 culorum
627 3048 867 3102 novitate
897 3055 1029 3102 tunc
1054 3045 1320 3116 temporis
1369 3043 1770 3100 celebrabatur.
1816 3045 1963 3100 Inter
1987 3086 2036 3154 Ο
2061 3046 2382 3112 consulente,
2425 3061 2634 3116 precor.
2675 3045 2962 3101 Peccatum
3010 3062 3142 3120 ergo
3186 3063 3346 3102 suum
3396 3047 3681 3103 humiliter

347 3140 487 3195 alios
525 3138 750 3211 quidam
782 3139 1054 3194 nobilium
1114 3138 1382 3193 Henricus
1433 3138 1503 3192 de
1556 3135 1805 3191 Bierbais
1859 3137 1960 3192 ad-
1989 3135 2036 3154 ν
2065 3136 2420 3193 conﬁtentem
2475 3137 2644 3192 frater
2692 3137 2784 3192 ille
2824 3139 3094 3211 corporali
3153 3139 3386 3196 verbere
3415 3140 3675 3209 correxit,

349 3237 486 3298 erat,
519 3230 614 3304 qui
645 3230 774 3286 licet
804 3229 948 3286 ﬁlius
985 3230 1174 3286 seaculi
1207 3238 1389 3284 tamen
1426 3229 1530 3300 ipsi
1574 3234 1764 3284 sancto
1816 3228 1964 3284 Wic-
2066 3235 2122 3283 et
2149 3236 2397 3284 correcto
2427 3229 2786 3299 penitentiam
2818 3228 3029 3283 indixit.
3064 3229 3216 3285 Adeo
3237 3237 3422 3285 autem
3446 3245 3677 3300 praecor-

347 3321 502 3375 berto
528 3335 735 3393 genere
765 3319 1046 3389 proximus
1069 3327 1206 3373 erat.
1242 3318 1343 3382 Qui
1375 3318 1667 3386 eumjuxta
1705 3316 1965 3371 transiret
2067 3319 2228 3373 dialis
2259 3319 2358 3373 fuit
2388 3319 2508 3386 ejus
2552 3318 2873 3388 penitentia,
2901 3325 2962 3373 ut
2991 3333 3110 3373 eam
3151 3319 3332 3374 statim
3365 3334 3673 3388 conseque-

348 3412 533 3466 multis
559 3412 984 3468 comitantibus:
1041 3415 1170 3479 Eia,
1204 3411 1404 3481 inquit,
1436 3417 1654 3477 stemus,
1711 3415 1760 3466 et
1801 3415 1965 3464 Deum
2065 3413 2216 3460 retur
2245 3406 2428 3472 venia,
2469 3405 2599 3460 dum
2659 3405 2734 3460 ita
2792 3407 2847 3460 in
2894 3405 3158 3474 juvenilis
3195 3406 3370 3461 artatis
3416 3406 3672 3461 decorem

347 3509 403 3559 in
431 3499 638 3559 sanctis
698 3505 1140 3572 suis'adorando,
1194 3509 1473 3574 parentem
1512 3519 1682 3558 meum
1721 3507 1964 3582 sanctum
2064 3497 2193 3552 ilico
2239 3507 2322 3551 est
2352 3497 2701 3563 reformatus,
2732 3502 2793 3551 ut
2821 3511 2882 3550 se
2912 3495 3016 3550 sibi
3049 3501 3154 3550 tam
3186 3495 3368 3552 subito
3397 3495 3673 3552 redditum

351 3602 681 3657 Wicbertum
705 3602 1015 3656 soluimus.
1052 3601 1163 3657 lloc
1209 3601 1356 3656 dicto
1377 3605 1624 3671 coeperat
1662 3598 1965 3670 apprOpin-
2063 3593 2134 3648 sit
2162 3591 2411 3646 miratus.

1013 3741 1029 3750 -
1704 3698 1924 3754 VARl/E
1952 3694 2326 3754 LECTIONES.

420 3773 488 3808 ³⁸⁷
515 3773 767 3828 satellum
797 3790 842 3828 c.
873 3773 942 3808 393
969 3771 1093 3828 frm.

353 3941 364 3949 δ
381 3945 389 3948 -
405 3938 420 3949 ο
426 3939 602 3950 ια’-.--κο

1285 4035 1689 4163 VITA
1768 4027 2746 4160 DEODERICI

1669 4238 1965 4295 EPISCOPI
2005 4236 2367 4293 ME'I'I‘ENSIS

909 4346 1467 4438 AUCTORE
1554 4344 2209 4438 SIGEBERTO
2301 4343 3112 4438 GEMBLACENSI

999 4504 1202 4573 (Edidit
1241 4505 1481 4562 Domnus
1509 4507 1701 4574 Penrz,
1735 4508 1972 4562 Monum.
2001 4505 2173 4560 Germ.
2207 4506 2338 4561 hist.
2382 4505 2554 4574 Scrip.
2593 4510 2630 4556 t.
2676 4503 2761 4568 IV,
2805 4518 2859 4573 p.
2889 4502 3038 4571 461.)

1675 4727 2366 4825 MONITUM
2457 4856 2474 4868 .

429 4895 760 4969 Sigebcrtus,
817 4911 934 4950 cum
963 4896 1307 4969 circaannos
1350 4898 1664 4954 1027-1030
1690 4899 1831 4969 (909)
1889 4904 2050 4954 natus
2080 4899 2463 4953 monasterium
2509 4897 2876 4969 Gembtaeense
2903 4895 3006 4949 sub
3037 4895 3228 4951 abbate
3275 4897 3514 4964 Olberto,
3569 4898 3679 4951 do-

359 4968 615 5042 ctrinaqet
633 4969 838 5042 meritis
855 4970 1060 5036 insigni
1085 4967 1254 5039 (910),
1275 4972 1529 5025 intrasset
1559 4971 1638 5042 (9|
1658 4967 1728 5038 t),
1759 4967 1857 5026 sub
1890 4972 2144 5025 .Ilacelino
2173 4986 2472 5024 successore
2505 4968 2619 5037 ejus
2649 4982 2846 5042 paucos
2871 4973 3330 5042 annosyersatus,
3363 4986 3396 5024 a
3423 4970 3678 5023 Folcuino

358 5038 575 5092 abbatis
621 5040 818 5106 fratre,
857 5044 981 5092 tunc
1006 5038 1324 5095 monasterio
1353 5044 1541 5097 Sancti
1567 5038 1573 5042 ⁷
1599 5044 1869 5097 thcentii
1895 5044 2165 5096 Mettensis
2199 5044 2512 5110 praeposito,
2558 5042 2742 5109 pueris
2775 5039 3105 5092 instruendis
3158 5043 3349 5094 llIettas
3389 5042 3678 5094 arcessitus

361 5113 460 5174 est;
491 5111 620 5164 etin
650 5113 891 5164 civitates
919 5114 1279 5182 aimnissimrt
1303 5115 1540 5182 primum
1569 5116 1996 5177 tetatem'emegit.
2032 5113 2133 5166 Ubi
2161 5115 2370 5181 positus
2393 5113 2568 5165 multa
2594 5111 2851 5178 opuscula
2876 5112 3095 5179 scripsit
3122 5110 3281 5178 (912),
3328 5115 3378 5164 et
3415 5111 3678 5182 humani-

363 5183 490 5247 tate,
531 5184 802 5251 sapientia
829 5185 878 5234 et
907 5181 1160 5237 doctrina
1190 5181 1636 5251 inclaruit.Erat,
1661 5189 1720 5239 ut
1749 5185 2035 5238 Anselmus
2066 5184 2236 5237 tradit
2267 5184 2432 5246 (’9l3),
2473 5207 2496 5226 α
2532 5183 2814 5252 sapientia:
2841 5183 2962 5246 fons
2993 5187 3200 5248 patens,
3235 5198 3342 5235 non
3370 5181 3540 5252 solum
3569 5197 3683 5236 mo-

362 5253 552 5306 nachis
594 5254 684 5307 sed
715 5258 765 5307 et
792 5253 1000 5308 clericis
1026 5254 1100 5308 ad
1127 5270 1182 5308 se
1197 5256 1436 5325 undique
1461 5256 1859 5324 confluentibus,
1899 5271 1991 5310 nec
2020 5256 2194 5310 solum
2233 5255 2575 5313 Christianis.
2598 5251 2693 5307 Sed
2722 5257 2770 5307 et
2820 5253 3024 5306 Iudicis
3072 5256 3129 5306 in
3165 5253 3349 5306 eadem
3387 5251 3521 5306 urbe
3540 5268 3682 5307 com-

362 5326 699 5379 manentibus
727 5327 842 5379 erat
867 5327 1241 5394 charissimus,
1271 5342 1371 5396 pro
1399 5343 1456 5382 eo
1493 5329 1634 5396 quod
1662 5327 1979 5382 Hebraieam
1998 5329 2276 5381 veritatem
2303 5342 2337 5380 a
2365 5327 2567 5380 caeteris
2597 5325 2916 5378 editionibus
2943 5339 3207 5378 secernere
3235 5327 3354 5378 erat
3381 5325 3608 5394 peritus,
3636 5329 3683 5379 et

1834 4635 2202 4651 ἡ

1919 5424 2125 5480 NOTAE.

2081 5524 2242 5580 Gesta
2272 5523 2401 5580 abb.
2443 5521 2722 5578 Gemblae.
2763 5521 3007 5591 Daeliery
3035 5519 3167 5575 edit.
3199 5522 3254 5588 2,
3289 5522 3348 5585 Η,
3377 5521 3503 5577 767.

2153 5596 2296 5670 (Si?)
2325 5595 2651 5670 §igebertus
2676 5595 2750 5670 ρο
2778 5593 2872 5670 S_S_.
2902 5591 3292 5670 ecclesiasticis
3312 5595 3528 5670 9.}71.

2154 5663 2476 5736 (9|3)Ge‘éta
2495 5666 2619 5720 abb.
2667 5664 2925 5720 Gemblac
2959 5663 3198 5731 ,contin.
3229 5684 3262 5737 ι)
3312 5665 3438 5721 768.

437 5525 582 5600 (909)
613 5527 799 5600 annos
818 5526 1036 5600 circiter
1062 5525 1132 5600 85
1155 5525 1400 5600 exegisse
1421 5523 1658 5600 videtur.

438 5595 580 5670 (910)
613 5595 688 5652 Cf.
723 5597 790 5652 de
829 5613 896 5652 eo
931 5595 1286 5669 Sigebertum'
1323 5596 1397 5651 De
1424 5595 1517 5652 SS.
1571 5595 1974 5662 ecclesiasticis,

367 5670 942 5814 )2.Sigebertus
974 5740 1262 5810 exsequias
1293 5740 1413 5808 ejus
1435 5755 1484 5793 a.
1520 5739 1654 5793 1048
1678 5738 1847 5802 vidit;
