3938 6050
257 216 354 268 691
1472 210 1814 265 SIGEBERTI
1859 211 2364 266 GEMBLACENSIS.
3478 223 3584 278 692

261 349 316 398 in
343 346 424 401 his
461 356 581 411 quae
618 337 1258 416 secundumilebraicam
1288 339 1872 416 [veritatemldicebang
1903 339 2214 416 Judworum
2257 342 2372 416 erat
2409 340 2737 416 consentiens
2776 342 3177 416 assertionibus.
3224 364 3250 395 ι
3313 347 3446 401 Vere
3477 350 3604 416 jam

258 409 507 488 primus,
533 426 685 488 quem
715 426 768 463 se
806 410 1036 488 edidisse
1063 415 1360 488 proﬁtetur,
1393 413 1531 488 liber
1550 484 1558 488 _
1577 409 1744 478 (914),
1773 412 1821 488 Υ
1822 413 1901 488 ita
1936 412 2501 488 Deodericiepiscopi,
2522 428 2775 479 Juvenem
2804 414 3036 488 ostendit
3067 414 3388 483 benevolum,
3421 409 3574 488 pi'um
3595 459 3617 486 ν

258 482 376 540 ceri
410 484 732 554 pulchrique
756 487 1044 547 amantem,
1077 489 1125 535 et
1169 485 1349 546 varia,
1387 482 1640 536 doctrinee
1668 485 1837 548 specie
1864 485 2145 549 insignem,
2175 484 2486 549 diligentem
2517 499 2798 536 sacra-rum
2856 485 3289 553 Scripturarum,
3321 482 3600 545 aucto-rum

259 561 605 611 classicorum
632 554 804 621 (913$),
836 557 1060 607 Patrum
1091 555 1258 621 (916),
1293 558 1341 629 et
1378 557 1468 607 sui
1497 556 1655 629 etiam
1688 557 1939 622 temporis
1967 561 2295 629 scriptorum
2334 555 2501 620 (917),
2545 556 2806 629 lectorem,
2849 556 3090 610 sedulum
3121 563 3468 628 antiquitatis
3495 580 3600 629 pa-

261 631 379 682 tria:
424 630 792 690 scrutatorem,
835 629 1153 693 scriptorem
1179 626 1442 689 vividum,
1484 626 1773 690 elegantem
1813 632 1859 678 et
1914 626 2079 694 paulo
2115 627 2460 692 [loridiorem
2508 627 2807 679 Delectatur
2834 629 2974 680 enim
3022 626 3266 683 versibus
3308 638 3356 685 et
3388 626 3600 688 vocibus

252 706 531 766 poetarum
562 697 825 772 decerptis
854 701 901 772 et
927 699 1202 750 sententiis
1223 698 1473 762 rhythmo
1496 701 1545 748 et
1572 697 1832 772 sonoqsibi
1859 696 2330 772 respondentilnls,
2350 701 2515 772 itaut
2543 699 2623 750 rel
2661 699 2960 751 hcacametri
2986 705 3412 772 pentametrique
3441 722 3600 763 nitun-

258 773 355 824 bra
387 773 440 823 in
473 769 683 822 easdem
710 768 950 834 syllabas
976 770 1285 838 plerumque
1316 772 1605 821 convertat.
1666 769 1846 822 Vitam
1880 769 2152 821 Deoderici
2202 768 2544 822 scribendam
2589 772 2822 837 suscepit
2869 771 3119 837 precibus
3166 768 3338 826 Ulriei
3365 781 3414 828 et
3459 779 3594 830 iluo-

259 843 389 909 dolﬁ
427 843 664 908 fratrum
703 845 752 892 et
779 841 979 908 pietate
1008 840 1197 893 ductus
1226 843 1283 892 in
1312 841 1637 893 conditorem
1684 842 2022 911 monasterii,
2053 843 2110 891 in
2143 855 2245 907 quo
2277 843 2392 907 ipse
2435 840 2657 905 degebat
2709 840 2872 908 i918),
2934 841 3124 896 Sancti
3163 846 3434 899 Vincentii
3455 865 3468 911 ;
3510 851 3600 900 cui

259 929 432 982 aperte
461 927 792 986 quiscunque
821 912 1067 986 conferre
1094 916 1309 986 possent
1347 913 1675 986 monimenta
1714 913 1941 986 antiqua
1977 910 2140 986 (919),
2172 912 2394 986 chartas
2451 911 2821 986 etprivilegia
2871 914 3255 986 imperatorum
3287 922 3335 969 et
3374 921 3590 986 pontiﬁ-

259 1000 377 1038 cum
405 983 861 1056 (9‘20)historiam
893 983 1271 1056 translationis
1314 983 1733 1056 reliquiaruma
1765 983 2048 1056 Deodcrico
2090 984 2144 1034 in
2180 984 2362 1056 gltalia
2413 983 2749 1056 collectarum
2796 999 2828 1035 (ι
2857 984 3050 1037 clerico
3109 987 3225 1052 ejus
3287 983 3385 1056 qui
3437 983 3594 1044 rebus

261 1059 584 1122 inter/uerat
611 1055 971 1121 conscriptam
1003 1053 1171 1120 (921),
1194 1059 1441 1119 congesta
1474 1056 1529 1105 in
1558 1053 1771 1106 laudem
1811 1055 2046 1121 episc0pi
2071 1058 2118 1106 et
2139 1055 2374 1106 cici'utis
2409 1054 2462 1105 Μ
2468 1055 2682 1106 ettensis
2709 1056 3071 1109 concinnavit.
3104 1058 3180 1110 At
3213 1053 3329 1112 eum
3363 1061 3418 1112 in
3453 1064 3594 1114 Deo-

262 1129 446 1180 derico
477 1126 669 1193 aliqua
702 1140 807 1178 non
839 1126 942 1177 levi
969 1127 1234 1193 vituperio
1257 1126 1425 1189 digna
1455 1125 1796 1187 habe-rentur,
1839 1140 1899 1177 ea
1939 1130 2116 1178 tamen
2142 1125 2468 1191 Sigebcrtus,
2500 1127 2804 1193 episcopum
2827 1125 2976 1192 justo
3003 1131 3182 1181 acrius
3212 1131 3270 1182 in
3304 1133 3592 1186 violatores

262 1201 512 1252 bonorum
542 1198 597 1251 S.
639 1198 920 1250 Vence-ntii
951 1199 1213 1250 inrectum
1240 1197 1418 1250 dicere
1446 1199 1739 1253 contentus.
1771 1211 1835 1247 ne
1857 1212 1957 1249 acu
1988 1196 2202 1264 quidem
2230 1198 2422 1260 tetigit.
2459 1196 2611 1261 Quod
2641 1202 2827 1249 utrum
2846 1199 3164 1262 ignorentice
3215 1217 3288 1253 an
3327 1203 3592 1256 dissimu-

261 1270 419 1323 landi
446 1271 626 1322 animo
656 1268 1004 1321 tribuendum
1041 1271 1132 1334 sit,
1174 1283 1280 1321 non
1311 1268 1498 1335 liquet,
1532 1282 1648 1319 cum
1694 1269 1997 1332 Sigebe—rtus
2052 1284 2143 1320 nec
2196 1283 2227 1320 (ι
2262 1266 2768 1334 Thietmaro(9'132),
2804 1269 2859 1320 in
2917 1272 3268 1338 opprobrium
3307 1274 3597 1328 Deoderici

254 1342 477 1409 prolata
517 1341 723 1406 lege-rit,
755 1355 849 1392 nec
880 1355 996 1392 eum
1020 1339 1140 1407 jam
1165 1343 1300 1403 tum,
1334 1355 1502 1407 quum
1532 1341 1696 1392 vitam
1729 1339 2006 1392 Deoderiei
2043 1340 2234 1404 ederet,
2277 1339 2344 1391 ab
2385 1339 2608 1406 Alperto
2632 1338 2770 1406 (923)
2814 1342 2958 1393 circa
3013 1343 3250 1396 excitum
3317 1345 3597 1399 Deoderici

263 1413 472 1465 tradita
494 1413 702 1464 novisse
739 1415 952 1464 constet.

335 1486 568 1551 Scripsit
622 1487 852 1555 tempore
887 1481 1132 1555 Folcuini
1171 1480 1382 1555 abbatis
1412 1495 1530 1555 cum
1576 1483 1900 1555 consecratio
1939 1482 2162 1534 ecclesiae
2193 1480 2248 1534 S.
2300 1480 2881 1555 II'incen_tii_,_a_.‘A1030
2911 1483 3196 1548 celebra-ta,
3255 1501 3439 1540 eorum
3482 1491 3589 1555 qui

264 1557 628 1620 interfuerunt
659 1554 820 1621 quasi
847 1554 1044 1605 recenti
1066 1554 1126 1605 in
1149 1553 1405 1604 memoria
1444 1553 1666 1605 haereret
1693 1553 1859 1620 (921).
1896 1555 2066 1617 igitur
2099 1555 2252 1604 intra
2281 1567 2452 1605 annos
2488 1551 2809 1606 1050-106”.

331 1627 491 1679 Liber
523 1626 694 1693 ipsius
721 1639 882 1676 manu
911 1628 971 1676 ut
998 1623 1210 1676 videtur
1240 1627 1501 1675 correctus
1532 1628 1702 1676 erslat
1739 1625 1796 1675 in
1815 1624 1988 1676 codice
2018 1624 2200 1676 swculi
2230 1639 2278 1675 χι
2311 1625 2574 1686 abeuntis,
2604 1624 2813 1676 duabus
2836 1625 3114 1686 columnis,
3139 1627 3319 1680 littera
3350 1631 3589 1682 minima

260 1701 508 1760 e4carato,
549 1695 645 1761 fol.
675 1695 790 1748 1-5.
821 1694 949 1748 Inde
968 1696 1298 1769 exscriptum
1319 1695 1614 1769 Ifeibnitius
1653 1699 1790 1769 tomo
1818 1697 1846 1748 Ι
1873 1696 2500 1769 .83._Brunsciccnsium,
2530 1710 2586 1763 p.
2616 1693 2875 1769 293-313,
2908 1697 3118 1762 primus
3157 1698 3344 1769 edidit,
3390 1717 3590 1769 nosque

261 1770 622 1821 correctiorem
671 1768 1038 1838 proponimus,
1074 1768 1316 1838 indicata
1338 1766 1519 1818 littera
1547 1768 1615 1830 ρ.)
1648 1767 1865 1818 lectione
1905 1766 2122 1830 codicis,
2156 1782 2370 1819 numero
2389 1767 2437 1834 1)
2477 1781 2642 1819 manu
2671 1768 2955 1833 scriptoris
2975 1769 3168 1834 ipsius,
3213 1768 3266 1838 2)
3326 1766 3590 1824 correcto-

261 1841 362 1904 ris,
405 1844 453 1892 et
475 1839 689 1905 adjecta
717 1837 769 1906 3)
801 1840 1063 1890 varietate
1092 1837 1290 1889 codicis
1309 1839 1447 1903 regii
1484 1839 1807 1890 Parisiensis
1831 1854 1882 1890 η.
1909 1837 2046 1890 ὒ294
2077 1839 2301 1902 signati.
2333 1838 2473 1889 mbr.
2517 1852 2634 1891 szec.
2666 1853 2740 1900 x1,
2774 1839 2870 1903 qui
2925 1837 3212 1892 historiam
3252 1837 3594 1896 translatio-

259 1913 343 1963 nis
374 1911 726 1979 reliquiarum
758 1925 791 1961 (ι
831 1909 1116 1982 Deoderico
1148 1909 1485 1982 collecta-rum
1513 1909 1746 1982 exhibet,
1797 1926 1830 1962 a
1875 1909 2133 1982 Dacherio
2180 1911 2239 1961 in
2269 1909 2458 1976 Spicil.
2499 1910 2560 1962 V.
2611 1924 2668 1982 p_.
2724 1909 2843 1982 139,
2875 1910 3072 1982 editam
3135 1913 3191 1963 in
3247 1913 3421 1965 altera
3467 1915 3584 1982 ejus

257 1983 435 2050 operis
464 1983 693 2034 editione
728 1985 767 2033 t.
808 1982 879 2043 ΙΙ,
912 1995 968 2048 p.
1002 1979 1125 2045 133,
1159 1996 1192 2032 a
1230 1980 1450 2032 Baluzio
1476 1981 1827 2045 emendatam,
1865 1981 2094 2035 Waitzii
2117 1995 2237 2032 vero
2259 1995 2417 2048 opera
2444 1995 2559 2032 cum
2597 1979 2756 2032 editis
2781 1979 2899 2047 jam
2922 1980 3092 2034 denuo
3111 1983 3378 2036 collatam.

325 2053 602 2108 Nonnulla
640 2067 706 2103 ea:
737 2053 852 2104 vita
883 2051 1160 2104 Deoderici
1202 2051 1449 2118 decerpta
1479 2051 1780 2124 Sigebertus
1808 2054 1920 2124 ipse
1944 2052 2325 2124 Chronicosuo
2361 2067 2410 2102 a.
2443 2051 2549 2124 9154
2592 2055 2641 2103 et
2687 2052 2790 2102 969
2819 2053 3083 2105 inseriut:
3143 2054 3439 2124 laudatque
3462 2073 3578 2110 eam

258 2129 446 2177 auctor
470 2125 723 2176 Chron-iet
763 2124 1128 2190 episcoporum
1155 2124 1489 2175 Mettensium
1533 2123 1681 2190 apud
1706 2123 2024 2175 Dacherium
2053 2122 2240 2190 Spicil.
2294 2125 2364 2184 11,
2395 2122 2517 2174 228.
2554 2124 2918 2189 Epitaphium
2970 2125 3145 2191 capiti
3173 2125 3234 2176 21
3294 2122 3581 2193 iiisertum,

259 2198 416 2247 etiam
452 2197 507 2247 in
539 2195 714 2247 codice
740 2209 859 2247 scec.
893 2209 966 2258 x1,
1000 2194 1124 2246 olim
1191 2194 1400 2259 collegii
1465 2194 1890 2257 (‘laromontani,
1921 2198 2105 2261 postea
2153 2196 2500 2258 Meermamii,
2548 2193 2668 2260 jam
2735 2196 2844 2245 viri
2889 2194 3184 2248 clarissimi
3215 2196 3304 2249 Sir
3357 2199 3587 2252 Thomas

255 2267 504 2334 Philipps
527 2266 854 2319 Middlehilli
891 2269 948 2317 in
979 2265 1197 2329 Anglia.
1245 2281 1300 2317 n.
1353 2265 1482 2317 1711
1517 2267 1750 2331 signato,
1781 2265 2002 2318 habetur
2052 2265 2192 2317 unde
2217 2266 2343 2317 olim
2384 2264 2450 2317 ab
2490 2265 2715 2316 Andr-ea
2748 2265 3020 2318 Duchesne
3044 2266 3392 2336 descriptum,
3423 2271 3588 2323 Batu-

256 2339 373 2388 :.ius
401 2340 457 2388 in
488 2337 708 2390 Misciill.
734 2336 974 2401 11",5554,
1008 2336 1200 2396 edidit,
1243 2341 1290 2388 et
1319 2337 1752 2404 Lappenbergius
1782 2341 1961 2389 noster
1988 2352 2038 2389 a.
2083 2336 2214 2388 1836
2242 2337 2431 2388 iterum
2463 2338 2770 2403 emscripsit.

327 2408 658 2475 Subjicimus
684 2409 960 2474 rhythmos
989 2410 1045 2460 in
1066 2408 1313 2460 honorem
1343 2408 1618 2461 Deode—rici
1646 2423 1679 2460 a
1713 2408 1978 2474 Sigeberto
2007 2411 2339 2476 compositos,
2382 2422 2515 2475 quos
2546 2422 2607 2459 ea;
2646 2407 2980 2475 autographa
3006 2407 3118 2477 ejus
3162 2411 3222 2462 in
3267 2415 3590 2466 monasterio

257 2482 313 2532 ὅ.
353 2481 624 2534 Vincentii
653 2480 924 2533 Mettensis
945 2483 1151 2532 serrato
1180 2479 1442 2532 Meurissc
1471 2481 1531 2532 in
1569 2481 1814 2533 Historia
1837 2480 2206 2548 episcoporum
2229 2481 2670 2547 Mettensium,p.
2695 2479 2819 2545 329,
2849 2478 2974 2545 330,
3003 2480 3192 2536 edidit.

1252 2695 1591 2756 BHYTHMI
1635 2696 1710 2758 ΙΝ
1760 2695 2124 2758 ΗΟΝΟΒΕΜ
2176 2693 2598 2756 DEODEBICI.

254 2823 370 2876 Vita
397 2822 648 2877 Dcodrici
679 2821 890 2877 meritis
928 2829 981 2876 et
1009 2829 1257 2892 tempore
1289 2825 1447 2894 primi
1479 2826 1625 2895 (925)

255 2914 364 2968 lloc
393 2912 669 2983 descripta
695 2912 854 2980 libro,
880 2912 1111 2967 memori
1137 2913 1454 2968 recitabitur
1483 2931 1618 2970 aevo.

254 3005 398 3059 Hauc
426 3004 515 3057 vix
542 3003 794 3077 compegi
835 3003 1041 3074 vilique
1081 3010 1355 3058 caractere
1383 3004 1578 3074 scripsi

250 3096 442 3150 Christi
479 3095 721 3167 pupillus
761 3095 1101 3168 Sigcbertus,
1135 3104 1318 3150 mente
1348 3095 1602 3167 pusillus.

249 3193 344 3248 llic
371 3203 485 3260 tua,
509 3192 760 3248 Vincenti
792 3192 975 3259 levita,
1010 3193 1241 3264 tr0phea
1274 3177 1466 3267 relegi,

246 3289 359 3354 llic,
386 3289 565 3355 Lucio,
595 3289 672 3342 tui
707 3289 1042 3359 reliquorum
1061 3297 1298 3358 suntque
1321 3286 1604 3357 triumphi,

245 3379 485 3442 Quorum
527 3383 653 3432 sunt
682 3377 824 3432 tituli
847 3377 1085 3432 seriatim
1111 3377 1426 3448 praetitulati
1456 3377 1620 3446 (9‘26).

243 3472 509 3544 Quicquid
536 3473 776 3542 peccavi,
801 3472 957 3527 vobis
984 3472 1150 3526 debet
1170 3470 1434 3542 reputari,

241 3566 277 3619 Ο
306 3565 502 3633 Ulrice,
531 3570 734 3635 tuoque
765 3564 931 3619 simul
963 3564 1110 3620 fratri
1147 3562 1440 3630 Ruodulfo,

241 3659 384 3722 Quos
409 3657 628 3713 divinus
654 3673 826 3723 amor,
861 3673 1000 3728 quos
1030 3656 1195 3711 vestri
1219 3658 1286 3690 ⁸99
1313 3655 1561 3725 1)Γὶ13811115
1590 3654 1754 3710 ardor

1891 2835 1939 2900 Α
1973 2828 2219 2897 Perpulit
2259 2827 2488 2882 invitum
2533 2844 2618 2882 me
2641 2843 2840 2902 cogere
2881 2835 3077 2900 satque
3110 2831 3373 2897 renisum,

1972 2916 2081 2971 Hoc
2111 2931 2252 2970 onus
2278 2916 2534 2971 invalidis
2562 2924 2620 2971 ut
2649 2917 2844 2972 vellem
2867 2918 3056 2973 tollere
3090 2920 3372 2987 membris,

1969 3008 2031 3062 Ut
2068 3009 2226 3064 vobis
2251 3009 2490 3076 laudem,
2511 3010 2647 3064 mihi
2671 3010 2762 3064 det
2789 3027 2911 3065 mea
2935 3011 3097 3082 culpa
3126 3013 3406 3068 ruborem.

1963 3103 2222 3168 Quisnam
2247 3104 2314 3157 ad
2339 3104 2649 3158 mercedem
2680 3104 2839 3159 vobis
2854 3114 3019 3180 neget
3044 3107 3246 3162 addere
3274 3107 3514 3174 laudem,

1964 3192 2063 3257 Qui
2099 3192 2263 3247 talem
2291 3193 2492 3247 librum
2520 3192 2724 3247 divinis
2752 3193 2948 3249 usibus
2975 3201 3160 3265 aptum

1966 3284 2181 3339 Sanctis
2208 3285 2458 3339 donastis
2482 3285 2722 3355 propriis
2751 3287 3146 3357 propriumque
3173 3286 3396 3342 dicastis
3417 3288 3445 3340 ?

1967 3377 2073 3431 Res
2104 3377 2284 3431 minor
2309 3375 2527 3442 atfectu,
2559 3377 2733 3447 major
2770 3377 2991 3432 devotio
3024 3393 3192 3432 censu
3219 3379 3288 3412 ⁰⁰⁰

1965 3468 2191 3522 Semine
2215 3468 2368 3539 plura
2407 3474 2600 3533 metes,
2634 3469 2688 3521 in
2715 3485 2812 3538 spe
2833 3468 2925 3540 qui
2957 3470 3169 3523 semina
3199 3470 3402 3525 mittes.

1963 3560 2467 3634 Nilrecipitgratis,
2502 3560 2595 3630 qui
2628 3560 2740 3627 dat,
2775 3561 2934 3627 Deus,
2969 3562 3155 3616 omnia
3181 3561 3368 3636 gratis.

1965 3651 2101 3705 Laus
2129 3651 2301 3719 danti,
2332 3669 2437 3722 pax
2472 3651 2732 3719 servanti,
2767 3668 2898 3706 crux
2927 3653 3233 3723 diripienti.

555 3782 918 3843 EPISTOLA
948 3784 1045 3842 DE
1081 3784 1254 3845 VITA
1286 3784 1350 3817 ⁹⁰¹
1389 3784 1620 3843 ΗΘΜΝΙ
1654 3779 2056 3842 lJEODERICl
2090 3779 2383 3842 Plll'OIlIS
2411 3780 2835 3841 METTENSIS
2865 3780 3221 3842 EPISCOPI.

307 3914 509 3963 Domno
537 3909 841 3974 reuere-nde,
878 3913 1035 3978 patri
1077 3912 1401 3979 venerando,
1448 3913 1637 3966 domno
1668 3912 1854 3964 abbati
1885 3915 1932 3981 Β
1957 3911 2093 3970 bere.
2127 3914 2202 3964 set
2248 3925 2352 3964 non
2388 3911 2500 3977 fuit
2527 3911 2834 3975 consilium,
2860 3911 3019 3979 culpa
3049 3911 3152 3964 mei
3193 3911 3342 3964 tardi
3369 3911 3576 3976 ingenii

234 4004 280 4050 et
311 3999 570 4051 abbatum
597 3999 829 4068 speculo,
863 4001 918 4052 [τ’.
956 4039 988 4053 ..
1034 4015 1302 4053 servorum
1333 4002 1432 4054 Dei
1471 4003 1681 4054 utinam
1721 4005 1852 4055 ulti-

234 4102 348 4139 mus
378 4086 620 4139 servulus
661 4087 762 4141 S...
799 4102 913 4155 qua:
936 4089 1186 4156 promisit
1225 4092 1362 4142 Deus
1393 4104 1447 4141 se
1477 4090 1845 4157 diligentibus.

237 4180 309 4230 De
331 4180 495 4244 gestis
525 4177 732 4232 domini
759 4183 806 4232 et
844 4182 1069 4248 patro-ni
1097 4182 1270 4234 nostri
1302 4181 1581 4235 Deoderici
1607 4199 1726 4251 quae
1762 4201 1847 4238 ve-

232 4273 346 4324 raci
397 4271 652 4324 relatione
695 4287 979 4340 agnoscere
1017 4275 1191 4340 potui,
1250 4273 1501 4341 ﬁdeliter,
1560 4290 1657 4343 pro
1688 4281 1850 4344 captu

232 4381 364 4427 meo,
397 4370 654 4419 annotare
682 4365 888 4431 studui,
911 4381 1049 4420 ausu
1074 4367 1290 4435 quidem
1322 4369 1623 4432 temerario,
1653 4369 1850 4437 affectu

234 4463 412 4512 tamen
449 4459 774 4513 voluntario.
816 4461 936 4515 Non
986 4462 1125 4513 enim
1181 4475 1299 4514 reor
1343 4461 1625 4529 displicere
1667 4465 1848 4517 animo

233 4547 408 4611 ﬁdelis
456 4548 745 4612 echono-mi,
779 4548 1044 4618 quicquid
1073 4549 1275 4603 accedit
1318 4550 1573 4604 laudibus
1625 4553 1711 4605 sui
1749 4552 1848 4606 do-

237 4637 390 4688 mini.
427 4637 671 4691 Monebat
707 4652 788 4691 me
817 4640 1031 4692 animus
1063 4639 1156 4693 hoc
1195 4644 1366 4694 vestro
1407 4643 1616 4696 nomini
1647 4644 1849 4696 asseri—

1953 4005 2164 4059 laudem
2220 4009 2452 4059 uestram
2502 4005 2750 4071 deterere,
2809 4021 2962 4074 quem
3013 4006 3281 4071 dignitate
3321 4007 3578 4059 litteratis

1950 4097 2184 4148 scicntire
2216 4099 2424 4149 constat
2468 4097 2670 4149 cunctis
2722 4097 3038 4163 prcecellere.
3109 4095 3211 4149 Vos
3275 4113 3420 4162 ergo,
3481 4099 3580 4166 qui

1950 4187 2189 4240 lectionis
2216 4187 2416 4240 divina.
2439 4187 2952 4242 assiduadulcedine
2973 4190 3267 4242 consuestis
3295 4188 3576 4253 delectari,

1947 4277 2260 4343 patiamini,
2301 4290 2498 4344 quoeso,
2533 4280 2692 4340 gustu
2721 4277 2916 4329 incuiti
2953 4278 3216 4330 sermonis
3247 4291 3301 4329 0s
3339 4281 3576 4330 restium

1950 4369 2266 4431 amaricari,
2321 4372 2382 4420 ut
2409 4369 2583 4435 magis
2623 4369 2771 4422 vobis
2825 4370 3082 4437 repet-itus
3117 4369 3331 4438 placeat
3364 4369 3575 4434 dulcor,

1950 4472 2106 4525 quem
2132 4457 2205 4509 ad
2252 4457 2437 4511 horam
2468 4458 2702 4511 insuetus
2737 4459 2956 4512 torserit
2995 4462 3234 4522 amator;
3270 4457 3397 4511 dum
3431 4459 3573 4512 deli-

1949 4552 2116 4604 tiosus
2151 4553 2468 4621 plerumque
2506 4556 2772 4606 stomacus
2815 4553 3013 4621 rapula
3045 4557 3209 4621 atque
3239 4552 3474 4606 ascalias
3503 4552 3573 4584 903

1949 4645 2155 4696 macult
2185 4645 2398 4710 imulas,
2432 4644 2656 4699 necdum
2712 4647 2885 4698 omnis
2941 4645 3136 4699 abacta
3173 4647 3251 4699 est
3281 4646 3573 4714 pauperies

1586 4755 1802 4810 VABIZE
1852 4756 2230 4812 LECTIONES.

309 4844 487 4924 89fita
517 4861 568 4924 o.
637 4845 707 4880 ⁹⁰⁰
745 4862 912 4924 sensu
943 4849 1023 4924 1_._
1070 4848 1338 4924 9°fdevfita
1369 4852 1498 4907 add.
1562 4855 1630 4888 90’
1659 4857 1739 4909 ita
1771 4859 2015 4924 corrigo;
2049 4857 2265 4910 ascidas
2297 4871 2344 4910 c.
2380 4858 2522 4910 Imus
2544 4855 2778 4909 ascalias
2819 4857 3144 4910 tenerrimas
3175 4870 3305 4921 esse,
3337 4857 3566 4924 quisque

1797 4997 2006 5053 ΝΟΤΑΞ).

240 4918 403 4971 novit.
433 4918 618 4975 Leibn.
651 4922 885 4974 correxit
905 4920 1092 4974 acidas
1112 4921 1342 4992 jurulas.

309 5089 450 5165 (9151»)
494 5091 567 5145 De
613 5090 705 5147 SS.
748 5093 1139 5148 ecclesiasticis
1169 5111 1217 5149 c.
1261 5095 1392 5148 171:
1422 5096 1629 5165 Scripsi
1663 5100 1846 5153 Vitam

243 5163 552 5236 Theoderici
578 5166 834 5234 episcopi,
865 5166 1155 5219 conditoris
1199 5169 1372 5236 ipsius
1417 5163 1644 5223 ecclesice
1673 5175 1721 5224 et
1751 5173 1845 5224 ab-

240 5235 396 5310 batiee
419 5249 438 5310 ;_
465 5237 520 5288 in
549 5251 658 5304 qua
687 5239 848 5290 etiam
866 5253 972 5310 per
1003 5235 1386 5304 digressionem
1427 5240 1640 5294 laude‘n
1674 5244 1848 5310 ipsius

238 5305 388 5357 urbis
419 5306 625 5360 heroico
650 5312 816 5360 metro
843 5305 1159 5362 declamavi.

304 5373 457 5454 illiti)
496 5378 699 5454 l-loratii
740 5379 1040 5449 przecipue,
1088 5379 1244 5447 cujus
1290 5379 1477 5450 plures
1523 5383 1672 5438 locos
1714 5384 1848 5439 scri-

242 5449 348 5514 ptis
372 5449 620 5504 inseruit.

581 5536 631 5589 g.
665 5521 989 5594 augustini;
1030 5522 1319 5594 ivi._c7ap.75,
1357 5540 1411 5577 n.
1445 5523 1481 5578 f.

313 5587 452 5663 (91?)
477 5589 530 5663 [ξ.
554 5587 633 5659 g.,
665 5587 926 5663 Rubtgeri
956 5599 1008 5647 et
1033 5587 1354 5648 Widukindi
1386 5611 1430 5649 c.
1469 5598 1516 5650 1.

315 5656 456 5726 (9l8)
480 5656 606 5729 Cap.
644 5663 724 5714 11.

2022 5099 2160 5162 1919)
2201 5098 2328 5168 Cap.
2367 5097 2686 5165 13,16,17,
2723 5096 2917 5163 18,21.

2021 5172 2158 5239 (920)
2202 5169 2256 5223 C.
2283 5170 2370 5233 14,
2403 5169 2492 5223 20.

2021 5243 2165 5307 (921)
2203 5243 2255 5294 1).
2291 5241 2373 5293 16.

2023 5314 2168 5380 (922)
2201 5313 2375 5377 111,9.

2026 5385 2167 5452 (9‘23)
2201 5383 2364 5451 Cujus
2396 5382 2536 5438 libro
2569 5383 2624 5437 in
2647 5381 2914 5438 Chronico
2946 5396 3077 5436 usus
3107 5388 3215 5436 est.

2024 5456 2166 5520 (924)
2201 5455 2254 5509 C.
2290 5454 2379 5507 22.

2026 5527 2171 5597 (925)
2230 5525 2517 5580 Secundus
2559 5525 2929 5580 Theodericus
2987 5523 3135 5579 sedit
3187 5523 3347 5578 annis
3408 5524 3568 5580 1005·

2028 5669 2170 5739 (926)
2200 5669 2263 5722 ν.
2298 5674 2459 5739 caput
2488 5669 2572 5722 16.
