3934 6054
265 240 375 297 693

1293 242 1442 298 νιΤΑ
1485 243 1834 300 DEODERICI
1877 245 2173 302 EPISCOPI
2213 246 2596 302 METTENSIS.

3497 256 3604 312 696

256 367 430 438 epulis
468 380 681 436 regum;
707 383 834 422 nam
849 367 1048 423 vitibus
1070 370 1184 424 ovis
1214 371 1491 442 nigrisque
1521 376 1598 427 est
1625 373 1790 427 hoteis
1811 373 1880 408 903
1903 380 1952 447 Α
1983 374 2251 444 displicet,
2277 377 2615 443 mortiferum
2638 379 2902 447 praeﬁgite
2931 379 3098 434 theta.
3151 381 3430 450 Loquatur
3453 389 3604 440 muta

259 460 417 514 hodie
444 460 606 514 locus.
637 461 755 516 Non
784 459 1097 542 attendatis,
1131 463 1252 530 quis
1278 463 1359 516 vel
1387 463 1540 532 quali
1573 465 1882 532 scripserim
1979 469 2190 536 pagina
2214 483 2392 523 rerum
2425 471 2633 536 seriem,
2664 485 2757 526 nec
2779 472 3082 540 perfundat
3108 473 3296 528 rubore
3323 477 3602 545 scriptoris
3625 487 3638 496 ‘

258 551 404 617 stilo,
445 552 538 605 sed
569 551 704 621 quid
741 551 881 605 etde
909 567 1046 621 quo:
1072 556 1120 607 et
1139 551 1386 608 adhibita
1397 557 1886 622 patervrwccnsurw
1981 560 2198 626 faciem.
2241 561 2379 614 Bene
2412 561 2584 615 valete

253 644 456 723 ferula,
486 646 537 699 si
579 644 780 714 placet,
812 649 965 698 acuto
999 659 1130 700 veru
1171 645 1444 714 confodite
1485 648 1799 716 superﬂua;
1835 649 1886 702 si

1635 791 1902 837 EXPLICIT
1943 793 2240 840 EPIS'I‘OLA.

1244 949 1425 1010 ITEM
1473 947 1867 1012 PREFATIO
1911 947 2325 1023 SEQUENTIS
2366 949 2635 1014 OPEBIS

327 1105 652 1174 Laudemus,
689 1106 868 1179 inquit
905 1107 1064 1162 Jesus
1092 1106 1238 1162 ﬁlius
1277 1107 1452 1174 Sirae,
1496 1107 1641 1162 viros
1671 1105 1878 1176 glorio-
1980 1118 2110 1156 num
2145 1102 2355 1158 invitat.
2389 1103 2654 1168 Quocirca
2681 1105 2865 1161 solent
2896 1106 3130 1162 multum
3163 1107 3316 1164 multi
3353 1125 3601 1183 conque-

255 1213 349 1252 sos
367 1203 421 1252 et
449 1203 706 1268 parentes
732 1203 948 1253 nostros
979 1197 1034 1251 in
1065 1198 1424 1268 generatione
1445 1213 1564 1263 sua,
1594 1197 1685 1269 qui
1717 1197 1785 1230 9‘“
1821 1197 1874 1250 in

253 1285 709 1358 generationibus
747 1287 861 1341 suis
898 1286 1128 1359 gloriam
1161 1286 1349 1358 adepti
1387 1292 1534 1352 sunt,
1577 1291 1630 1339 et
1671 1285 1724 1339 in
1753 1284 1875 1339 die-

253 1374 360 1430 bus
414 1375 529 1431 suis
567 1375 839 1432 habentur
863 1392 986 1430 cum
1035 1375 1314 1431 laudibus.
1347 1375 1447 1440 Qui
1493 1375 1562 1429 de
1612 1375 1720 1430 illis
1760 1373 1872 1429 nati

251 1476 399 1536 sunt,
434 1471 781 1543 reliquerunt
811 1487 1014 1528 nomen
1055 1471 1313 1526 narrandi
1345 1472 1538 1526 laudes
1568 1487 1784 1537 eorum,
1818 1477 1872 1524 et

251 1569 378 1616 sunt
399 1578 632 1634 quorum
662 1579 772 1619 non
795 1573 877 1619 est
903 1565 1200 1630 memoria;
1237 1564 1530 1635 perierunt
1555 1563 1714 1636 quasi
1759 1578 1871 1619 non

253 1651 480 1716 fuerint,
512 1662 565 1707 et
589 1652 698 1707 nati
731 1661 859 1708 sunt
889 1653 1044 1724 quasi
1076 1669 1186 1708 non
1235 1654 1369 1721 nati,
1403 1661 1458 1709 et
1497 1652 1595 1707 filii
1626 1653 1870 1724 ipsorum

251 1765 374 1803 cum
423 1749 548 1804 illis.
612 1751 706 1806 Set
743 1751 800 1805 lii
841 1759 970 1805 sunt
1006 1751 1109 1804 viri
1161 1749 1573 1814 misericordia),
1637 1766 1869 1821 quorum

241 1837 486 1906 justicize
517 1839 855 1895 oblivionem
888 1856 998 1896 non
1037 1846 1370 1910 acceperunt
1408 1839 1594 1910 (Eccti.
1637 1855 1783 1905 xuv,
1815 1839 1868 1906 1,

243 1928 401 1999 8-10)
458 1925 594 1984 Ecce
626 1941 834 1986 amator
881 1930 1170 2002 sapientiae
1225 1931 1370 2001 piam
1393 1939 1609 2001 patrum
1640 1945 1863 1986 suorum

242 2018 590 2088 amplexatus
629 2019 882 2092 gloriam,
927 2019 1126 2074 merito
1169 2019 1389 2074 illorum
1435 2021 1742 2075 detestatur
1779 2036 1864 2076 soo

248 2107 516 2175 cordiam,
549 2109 643 2180 qui
673 2109 951 2165 oblivione
978 2109 1064 2164 vel
1099 2109 1310 2165 incuria
1335 2109 1618 2180 patiuntur
1639 2109 1865 2164 oblitte-

251 2202 356 2254 rari
409 2202 674 2270 majorum
726 2219 953 2258 suorum
1011 2203 1353 2259 memoriam.
1405 2202 1532 2257 Cum
1601 2203 1747 2258 enim
1806 2203 1862 2258 in

251 2290 514 2344 memoria
541 2298 746 2346 aeterna
777 2292 847 2346 sit
886 2292 1086 2360 justus,
1111 2298 1165 2347 et
1199 2291 1462 2348 memoria
1480 2291 1613 2361 justi
1642 2308 1866 2362 semper

249 2383 320 2438 sit
349 2400 470 2438 cum
503 2385 778 2453 laudibus,
823 2385 1089 2458 profecto,
1121 2386 1262 2442 sicut
1287 2387 1453 2442 bonis
1482 2387 1749 2458 operibus
1769 2403 1866 2459 pa-

248 2481 398 2529 ratur
417 2475 614 2530 animae
633 2476 765 2547 justi
796 2477 957 2531 beata
1006 2475 1408 2544 immortalitas,
1444 2477 1516 2530 ita
1547 2476 1734 2531 'etiam
1768 2493 1866 2547 per

247 2567 514 2622 bonorum
555 2584 783 2640 operum
829 2570 1157 2625 memoriam
1215 2570 1459 2642 paranda
1511 2577 1597 2624 est
1650 2569 1864 2624 nomini

251 2658 373 2727 ejus
400 2658 588 2733 gloriae
633 2661 970 2736 longaivitas.
1005 2662 1058 2716 Si
1107 2678 1240 2739 ergo
1276 2661 1364 2716 his
1392 2661 1482 2728 905,
1515 2661 1609 2733 qui
1650 2660 1864 2716 dederit

250 2749 476 2803 calicem
507 2766 664 2821 aqua:
695 2750 907 2826 frigidae
939 2758 1148 2807 tantum
1187 2751 1243 2806 in
1285 2751 1511 2806 nomine
1536 2750 1693 2820 justi,
1727 2765 1865 2803 mer-

249 2839 440 2892 cedem
475 2855 629 2894 suam
663 2855 776 2895 non
821 2841 1045 2912 perdet:
1091 2850 1146 2896 et
1175 2841 1286 2908 ille,
1319 2841 1512 2906 credo,
1549 2840 1860 2895 mercedem

237 2929 374 2998 justi
398 2931 655 3001 accipiet,
675 2931 766 3003 qui
795 2932 988 2988 laudes
1012 2933 1433 3002 justivetustatc
1455 2948 1746 2988 senescere
1776 2931 1862 2988 vel

245 3021 526 3077 oblivione
567 3023 786 3093 sepeliri
827 3025 1114 3095 prohibet;
1163 3026 1291 3097 quia
1336 3025 1526 3096 procul
1585 3025 1755 3080 dubio
1790 3025 1859 3079 ad

245 3109 463 3165 laudem
514 3111 609 3164 Dei
651 3119 880 3183 spectat,
927 3120 981 3168 et
1031 3115 1340 3169 mercedem
1378 3113 1510 3182 justi
1553 3114 1861 3170 accumulat

244 3203 390 3274 quod
421 3204 708 3279 integritas
740 3205 862 3261 vita:
881 3222 1072 3262 eorum
1102 3207 1238 3263 alios
1263 3223 1362 3263 suo
1394 3208 1646 3279 exemplo
1664 3207 1730 3262 ad
1759 3206 1862 3262 bo-

1978 1197 2060 1263 ri;
2092 1197 2208 1264 alii,
2267 1199 2415 1270 quod
2446 1198 2611 1254 vitam
2660 1201 3130 1270 praedecessorum
3182 1219 3429 1268 suorum,
3482 1205 3599 1273 alii,

1975 1291 2298 1361 specialium
2355 1299 2716 1362 patronorum
2757 1309 2980 1349 suorum
3024 1295 3097 1350 ita
3150 1296 3375 1366 penitus
3404 1297 3596 1355 abole-

1973 1379 2114 1434 verit
2143 1379 2369 1447 oblivio,
2401 1389 2457 1433 ut
2487 1387 2684 1450 praeter
2737 1381 2807 1415 θοδ
2857 1397 3082 1450 nomen,
3127 1387 3182 1436 et
3230 1393 3597 1459 praeterquam

1975 1471 2124 1543 quod
2152 1487 2248 1526 eos
2279 1471 2334 1524 in
2357 1470 2556 1525 diebus
2586 1471 2701 1526 suis
2735 1480 2948 1528 constat
2979 1475 3255 1545 placuisse
3288 1479 3420 1544 Deo,
3447 1479 3599 1534 nulla

1975 1576 2155 1614 rerum
2189 1569 2467 1633 gestarum
2503 1560 2595 1615 ﬁat
2627 1562 2857 1629 mentio,
2890 1568 2949 1617 ut
2986 1579 3084 1634 per
3130 1581 3228 1620 eos
3258 1582 3460 1622 nomen
3501 1568 3598 1623 Dei

1973 1651 2361 1722 benedicatur,
2395 1653 2490 1724 qui
2529 1653 2714 1708 omnia
2749 1654 2804 1708 in
2851 1655 3112 1710 omnibus
3156 1664 3434 1728 operatur.
3477 1659 3599 1715 llaec

1973 1745 2166 1798 eadem
2200 1745 2527 1816 conquestio
2560 1761 2662 1801 nos
2687 1763 2856 1818 super
2885 1747 2953 1782 ⁹⁰⁷
2997 1748 3226 1804 (Ιοιηὶηο
3257 1757 3311 1805 et
3365 1758 3597 1822 patrono

1974 1844 2158 1892 nostro
2227 1837 2528 1892 Deoderico
2584 1838 2761 1913 magis
2819 1839 3108 1914 magisque
3156 1841 3488 1899 sollicitabat
3539 1844 3596 1900 in

1973 1926 2120 1994 dies;
2153 1925 2282 1998 quia
2313 1941 2480 1997 Opera
2505 1927 2625 1995 ejus
2659 1928 2831 1982 multa
2860 1937 2916 1984 et
2948 1945 3147 2000 magna
3173 1931 3251 1985 sic
3279 1948 3420 2002 pene
3450 1948 3594 1989 con-

1966 2028 2280 2092 sumpserat
2317 2021 2614 2076 oblivionis
2639 2021 2833 2084 caries.
2869 2029 2929 2078 ut
2976 2023 3182 2099 lignum
3226 2042 3464 2093 vermes,
3507 2029 3594 2083 vel

1964 2111 2108 2166 sicut
2139 2110 2288 2165 tinea
2318 2116 2516 2164 vestes.
2552 2110 2720 2174 Quam
2761 2111 3191 2168 sollicitudinem
3223 2130 3255 2168 a
3281 2115 3587 2184 majoribus

1965 2201 2212 2257 relictam
2272 2201 2455 2267 nobis,
2502 2200 2871 2256 transmittere
2915 2203 3152 2274 posteris
3213 2207 3415 2260 nostris
3475 2223 3587 2262 non

1965 2291 2270 2355 debemus;
2327 2281 2501 2345 setea
2541 2290 2774 2345 curiosis
2803 2291 2979 2346 oculis
3033 2291 3402 2364 inquirentes,
3434 2311 3582 2365 prae-

1965 2388 2143 2437 stante
2196 2380 2312 2446 illo,
2371 2379 2464 2452 qui
2516 2379 2732 2454 linguas
2787 2379 3076 2434 infantium
3129 2381 3256 2437 facit
3321 2383 3584 2450 disertus,

1965 2473 2092 2528 stilo
2123 2471 2469 2528 certitudinis
2498 2473 2792 2526 enucleare
2836 2473 3244 2544 temptabimus.
3279 2475 3585 2532 Probemus

1965 2583 2098 2639 ergo
2129 2567 2480 2622 devotionem
2503 2581 2633 2638 erga
2657 2573 2944 2638 patronum
2975 2575 3255 2636 nostrum;
3288 2569 3588 2627 offeramus

1965 2644 2305 2712 oblationem
2337 2662 2577 2710 nostram
2609 2654 2680 2717 ei,
2715 2655 2808 2728 qui
2851 2672 2977 2712 vere
3000 2665 3118 2712 erat
3151 2659 3241 2712 Dei
3275 2659 3583 2730 templum;

1965 2757 2021 2804 ct
2055 2749 2099 2802 si
2141 2749 2556 2813 nonjhabemus
2593 2739 2847 2818 puritatis
2890 2765 3105 2816 aurum,
3139 2751 3347 2822 eloqui,
3391 2768 3587 2826 argen-

1967 2849 2101 2904 tum,
2136 2840 2420 2895 munditiae
2452 2841 2694 2911 byssum.
2729 2829 2964 2914 geminae
2990 2841 3079 2907 9°“,
3109 2843 3428 2898 dilectionis
3447 2860 3580 2900 coc-

1963 2949 2086 2989 cum
2120 2933 2208 2988 bis
2239 2933 2466 2987 tinctum
2495 2932 2694 3004 (Exod.
2721 2949 2878 3000 xxxv,
2905 2933 2982 3003 6),
3014 2934 3207 2989 saltem
3237 2936 3304 2990 de
3335 2935 3463 3006 pilis
3489 2953 3578 2992 ca-

1961 3043 2178 3098 prarum
2229 3033 2476 3080 texamus
2507 3040 2700 3099 sagum
2729 3025 3032 3094 cilicinum,
3063 3026 3149 3082 vel
3187 3027 3254 3082 ad
3310 3028 3577 3099 operien-

1961 3116 2090 3170 dum
2111 3115 2361 3186 corporis
2409 3115 2529 3183 ejus
2569 3114 2980 3170 tabernaculum
3025 3114 3114 3180 90°,
3159 3115 3246 3172 vel
3277 3115 3469 3171 saltem
3511 3116 3579 3171 ad

1963 3207 2158 3263 tumuli
2190 3207 2311 3276 ejus
2341 3207 2621 3278 pulverem
2655 3206 3076 3281 extergendum.

1571 3376 2238 3468 INVOCATIO

309 3564 620 3641 lngressuri
644 3580 776 3638 ergo
801 3566 967 3634 viam,
1001 3573 1059 3622 ut
1103 3567 1390 3622 veniamus
1415 3567 1484 3622 ad
1523 3569 1851 3623 narrandam
1878 3573 1926 3642 Ο

2062 3569 2268 3624 Pendet
2289 3583 2448 3623 mens
2472 3584 2504 3622 a
2531 3573 2615 3638 te;
2649 3567 2774 3638 quis
2797 3567 2931 3638 quid
2963 3567 3070 3638 erit
3097 3568 3216 3624 sine
3234 3575 3288 3625 te

235 3659 508 3716 veraciter
529 3659 664 3728 justi
695 3659 794 3714 viri
838 3660 1026 3726 vitam,
1070 3661 1211 3729 ejus,
1249 3661 1342 3732 qui
1385 3661 1491 3728 via,
1542 3662 1744 3717 veritas
1800 3670 1854 3718 et
1955 3636 3160 3732 “US$195is?Eleijfljlf‘ﬁ“:ﬁg‘i‘ffiﬁrlsj

2063 3711 2122 3765 Et
2143 3711 2271 3778 iusti
2304 3711 2436 3782 quid
2461 3710 2679 3765 honor?
2702 3708 3060 3766 Justificantis
3086 3727 3259 3768 amor.

235 3755 349 3810 vita
404 3763 507 3820 est,
553 3753 875 3808 invocemus
927 3754 1178 3828 gratiam,
1232 3762 1292 3810 ut
1339 3755 1433 3828 qui
1493 3755 1630 3811 lacte
1680 3755 1853 3827 pascit

1968 3753 2198 3837 Praedico
2225 3753 2539 3838 sanictorum
2556 3789 2828 3849 sanctum,
2861 3799 2983 3836 cum
3015 3783 3260 3852 prtedico
3288 3774 3576 3853 sanctum;

235 3845 551 3911 edentulos,
593 3859 694 3901 nos
729 3844 992 3902 doctrinm
1039 3863 1152 3902 suae
1184 3855 1371 3918 pascat
1413 3847 1622 3916 edulio,
1676 3856 1731 3904 et
1769 3865 1852 3904 sa-

235 3941 459 4014 pientiae
491 3957 606 3996 suae
621 3941 836 3997 erudiat
865 3941 1127 4014 alloquio.

2061 3853 2240 3909 Pulcri
2267 3854 2386 3908 laus
2413 3853 2620 3925 operis,
2654 3853 2772 3908 laus
2793 3853 2898 3908 erit
2927 3854 3172 3910 artificis.

1951 3925 2089 3980 Ecce
2121 3941 2330 3996 repono
2361 3933 2515 3980 tuum
2545 3925 2645 3980 tibi
2673 3925 2878 3992 justum
2909 3925 3310 3993 Deodericum;

2059 3997 2216 4050 Adsis
2235 4013 2343 4052 una
2371 3997 2542 4062 Trias,
2573 3995 2772 4051 animae
2798 3996 2942 4051 trina
2968 4013 3188 4053 monas.

232 4069 442 4125 domine
507 4069 718 4124 Christe
783 4070 912 4124 deus
965 4072 1298 4136 omnipotens
1398 4073 1658 4142 princeps
1733 4070 1849 4142 sine
1948 4067 2292 4142 Viximuttire
2324 4084 2493 4142 queo,
2525 4075 2735 4123 mutum
2768 4084 2964 4142 precor
2989 4069 3316 4142 os‘aperito.

1555 4140 1846 4212 [principio

2056 4141 2177 4211 Ipse
2204 4139 2371 4212 doces
2395 4140 2628 4206 asinam,
2652 4156 2775 4212 qua:
2800 4141 3012 4212 doceat
3051 4139 3290 4197 Balaam.

233 4211 391 4284 Kyric
422 4212 511 4280 9‘0,
545 4211 778 4280 Christe,
813 4213 994 4279 theos,
1026 4218 1407 4284 pantocraton,
1439 4210 1847 4286 arclios,_anar-
1946 4210 2160 4286 Naturae
2193 4211 2292 4266 tibi
2332 4211 2418 4265 lex
2455 4227 2565 4267 non
2588 4210 2770 4267 olistat
2798 4211 2998 4286 legifer
3024 4212 3209 4286 exlex;

1028 4282 1040 4284 ⁷
1689 4283 1823 4338 chos

339 4354 424 4409 Sis
453 4354 586 4409 mihi
611 4355 967 4426 principium,
997 4355 1130 4423 dux,
1161 4355 1269 4422 via,
1300 4354 1638 4426 praesidium,
1671 4282 1686 4353 [
1829 4325 1841 4348 ’

232 4426 298 4480 Ut
326 4426 534 4482 valeam
567 4442 667 4498 per
696 4435 772 4494 te,
801 4427 1078 4500 condigne
1107 4426 1348 4484 scribere
1379 4427 1449 4482 de
1481 4436 1555 4480 te.

2052 4283 2262 4354 Nempe
2283 4299 2527 4354 sequens
2545 4289 2760 4348 nutum,
2785 4283 2959 4338 nescit
2987 4283 3196 4338 habere
3224 4289 3448 4338 statum.

1943 4353 2020 4407 Tu
2057 4353 2309 4427 linguans
2335 4353 2537 4420 mutos,
2571 4355 2861 4427 clinguans
2882 4361 3045 4427 atque
3073 4354 3338 4427 disertos,

2051 4424 2242 4480 Cor—dis
2272 4433 2436 4500 tange
2468 4424 2713 4496 petram,
2735 4431 2888 4495 petra
2905 4424 3163 4480 refundct
3191 4439 3412 4496 aquam.

599 4710 974 4818 INCIPIT
1031 4707 1258 4815 VITA
1323 4708 1636 4814 DOMNI
1705 4705 2213 4813 DEODERIGI
2275 4701 2702 4810 EPISGOPI
2769 4697 3185 4806 MAJORIS

299 4900 494 4956 Carm:
505 4918 608 4956 LUM
623 4902 646 4956 1
663 4945 674 4956 .
689 4903 1050 4958 Denobilitate
1060 4905 1266 4970 generis
1278 4902 1654 4978 ipsms.lgitur
1665 4903 1837 4959 virum
1870 4906 1923 4974 ι)
1943 4901 2142 4958 comite
2163 4899 2432 4956 Everardo
2445 4905 2600 4970 patre
2613 4905 2668 4954 et
2681 4897 3038 4953 Amalradam
3052 4901 3224 4952 matre
3240 4896 3557 4969 accepimus

223 4990 291 5024 ⁹¹¹
328 4989 452 5045 vita:
477 4989 852 5045 memorabilis
885 4998 939 5046 et
964 4991 1242 5046 memoriae
1263 4991 1596 5046 venerabilis
1628 4991 1841 5048 Dcode-
1944 4994 2316 5068 progenitum,
2349 4993 2501 5048 orbis
2527 4992 2592 5046 ad
2626 4999 2876 5047 ornatum
2918 5006 3080 5062 quem
3131 5006 3263 5045 vere
3293 4989 3556 5045 credinus

223 5081 424 5149 ricum,
473 5097 536 5136 ex
559 5097 700 5156 pago
731 5081 982 5137 Saxonire
1015 5081 1298 5138 Ilamalant
1337 5083 1474 5154 (927)
1517 5083 1837 5152 oriundum,
1940 5089 2115 5138 ortum
2147 5082 2309 5150 (928).
2343 5082 2494 5137 Alius
2536 5080 2707 5137 fretus
2763 5079 2986 5154 ingenio
3026 5080 3094 5135 ab
3127 5080 3244 5150 ipse
3284 5078 3557 5134 ordiretur

1571 5209 1792 5266 VARIAE
1831 5209 2204 5266 LECTIONES.

291 5323 410 5378 ⁹⁰³ἰ
459 5339 502 5378 e.
536 5323 785 5396 oleribus
900 5323 971 5359 θοι
997 5341 1052 5396 q.
1093 5329 1149 5379 et
1191 5325 1246 5379 in
1280 5327 1329 5380 1.

221 5468 342 5535 ejus
361 5465 610 5523 manu'2.
729 5465 798 5501 ⁹¹⁰
829 5465 1020 5538 Kyrrie
1047 5484 1094 5523 c.
1197 5469 1263 5502 9“
1296 5465 1576 5524 verum’l.

1410 5325 1480 5360 9°“
1505 5327 1548 5380 i.
1577 5341 1621 5380 e.
1656 5325 1722 5381 is.
1805 5326 1877 5361 ⁹⁰⁶

223 5398 352 5470 nte?
399 5397 479 5450 ita
524 5395 979 5470 gemina_apud_
1010 5395 1382 5470 Thietmarum
1436 5399 1629 5466 saepius
1657 5395 1928 5470 occurrit;
1972 5399 2044 5466 cf.
2092 5395 2189 5455 SS.
2243 5398 2334 5452 ιιι.
2392 5395 2517 5452 839.
2557 5428 2626 5437 —
2655 5412 2886 5470 gemmae
2925 5399 2988 5470 L7.

524 5412 748 5470 gemina
808 5412 958 5520 alpua
1010 5412 1382 5452 I'metmarum
1436 5412 1629 5466 smptus
1657 5412 1924 5465 occurrit;
1972 5412 2044 5466 οι.
2092 5412 2189 5455 δδ.
2243 5412 2334 5452 ιιι.
2392 5412 2517 5452 eos.
2557 5428 2626 5437 —
2655 5412 2886 5470 gemmae
2925 5412 2988 5451 ι..
3107 5412 3174 5429 ’νυ
3205 5412 3290 5449 vei
3319 5412 3365 5448 s.
3409 5412 3477 5447 au
3509 5412 3548 5448 ι.

524 5467 610 5523 ιΞ.
729 5465 798 5501 ⁹¹⁰
872 5467 1020 5538 yrrie
1047 5484 1094 5523 c.
1197 5469 1263 5502 9“
1296 5484 1494 5524 verum
1529 5470 1576 5522 1.
1671 5469 1741 5502 ⁹¹²
1783 5472 1861 5524 ita
1915 5471 2104 5525 Leibn.
2161 5470 2284 5524 bene
2339 5471 2596 5534 correxit,
2649 5471 2724 5535 cf.
2783 5485 2900 5538 cap.
2951 5469 3042 5522 21.
3099 5465 3454 5520 AMALRABA
3499 5479 3548 5518 c.

1915 5332 2280 5398 praeterquam
2312 5326 2362 5380 1.

2421 5331 2619 5396 praeter
2641 5325 2697 5380 2.
2775 5326 2843 5360 ⁹⁰⁷
2871 5340 3094 5396 semper
3124 5323 3174 5379 1.
3249 5322 3319 5357 ⁰⁰⁸
3350 5321 3553 5396 genui-

2421 5399 2517 5449 :39.
2557 5428 2626 5437 —
2655 5412 2886 5449 gemmm
2925 5399 2988 5449 L.
3105 5395 3174 5429 ⁹⁰⁰
3205 5394 3290 5449 vel
3319 5409 3365 5448 s.
3409 5391 3477 5447 ad
3509 5401 3548 5448 t.

1784 5573 1991 5630 ΝΟΤᾸΞ.

294 5665 443 5734 (927)
469 5666 525 5721 In
558 5672 788 5736 utraque
821 5665 938 5735 ripa
973 5666 1138 5720 Isalte.

2078 5667 2214 5738 i928)
2247 5669 2446 5724 Versus
2480 5670 2798 5726 liexaineter
