3938 6050
390 270 495 326 695
1620 264 1941 319 SlGEBER'I‘

2181 262 2515 319 LACENSIS.
3625 258 3736 317 696

389 397 680 456 cunabulis
728 396 1058 451 narrationis
1084 397 1280 463 telam;
1312 395 1564 450 laudaret
1589 395 1825 451 docilem
1872 411 2008 466 pue~
2034 399 2085 468 Α
2120 403 2176 451 et
2200 394 2342 450 sicut
2364 392 2568 449 ferrum
2602 393 2747 449 ferro
2777 391 3010 456 acuitur,
3051 390 3130 445 sic
3158 388 3295 445 alter
3326 391 3552 446 alterius
3591 390 3740 446 bona

389 491 601 558 riciam,
644 488 1022 561 magniﬁcaret
1068 494 1258 543 macta:
1301 488 1506 543 indolis
1554 488 2005 555 adolescentiam,
2115 485 2469 541 aemulatione
2519 482 2910 539 mdificabatur.
2971 481 3154 536 Primo
3185 480 3410 552 quidem
3464 480 3609 536 inter
3632 498 3736 537 eos

391 579 487 635 ubi
543 585 765 634 ventum
822 587 970 633 esset
1008 579 1076 632 ad
1145 578 1483 649 Pytagoricze
1530 578 1727 632 litterae
1775 578 2006 646 bivium,
2112 573 2539 647 prepinquitatis
2570 571 2830 627 naturalis
2861 569 3211 625 necessitudo
3268 577 3558 639 pepererat
3599 571 3736 624 ami-

391 672 655 728 mundum
686 687 810 726 cum
841 671 1136 726 blandieiis
1167 671 1284 725 suis
1321 670 1570 742 abigeret
1599 670 2005 736 sinistrorsum;
2111 664 2330 728 citiam;
2385 662 2590 717 deinde
2664 659 3050 715 familiaritatis
3123 659 3470 714 consuetudo
3523 660 3735 714 aluerat

390 765 636 819 animum
684 777 813 817 vero
840 762 994 830 justi,
1029 762 1348 817 tendentem
1399 761 1467 815 ad
1512 761 1854 831 pr0positum
1906 759 2011 813 im-
2110 758 2571 823 benivolentiam;
2618 773 2740 828 quze
2790 755 2890 810 etsi
2923 770 2988 809 ex
3029 753 3443 825 prepinquitate
3480 753 3593 808 tolli
3627 770 3734 824 po—

392 855 736 911 mortalitatis
768 855 1038 921 bravium,
1085 861 1277 926 ageret
1313 863 1547 927 angusto
1588 854 1731 908 calle
1763 853 2009 906 dextror-
2115 855 2237 911 test,
2267 863 2329 900 ex
2358 846 2601 901 amicitia
2639 853 2822 899 tamen
2851 860 2961 899 non
2994 850 3194 914 potest,
3227 842 3357 913 quia
3404 843 3735 914 prOpinqui—

390 966 531 1005 sum.
566 948 703 1013 Quid
727 946 924 1018 plura?
957 963 1050 1017 per
1073 945 1323 1018 singulos
1347 945 1553 1019 gradus
1577 952 1795 999 relatum
1828 944 2010 1014 diSpo-
2115 944 2194 992 tas
2244 937 2361 990 sine
2401 934 2769 990 benivolentia
2798 934 2961 987 inane
3000 948 3204 987 nomen
3235 933 3458 999 retinet,
3486 933 3734 988 amicitia

392 1038 619 1093 neretin
635 1036 802 1092 corde
828 1035 1003 1107 ipsius
1025 1035 1382 1091 ascensiones
1407 1034 1688 1090 virtutum.
1710 1034 1835 1100 Nos,
1867 1049 2009 1103 quo-
2111 1027 2499 1083 benivolentiae
2530 1026 2821 1080 indiscissa
2851 1026 3111 1079 cohaeret.
3155 1022 3246 1079 Sic
3273 1024 3328 1077 in
3378 1024 3735 1080 consobrinis

394 1128 537 1183 niam
557 1127 766 1185 viribus
792 1124 1116 1192 diffidimus,
1145 1126 1406 1197 quoniam
1437 1124 1503 1178 ad
1534 1124 1753 1195 propria
1772 1123 2009 1178 dicenda
2110 1122 2231 1176 istis
2260 1120 2658 1192 propinquitati
2698 1118 3072 1189 respondebat
3110 1117 3380 1181 amicitia;
3426 1117 3729 1171 amicitiam

393 1222 477 1275 vix
507 1220 834 1286 sufﬁcimus,
889 1219 1203 1276 communia
1245 1218 1735 1289 praetermittimus,
1784 1226 1839 1271 et
1869 1233 2008 1288 quo-
2109 1216 2297 1264 mutua
2329 1210 2597 1265 solidabat
2624 1207 3015 1263 benivolentia.
3053 1207 3162 1261 Nec
3208 1206 3264 1260 in
3294 1222 3493 1260 vanum
3528 1205 3734 1261 cedere

393 1315 541 1370 niam
568 1314 829 1369 brevitati
869 1314 1176 1379 studemus,
1208 1312 1378 1366 solam
1421 1327 1633 1365 morum
1662 1311 2004 1365 honestatem
2110 1312 2344 1376 poterat,
2387 1303 2533 1375 quod
2565 1302 2669 1369 vir,
2700 1301 2794 1373 qui
2826 1300 2881 1355 in
2908 1299 3122 1355 Christo
3142 1307 3196 1354 et
3228 1299 3283 1353 in
3315 1300 3568 1353 {ecclesia
3606 1300 3735 1354 talis

397 1413 451 1461 et
490 1405 754 1460 natalium
805 1403 1147 1459 nobilitatem
1200 1404 1256 1456 in
1314 1418 1380 1457 eo
1430 1403 1733 1472 przedicare
1763 1402 2005 1457 contenti
2110 1401 2401 1464 tantusque
2458 1392 2672 1447 futurus
2729 1400 2866 1457 erat,
2923 1407 3087 1463 quem
3136 1397 3311 1445 mater
3358 1390 3606 1445 zecclesia
3659 1390 3733 1443 ad

394 1511 602 1550 sumus.
647 1495 707 1548 Et
730 1493 877 1546 illam
906 1493 1127 1563 quidem
1155 1491 1396 1546 nobilem
1421 1491 1795 1546 morositatem
1824 1491 2008 1544 multi-
2108 1491 2491 1539 ornamentum
2546 1490 2599 1537 et
2649 1481 3055 1536 firmamentum
3095 1482 3179 1536 sui
3217 1481 3505 1548 nutrierat,
3561 1498 3729 1553 quem

395 1575 636 1658 plicabat
661 1585 751 1656 91³
781 1585 836 1638 in
867 1584 986 1639 dies
1017 1584 1216 1639 divinaa
1246 1583 1655 1654 coeperationis
1686 1583 1950 1653 praesenti

2176 1581 2323 1637 ,tura,
2370 1572 2536 1626 immo
2567 1570 2744 1643 ipsius
2799 1580 2990 1625 auctor
3020 1578 3245 1635 naturze,
3291 1571 3476 1626 nativo
3508 1570 3731 1644 ingenii

394 1678 707 1753 religiosam
733 1692 859 1733 vero
879 1677 1305 1750 generositatem
1340 1675 1625 1731 attollebat
1648 1684 2004 1749 cegnatorum
2042 1715 2080 1755 β
2110 1666 2258 1721 bono
2296 1666 2528 1731 (litabat,
2570 1666 2690 1720 talis
2726 1665 2973 1736 tantique
3005 1665 3257 1755 magistri
3300 1665 3486 1755 studio
3524 1675 3579 1718 et
3624 1665 3734 1718 do-

393 1776 446 1826 et
469 1769 715 1825 affinium
750 1770 892 1837 ejus,
924 1769 1219 1840 primatum
1251 1769 1465 1823 scilicet
1496 1768 1679 1823 Galliae
1711 1768 2005 1823 etcerma-
2041 1755 2082 1780 ’λ
2110 1756 2284 1811 ctrina
2308 1754 2519 1809 institui
2553 1762 2607 1809 et
2628 1754 2857 1825 expoliri
2886 1761 3182 1810 meruerat.
3220 1754 3283 1808 Ut
3308 1754 3456 1808 enim
3491 1755 3566 1809 ait
3597 1756 3730 1826 qui-

395 1858 520 1926 nize,
555 1857 874 1924 eminentia,
907 1864 961 1911 et
1001 1856 1236 1926 insuper
1264 1855 1572 1926 imperialis
1611 1856 2011 1931 consanguini-
2116 1849 2487 1915 'lemtllonar.
2532 1848 2632 1904 0d.
2672 1849 2834 1912 1v,4).

395 1951 522 2006 tatis
561 1950 875 2006 cumulabat
912 1947 1341 2024 magnificentia.
1386 1948 1609 2003 Matrem
1646 1965 1853 2019 nempe
1894 1948 1942 2019 ej

1646 1965 1853 2019 nempe
1894 1948 2013 2019 ejus
2218 1940 2475 1992 Doctrina
2500 1938 2609 1990 vim
2640 1940 2913 2005 promovet
2950 1937 3195 2002 insitam,

397 2043 605 2098 scimus
660 2040 934 2097 Mathildis
990 2041 1194 2114 regina)
1252 2039 1421 2095 fuisse
1468 2056 1737 2106 sororem,
1777 2057 1900 2112 quae
1948 2065 1952 2088 ‹

1649 2058 1737 2106 πη,
1777 2057 1900 2112 quae
1948 2058 2013 2095 ex
2222 2029 2472 2097 ﬂectique
2497 2028 2671 2081 cultus
2695 2030 2915 2096 pectora
2944 2025 3204 2080 roborant

398 2132 652 2187 Heinrico
673 2145 802 2204 rege
831 2128 1023 2201 genuit
1052 2128 1303 2182 Ottonem
1328 2127 1593 2195 majorem
1627 2136 1679 2182 et
1709 2128 2014 2183 lleinricum
2298 2122 2589 2189 Utcumque
2613 2120 2848 2185 defecere
2874 2132 3067 2181 mores,

400 2226 619 2288 ducem,
652 2237 955 2292 eorumque
983 2219 1205 2275 fratrem
1236 2220 1406 2273 multa
1428 2220 1588 2274 laude
1616 2220 1841 2293 dignum
1876 2221 2014 2274 Bru-
2371 2212 2699 2265 Dedecorant
2730 2211 2854 2264 bene
2882 2213 3017 2263 nata
3046 2209 3221 2278 culpae

402 2332 628 2381 nonem,
658 2313 753 2385 qui
794 2313 869 2368 ita
898 2312 1042 2367 inter
1086 2327 1282 2366 omnes
1324 2312 1590 2382 temporis
1626 2311 1774 2365 illius
1803 2312 2014 2366 emica-
2188 2308 2240 2363 3.
2271 2310 2347 2362 De
2375 2308 2702 2377 promotione
2756 2305 2873 2375 ejus
2912 2304 2985 2358 ad
3037 2306 3419 2373 episcOpatum.
3477 2305 3552 2359 Ne
3603 2322 3739 2378 ergo

404 2413 495 2465 bat
524 2407 1151 2473 mortales,'velutinter
1179 2407 1339 2482 ignes
1369 2406 1498 2462 luna
1531 2407 1773 2462 minores
1795 2408 1959 2474 (liena

2187 2402 2235 2442 ro
2276 2390 2342 2443 ad
2383 2391 2671 2445 utilitatem
2727 2391 3019 2446 multorum
3075 2396 3203 2445 nato
3243 2391 3461 2447 deesset
3509 2396 3742 2449 materia

406 2502 505 2556 Od.
546 2517 583 2565 ι,
618 2500 722 2567 12).
768 2498 857 2552 liae
894 2513 1023 2551 vero
1055 2505 1213 2551 erant
1242 2496 1387 2565 (029)
1439 2494 1561 2551 ﬁliae
1593 2497 1869 2552 Thiadrici
1925 2497 2022 2551 du.
2120 2482 2403 2549 virtutum,
2436 2500 2504 2538 ne
2535 2484 2753 2538 deesset
2790 2484 2884 2539 tali
2916 2484 3101 2559 opifici
3134 2484 3358 2541 officina
3399 2487 3744 2540 exercendo-

407 2589 507 2654 cis,
531 2602 767 2658 quarum
790 2584 986 2639 fratres
1011 2592 1167 2638 erant
1194 2586 1516 2652 Windnkin,
1552 2587 1757 2641 lmmed
1788 2587 2023 2642 etRcin-
2123 2590 2236 2628 rem
2287 2591 2517 2645 operum
2560 2576 2851 2644 bonorum:
2913 2576 3149 2646 ΡΓονίάίι
3200 2577 3366 2631 etiam
3424 2593 3591 2647 5υΡθΓ
3638 2578 3746 2632 hoc

410 2680 567 2733 bern.
600 2676 880 2731 Reinbern
907 2683 1086 2729 autem
1116 2676 1233 2746 ipse
1264 2677 1512 2747 crat,qui
1544 2678 1804 2749 pugnavit
1834 2684 2026 2732 contra
2126 2683 2367 2737 superna
2395 2668 2732 2738 dispensatio
2762 2683 2874 2722 non
2918 2668 3093 2724 SOlum
3139 2670 3212 2738 ei,
3266 2680 3351 2725 set
3390 2677 3444 2725 et
3477 2669 3747 2741 profectui

410 2771 611 2833 Danos,
639 2767 812 2822 multo
846 2775 1095 2837 tempore
1128 2767 1419 2822 Saxoniam
1450 2776 1744 2835 vastantes,
1785 2769 1965 2840 vicitqi

2191 2760 2510 2824 urimorum,
2560 2768 2619 2814 ut
2663 2759 2845 2814 cultor
2894 2760 3133 2827 justiciae
3159 2762 3435 2831 plantatus
3470 2762 3524 2816 in
3579 2763 3746 2816 domo

413 2874 511 2912 eos
569 2856 814 2911 liberans
854 2855 1084 2925 patriam
1131 2855 1199 2909 ab
1238 2855 1457 2910 illorum
1500 2857 1940 2923 incursionibus;
1975 2865 2029 2912 ρι
2128 2847 2364 2914 Domini,
2403 2848 2455 2901 in
2480 2847 2632 2902 atriis
2671 2848 2767 2901 Dei
2794 2849 2967 2903 nostri
2994 2857 3054 2903 ut
3088 2849 3269 2919 palma
3300 2849 3588 2903 altitudine
3624 2865 3750 2903 me-

408 2947 465 3002 hi
497 2953 652 3001 erant
680 2945 867 3016 stirpis
896 2945 1081 3016 magni
1114 2945 1268 3000 ducis
1292 2945 1672 3013 Windukindi,
1698 2946 1789 3017 qui
1818 2947 2024 3002 bellum
2130 2943 2357 2998 ritorum
2394 2942 2636 3010 ﬂoreret,
2669 2950 2729 2997 ut
2753 2943 2953 2997 cedrus
2984 2943 3189 3014 Lybani
3223 2943 3619 3014 multiplicatus
3661 2942 3750 2997 in-

412 3037 791 3112 potensgessit
813 3044 1000 3092 contra
1031 3053 1289 3110 magnum
1324 3037 1578 3092 Karolum
1604 3038 1826 3110 triginta
1859 3037 2028 3093 ferme
2056 3065 2105 3133 ϐ
2130 3035 2472 3106 corruptibili
2505 3036 2880 3105 exemplorum
2913 3034 3083 3090 odore
3115 3035 3412 3102 redoleret,
3441 3034 3756 3090 sicutoliva

415 3146 609 3186 annos.
644 3131 811 3185 Porro
843 3131 1180 3197 BrunOnem,
1213 3147 1374 3203 quem
1409 3147 1574 3201 supra
1607 3131 2031 3199 nominavimus,
2064 3124 2105 3133 υ
2135 3126 2529 3198 pinguedinem
2565 3126 2775 3180 laeticize
2817 3133 2869 3181 et
2912 3126 3320 3181 benedictionis
3370 3124 3753 3181 fructificaret.

412 3231 562 3278 tanta
606 3221 925 3277 meritorum
956 3222 1314 3297 praerogativa
1342 3224 1644 3279 divinitatis
1683 3225 2033 3279 commenda-
2134 3217 2289 3271 Ληηο
2315 3215 2590 3286 siquidem
2615 3214 3039 3288 nongenltJSimO
3072 3214 3414 3289 sexagesimo
3445 3215 3695 3269 secundo
3726 3232 3755 3269 ῑι

412 3313 508 3367 bat
545 3311 743 3383 pietas,
799 3318 879 3377 ut,
932 3327 1094 3382 quem
1139 3311 1486 3367 Coloniensis
1525 3312 2034 3384 archiepiscoliatus
2134 3306 2399 3360 dominici
2430 3305 2672 3360 hominis
2705 3305 3102 3369 incarnatione,
3130 3305 3272 3360 viam
3306 3306 3577 3360 universa:
3626 3321 3755 3359 car-

414 3402 722 3457 illustrabat
753 3401 1016 3475 dignitas,
1052 3401 1214 3456 etiam
1261 3401 1577 3456 dominatus
1628 3402 1802 3457 tocius
1837 3402 2033 3459 Lotha-
2102 3394 2221 3447 'niS
2279 3393 2526 3465 ingresso
2583 3399 2900 3463 Γρρονθιονθ
2957 3399 3157 3447 δεωοῑᾶἓ
3233 3392 3519 3467 religionis
3575 3393 3758 3462 primo

418 3496 610 3570 ringiae
640 3495 931 3567 insignirct
951 3495 1261 3550 sublimitas
1293 3494 1457 3565 (930).
2138 3485 2504 3552 Adelberone,
2542 3485 2773 3540 vacabat
2802 3485 3061 3539 cathedra
3090 3493 3294 3539 sanctae
3330 3485 3618 3539 Mettensis
3647 3502 3759 3539 atc-

488 3587 617 3643 2.⁹¹⁴
655 3588 895 3654 Qualiter
921 3584 1342 3656 sub‘disciplina
1383 3587 1566 3642 domm’
1609 3590 1877 3643 Brunom’s
1904 3586 2045 3658 pro!
2135 3579 2315 3633 clcsia‘:
2331 3578 2549 3649 proprio
2594 3577 2830 3632 viduatze
2860 3586 3097 3648 pastore.
3142 3578 3261 3632 Non
3292 3576 3469 3633 defuit
3515 3578 3622 3631 s1bi
3653 3595 3756 3632 sa-

414 3685 621 3752 fererz’t.
660 3683 827 3752 Hujus
856 3699 986 3753 ergo
1019 3682 1406 3746 consobrinus,
1438 3683 1527 3737 cui
1561 3683 1664 3738 hoc
1694 3699 1836 3754 Opus
1874 3685 1969 3739 cud

2199 3672 2367 3726 arium
2401 3671 2636 3742 Spiritus
2675 3670 2846 3725 sancti
2877 3672 3088 3737 Bruno;
3132 3686 3241 3726 non
3272 3670 3467 3737 defuit,
3502 3671 3754 3743 inquam,

418 3782 526 3837 tur,
557 3774 893 3827 Deodericus
918 3773 986 3806 9’5
1029 3772 1083 3825 in
1123 3779 1327 3826 sanctae
1355 3772 1828 3827 Halberstcdcnsis
1856 3774 2034 3828 eccle-
2135 3762 2239 3816 Sibi
2270 3763 2354 3817 νει
2378 3761 2554 3817 ῑοοίυε
2600 3762 2755 3837 regni
2790 3763 3109 3829 00mm0d0;
3133 3770 3236 3829 se"
3268 3761 3409 3817 δίουῑ
3440 3761 3493 3816 in
3532 3763 3756 3817 οωῑοΐίδ

415 3866 513 3919 size
540 3864 752 3938 gremio
782 3880 814 3917 a
870 3863 1063 3933 primis
1106 3864 1267 3918 annis
1309 3871 1571 3919 maternae
1618 3865 1831 3936 pietatis
1864 3867 1967 3921 ube

2200 3870 2316 3908 sere
2364 3863 2742 3919 consueverat,
2800 3854 2881 3909 sic
2909 3863 2962 3909 et
3013 3854 3067 3908 in
3106 3855 3209 3909 hac
3240 3871 3297 3908 re
3345 3870 3456 3909 non
3488 3870 3609 3926 qua:
3649 3872 3755 3910 sua

416 3955 741 4017 ablactatus,
794 3962 848 4008 et
890 3954 1200 4008 sublimiter
1242 3963 1303 4010 ut
1347 3955 1700 4025 competebat
1743 3958 2028 4023 educatus,
2132 3954 2308 4011 erant.
2340 3954 2421 4001 8οῐ
2449 3964 2571 4018 qua?
2602 3947 2729 4001 Jesu
2772 3946 2989 4014 Christi,
3022 3947 3323 4019 quaerebat.
3372 3951 3503 4003 Nam
3536 3948 3755 4003 ameris

419 4049 625 4097 natura:
665 4047 719 4096 et
771 4057 985 4096 morum
1036 4042 1228 4097 dulces
1279 4050 1334 4097 et
1375 4043 1574 4098 uberes
1614 4047 2030 4115 repromittehat
2131 4040 2334 4112 quibus
2373 4040 2616 4111 pollebat
2646 4040 2855 4094 artibus
2892 4040 3059 4095 etiam
3092 4041 3197 4095 hoc
3236 4042 3547 4107 addiderat,
3590 4042 3745 4112 quod

419 4135 647 4191 fructus.
699 4135 897 4189 Verum
957 4133 1051 4188 ubi
1126 4151 1344 4209 gemma
1398 4137 1781 4209 episcoporum
1846 4139 2024 4196 Bruno
2127 4130 2467 4202 principibus
2523 4129 2789 4201 cujusque
2839 4130 3070 4196 ordinis,
3125 4129 3179 4183 in
3216 4130 3417 4201 quibus
3477 4130 3757 4185 columbae

418 4227 735 4299 pontificale
783 4227 1032 4282 ascendit
1062 4227 1260 4283 solium
1286 4230 1389 4298 (an.
1436 4230 1584 4302 953),
1619 4231 1713 4285 Hic
1747 4238 2024 4301 assumpta
2128 4222 2523 4287 innOCentiam,
2557 4221 2829 4293 scfpenlis
2880 4223 3166 4286 astuciam,
3199 4232 3253 4277 et
3304 4222 3756 4293 prarcipuaetutze

418 4320 588 4376 forma
624 4319 882 4392 discipuli
918 4336 975 4375 se
1035 4320 1153 4387 ejus
1184 4320 1523 4377 individuum
1566 4324 1761 4395 agebat
1790 4324 2021 4380 socium.
2056 4374 2105 4395 ῃ
2132 4311 2256 4366 δι]οί
2282 4311 2689 4381 δίιηρηοίῐδίθιη
2723 4306 2912 4383 Vigere
2932 4310 3173 4377 Videbat,
3200 4312 3286 4365 his
3320 4312 3569 4382 adprime
3608 4310 3755 4364 ami'

420 4410 482 4464 Et
519 4411 647 4480 quia
692 4417 808 4465 erat
846 4410 1124 4481 quondam
1179 4410 1235 4464 in
1281 4411 1474 4465 castris
1536 4411 1775 4466 ctnlestis
1815 4412 2026 4467 militiae
2056 4374 2310 4459 Deiliam
2358 4420 2509 4457 suam
2550 4403 3001 4458 δαεοηὶῐηοάὶὶῦθῐ
3034 4403 3117 4458 hi3
3179 4404 3408 4478 gratiam
3445 4403 3588 4478 re‘gis
3651 4420 3758 4457 (τα-

418 4499 652 4554 civiliter
701 4499 1050 4558 militaturus,
1091 4499 1193 4553 sub
1233 4515 1298 4554 eo
1350 4499 1405 4553 in
1452 4507 1652 4555 sanctae
1688 4499 2030 4557 Coloniensis
2133 4496 2391 4550 mulatius
2433 4494 2783 4549 conciliabat.
2815 4495 2868 4549 Si
2903 4510 3043 4566 quos
3092 4495 3274 4549 talium
3305 4495 3517 4565 privata
3568 4495 3756 4549 adhuc

420 4589 668 4644 ecclesizu
702 4589 988 4663 gymnasio
1010 4589 1080 4623 ⁰¹⁶
1108 4606 1206 4659 per
1231 4589 1446 4644 diutina
1477 4588 1687 4643 diludia
1711 4589 1923 4643 liberali
1948 4599 2028 4662 ty-
2131 4589 2238 4643 vita
2270 4587 2581 4651 oscurabat,
2646 4588 2747 4641 hos
2796 4594 3066 4657 oportune
3109 4588 3162 4640 in
3196 4587 3317 4642 loco
3363 4586 3755 4641 defunctorum

422 4680 631 4734 rocinio
660 4686 744 4733 est
770 4680 1119 4744 exercitatus,
1153 4690 1208 4735 et
1238 4681 1606 4752 perdiuturna
1634 4681 1886 4752 proludia
1912 4682 2031 4735 lau-
2132 4679 2424 4734 illustrium
2474 4679 2713 4733 virorum
2763 4694 2862 4733 sua
2911 4694 3083 4747 Opera
3150 4676 3431 4744 suffectos,
3492 4678 3561 4732 ad
3599 4678 3753 4734 bene

422 4770 679 4825 «labiliter
698 4772 977 4842 probatus.
1001 4772 1253 4827 Disccbat
1284 4772 1911 4836 ibihumilitersubesse,
1933 4775 2025 4845 qui
2128 4775 2401 4849 agendum
2434 4772 2771 4829 accendebat
2807 4772 2898 4827 9".
2921 4758 3355 4844 Omnia‘quippe
3376 4772 3635 4827 omnibus
3667 4772 3757 4827 fa-

422 4859 863 4914 debebatmultis
881 4861 2028 4934 aliquandoutiliterpraeesse,etsubjectis
2128 4874 2249 4921 ctus
2292 4874 2426 4930 erat,
2450 4865 2579 4937 quia
2627 4879 2821 4919 omnes
2872 4863 3195 4919 lucrifacere
3241 4861 3478 4918 volebat.
3510 4863 3559 4917 Is
3588 4863 3749 4917 deni-

422 4952 691 5008 humiliet
716 4954 955 5009 discreta
978 4955 1294 5026 praelatione
1316 4957 1545 5012 utillime
1589 4958 1869 5028 prodesse.
1906 4958 2028 5012 Erat
2130 4971 2239 5026 que
2286 4954 2482 5008 videns
2531 4961 2868 5024 oportunum
2928 4951 3108 5006 locum
3175 4956 3230 5004 et
3273 4957 3490 5021 tempus
3551 4966 3756 5005 occur-

422 5048 475 5102 in
493 5054 747 5120 utroque,
771 5047 917 5120 quod
941 5055 1172 5121 uterque
1203 5049 1259 5103 in
1275 5050 1539 5105 alterutro
1571 5049 2023 5120 amplecteretur;
2130 5048 2267 5103 risse
2297 5048 2366 5081 9'3
2406 5046 2533 5112 sibi,
2563 5054 2623 5102 ut
2646 5047 2713 5101 ad
2757 5045 3165 5101 firmamentum
3201 5043 3502 5116 spiritualis
3526 5042 3753 5098 fabricae

1762 5178 1981 5234 νΑΒΙΑε
2020 5175 2394 5232 LECTIONES.

492 5297 563 5333 9"
590 5296 957 5368 multiplicata
991 5298 1039 5350 1.
1125 5297 1195 5368 ε’ίέ
1224 5298 1284 5351 in
1310 5297 1487 5352 codice
1515 5314 1620 5353 una:
1651 5298 1956 5368 Capitulum
1987 5301 2291 5353 constanter
2315 5299 2539 5368 repetita
2558 5302 2649 5352 est.
2740 5296 2809 5331 9‘5
2839 5290 3294 5351 DEODERIHCUS
3325 5309 3369 5349 c.
3448 5293 3519 5328 ⁹¹⁶
3543 5293 3749 5368 gigna-

422 5368 505 5425 sio
547 5384 685 5424 corr.
721 5367 975 5442 ginnasio
1001 5383 1046 5422 c.
1125 5367 1192 5402 9"
1213 5371 1295 5424 ita
1324 5369 1482 5424 Lez’bn
1508 5367 1805 5425 accedebat
1886 5370 1954 5405 θ¹⁸
1977 5369 2255 5425 occurisse
2276 5385 2321 5423 ο.

1974 5499 2184 5556 NOTAE.

497 5595 641 5668 (929)
672 5596 795 5668 llaec
822 5611 1006 5668 usque
1034 5599 1266 5666 triginta
1302 5599 1469 5665 feme
1496 5614 1666 5656 annos
1692 5617 1756 5657 ex
1778 5600 2111 5657 Widukindo
2145 5602 2182 5655 Ι.
2215 5599 2301 5658 3i.

498 5664 641 5734 (930)
663 5666 736 5720 Cf.
774 5664 945 5723 Vitam
977 5664 1269 5737 Brun‘onis,
1303 5664 1349 5725 ο.
1382 5669 1469 5725 22.
