3938 6050
340 209 444 264 697

1351 211 1502 266 Vl'l'A
1543 209 1893 266 DEODERICI
1934 208 2232 265 EPISCOPI
2271 208 2660 266 METTENSIS.

3574 210 3679 268 698

343 336 658 392 columnam
698 335 929 392 solidam
967 343 1023 392 et
1061 353 1160 392 sua
1207 353 1373 393 manu
1432 337 1656 410 politam
1690 337 1961 394 stabiliret
1989 341 2036 410 Α
2059 335 2355 406 penderet:
2389 336 2534 393 inter
2577 337 2714 392 alias
2735 353 2822 392 sui
2856 337 3097 394 nominis
3133 337 3369 392 litteram
3412 353 3678 412 argensce

342 427 398 482 in
454 426 703 482 aecelesia
761 427 880 494 Dei,
935 427 1068 483 utile
1127 429 1302 497 duxit,
1351 429 1743 485 consobrinum
1797 445 1956 484 suum

339 519 726 586 Deodericum,
769 520 1130 590 spectabilem
1168 538 1372 596 genere
1423 529 1479 578 et
1508 523 1802 598 religione,
1849 523 1960 579 illic

342 609 680 666 incardinari
736 611 909 682 Equa
955 629 1193 686 namque
1249 615 1451 671 trutina
1483 615 1720 678 consilii,
1752 615 1954 684 locum,

337 706 577 772 tempus,
607 717 900 772 personam
931 703 1336 769 moderabatur,
1382 705 1610 784 dignum
1632 704 1842 760 scilicet
1867 705 1959 776 ju-

339 789 532 844 dicans
587 807 736 856 eum,
777 792 872 862 qui
919 791 1046 845 urbi
1105 791 1466 848 nobilissima)
1531 792 1959 864 principaretur,

335 899 442 938 nec
471 883 760 958 indignum
820 883 934 938 fore
965 884 1088 940 urbi
1131 891 1290 940 tantae
1345 885 1630 958 potentiae,
1663 887 1811 958 quod
1837 887 1953 943 viro

336 983 500 1032 tanta:
541 978 842 1033 nobilitatis
887 979 1259 1046 ancillaretur,
1302 979 1607 1052 praesertim
1649 995 1770 1034 cum
1813 986 1946 1035 tem-

334 1084 438 1138 pus
493 1069 629 1124 illud
671 1077 880 1143 egeret,
947 1079 1008 1126 ut
1056 1071 1347 1142 prudentis
1401 1072 1668 1144 fortisque
1722 1071 1952 1126 rectoris

331 1159 536 1215 auxilio
577 1160 977 1216 defensaretur.
1037 1162 1210 1217 Nimis
1238 1164 1386 1218 enim
1439 1163 1820 1235 superioribus
1847 1179 1950 1218 an-

329 1250 424 1304 nis
479 1249 533 1304 in
573 1259 693 1306 eam
751 1251 1120 1308 incubuerant
1173 1253 1252 1308 rei
1306 1255 1538 1324 publicae
1578 1255 1951 1325 incommoda,

330 1361 456 1400 cum
485 1343 552 1399 ab
594 1344 878 1400 incentore
911 1346 1157 1400 omnium
1189 1347 1458 1402 malorum
1494 1345 1716 1403 Conone
1764 1346 1950 1402 invasa

329 1437 485 1508 (931)
535 1441 649 1504 (an.
700 1438 842 1504 954‘,
887 1455 1030 1508 pene
1069 1439 1284 1510 direpta
1332 1446 1502 1494 estet
1565 1439 1949 1504 exterminata.

326 1529 708 1586 Concordante
747 1531 928 1604 itaque
972 1531 1105 1587 eleri
1143 1532 1431 1604 tociusque
1488 1531 1666 1601 plebis
1693 1531 1942 1586 unanimi

2060 427 2243 483 colore
2285 427 2566 484 albentem
2633 429 2800 484 videt.
2865 429 2965 494 Qui
3005 444 3306 486 conversus
3351 428 3418 483 ad
3466 437 3676 484 semct-

2059 519 2265 591 ipsum,
2320 528 2375 578 et
2419 523 2548 578 hinc
2596 521 2930 595 profundum
2991 529 3044 577 et
3074 521 3420 576 immutabile
3479 522 3677 578 divinae

2061 617 2425 686 praescientiae
2465 617 2535 654 “9
2578 618 2858 674 demirans
2888 617 3360 683 consilium,’inde
3391 618 3551 673 bonae
3579 634 3674 674 vo-

2065 704 2289 760 luntatis
2341 721 2454 762 suae
2503 707 2868 762 considerans
2919 706 3302 778 propositum:
3351 707 3444 772 Si,
3475 705 3672 778 inquit,

2061 799 2372 864 cooperator
2409 797 2646 850 omnium
2695 797 2952 850 bonorum
2985 799 3124 850 Deus
3163 794 3293 848 bono
3322 794 3541 863 aﬂ'ectui
3565 810 3676 849 meo

2060 891 2302 954 optatum
2327 889 2722 943 ministraverit
2747 887 3013 957 eﬂ’ectum,
3043 891 3198 942 tanta
3223 886 3358 940 bona
3387 887 3446 940 in
3471 889 3674 955 episco-

2049 981 2184 1044 patu
2219 994 2301 1033 me
2343 981 2545 1050 confido
2585 982 2882 1048 facturum,
2938 985 2998 1034 ut
3049 983 3310 1046 argentea
3335 981 3446 1034 ista
3489 980 3672 1033 littera

2053 1070 2376 1140 quandoque
2406 1073 2826 1138 trans/"armetur
2845 1073 2903 1126 in
2929 1088 3147 1128 aumm.
3183 1071 3304 1127 llaec
3333 1070 3559 1144 quidem
3589 1069 3672 1126 vir

2052 1159 2234 1216 bonus
2261 1161 2332 1217 de
2371 1162 2520 1218 bono
2551 1163 2809 1220 thesauro
2857 1163 3165 1235 proferens.
3206 1164 3415 1219 bonum
3453 1179 3519 1219 ex
3560 1164 3665 1218 ha-

2054 1254 2361 1311 bundantia
2401 1256 2584 1312 cordis
2628 1256 2844 1312 locutus
2901 1265 3002 1326 est,
3053 1275 3157 1313 nec
3209 1257 3432 1332 segnior
3471 1256 3570 1311 fuit
3609 1255 3666 1310 in

2050 1348 2393 1420 exequendis
2421 1347 2584 1404 bonis
2613 1349 2878 1420 eperibus
2911 1365 3073 1420 quam
3103 1349 3380 1419 pollicitus
3403 1353 3506 1404 est.
3536 1347 3666 1412 Quae

2052 1435 2183 1490 licet
2231 1437 2396 1492 nobis
2450 1455 2517 1492 ex
2558 1442 2710 1508 parte
2755 1437 3015 1492 inviderit
3052 1437 3319 1505 majorum
3353 1442 3663 1491 nostrorum

2049 1523 2284 1594 incuria,
2316 1533 2370 1580 et
2399 1541 2612 1582 sommo
2640 1525 2908 1581 socordiae
2946 1541 3058 1580 sum
3111 1525 3384 1596 consopiti
3407 1540 3532 1580 eum
3575 1539 3660 1577 se-

323 1635 618 1688 consensu,
659 1621 946 1676 annitente
974 1621 1137 1677 etiam
1179 1629 1378 1678 cuncto
1434 1622 1802 1693 palatinorum
1851 1635 1940 1676 se-
1967 1657 2016 1726 B
2049 1634 2170 1674 cum
2203 1621 2514 1690 putaverint
2541 1620 3058 1692 consepeliendum,
3103 1619 3285 1674 adhuc
3317 1629 3495 1674 tamen
3539 1619 3661 1688 ejus

326 1717 480 1778 natu,
514 1711 832 1767 intronizari
883 1729 1011 1768 eum
1044 1712 1173 1769 fecit
1213 1715 1268 1769 in
1321 1723 1553 1789 augusta
1591 1713 1940 1769 Mettensium

324 1807 490 1872 sede,
521 1806 646 1862 laeto
671 1805 916 1862 omnium
968 1817 1266 1875 concentu,
1298 1825 1409 1865 non
1437 1810 1558 1864 sine
1595 1824 1798 1884 magno
1827 1824 1942 1864 coa-

324 1895 540 1950 lestium
582 1896 841 1951 virtutum
873 1897 1163 1968 applausu.
1203 1897 1504 1954 Pontiﬁcali
1546 1899 1729 1970 itaque
1761 1899 1940 1969 petalo

320 1987 635 2056 decoratus,
667 1996 722 2044 et
751 1988 1031 2045 ofﬁciante
1081 1991 1266 2064 magni
1299 1991 1478 2046 meriti
1511 1991 1768 2046 Heinrico
1802 1991 1938 2060 (932)

316 2078 661 2133 Trevirorum
685 2077 1063 2150 metropolita,
1105 2079 1516 2135 benedictionis
1544 2081 1669 2137 oleo
1699 2081 1732 2135 3
1759 2081 1942 2136 Nonas

316 2172 492 2227 Martii
517 2172 999 2243 consecratus(an.
1017 2174 1165 2244 965),
1181 2175 1677 2248 satagebatnomen
1701 2177 1941 2248 suscepti

315 2263 488 2318 ofﬁcii
513 2263 678 2320 bonis
701 2263 932 2336 implere
952 2265 1248 2337 operibus;
1282 2267 1717 2324 malensscilicet
1747 2269 1941 2324 haberi

315 2369 482 2425 quam
533 2353 708 2408 videri
740 2353 1059 2424 episcopus.
1111 2355 1172 2409 Et
1227 2356 1408 2426 primo
1441 2373 1472 2410 a
1516 2357 1943 2427 praedecessoris

312 2441 398 2495 sui
431 2445 678 2519 vestigiis
709 2462 819 2502 non
853 2446 1219 2514 exorbitabat,
1253 2455 1336 2503 set
1377 2464 1543 2518 quem
1588 2448 1693 2502 sibi
1728 2449 1938 2505 nobili-

315 2534 463 2598 tatis,
492 2537 819 2594 excellentia
854 2538 1253 2611 aequiperabat,
1305 2539 1471 2596 etiam
1501 2556 1714 2596 morum
1739 2542 1934 2612 probi-

310 2629 420 2677 tate
451 2631 506 2678 et
553 2624 839 2700 religionis
877 2627 1092 2683 fervore
1150 2626 1351 2683 imitari
1411 2628 1466 2683 in
1505 2637 1632 2685 voto
1671 2630 1931 2686 habebat.

315 2715 732 2772 Aceendcbatur
760 2719 905 2774 enim
948 2719 1014 2774 ad
1048 2718 1250 2774 bonum
1296 2720 1444 2776 bono
1474 2720 1644 2775 animi
1683 2721 1770 2776 sui
1801 2737 1932 2792 pro—

313 2807 515 2877 posito,
546 2809 966 2878 informabatur,
1001 2819 1061 2868 ut
1101 2811 1342 2867 diximus
1379 2813 1810 2884 praedecessoris
1847 2815 1932 2870 sui

308 2896 517 2951 recenti
551 2899 828 2970 exemplo,
854 2915 957 2954 nec
981 2900 1267 2955 exciderat
1286 2901 1474 2956 animo
1506 2918 1638 2956 sana
1661 2901 1792 2958 boni
1831 2902 1924 2958 in-

305 2989 372 3043 sti
385 2991 856 3056 tutoriseruditio,
880 2993 1094 3064 etquod
1114 2993 1263 3047 omni
1278 2993 1566 3064 prmminet
1588 2993 1924 3068 magisterio,
1949 3032 1996 3099 Ο

300 3079 514 3136 caelesti
546 3082 776 3152 insuper
805 3085 1082 3140 animatus
1109 3091 1191 3139 est
1215 3086 1456 3142 oraculo.

375 3171 428 3226 4.
465 3175 540 3226 De
563 3174 758 3242 primis
788 3173 986 3228 litteris
1022 3177 1296 3229 nominum
1337 3190 1435 3244 per
1468 3176 1715 3242 angelum
1754 3175 1920 3231 datis.

307 3259 564 3316 Dicamus
600 3277 732 3334 ergo
773 3279 887 3317 rem
929 3264 1102 3318 relatu
1135 3272 1191 3319 et
1216 3263 1423 3335 scripto
1454 3265 1719 3332 majorum
1762 3279 1918 3319 com-

307 3359 539 3418 pertam,
565 3367 662 3422 pro
693 3352 777 3406 sui
806 3354 1047 3409 novitate
1098 3355 1296 3410 merito
1328 3355 1384 3409 in
1419 3355 1680 3410 thesauro
1714 3370 1921 3410 memo-

301 3438 402 3492 riae
447 3441 876 3496 recondendam.
915 3443 1147 3498 Sanctus
1185 3442 1456 3508 Clemens,
1495 3443 1760 3514 principis
1790 3459 1924 3515 apo-

305 3529 569 3586 stolorum
631 3531 776 3588 Petri
835 3535 1069 3589 auditor.
1147 3535 1682 3602 Mediomatricorum
1737 3543 1923 3592 autem

241 3619 244 3622 ’
307 3621 517 3692 primus
547 3624 830 3693 apostolus
855 3633 909 3679 et
935 3625 1282 3696 praedicator,
1317 3627 1461 3682 inter
1486 3636 1684 3683 caetera
1710 3645 1832 3701 quae
1871 3629 1920 3684 ei

305 3717 375 3771 ad
409 3716 720 3774 roboranda
750 3721 1028 3776 nascentis
1049 3722 1314 3778 aecclesiae
1357 3723 1667 3780 rudimenta
1695 3723 1928 3780 contulit

307 3805 432 3876 pius
471 3807 662 3861 salutis
709 3815 908 3863 nostrae
958 3816 1190 3874 amator,
1249 3811 1356 3866 hoc
1395 3811 1638 3882 speciale
1708 3813 1928 3868 caelitus

303 3895 540 3950 emeruit
587 3897 816 3963 donum,
859 3905 918 3953 ut
951 3901 1176 3956 nomina
1216 3903 1524 3958 futurorum
1577 3903 1634 3958 in
1677 3904 1927 3960 aeeelesia

305 3987 557 4043 Mettensi
587 3987 910 4060 pontificum
965 3993 1258 4064 acciperet,
1299 3995 1468 4049 missa
1497 3994 1604 4050 sibi
1632 4011 1730 4067 per
1755 4012 1926 4070 ange-

303 4075 438 4134 lum.
469 4078 744 4132 annotatis
772 4085 982 4134 tantum
1023 4081 1216 4152 primis
1255 4081 1452 4162 litteris
1484 4083 1748 4140 nominis.
1783 4085 1926 4140 Ade-

305 4171 432 4236 ptus
468 4165 552 4219 vir
579 4165 776 4222 beatus
806 4167 874 4222 de
905 4184 1012 4239 quo
1041 4169 1254 4243 agimus
1282 4171 1546 4227 aecclesiae
1573 4179 1919 4245 suggestum.

302 4270 432 4309 cum
473 4255 708 4326 quadam
752 4255 843 4311 die
866 4257 1496 4329 delectareturjocunda
1526 4269 1580 4318 et
1608 4263 1752 4318 seria
1791 4263 1922 4320 aﬂ‘a-

2046 1708 2214 1763 multa
2267 1715 2322 1764 et
2369 1707 2602 1762 mirifica
2632 1725 2802 1779 opera
2831 1715 3038 1775 extant,
3071 1724 3193 1780 quae
3222 1724 3345 1762 eum
3394 1707 3465 1742 ⁹²⁰
3521 1723 3658 1780 quo-

2042 1796 2338 1852 dammodo
2362 1795 2526 1851 nobis
2545 1797 2611 1831 9“
2635 1797 2910 1852 viventem
2929 1804 3355 1868 repraesentant;
3377 1804 3435 1851 ut
3449 1797 3660 1868 liquido

2041 1888 2325 1944 testificari
2369 1889 2668 1958 possimus,
2697 1889 2846 1960 quod
2879 1889 2935 1942 in
2985 1889 3272 1960 evangelio
3302 1889 3437 1944 dicit
3473 1889 3662 1943 Domi-

2041 1993 2174 2032 nus:
2233 1979 2296 2034 Si
2349 1979 2412 2034 hi
2467 1980 2781 2040 tacuerint,
2837 1978 3046 2047 lapides
3125 1979 3439 2032 clamabunt
3503 1981 3657 2045 (Luc.

2039 2087 2148 2126 xix.
2181 2071 2287 2136 40).
2324 2071 2454 2138 Quis
2503 2070 2652 2127 enim
2695 2071 2927 2140 nesciat,
2977 2071 3262 2126 vivacitate
3304 2071 3508 2145 ingenii
3539 2073 3662 2142 ejus

2040 2168 2095 2216 et
2143 2162 2441 2234 sagacitate
2496 2161 2713 2218 consilii
2759 2161 2844 2216 vel
2895 2157 3202 2232 prudentiae
3259 2160 3660 2234 singularitate,

2041 2269 2150 2324 qua
2179 2253 2324 2325 apud
2344 2253 2500 2329 regni
2534 2252 2806 2324 primores
2837 2252 3023 2328 magni
3051 2251 3422 2324 pendebatur,
3459 2253 3660 2308 melio-

2044 2353 2218 2400 ratum
2251 2345 2594 2416 reipublicae
2624 2352 2846 2411 statum,
2907 2352 2960 2400 et
3003 2345 3056 2398 in
3097 2344 3296 2400 melius
3323 2351 3657 2415 augmenta-

2039 2443 2152 2492 tum
2195 2444 2396 2494 sanctae
2448 2437 2738 2493 Mettensis
2778 2438 3061 2504 aecclesiae,
3119 2438 3206 2493 cui
3267 2443 3489 2492 auctore
3544 2437 3653 2492 Deo

2038 2526 2395 2597 praesidebat,
2437 2525 2818 2598 pontificatum
2846 2527 2874 2581 ?

2103 2617 2158 2670 5.
2190 2619 2264 2670 De
2290 2619 2481 2671 veteris
2519 2617 2766 2671 (ecclesia
2803 2615 3094 2684 dejectione
3132 2619 3182 2668 et
3225 2630 3373 2670 novae
3424 2614 3658 2685 aedifica-

2033 2707 2192 2760 tione.
2246 2700 2312 2760 Ut
2368 2704 2589 2759 interim
2641 2705 2710 2758 de
2761 2703 3098 2758 monasterio
3135 2703 3365 2778 gloriosi
3408 2704 3660 2774 martyris

2035 2791 2227 2848 Christi
2257 2793 2533 2849 Vineentii
2571 2793 2856 2859 sileamus,
2898 2793 2953 2846 in
3006 2807 3114 2864 quo
3172 2792 3548 2846 construendo
3580 2799 3660 2848 to-

2035 2892 2118 2937 tos
2173 2883 2342 2938 animi
2375 2885 2463 2939 sui
2523 2883 2787 2955 expendit
2831 2882 3079 2949 affectus,
3114 2883 3292 2954 primo
3333 2899 3398 2938 ex
3455 2883 3647 2938 subci-

2025 2972 2158 3028 sivis
2187 2974 2258 3008 ⁹²²
2277 2975 2674 3046 ejusoperibus
2695 2974 3022 3029 industriam
3055 2975 3176 3043 ejus
3201 2973 3652 3046 comprobemus.

2027 3063 2087 3116 ln
2127 3062 2319 3134 primis
2370 3063 2546 3132 major
2593 3063 2842 3118 aecclesia
2900 3063 3128 3135 pretiosi
3195 3063 3652 3136 prothomartyris

2025 3151 2291 3224 Stephani
2329 3151 2761 3227 magnificentiae
2815 3153 2937 3223 ejus
2974 3152 3130 3208 testis
3175 3151 3436 3220 occurrit,
3487 3169 3648 3224 quam

2021 3251 2294 3300 vetustate
2350 3245 2436 3300 sui
2481 3245 2694 3300 ruinam
2745 3244 3108 3315 periculosam
3177 3243 3524 3299 minitantem
3579 3245 3650 3279 9³³

2023 3337 2287 3392 decenter
2315 3354 2346 3392 a
2375 3337 2736 3392 fundamento
2765 3336 3058 3406 reparavit.
3109 3337 3297 3391 Stabat
3329 3337 3424 3392 illo
3465 3337 3648 3391 adhuc

2023 3440 2269 3503 tempore
2302 3433 2434 3486 illud
2461 3431 2701 3504 antiquae
2723 3430 3046 3486 reverentiae
3069 3431 3391 3498 oratorium,
3416 3447 3644 3488 servans

2025 3526 2341 3581 thesaurum
2374 3526 2524 3598 quod
2567 3540 2812 3598 gemmas
2849 3525 3020 3580 vincit
3063 3532 3118 3580 et
3175 3541 3392 3590 aurum,
3433 3525 3648 3582 scilicet

2025 3617 2310 3692 sanguinis
2358 3617 2814 3690 prothomartyris
2871 3617 3075 3690 pignus
3129 3616 3452 3688 pretiosum.
3513 3617 3650 3682 Quia

2029 3727 2137 3768 non
2163 3711 2348 3768 omnia
2375 3719 2504 3768 nota
2541 3718 2668 3766 sunt
2697 3711 2976 3778 omnibus,
3009 3711 3080 3766 de
3109 3712 3212 3766 hoc
3237 3711 3478 3768 oratorio
3507 3728 3647 3783 pau-

2027 3801 2108 3858 cis
2133 3801 2476 3856 docebimus.
2521 3800 2656 3856 Olim
2687 3800 2926 3856 clamore
2960 3799 3251 3856 Galliarum
3299 3809 3429 3857 ante
3475 3802 3648 3856 Deum

2028 3894 2411 3966 multiplicato,
2440 3900 2495 3949 et
2521 3900 2745 3964 peccato
2776 3893 2998 3948 malitiae
3037 3909 3225 3948 earum
3267 3893 3432 3948 nimis
3460 3910 3654 3970 aggra-

2025 3997 2170 4051 vato,
2228 3993 2546 4059 purpuratae
2593 3986 2904 4042 meretricis
2970 3986 3290 4042 civitatibus
3344 3988 3656 4060 propinavit

2027 4079 2252 4133 calicem
2288 4078 2380 4133 irae
2416 4085 2470 4133 et
2506 4077 2911 4152 indignationis
2933 4077 3068 4150 justi
3097 4077 3303 4149 judicis
3331 4079 3652 4148 commotio,

2025 4167 2093 4221 ad
2132 4166 2382 4221 ultimum
2413 4182 2601 4221 earum
2633 4167 3020 4222 exterminium
3067 4167 3240 4220 llunis
3288 4166 3501 4234 laxatis,
3536 4167 3654 4224 vel-

2023 4268 2083 4316 ut
2117 4261 2324 4316 rabidis
2373 4261 2606 4316 canibus
2641 4261 2710 4315 ad
2753 4259 3163 4316 det-orationem
3192 4257 3427 4314 ferarum
3467 4267 3524 4314 et
3553 4259 3650 4315 be-

303 4342 514 4400 bilitate
562 4344 913 4401 familiarium
953 4364 1014 4402 ac
1045 4349 1374 4420 sapientium
1413 4385 1474 4391 —
1518 4369 1640 4406 nam
1668 4353 1832 4409 etiam
1866 4354 2000 4440 inD
2025 4353 2256 4410 stiarum
2313 4355 2426 4427 agri
2469 4353 2761 4426 instigatis.
2808 4353 3058 4407 Pastores
3119 4349 3328 4422 quique
3389 4367 3486 4422 pro
3527 4368 3650 4406 ere-

309 4436 414 4490 hoc
445 4434 592 4492 fideli
635 4455 736 4494 suo
787 4439 877 4493 Dei
926 4443 1279 4497 consuluerat
1317 4443 1634 4515 dispositio,
1673 4452 1732 4500 ut
1759 4447 1809 4501 ei
1837 4463 1927 4502 sa-

305 4530 575 4600 pientium
623 4539 676 4586 et
730 4531 1000 4588 bonorum
1046 4535 1490 4591 consiliariorum
1550 4553 1662 4592 non
1703 4538 1926 4596 deesset

299 4621 547 4688 collatio,
578 4653 648 4662 —
677 4621 770 4676 illa
815 4624 1081 4698 angelicae
1107 4627 1392 4698 scripturae
1421 4629 1764 4684 monimenta
1795 4629 1922 4700 jus-

303 4714 378 4770 sit
410 4715 612 4771 deferri
655 4717 710 4772 in
769 4727 1066 4790 conspectu
1127 4737 1246 4777 suo.
1282 4723 1424 4788 Quas
1455 4739 1578 4778 cum
1634 4725 1934 4800 diligenter

301 4803 660 4873 inSpexisset,
711 4813 766 4861 et
794 4807 928 4862 alias
969 4809 1194 4880 quidem
1245 4811 1418 4878 aurei,
1463 4812 1602 4867 alias
1657 4814 1928 4887 argentei,

307 4895 445 4950 alias
483 4897 625 4954 alius
669 4899 968 4968 cujuslibet
995 4901 1198 4958 coloris
1224 4905 1487 4961 varietate
1527 4904 1786 4963 formatas
1817 4913 1932 4963 stu-

305 4997 486 5060 peret,
541 4999 596 5046 et
630 4992 810 5048 altiori
853 4993 1135 5050 intellectu
1169 5012 1266 5067 per
1321 4999 1567 5056 colorum
1602 5000 1925 5056 varietatem

303 5077 510 5133 variam
540 5081 865 5137 meritorum
896 5083 1168 5156 cujusque
1195 5086 1519 5157 qualitatem
1560 5089 1764 5166 signari
1796 5105 1926 5162 per-

2028 4443 2215 4514 ptione
2247 4443 2430 4499 ovium
2471 4459 2694 4497 suarum
2729 4442 2878 4511 justa
2905 4439 3279 4496 sollicitudine
3310 4440 3649 4497 omnimodis

2026 4538 2382 4605 ambiebant;
2435 4545 2520 4592 set
2549 4535 2690 4592 adeo
2722 4541 2946 4608 peccata
2978 4534 3167 4606 populi
3210 4535 3646 4604 invalescebant,

2033 4635 2092 4682 ut
2121 4627 2372 4699 quamvis
2392 4626 2709 4682 sacerdotes
2739 4623 2889 4699 digni
2919 4624 3146 4679 auribus
3176 4623 3394 4680 Domini
3421 4623 3646 4694 judica-

2034 4727 2239 4786 rentur,
2289 4717 2368 4771 illi
2405 4727 2608 4783 tamen,
2641 4732 2743 4788 pro
2774 4716 2976 4788 quibus
3007 4715 3258 4784 orabant,
3318 4714 3537 4791 indigni
3569 4731 3652 4771 es-

2031 4820 2174 4880 sent,
2206 4818 2267 4867 ut
2303 4813 2716 4868 exaudirentur.
2758 4811 2834 4866 De
2885 4812 2989 4866 hoc
3020 4811 3163 4884 (933)
3205 4827 3368 4884 porro
3405 4811 3649 4868 oratorio

2032 4908 2315 4980 aliquibus
2353 4908 2690 4962 insinuatum
2739 4914 2823 4963 est
2865 4907 3148 4977 exjdivina
3202 4907 3558 4972 revelatione,
3595 4911 3650 4960 et

2032 4997 2268 5052 maxime
2307 5004 2499 5053 sancto
2557 4997 2802 5052 Servatio
2854 4997 3154 5072 Tungrensi
3213 4997 3499 5069 episcopo,
3541 4995 3652 5050 Au-

2028 5089 2196 5146 ctoris
2227 5095 2360 5145 tunc
2417 5087 2682 5160 temporis
2726 5087 3076 5145 Mettensium
3119 5087 3376 5162 praesulis
3415 5085 3650 5142 familias

1667 5219 1884 5274 VARIA'}
1915 5219 2295 5276 LECTIONES.

381 5307 452 5344 ⁹¹⁹
481 5312 791 5382 praesentiae
823 5315 871 5370 1.
957 5315 1028 5351 ⁰¹⁰
1057 5331 1182 5372 cum
1213 5330 1259 5373 c.

1349 5317 1414 5393 Ἶ²¹
1447 5319 1590 5374 deest
1628 5319 1680 5376 1.

1770 5320 1842 5355 ⁹²²
1877 5320 1958 5376 ita
1997 5322 2053 5378 L.
2083 5319 2336 5378 subcinis
2417 5320 2489 5356 ⁰²³
2517 5319 2820 5376 ῐηὶηἱιειιθω
2853 5336 2900 5376 οι

1781 5453 1796 5472 ⁸
1878 5457 2086 5514 NOTAE.

387 5547 634 5625 (9§1)Cf.
678 5549 940 5625 Ruotgeri
979 5551 1068 5608 Vit
1094 5553 1389 5625 Brunonis,
1420 5569 1469 5610 c.
1502 5553 1591 5610 24.

389 5617 533 5690 (932)
575 5619 720 5697 Lege
754 5617 1102 5690 ThEOderico;
1133 5617 1425 5682 Heinricus
1450 5642 1502 5683 a.
1537 5626 1644 5682 964
1670 5627 1726 5682 in
1757 5628 1914 5684 Italia

2023 5556 2361 5622 obierat;cf.
2397 5555 2549 5613 Cont.
2584 5556 2662 5612 Re
2709 5597 2745 5624 .,
2777 5573 2828 5612 a.
2851 5555 2977 5612 965.

2097 5627 2238 5683 {933)
2267 5627 2341 5683 Cf.
2376 5627 2548 5683 Vitam
2579 5627 2638 5683 S.
2665 5573 2897 5683 ξεῖνεῠὶ
2923 5628 2977 5683 Tt

2097 5627 2238 5700 (933)
2267 5627 2341 5686 Cf.
2376 5627 2548 5685 Vitam
2579 5627 2638 5684 S.
2665 5627 2897 5687 Servatii
2923 5628 3125 5703 Tungr.
