3938 6050
320 164 427 220 699

325 383 431 435 hoc
458 379 634 434 solum
687 378 989 434 oratorium
1032 378 1088 432 in
1136 378 1305 433 Gallia
1365 379 1581 452 Belgica
1628 378 1941 435 interventu

325 470 780 542 prothomartyris
810 470 1056 525 immune
1096 470 1337 525 futurum
1379 487 1409 524 a
1440 470 1728 526 barbarica
1766 471 1939 542 depo-

325 561 626 631 pulatione.
658 560 776 613 Jam
824 559 1019 614 urbem
1054 559 1379 631 populosam
1415 566 1470 614 et
1526 559 1845 631 Opulentam
1883 559 1940 613 in

325 651 538 707 favillas
569 652 844 706 redactam
877 651 1120 718 dolores,
1145 667 1270 706 cum
1300 658 1484 707 tamen
1526 651 1772 724 undique
1804 651 1941 705 lam-

327 746 587 803 bentibus
618 745 854 801 flammis
893 745 961 800 ab
1005 745 1243 801 oratorio
1291 744 1439 802 faces
1483 746 1718 821 longius
1762 761 1946 801 remo-

328 838 440 893 veri
472 837 766 909 gauderes,
809 843 864 891 et
911 836 1178 891 barbaros
1227 852 1516 907 percussos
1568 852 1634 891 ea
1675 825 1945 906 caecitate,

327 943 450 998 quae
478 942 655 998 graece
687 926 890 981 dicitur
924 927 1138 982 aorasia
1188 928 1277 994 ον’,
1312 927 1381 981 ab
1413 928 1562 983 aditu
1596 928 1729 983 aditi
1771 927 1947 983 arceri

327 1025 599 1088 stuperes,
629 1026 686 1071 ut
716 1026 1047 1089 patesceret,
1108 1018 1243 1090 quid
1282 1026 1469 1090 posset
1500 1018 1779 1075 fructuosa
1804 1036 1947 1074 mar-

330 1109 462 1180 tyris
489 1107 642 1164 fides.
688 1110 878 1164 Stabat
905 1110 1104 1176 adhuc,
1139 1117 1200 1165 ut
1239 1111 1372 1178 dixi,
1414 1112 1665 1182 quamvis
1702 1111 1952 1185 longaeva

329 1207 599 1255 vetustate
626 1201 975 1269 convulsum,
1007 1202 1315 1271 similejam
1340 1203 1579 1269 cadenti,
1609 1203 1776 1258 immo
1807 1218 1950 1274 pene

326 1296 437 1363 jam
480 1296 780 1366 lapsurum,
817 1294 910 1350 Set
953 1296 1205 1366 quamvis
1252 1297 1410 1351 ruina
1435 1297 1725 1352 videbatur
1764 1299 1949 1351 inten-

332 1395 447 1441 tare
473 1387 802 1457 periculum,
843 1396 1024 1442 tamen
1065 1389 1361 1459 prmsentia
1391 1389 1474 1443 sui
1507 1390 1790 1460 antiquum
1820 1405 1949 1444 cre-

334 1474 567 1529 debatur
600 1483 994 1544 repraesentare
1044 1477 1382 1547 praesidium.
1427 1477 1688 1534 Caeterum
1727 1478 1950 1549 praesul,

335 1563 428 1634 qui
463 1563 529 1615 ad
562 1564 1012 1619 restaurationem
1044 1566 1232 1636 templi
1264 1574 1318 1621 et
1347 1567 1416 1620 ad
1448 1569 1633 1622 omnia
1667 1584 1790 1638 qum
1820 1583 1952 1622 usus

333 1653 419 1707 vel
447 1654 618 1708 decus
637 1655 900 1710 recclesiaa
932 1656 1186 1729 exigebat
1216 1658 1505 1713 induxerat
1533 1659 1799 1727 animum,
1829 1675 1951 1714 cre-

337 1747 474 1801 dens
540 1747 687 1817 quod
745 1763 860 1801 non
909 1749 1084 1804 solum
1144 1750 1200 1804 in
1230 1750 1558 1805 manufactis
1617 1751 1951 1807 habitaculis

336 1846 552 1895 constet
591 1840 788 1895 divinae
827 1843 1200 1898 venerationis
1248 1845 1446 1911 cultus,
1492 1845 1750 1917 quodque
1798 1846 1953 1901 locus

338 1930 547 1984 nullum
579 1932 948 1996 commendat,
966 1941 1050 1989 set
1075 1936 1247 2009 magis
1277 1950 1375 1991 nos
1399 1936 1551 1990 illum
1585 1938 1951 1992 commenda-

338 2041 481 2091 mus,
513 2025 851 2081 benevivere
870 2029 914 2082 si
944 2035 1276 2102 satagamus,
1310 2032 1617 2087 nontimuit
1638 2032 1773 2087 illud
1796 2049 1952 2088 ever-

337 2120 452 2167 tere
468 2111 735 2181 funditus,
760 2116 1012 2187 quamvis
1025 2118 1238 2173 animos
1253 2121 1508 2175 etoculos
1525 2119 1815 2176 offenderit
1833 2122 1952 2193 plu-

338 2202 500 2268 rium,
522 2204 675 2274 quasi
692 2206 785 2275 qui
804 2206 1097 2262 tulissetde
1111 2208 1294 2264 medio
1318 2211 1545 2265 evidens
1558 2211 1760 2266 divinae
1774 2212 1956 2284 propi-

340 2292 580 2347 tiationis
598 2292 851 2349 inditium
865 2338 877 2361 ,
891 2302 945 2350 et
959 2312 1201 2366 praesens
1214 2299 1534 2354 meritorum
1550 2301 1956 2372 prothomarty-

337 2382 412 2436 ris
437 2384 834 2440 testimonium.
870 2386 1271 2443 Exaediticatam
1296 2389 1465 2464 igitur
1482 2390 1784 2445 aecclesiam
1814 2391 1955 2448 libe-

340 2473 528 2528 raliter
554 2475 961 2531 aecclesiasticis
990 2483 1332 2535 ornamentis
1364 2481 1676 2546 honoravit,
1710 2481 1956 2537 donariis

341 2564 568 2634 insuper
600 2567 855 2635 pretiosis
896 2568 1276 2640 locupletavit,
1311 2572 1506 2641 partim
1539 2589 1570 2627 a
1601 2589 1660 2627 se
1688 2573 1809 2645 ipso
1841 2576 1958 2630 col-

341 2654 485 2717 latis,
520 2656 711 2724 partim
740 2656 822 2710 sui
856 2658 1059 2712 amoris
1084 2659 1257 2733 gratia
1299 2660 1368 2714 ab
1409 2662 1770 2731 optimatibus
1800 2665 1953 2739 regni

339 2746 604 2801 aecclesize
628 2748 721 2802 Dei
747 2749 969 2815 oblatis,
985 2756 1039 2805 et
1061 2751 1339 2821 praecipue
1366 2769 1396 2807 a
1420 2752 1797 2810 munificentia
1825 2756 1954 2828 glo-

339 2836 472 2893 riosi
529 2840 747 2894 casaris
786 2840 996 2895 Ottonis
1026 2842 1258 2912 ejusque
1311 2844 1567 2918 conjugis
1610 2845 1950 2913 Adheleidis,

324 2929 498 2999 'cujus
535 2930 644 2984 vita
670 2931 837 2985 nichil
871 2932 1017 2986 aliud
1063 2934 1164 2987 fuit
1193 2933 1297 2987 nisi
1330 2935 1614 3006 exemplar
1641 2937 1863 3007 pietatis
1902 2945 1955 2993 et

342 3020 624 3077 castitatis.
666 3022 758 3076 Set
790 3029 843 3077 et
872 3023 1045 3095 gloria
1085 3026 1425 3095 posteritatis
1464 3042 1675 3090 eorum,
1711 3028 1829 3084 Otto
1863 3030 1957 3098 ju—

342 3108 486 3173 nior,
543 3111 596 3164 in
639 3112 740 3166 hac
769 3112 1018 3185 largitate
1058 3130 1168 3170 non
1202 3115 1303 3171 fuit
1333 3115 1581 3173 inferior.
1638 3119 1776 3184 Quia
1806 3120 1955 3175 enim

343 3200 522 3256 ﬁdelis
549 3203 940 3273 paterfamilias
984 3208 1391 3263 thesaurizabat
1436 3226 1547 3264 non
1582 3211 1709 3279 sibi,
1741 3221 1827 3267 set
1856 3213 1957 3267 do—

344 3293 561 3350 miuicaa
590 3295 812 3351 familiae
851 3299 1164 3368 commodo,
1193 3309 1252 3355 ut
1281 3301 1439 3357 daret
1469 3302 1578 3357 illis
1605 3303 1770 3358 tritici
1802 3321 1957 3361 men-

343 3404 524 3443 suram
555 3389 611 3444 in
641 3398 887 3463 tempore
918 3401 1212 3465 oportuno,
1244 3395 1617 3453 collaborabat
1645 3397 1808 3453 bonae
1838 3401 1958 3470 ejus

344 3476 635 3533 intentioni
669 3480 839 3536 multa
865 3480 1112 3538 ﬁdelium
1139 3483 1335 3539 Christi
1360 3486 1599 3542 devotio.

413 3566 464 3621 6.
509 3570 584 3622 De
621 3574 1008 3626 constructione
1048 3572 1494 3629 Waltz‘odoreusis
1524 3577 1762 3635 ,cmnobii
1795 3575 1958 3647 (934),

342 3656 411 3712 Ut
449 3658 517 3713 de
556 3660 745 3715 multis
784 3678 954 3717 unum
997 3662 1325 3732 inseramus,
1382 3664 1487 3720 fuit
1524 3681 1588 3720 ea
1632 3672 1960 3739 tempestate

343 3764 530 3804 comes
563 3751 786 3821 quidam
820 3753 1119 3809 nobilitatis
1144 3756 1319 3829 gloria
1357 3756 1718 3823 clarissimus,
1751 3759 1960 3814 sancti-

344 3844 474 3897 tatis
503 3847 810 3901 reverentia
838 3848 1332 3915 nominatissimus,
1374 3851 1551 3905 eidem
1587 3852 1731 3922 patri
1772 3863 1958 3908 nostro

344 3950 553 4009 genere
588 3937 961 4009 propinquus,-
996 3955 1199 3994 nomen
1238 3948 1354 3995 erat
1379 3941 1429 3997 ei
1471 3942 1746 3998 Elbertus.
1774 3945 1842 4012 Is,
1878 3954 1959 3999 ta-

344 4030 464 4078 ctus
494 4023 756 4079 instinctu
788 4026 1030 4081 caelestis
1082 4026 1371 4096 desiderii,
1419 4031 1754 4100 posthabere
1795 4034 1962 4105 coepit

342 4115 531 4169 omnia
558 4132 680 4187 quae
718 4118 769 4172 ei
801 4117 1187 4174 habundanter
1216 4121 1534 4177 arridebant
1561 4123 1783 4193 pellacis
1810 4142 1954 4197 gau-

343 4203 434 4258 dia
458 4205 671 4272 mundi,
706 4206 998 4280 indignum
1027 4209 1258 4277 ducens,
1283 4227 1381 4282 pro
1415 4212 1537 4280 eius
1578 4214 1729 4270 lucro
1754 4214 1954 4271 animae

342 4310 455 4349 sua)
484 4295 873 4353 detrimentum
906 4300 1034 4370 pati.
1092 4302 1192 4366 Qui
1224 4302 1567 4376 legationem
1618 4305 1810 4360 salutis
1840 4322 1953 4361 suae

345 4391 570 4446 mittens
600 4393 667 4447 ad
695 4410 880 4467 regem
911 4412 1034 4451 cum
1085 4397 1254 4468 duplo
1286 4398 1527 4455 exercitu
1577 4406 1767 4455 contra
1815 4402 1950 4456 sim-

344 4478 495 4549 plum
527 4488 774 4538 nostrum
806 4485 1143 4553 venientem,
1176 4486 1435 4542 idoneam
1464 4488 1607 4559 inter
1625 4505 1684 4544 se
1706 4498 1760 4544 et
1782 4490 1949 4545 Deum

344 4571 509 4646 elegit
536 4574 914 4632 mediatricem
946 4577 1247 4648 piissimam
1272 4580 1528 4636 videlicet
1556 4581 1801 4651 Mariam,
1834 4583 1954 4652 ejus

343 4660 612 4733 virginem
647 4665 1003 4737 genitricem;
1036 4674 1090 4723 et
1119 4670 1351 4741 cupiens
1381 4685 1491 4725 non
1513 4676 1723 4726 tantum
1745 4687 1844 4726 sua
1869 4681 1953 4727 set

1503 160 1852 217 SIGEBERTI
1892 159 2414 217 GEMBLACENSIS.

324 292 563 358 rissimo,
597 289 923 360 promissum
966 296 1051 344 est
1080 304 1145 344 ex
1193 290 1494 361 apostolica
1533 274 1938 357 consolatione,
1964 293 2016 360 Α
2041 298 2096 345 et
2125 290 2301 362 ipsam
2325 288 2491 343 vitam
2516 301 2616 359 pro
2640 301 2828 342 amore
2848 284 2975 341 vitae
3007 267 3230 339 aeternae
3252 282 3480 354 pacisci,
3514 282 3658 355 felici
3740 364 3747 373 ι

1976 1610 2026 1678 Β

1977 4355 2036 4425 D

2042 383 2364 441 commertio
2393 398 2492 438 sua
2512 381 2698 438 omnia
2727 381 2839 436 Deo
2866 377 3081 435 dedidit
3121 378 3349 449 ejusque
3380 377 3661 451 genitrici,

2042 484 2097 534 et
2128 477 2183 531 in
2223 477 2432 532 honore
2462 474 2609 544 'ejus
2639 471 3035 528 monasterium
3088 468 3389 524 construxit
3448 468 3502 522 in
3532 468 3665 522 villa

2043 565 2584 635 Walciodoro,quam
2609 562 2761 617 Mosa
2783 560 2939 615 alluit
2969 559 3024 613 in
3056 557 3283 613 dioecesi
3313 557 3662 625 Leodicensi,

2046 658 2236 730 ibique
2306 655 2408 711 sub
2465 653 2782 711 monasticae
2821 651 3104 726 religionis
3156 649 3347 705 habitu
3405 650 3668 704 adunavit
3730 652 3737 655 ‘

2047 750 2234 806 divino
2258 749 2492 805 idoneos
2512 746 2816 809 famulatui,
2846 744 2938 816 qui
2968 743 3074 799 sibi
3120 743 3458 798 seminarent
3486 742 3663 813 spiri-

2049 845 2237 911 tualia,
2259 852 2314 901 et
2340 844 2418 899 illi
2441 860 2541 899 sua
2566 839 3116 899 meterentcarnalia.
3150 838 3273 905 Qui,
3305 837 3431 909 quia
3459 837 3668 909 praedi-
3720 830 3727 835 λ

2051 935 2183 991 dicti
2213 929 2477 989 antistitis
2508 932 2685 988 nostri
2698 932 2767 966 ⁹²⁵
2798 929 3136 1006 gloriabatur
3163 926 3664 1001 consanguinitate,
3746 978 3758 1011 ἶ

2050 1026 2359 1098 praesertim
2392 1025 2522 1097 quia
2549 1040 2673 1079 eum
2697 1022 2844 1094 apud
2877 1021 3119 1076 animum
3155 1019 3299 1092 regis
3330 1034 3442 1074 non
3473 1035 3663 1089 parum

2050 1118 2235 1174 valere
2260 1117 2482 1173 videbat
2533 1116 2727 1170 intima
2754 1113 3146 1178 familiaritate,
3190 1111 3444 1183 regisque
3476 1127 3667 1184 regum
3730 1106 3733 1109 λ
3784 1098 3805 1107 ’

2049 1210 2278 1284 gratiam
2305 1208 2676 1279 promeruisse
2704 1222 2829 1261 eum
2863 1204 3210 1260 intellexerat
3241 1220 3307 1259 ex
3359 1204 3430 1237 9³⁸
3472 1203 3664 1257 mundi

2052 1301 2236 1358 cordis
2275 1299 2614 1365 sinceritate,
2658 1296 2868 1352 nullum
2921 1303 3043 1366 post
3092 1295 3262 1350 Deum
3295 1294 3529 1365 ejusque
3554 1309 3671 1347 ma—

2054 1398 2190 1446 trem
2244 1406 2406 1462 quam
2438 1405 2562 1443 eum
2620 1386 2726 1442 sibi
2789 1385 3051 1440 heredem
3099 1383 3397 1457 subrogare
3454 1381 3668 1448 maluit,
3746 1392 3751 1395 '

2055 1482 2314 1553 idemque
2354 1478 2748 1534 monasterium
2782 1491 2881 1547 pro
2931 1475 3050 1545 ejus
3096 1490 3282 1529 amore
3315 1472 3426 1542 juri
3465 1480 3671 1527 sancta:

2054 1570 2336 1626 Mettensis
2353 1567 2616 1624 aecclesiae
2639 1571 2965 1622 testamento
2979 1563 3276 1637 delegavit,
3314 1569 3368 1619 et
3401 1561 3670 1632 imperiali

2053 1661 2276 1715 decreto
2322 1658 2379 1712 in
2437 1663 2761 1728 perpetuum
2795 1651 3142 1708 confirmavit
3175 1649 3335 1721 (933).
3382 1650 3477 1704 Ille
3516 1665 3668 1714 vero,

2052 1754 2242 1819 utpote
2297 1747 2382 1803 vir
2448 1760 2560 1800 non
2612 1741 2911 1798 mediocris
2961 1740 3296 1812 prudentiae,
3369 1738 3499 1810 quia
3558 1754 3671 1792 non

2054 1838 2299 1909 ingratus
2339 1841 2477 1903 erat,
2530 1842 2682 1889 tanto
2729 1832 2899 1904 gratis
2950 1830 3213 1885 aecclesiae
3258 1843 3372 1884 suae
3428 1827 3675 1898 praestito

2055 1926 2350 1996 beneficio,
2391 1943 2459 1981 ne
2519 1926 2568 1980 ei
2616 1932 2815 1997 praeter
2860 1929 3119 1978 aeternam
3154 1919 3666 1975 remunerationem

2055 2019 2218 2073 etiam
2248 2018 2299 2071 in
2355 2016 2592 2071 terrenis
2631 2015 2850 2069 deesset
2879 2014 3046 2085 digna
3089 2010 3437 2077 vicissitudo,
3484 2008 3673 2062 villam

2054 2126 2166 2164 suae
2200 2109 2424 2164 ditionis
2453 2108 2633 2163 eidem
2656 2106 3000 2179 constiguam
3044 2105 3185 2170 loco,
3231 2101 3532 2157 Hasteriam
3584 2116 3679 2155 vo-

2057 2204 2275 2270 cabulo,
2325 2220 2449 2259 cum
2482 2201 2786 2275 apenditiis
2839 2200 2956 2255 suis
3014 2198 3195 2254 eidem
3248 2196 3534 2265 conjunxit
3562 2210 3677 2249 cre-

2056 2296 2248 2352 nobio.

2125 2386 2178 2440 7.
2208 2386 2314 2452 Qui
2344 2386 2453 2438 υἰνί
2499 2399 2560 2438 ea
2590 2386 2898 2453 tempestate
2952 2382 3281 2435 claruerunt.
3318 2378 3450 2433 Jure
3495 2376 3680 2431 felicia

2057 2477 2284 2533 dixerim
2312 2476 2521 2531 Ottonis
2550 2482 2819 2545 tempora,
2855 2479 2999 2538 ﬁcum
3054 2471 3216 2527 claris
3263 2468 3593 2541 praesulibus
3621 2471 3680 2521 et

2056 2568 2404 2639 sapientibus
2435 2566 2563 2621 viris
2604 2582 2691 2621 res
2722 2564 2943 2636 publica
2980 2564 3051 2619 sit
3083 2562 3399 2627 reformata,
3430 2577 3531 2631 pax
3564 2574 3676 2613 mc-

2057 2657 2348 2713 clesiarum
2402 2662 2727 2718 restaurata,
2779 2655 3037 2709 honestas
3097 2650 3379 2724 religionis
3430 2648 3679 2703 redinte-

2056 2753 2227 2822 grata.
2272 2746 2399 2799 Erat
2436 2744 2626 2800 videre
2676 2750 2731 2797 et
2769 2758 2825 2797 re
2859 2743 2974 2812 ipsa
3009 2740 3273 2812 probare,
3329 2755 3518 2794 verum
3552 2752 3676 2791 esse

2058 2838 2190 2893 illud
2225 2837 2568 2910 philosophi:
2622 2835 2954 2891 fortunatam
2988 2850 3110 2888 esse
3141 2849 3254 2887 rem
3295 2830 3596 2902 publicam,
3628 2829 3679 2882 si

2056 2930 2138 2985 vel
2168 2945 2327 3004 reges
2364 2931 2644 2998 saperent,
2690 2924 2775 2980 vel
2820 2930 3117 2996 regnarent
3175 2920 3473 2991 sapientes.
3522 2919 3672 2972 Prae-

1981 2982 2030 3051 Ο
2057 2982 2390 3076 θτειῐιιεξξηὶη]
2412 3018 2619 3090 populo
2646 3017 2803 3090 regni
2822 3031 2931 3071 non
2969 3013 3356 3075 mercennarii,
3381 3018 3464 3066 set
3490 3018 3681 3081 pasto-

2060 3132 2146 3170 res
2173 3113 2479 3169 clarissimi.
2535 3114 2682 3167 lnter
2709 3126 2848 3183 quos
2883 3110 3081 3164 merito
3112 3108 3198 3163 sui
3225 3106 3422 3162 lucidis
3452 3120 3681 3177 compa-

2059 3208 2261 3262 randos
2299 3204 2611 3277 syderibus,
2654 3203 2971 3259 nominatus
3028 3208 3081 3256 et
3110 3215 3257 3281 saepe
3305 3198 3678 3254 nominandus

2060 3300 2153 3354 ille
2183 3305 2500 3372 magnatum
2531 3295 2825 3362 maximus,
2874 3294 3056 3348 Bruno
3088 3290 3354 3347 archidux
3385 3290 3451 3324 ⁹²⁷
3504 3295 3559 3343 et
3587 3305 3672 3343 ar-

2059 3391 2469 3462 chiepiscopus,
2502 3388 2651 3444 velut
2688 3386 2881 3442 lucifer
2919 3384 3217 3439 matutinus
3271 3382 3511 3437 micabat
3543 3380 3677 3436 ruti-

2058 3486 2162 3541 lus.
2188 3486 2317 3540 Post
2347 3500 2472 3539 eum
2506 3481 2840 3537 Deodericus
2869 3486 3073 3545 noster,
3106 3477 3371 3534 aecclesiaz
3402 3476 3673 3549 regimen,

2063 3576 2217 3651 regni
2247 3578 2524 3643 columen,
2555 3573 2769 3629 virtutis
2806 3572 3114 3643 specimen,
3167 3570 3370 3641 passim
3434 3567 3678 3623 nominis

2061 3668 2146 3722 sui
2182 3667 2478 3741 spargebat
2503 3666 2711 3720 lumen.
2742 3663 2978 3719 Treviris
3012 3662 3300 3737 aurigabat
3329 3677 3545 3715 currum
3580 3659 3674 3714 Dei

2064 3760 2351 3814 lleinricus
2393 3758 2482 3826 9’8,
2515 3765 2640 3829 post
2670 3773 2793 3812 eum
2826 3756 3127 3827 Egbertus;
3162 3754 3255 3826 qui
3289 3754 3446 3824 cujus
3472 3750 3680 3806 sancti-

2062 3851 2189 3906 tatis
2222 3849 2425 3904 fuerint
2463 3849 2509 3903 si
2545 3848 2671 3919 quis
2703 3847 2937 3920 ignorat,
2999 3846 3156 3901 facile
3196 3845 3441 3899 inveniet
3473 3860 3501 3897 a
3551 3842 3680 3913 qui-

2059 3945 2165 4000 bus
2196 3945 2388 3999 discat.
2433 3942 2625 3998 Leucis
2663 3948 2896 4013 praeerat
2934 3940 3224 4005 Gerardus,
3256 3938 3486 3993 Virduni
3523 3936 3677 3992 anti—

2062 4034 2240 4089 stabat
2294 4031 2621 4113 Wicfridus;
2667 4031 2760 4103 qui
2793 4030 2985 4101 quales
3035 4028 3243 4083 fuerint
3286 4028 3372 4083 vel
3420 4027 3550 4081 hinc
3576 4040 3679 4097 po-

2058 4133 2164 4182 test
2190 4125 2339 4191 sciri,
2368 4125 2495 4196 quia
2551 4124 2775 4199 collegae
2820 4122 3046 4178 fuerunt
3085 4121 3247 4190 hujus
3305 4119 3477 4176 nostri
3535 4120 3679 4173 Deo-

2058 4218 2252 4286 derici,
2284 4233 2349 4272 ex
2379 4216 2674 4287 disciplina
2721 4215 2933 4270 scilicet
2974 4214 3247 4269 Brunonis
3287 4212 3483 4278 incliti,
3517 4211 3677 4278 cujus

2056 4311 2218 4366 etiam
2271 4308 2482 4379 judicio
2524 4309 2590 4362 ad
2648 4306 2878 4381 gradum
2940 4305 3292 4377 pontificatus
3350 4311 3678 4358 meruerunt

2057 4401 2302 4474 provehi.
2364 4401 2527 4456 Porro
2582 4398 2880 4454 Wicfridus
2958 4414 3089 4453 usus
3135 4403 3217 4452 est
3284 4396 3337 4450 in
3411 4395 3676 4450 omnibus

2054 4495 2303 4560 prompta
2340 4503 2510 4559 opera
2566 4486 2815 4559 praesulis
2872 4485 3183 4553 Deoderici,
3245 4495 3299 4539 et
3342 4485 3578 4539 maxime
3619 4483 3674 4537 in

2054 4580 2426 4636 construendo
2477 4579 2735 4636 coenobio
2789 4578 2964 4634 sancti
3020 4578 3169 4632 Pauli
3223 4576 3563 4633 confessoris
3617 4576 3673 4630 in

2052 4670 2320 4725 suburbio
2344 4668 2698 4736 Virduncnsi,
2728 4685 2760 4723 a
2811 4683 2918 4740 quo
2948 4667 3111 4722 etiam
3163 4666 3486 4736 pretiosiora
3540 4680 3673 4719 auro

1697 4795 1915 4851 VARl/E
1945 4795 2322 4853 LECTIONES.

417 4906 802 4990 9“manus
870 4911 1164 4990 addit:_Si
1223 4913 1347 4990 quis
1401 4916 1536 4986 quid
1589 4917 1662 4990 sit
1699 4916 1912 4990 aorasia
1969 4917 2167 4990 querit,
2231 4933 2295 4973 ex
2353 4917 2533 4990 verbis
2589 4916 2761 4972 sancti
2809 4914 3408 4990 Augustini‘discere

3513 4919 3673 4983 pote-

349 4978 470 5061 Γῆν-
499 4979 706 5061 (Ιυὶῡὶηῄ
735 4980 874 5061 Ιίὒςο
904 4978 1259 5061 questionum
1315 4978 1641 5061 in_genesi_
1679 4989 1760 5043 sic
1809 4989 1929 5061 ait:
1989 4978 2164 5061 'Viros'
2211 5004 2365 5061 vero,
2397 4989 2489 5061 qui
2548 4987 2824 5061 erantad
2854 4978 3073 5061 ostium
3137 4986 3335 5061 domus
3382 4978 3671 5061 percusse-

350 5053 766 5141 runt-cecitate.
809 5053 965 5141 Greci
999 5053 1203 5141 habent
1229 5053 1462 5141 αρτ-αδίεῇ
1497 5059 1645 5140 quod
1678 5059 1852 5141 magis
1880 5060 2155 5141 significat
2191 5060 2234 5113 si
2264 5060 2370 5141 dici
2404 5053 2587 5141 potest
2614 5059 2980 5141 avidqnciam,
3008 5073 3131 5141 quae
3164 5053 3669 5141 faciant-nonvideri,

348 5136 458 5213 n91)
480 5126 773 5213 gmniaset
793 5126 941 5213 quod
962 5140 1103 5213 opus
1123 5128 1357 5213 est._.Hac
1384 5126 1682 5213 aorasiaet
1709 5126 2051 5213 illi'per‘c‘ussi
2078 5137 2205 5212 sunt
2223 5131 2317 5213 qui
2337 5126 2647 5203 qu'erebant
2678 5126 3173 5213 Helyseumn.”llane
3194 5136 3249 5210 et
3280 5128 3356 5182 illi
3392 5127 3671 5213 abierunt

390 5192 445 5277 pi
478 5193 767 5277 Dominum
810 5192 950 5277 post“
965 5192 1427 5277 resurrectionem
1453 5217 1573 5256 cum
1607 5201 1701 5257 illo
1733 5192 2079 5258 ambulantes
2107 5203 2165 5257 in
2202 5192 2290 5257 via
2320 5192 2431 5259 non
2457 5192 2858 5277 cognoverunt.

347 5263 415 5297 ⁹¹⁷
437 5265 702 5321 archidus
730 5282 776 5321 c.
812 5263 824 5267 ⁷
883 5266 951 5301 ⁹²⁸
984 5266 1244 5323 henricus
1271 5286 1315 5326 ο.

2962 5201 3030 5235 9³⁵
3058 5199 3260 5255 nostris
3288 5216 3334 5255 c.
3444 5199 3516 5233 ⁹²⁶
3543 5203 3597 5252 et
3618 5197 3641 5250 l
3665 5241 3672 5248 .

1904 5344 2113 5400 NOTE.

422 5433 559 5503 (934)
591 5436 804 5504 Wasor,
829 5438 990 5495 dioec.
1015 5439 1420 5497 Namurcensis.

420 5504 562 5581 (935)
591 5506 651 5561 Α.
684 5508 810 5581 946..
843 5508 996 5581 Sept.
1012 5527 1120 5576 nux,
1155 5511 1339 5567 Remis
1369 5512 1595 5570 Eilberti
1626 5515 1850 5573 donatio

350 5576 418 5631 ab
449 5575 646 5633 Ottone
665 5575 984 5636 confirmata
1014 5575 1116 5647 est,
1151 5582 1316 5640 Mirazi
1350 5585 1485 5656 Opp.
1522 5585 1715 5653 1,259;
1748 5587 1817 5643 ct.

2069 5443 2266 5501 Chr'on.
2301 5424 2637 5501 Wal'ciodor.
2689 5443 2932 5512 Dachery
2970 5441 3060 5496 ed.
3117 5442 3172 5504 2,
3219 5442 3302 5508 ‘ll,
3346 5458 3399 5513 p.
3459 5439 3581 5507 709,
3616 5447 3670 5495 et

1961 5517 2131 5571 Vitam
2175 5516 2481 5573 Forannani
2504 5513 2705 5571 Mabill.
2733 5514 2941 5578 Oct.-V,
2975 5531 3029 5584 p.
3063 5513 3185 5568 587.

3548 153 3661 208 700
3744 144 3749 153 ’
