3938 6050
136 191 248 249 701

1158 201 1309 256 VITA
1348 201 1703 259 DEODERILI
1743 203 2040 261 EPISCOPI
2079 203 2464 261 METTENSIS.

3375 210 3488 266 702

126 329 194 377 et
230 324 438 394 topatio
489 339 613 380 ossa
645 327 822 383 sancti
877 331 1133 402 martyris
1191 333 1434 409 Gregorii
1493 335 1764 407 Spoletini
1791 339 1838 408 Α
1867 339 1955 390 tus
1987 337 2168 406 Helyot
2203 353 2363 408 super
2392 339 2667 407 "caseum
2689 337 2766 392 ad
2798 339 3057 406 facienda
3081 341 3244 407 signa
3280 344 3330 395 et
3355 356 3484 410 pro-

131 416 482 488 impetravit,
511 435 634 490 quae
681 419 969 493 decenter,
997 431 1059 479 ut
1089 425 1250 480 hodie
1291 436 1375 483 est
1406 443 1654 497 cernere,
1709 431 1766 484 in

136 511 401 566 aecclesia
433 511 627 566 eadem
668 515 936 584 reposuit.
977 516 1200 573 Possem
1245 535 1532 576 recensere
1581 523 1770 593 plures

134 601 422 673 cujusque
453 603 666 658 ordinis
709 619 774 660 ea
815 611 1140 677 tempestate
1190 607 1460 684 insignes,
1516 619 1602 666 set
1640 611 1768 667 nolo

135 693 516 748 extredientur
553 694 785 750 aliorum
829 706 1046 752 mentes
1097 699 1187 753 vel
1230 715 1413 754 aures.
1449 700 1542 755 Isti
1574 710 1772 772 praeter

131 797 242 838 eos
284 799 425 856 quos
454 783 598 838 fama
625 785 864 841 obscura
893 788 1166 855 recondit,
1207 789 1370 858 hujus
1401 790 1572 860 patris
1597 790 1772 846 nostri

135 875 613 945 contemporales,
670 876 840 948 aliqui
886 879 1049 934 etiam
1101 879 1553 946 contubernales,
1600 881 1772 954 aliqui

129 961 520 1030 contribules;
554 964 609 1018 hi
631 965 855 1036 inquam
885 968 1007 1036 ejus
1039 969 1094 1022 in
1119 968 1325 1025 bonum
1355 979 1766 1041 cooperatores,

128 1052 194 1106 hi
232 1053 287 1107 in
348 1054 543 1109 castris
575 1055 786 1112 domini
837 1059 1074 1115 Sabaoth
1141 1061 1306 1130 hujus
1343 1061 1554 1136 egregii
1609 1071 1770 1118 ante-

129 1145 365 1216 signani
399 1145 552 1201 fuere
585 1149 1018 1216 commilitones,
1050 1152 1104 1206 hi
1135 1168 1329 1208 omnes
1353 1155 1766 1224 succenturiati,

131 1236 196 1290 in
249 1237 366 1292 otio
423 1246 478 1292 et
513 1238 565 1292 in
598 1241 822 1312 negotio
852 1243 1034 1297 causis
1092 1245 1236 1317 regis
1263 1246 1515 1313 aderant,
1536 1247 1768 1319 ejusque

137 1336 408 1398 nepotem
441 1329 801 1385 Deodericum
843 1331 936 1386 alii
979 1334 1149 1403 patris
1193 1335 1424 1402 honore,
1453 1335 1546 1389 alii
1588 1335 1768 1391 fratris

134 1436 334 1475 amore
369 1420 599 1476 mirifice
630 1423 980 1480 excolebant.

214 1511 270 1566 8.
303 1513 379 1565 De
405 1516 570 1565 morte
590 1513 776 1566 domui
813 1514 1100 1569 Brunom's.
1154 1515 1447 1586 Postquam
1481 1516 1627 1589 (936)
1659 1517 1767 1591 igi-

129 1612 228 1660 tur
266 1606 600 1661 venerabilis
626 1607 1079 1678 archiepiscopus
1105 1609 1290 1666 Bruno
1335 1617 1503 1666 totam
1534 1627 1765 1682 compo-

1867 429 2027 499 digia
2055 431 2153 498 (IV
2178 433 2305 499 Reg.
2349 447 2408 496 ιι,
2461 431 2566 497 15).
2603 431 2684 485 sic
2735 445 2900 486 omne
2949 431 3252 502 spiritualis
3304 433 3492 506 gratiae

1870 519 2098 583 donum,
2134 535 2244 590 quo
2280 520 2588 575 Brunonem
2634 519 2727 573 Dei
2755 519 3116 592 insigniverat
3148 521 3343 594 gratia,
3389 521 3493 576 mi-

1873 613 2073 667 rareris
2113 612 2170 667 in
2233 613 2592 670 Deodericum
2644 612 2976 668 transfusum
3027 614 3094 668 ad
3148 611 3496 686 disponenda

1874 701 2030 776 regni
2061 701 2305 774 negotia.

1944 790 1998 845 9.
2031 793 2105 846 De
2131 793 2385 845 unanimi
2427 791 2782 859 fraternitate
2816 791 2948 844 Cleri
2965 792 3242 846 Mettensis
3269 797 3316 846 et
3355 793 3494 847 Hal-

1877 883 2247 938 berstedensis.
2285 883 2408 938 Erat
2439 882 2570 936 huic
2597 881 2901 952 imperialis
2929 881 3238 938 nobilitatis
3291 890 3345 939 et
3375 884 3495 954 epi-

1871 971 2108 1042 scopalis
2141 971 2427 1046 dignitatis
2457 971 2572 1026 viro
2605 971 2758 1046 jugis
2795 971 3079 1046 vigilantia
3122 988 3291 1044 super
3328 988 3494 1028 excu-

1871 1062 1994 1118 bias
2031 1062 2136 1116 sibi
2165 1063 2446 1118 commissi
2473 1063 2678 1138 gregis,
2729 1071 2847 1118 erat
2877 1065 3211 1136 prOpensior
3238 1080 3371 1120 cura
3393 1079 3494 1135 pro

1870 1155 2082 1209 honore
2113 1161 2166 1208 et
2197 1155 2448 1225 profectu
2490 1155 2760 1210 clericalis
2789 1156 3033 1222 ordinis;
3075 1157 3200 1211 ideo
3224 1155 3492 1228 quicquid

1871 1261 2062 1301 eorum
2092 1245 2256 1301 saluti
2287 1246 2599 1302 conducere
2625 1247 2864 1318 videbat,
2893 1248 3192 1324 diligenter
3219 1264 3490 1320 procura-

1869 1337 1981 1394 bat.
2018 1338 2175 1394 Unde
2227 1337 2371 1392 inter
2410 1345 2606 1394 caetera
2656 1340 2862 1394 clerum
2897 1341 3216 1396 Mettensem
3250 1347 3305 1396 et
3345 1342 3480 1396 Hal-

1869 1429 2312 1495 berstedensum,
2347 1431 2441 1502 qui
2499 1431 2718 1503 utrique
2762 1431 3074 1487 innituntur
3119 1443 3376 1504 patrono,
3408 1438 3489 1492 vi-

1868 1517 2103 1572 ctorioso
2135 1518 2346 1574 scilicet
2383 1526 2784 1592 protomartyre
2833 1521 3136 1592 Stephano,
3173 1522 3245 1576 ita
3284 1532 3489 1579 mutuae

1866 1604 2106 1660 caritatis
2145 1605 2323 1661 univit
2374 1607 2610 1676 glutino,
2671 1617 2730 1662 ut
2782 1624 2877 1663 cor
2927 1626 3094 1663 unum
3151 1619 3206 1664 et
3243 1611 3484 1667 animam

125 1707 324 1752 suerat
377 1697 830 1771 Lothtaringiam.
886 1699 1280 1771 Compendium
1338 1703 1578 1773 perrexit
1601 1719 1758 1760 com-
1790 1663 1840 1731 B
1865 1713 2031 1752 unam
2069 1697 2150 1752 eis
2179 1697 2412 1753 infunde
2444 1704 2497 1753 et
2527 1699 2582 1752 in
2618 1699 2870 1761 DominO.
2916 1700 2970 1754 id
3003 1709 3088 1755 est
3116 1709 3174 1756 ut
3201 1702 3252 1756 in
3287 1719 3486 1775 corpo-

129 1787 420 1858 positurus
453 1788 614 1843 etiam
661 1788 964 1855 Franciam,
1014 1790 1227 1845 habens
1256 1807 1443 1847 secum
1475 1793 1763 1850 consobri-

127 1897 266 1935 num
301 1897 464 1936 suum
507 1882 898 1946 Deodericum,
939 1885 996 1938 in
1029 1887 1240 1941 cunctis
1279 1888 1544 1958 Operibus
1599 1889 1762 1945 bonis

128 1973 518 2028 ﬁdelissimum
579 1975 908 2044 adjutorem.
971 1978 1101 2032 Eum
1156 1979 1363 2050 quippe
1420 1979 1490 2034 ab
1530 1981 1759 2036 exordio

128 2065 598 2121 incardinationis
635 2067 756 2135 ejus
805 2069 862 2122 in
902 2070 1160 2125 omnibus
1221 2071 1457 2144 negotiis
1489 2072 1761 2140 ﬁexibebat

131 2158 243 2212 sibi
285 2165 725 2230 coeperatorem,
759 2161 1097 2234 praesagiens
1117 2178 1242 2217 eum
1275 2179 1503 2233 operum
1534 2180 1758 2220 suorum

131 2247 255 2302 fore
307 2247 722 2316 imitatorem,et
758 2249 944 2324 gratiae
1007 2251 1337 2322 virtutisque
1391 2251 1496 2305 sibi
1553 2253 1762 2309 caelitus

132 2354 417 2392 concessa:
461 2353 570 2392 non
598 2337 762 2412 longe
795 2346 920 2408 post
947 2339 1230 2394 heredem.
1267 2340 1356 2394 Vir
1393 2356 1525 2414 ergo
1565 2340 1759 2412 pacifi-

128 2445 232 2483 cus
275 2429 468 2484 volens
499 2429 682 2484 vocari
729 2429 824 2484 Dei
867 2428 1034 2498 filius,
1081 2430 1214 2484 dum
1264 2445 1492 2501 Operum
1534 2447 1758 2487 suorum

131 2519 296 2572 home
331 2517 800 2574 consummationi
841 2528 988 2574 esset
1020 2519 1288 2586 intentus,
1319 2519 1526 2593 decidit
1564 2519 1620 2574 in
1679 2521 1760 2576 le-

129 2616 283 2664 ctum
333 2609 586 2680 corporis
620 2611 921 2685 gravedine
950 2611 1235 2677 detentus;
1277 2618 1332 2666 et
1361 2611 1546 2668 Remis
1585 2629 1761 2684 usque

131 2718 439 2776 regressus,
483 2702 686 2757 ibidem
721 2704 1096 2759 invalescente
1157 2705 1486 2780 aegritudine
1531 2712 1617 2760 est
1671 2721 1760 2760 re-

134 2797 339 2846 tentus.
383 2791 638 2846 Sentiens
667 2791 850 2862 itaque
900 2791 1066 2847 finem
1099 2808 1257 2848 suum
1291 2809 1323 2847 a
1368 2793 1480 2848 Deo
1507 2793 1614 2846 sibi
1655 2809 1761 2849 no-

136 2877 360 2946 tificari,
400 2895 804 2951 numerumque
851 2880 1067 2934 dierum
1107 2896 1331 2937 suorum
1361 2882 1756 2950 consummari,

135 2970 430 3044 sciensque
469 2972 604 3044 quid
633 2973 854 3027 deesset
893 2973 1023 3041 sibi,
1066 2973 1389 3029 deliberavit
1428 2990 1613 3030 secum
1644 2975 1758 3030 ele-

136 3062 366 3117 mosinis
405 3070 628 3132 peccata
657 3079 756 3117 sua
799 3063 1070 3118 redimere
1101 3072 1156 3120 et
1193 3065 1486 3120 thesauros
1527 3081 1658 3122 suos
1698 3066 1754 3120 in

130 3155 501 3228 gazophilatio
555 3155 680 3209 C(Bli
723 3155 1050 3222 recondere,
1097 3156 1309 3212 scilicet
1349 3157 1403 3211 in
1453 3173 1587 3212 usus
1616 3173 1751 3230 pau-

135 3259 328 3314 perum
359 3253 413 3298 et
460 3243 833 3298 mcclesiarum
863 3243 1058 3300 Christi
1088 3247 1433 3318 expendere;
1467 3257 1522 3302 et
1550 3263 1755 3304 vocans

132 3335 201 3389 ad
243 3351 303 3389 se
338 3335 684 3410 refrigerium
714 3335 926 3391 doloris
949 3336 1035 3392 sui
1075 3345 1129 3392 et
1169 3337 1292 3393 vitae
1333 3339 1637 3411 mortisque
1660 3354 1755 3396 so-

133 3427 324 3482 latium
384 3427 768 3492 Deodericum,
822 3435 877 3484 et
907 3429 1308 3485 Virdunensem
1357 3463 1421 3472 —
1456 3447 1580 3486 nam
1627 3439 1682 3488 et
1710 3432 1756 3488 is

135 3526 334 3589 prmsto
357 3517 925 3587 erat—Wicfridum,
967 3536 1151 3576 coram
1193 3523 1276 3576 eis
1305 3522 1532 3579 dictavit
1569 3531 1628 3579 et
1670 3524 1752 3578 si-

132 3613 325 3686 gnavit
358 3619 744 3668 testamentum
797 3631 980 3682 suum,
1033 3631 1243 3687 eosque
1295 3616 1602 3672 sanctionis
1642 3633 1756 3672 suae

133 3709 303 3759 testes
333 3712 388 3757 et
415 3703 726 3758 testamenti
755 3703 839 3758 sui
893 3704 1087 3759 statuit
1139 3704 1562 3776 dissignatores.
1603 3705 1758 3760 Jam-

137 3811 246 3866 que
276 3795 612 3866 inpendente
640 3796 1008 3851 tremebunda
1038 3796 1424 3852 dissolutionis
1453 3813 1567 3852 sua:
1601 3797 1757 3863 hora,

139 3888 260 3941 nisu
302 3902 412 3958 quo
443 3893 655 3958 poterat
704 3888 773 3942 ad
816 3896 1076 3960 nepotem
1108 3906 1266 3945 suum
1303 3890 1668 3946 Deodericum
1701 3905 1762 3945 se

137 3986 486 4043 convertens,
551 3977 714 4048 eique
759 3993 825 4033 ex
881 3979 1225 4048 praeordiali
1280 3977 1477 4034 affectu
1507 3978 1759 4033 ultimum

136 4069 257 4122 vale
315 4068 534 4123 dicens:
581 4071 821 4134 Domine,
874 4069 1076 4141 inquit,
1129 4087 1246 4126 ora.
1295 4071 1415 4126 Mox
1455 4071 1651 4126 devote
1707 4076 1762 4124 et

136 4158 366 4213 confuse
395 4165 560 4214 cantu
585 4167 639 4214 et
671 4161 890 4231 planctu
924 4168 1262 4231 personante
1303 4161 1574 4228 omnium,
1612 4175 1760 4216 anno

138 4251 366 4306 Domine
416 4253 837 4325 nongentesimo
867 4253 1214 4328 sexagesimo
1240 4254 1456 4325 quinto.
1497 4254 1532 4309 5
1561 4254 1759 4308 Iduum

139 4345 408 4406 Octobris.
439 4346 602 4402 solvit
655 4356 863 4402 naturae
895 4347 1166 4412 debitum,
1200 4348 1333 4404 caelo
1375 4348 1600 4404 mittens
1621 4365 1760 4421 gau-

136 4438 312 4500 dium,
345 4438 554 4492 mundo
580 4439 898 4510 relinquens
922 4440 1228 4509 justicium.
1267 4440 1603 4495 Deodericus
1633 4457 1756 4495 cum

137 4529 473 4600 coepiscopo
515 4545 714 4600 corpus
775 4530 940 4584 amici
981 4529 1260 4585 Coloniam
1319 4529 1635 4600 reportavit,
1676 4536 1762 4585 te-

141 4624 473 4672 stamentum
507 4617 654 4672 clero
695 4625 750 4673 et
781 4618 997 4672 civibus
1027 4618 1345 4693 resignavit,
1377 4617 1542 4673 fidem
1582 4618 1759 4674 devo-

139 4710 482 4781 tionemque,
537 4726 699 4782 quam
741 4710 866 4766 vivo
910 4710 1252 4777 monstravit,
1292 4709 1457 4765 etiam
1502 4709 1762 4766 defuncto

142 4817 252 4856 non
278 4801 518 4874 negavit.
553 4802 755 4858 Dolens
785 4802 1082 4873 imperator
1123 4819 1184 4857 se
1224 4802 1389 4858 unico
1456 4801 1764 4858 solatiovi-

143 4893 394 4959 duatum,
427 4893 681 4948 affectum
713 4911 879 4966 quem
912 4892 1153 4948 habebat
1181 4893 1239 4949 in
1267 4893 1494 4948 fratrem
1522 4891 1763 4948 transfu-

146 4984 226 5040 dit
279 4986 336 5040 in
374 4985 791 5042 consobrinum.
832 4987 1032 5042 Dolens
1054 4987 1282 5041 antistes
1309 5001 1367 5042 se
1407 4985 1761 5056 superstitem

143 5091 264 5130 esse
295 5075 496 5130 anima:
525 5093 642 5132 sua;
661 5076 914 5143 dimidio,
947 5092 1017 5131 ne
1049 5076 1225 5148 impar
1253 5083 1347 5131 aut
1380 5075 1646 5150 indignus
1675 5091 1764 5132 es-

142 5168 227 5218 set
257 5164 403 5237 regis
439 5164 646 5232 animo,
678 5163 897 5219 fratrem
927 5165 977 5220 ei
1018 5165 1452 5237 repraesentabat
1499 5165 1762 5221 fidelitate

141 5260 196 5306 et
221 5251 513 5325 obsequio,
545 5260 601 5308 et
631 5253 776 5308 sicut
816 5253 1082 5324 scriptum
1113 5262 1227 5310 est:
1269 5257 1553 5324 Requievit
1595 5257 1761 5325 spiri-

1783 3016 1832 3086 C

1864 1786 2068 1840 ralibus
2096 1795 2366 1856 perpetua
2403 1787 2484 1841 eis
2511 1797 2658 1842 esset
2697 1787 3017 1844 dilectionis
3044 1792 3387 1859 communio,
3427 1800 3484 1848 et

1862 1878 1917 1932 in
1973 1879 2355 1950 spiritualibus
2401 1879 2638 1934 indivisa
2692 1889 2840 1936 esset
2893 1882 3138 1936 caritatis
3191 1885 3480 1940 connexio.

1861 1970 2017 2036 Quod
2046 1986 2146 2024 sua
2176 1969 2449 2025 initiatum
2497 1971 2810 2044 diligentia,
2841 1974 3179 2028 successoris
3221 1982 3276 2030 et
3308 1992 3482 2047 nepo-

1859 2056 1931 2110 tis
1961 2057 2046 2110 sui
2083 2056 2244 2113 bonae
2275 2059 2554 2114 memoria:
2585 2059 2947 2114 Adelberonis
2976 2061 3268 2131 'supplevit
3310 2064 3481 2118 indu-

1860 2150 2010 2203 stria.
2035 2149 2169 2215 Quia
2197 2150 2345 2205 enim
2371 2151 2888 2206 Halberstendensis
2902 2153 3132 2208 antistes
3154 2154 3210 2208 in
3237 2155 3484 2212 celebra-

1863 2237 2011 2292 tione
2039 2239 2326 2294 missarum
2358 2239 2759 2310 sollempnibus
2788 2240 2986 2294 diebus
3025 2241 3280 2297 utebatur
3308 2243 3476 2318 logio,

1861 2330 1916 2384 id
1947 2340 2032 2384 est
2063 2330 2312 2386 rationali
2345 2330 2494 2401 (937)
2535 2331 2686 2402 quod
2713 2338 2798 2386 est
2832 2332 3094 2386 indicium
3127 2333 3394 2388 doctrinae
3425 2343 3481 2390 et

1860 2423 2126 2488 veritatis,
2161 2430 2524 2496 przerogatum
2542 2423 2804 2479 aecclesiae
2835 2440 2947 2479 suae
2978 2441 3045 2482 ex
3067 2425 3289 2482 decreto
3322 2443 3478 2498 papas

1859 2511 2096 2586 Agapiti,
2123 2511 2404 2587 suggessit
2438 2529 2537 2582 per
2567 2512 2857 2583 epistolam
2887 2515 3186 2585 praedictus
3208 2515 3480 2571 Adelbero

1864 2602 2436 2674 Hilduardoepiscopo
2466 2603 2972 2676 llalberstendensi,
3001 2615 3058 2659 ut
3085 2605 3217 2677 quia
3247 2605 3480 2662 erantin

1861 2699 2326 2764 omnibusunum,
2350 2699 2785 2755 communicaret
2809 2700 2972 2754 etiam
2995 2700 3102 2754 sibi
3125 2701 3262 2756 illud
3284 2718 3477 2770 unum,

1861 2792 2009 2864 quod
2025 2799 2142 2846 erat
2167 2791 2271 2846 sibi
2287 2791 2485 2848 solum.
2526 2791 2831 2864 Respondit
2861 2792 2936 2846 illi
2970 2792 3060 2846 ille
3092 2792 3268 2862 (938):
3303 2794 3478 2849 Unum

1860 2880 2208 2936 individuum
2237 2897 2378 2947 esse,
2419 2888 2504 2936 set
2542 2882 2671 2954 quia
2721 2882 2948 2936 unitatis
2977 2882 3174 2936 caritas
3204 2881 3341 2937 nihil
3371 2899 3475 2953 pa-

1860 2969 2099 3025 tiebatur
2127 2986 2354 3046 negare,
2404 2971 2575 3026 misso
2606 2971 2771 3026 simili
2805 2971 2940 3025 illud
2992 2987 3052 3025 se
3089 2971 3138 3027 ei
3171 2971 3480 3026 communi-

1854 3077 2002 3128 care,
2033 3076 2098 3116 ea
2119 3061 2399 3131 pr0posita
2429 3061 2772 3127 conditione,
2819 3070 2876 3116 ut
2909 3060 3090 3115 neutri
3115 3060 3306 3116 liceret
3335 3061 3478 3116 ulte-

1856 3153 1971 3208 rius
2003 3153 2114 3222 jam
2168 3153 2266 3208 ulli
2305 3153 2570 3209 aecclesiaa
2628 3153 2766 3208 illud
2797 3153 3206 3222 transfundere,
3259 3162 3343 3209 set
3397 3155 3480 3210 hee

1855 3247 1978 3303 dua:
2025 3247 2157 3301 sola:
2187 3261 2406 3303 sorores
2439 3262 2550 3302 uno
2582 3254 2757 3316 patre,
2807 3263 2918 3302 una
2973 3254 3171 3314 matre,
3212 3263 3322 3302 una
3348 3263 3479 3320 ger-

1855 3339 2141 3404 manitate,
2184 3354 2298 3394 uno
2325 3329 2632 3414 gaudentes
2671 3345 3004 3410 protectore,
3055 3339 3230 3394 oculis
3283 3340 3476 3409 sponsi

1855 3444 1915 3483 se
1945 3434 2199 3498 aptarent
2228 3427 2428 3497 pudice
2460 3434 2514 3481 et
2543 3427 2867 3493 honorifice,
2897 3434 2951 3481 et
2977 3426 3022 3480 si
3053 3443 3159 3498 qua
3207 3427 3364 3482 alteri
3389 3427 3478 3481 in-

1857 3525 2003 3574 esset
2042 3517 2256 3573 macula
2293 3525 2562 3591 autruga,
2597 3516 2826 3572 alterius
2858 3524 3167 3589 tergeretur
3185 3518 3272 3571 vel
3299 3517 3476 3572 corri-

1855 3619 2076 3686 geretur
2113 3613 2358 3666 dextera.
2404 3611 2795 3682 Expostulabat
2826 3617 3010 3666 tamen
3043 3625 3142 3680 pro
3175 3611 3280 3666 hoc
3303 3612 3478 3667 vicem

1861 3705 2152 3760 laudandae
2176 3704 2657 3768 remunerationis,
2692 3703 2810 3759 dari
2843 3703 3055 3760 scilicet
3082 3703 3346 3759 {ecclesiae
3365 3720 3480 3761 suae

1862 3806 2072 3871 partem
2103 3797 2190 3853 vel
2223 3797 2502 3853 minimam
2543 3796 2830 3870 sanguinis
2861 3795 3340 3868 prothomartyris,
3375 3797 3474 3868 qui

1861 3887 2088 3961 sanguis
2115 3903 2245 3941 vera
2273 3885 2379 3941 fide
2409 3885 2653 3941 creditur
2682 3885 2934 3956 pululare
2964 3884 3021 3938 in
3051 3884 3302 3939 secclesia
3326 3885 3482 3940 urbis

1863 3975 2163 4040 Mettensis,
2198 3981 2252 4030 et
2277 3974 2537 4047 reliquias
2566 3975 2820 4046 gloriosae
2853 3973 3052 4029 Christi
3094 3974 3328 4047 virginis
3355 3973 3484 4030 Glo-

1862 4064 2127 4121 desindis.
2183 4063 2384 4131 Unde,
2453 4063 2596 4119 sicut
2658 4079 2759 4134 per
2820 4063 3172 4120 Salomonem
3236 4063 3478 4119 dicitur:

1863 4157 2154 4211 Funiculus
2201 4155 2403 4225 triplex
2434 4155 2659 4225 difﬁcile
2703 4157 2986 4226 rumpitur
3018 4155 3206 4222 (Eccle.
3237 4170 3310 4221 iv,
3365 4153 3480 4224 12),

1863 4243 1981 4299 haec
2027 4243 2148 4314 ipsa
2196 4242 2553 4298 fraternitatis
2607 4243 2944 4297 unanimitas
2997 4257 3174 4312 usque
3231 4241 3287 4294 in
3341 4255 3481 4310 pra:-

1861 4351 1992 4391 sens
2031 4335 2353 4391 inconvulsa
2382 4335 2660 4406 utrimque
2691 4333 3006 4388 firmissime
3032 4337 3300 4386 servatur.

1784 4391 1840 4458 Β
1931 4428 1999 4485 10
2054 4433 2128 4484 De
2185 4432 2402 4499 privato
2469 4391 2663 4482 honore
2737 4427 3076 4481 Mettensium
3139 4425 3474 4492 pontiﬁcum.

1863 4523 2096 4578 Felicem
2113 4531 2338 4578 matrem
2373 4521 2678 4578 aecclesiam
2691 4526 2798 4574 tam
2817 4518 2964 4574 dulci
2987 4517 3184 4572 aﬂectu
3202 4515 3232 4570 fi
3245 4517 3441 4572 Iiorum
3463 4515 3476 4570 l

1863 4611 2104 4679 felicem,
2145 4613 2393 4683 inquam,
2448 4610 2768 4665 Mettensem
2797 4608 2988 4662 urbem
3041 4615 3147 4660 tam
3174 4605 3291 4678 jugi
3348 4620 3480 4675 pro-

1865 4707 2025 4756 vectu
2087 4699 2502 4772 episcoporum!
2559 4698 2656 4752 Vix
2712 4697 2858 4752 enim
2917 4695 3047 4752 huic
3096 4711 3155 4751 se
3216 4693 3478 4768 praeferre

1863 4791 2149 4848 audebunt
2185 4791 2384 4863 aliqua:
2411 4789 2702 4844 Galliarum
2735 4787 3002 4852 civitates,
3035 4787 3184 4858 quod
3237 4785 3482 4858 potiores

1862 4902 1895 4942 a
1916 4887 2028 4942 Deo
2057 4882 2372 4955 acceperint
2401 4879 2843 4947 sacerdotes,vel
2875 4879 3164 4935 nobilitate
3195 4879 3481 4946 clariores,

1863 4977 1951 5033 vel
1988 4974 2281 5031 sanctitate
2330 4971 2689 5035 illustriores;
2731 4969 2880 5024 unde
2919 4975 2974 5024 et
3001 4967 3224 5040 quidam
3255 4967 3482 5022 Metten-

1863 5069 2007 5124 sium
2040 5065 2385 5139 pontiﬁcum,
2418 5061 2669 5119 honorati
2700 5061 2843 5116 ultra
2873 5060 3144 5131 privatum
3177 5057 3473 5129 prsesulum

1865 5161 2113 5227 modum,
2145 5159 2473 5230 plerumque
2503 5171 2534 5209 a
2563 5154 2696 5210 sede
2727 5153 3030 5224 apostolica
3057 5151 3164 5206 tale
3193 5147 3480 5205 consecuti

1862 5257 1991 5307 sunt
2022 5249 2392 5323 privilegium,
2409 5247 2527 5302 sive
2555 5245 2626 5302 ob
2656 5243 2960 5300 sanctitatis
2987 5240 3240 5316 gratiam,
3265 5237 3381 5294 sive
3407 5235 3478 5292 ob

1674 5377 1884 5434 NOTAE.

217 5479 360 5555 (939
384 5480 456 5555 ξι(
477 5479 738 5555 Buotgeri
779 5481 898 5538 Vita
927 5482 1206 5555 Brunonis
1222 5496 1268 5555 c.
1295 5481 1490 5538 43-46.

219 5551 361 5620 (937)
389 5552 564 5606 Vestis
593 5551 678 5607 viil
701 5559 1109 5619 ornamentum,
1142 5553 1210 5608 ad
1240 5552 1412 5608 instar
1441 5551 1675 5609 rationa-

144 5622 213 5677 lis
253 5621 370 5678 sive
398 5624 553 5680 stolae
581 5625 781 5679 summi
820 5625 1121 5682 sacerdotis
1149 5625 1487 5681 Iudaeorum.

1823 5570 1858 5624 ρ
1909 5480 2072 5610 ἑξξὸ)
2114 5479 2177 5534 ν.
2235 5475 2550 5533 Hildiwardi
2616 5472 2908 5545 epistolam
2966 5486 3054 5541 ap.
3115 5469 3394 5526 Labbeum
3434 5468 3478 5534 Ι,
