3938 6050
491 229 595 287 703

1719 236 2059 295 SIGEBERTI
2101 238 2609 299 GEMBLACENSIS.

3716 256 3831 311 704

492 354 2099 435 nobilitatisgloriam,utsalvametropolitanisubjectione,
2131 370 2180 439 Α
2207 367 2366 434 mari,
2408 371 2613 440 scripto
2641 370 2873 444 insuper
2901 378 2958 429 et
2995 371 3166 449 sigilli
3198 376 3399 450 regalis
3456 378 3837 452 impressione

490 448 893 522 archiepiscorii
916 450 1471 525 fungerenturofficio
1487 458 1784 513 ethonore.
1809 460 1877 533 Ex
1900 460 2106 532 quibus

491 542 701 613 primus
767 543 872 599 fuit
907 547 1176 619 antiquus
1226 548 1318 603 ille
1349 550 1622 618 Urbicius,
1670 558 1724 607 et
1779 554 1954 610 multo
1984 562 2111 626 post

490 639 736 712 tempore
758 631 973 703 Pippini
1002 636 1150 708 regis
1176 651 1243 690 ex
1274 652 1465 693 sorore
1498 655 1674 710 nepos
1694 640 2107 717 Crodegandus,

489 708 544 776 et
588 729 707 792 post
738 740 863 778 eum
920 725 1343 800 Angelramnus,
1404 737 1459 785 et
1487 708 1626 786 alter
1675 734 1744 787 ab
1791 708 1901 790 illo
1929 708 2108 808 Drogo

491 811 671 865 Karoli
725 812 903 887 Magni
957 815 1309 887 imperatoris
1367 818 1547 887 ﬁlius;
1605 822 1758 879 Walo
1813 825 1979 880 etiam
2026 827 2111 882 vir

493 917 705 973 magnae
763 905 816 958 in
871 905 1084 975 Christo
1136 910 1462 965 reverentiae
1517 912 1669 982 pallii
1710 931 1866 970 usum
1908 918 2111 973 meruit

495 993 715 1049 decreto
746 996 1016 1052 Johannis
1049 1017 1232 1071 papte;
1276 1007 1359 1056 set
1397 1009 1452 1056 et
1482 1002 1780 1060 Rotbertus
1818 1015 1942 1077 post
1983 1024 2110 1063 eum

491 1084 893 1158 archiepiscopi
926 1090 1138 1161 accepit
1169 1091 1404 1165 insigne.
1428 1092 1725 1151 Setomnes
1752 1098 1807 1151 hi
1841 1099 2109 1172 singulari

491 1191 606 1230 sua:
635 1177 909 1251 dignitati,
935 1197 1045 1236 non
1071 1183 1123 1237 in
1158 1200 1452 1242 commune
1483 1190 1674 1245 matris
1698 1206 1810 1246 suae
1842 1192 2108 1247 aecclesiee

493 1267 848 1323 consulentes
881 1270 1098 1338 honori,
1142 1272 1197 1326 in
1229 1275 1427 1330 diebus
1460 1285 1668 1332 tantum
1700 1278 1826 1334 vitae
1857 1296 1968 1335 suae
1995 1280 2113 1336 sin-

490 1356 603 1429 guli
677 1359 783 1413 hoc.
838 1361 1127 1436 privilegio
1181 1373 1479 1435 potuerunt
1543 1370 1793 1424 decorari
1873 1372 1933 1425 Hi
1982 1389 2110 1429 vero

492 1451 683 1515 nostri,
715 1452 771 1505 id
806 1461 889 1507 est
921 1455 1255 1512 Deodericus
1287 1466 1339 1515 et
1377 1462 1675 1530 Adelbero,
1710 1465 1854 1519 hanc
1883 1467 2112 1522 honoris

492 1546 907 1616 praerogativam
963 1550 1475 1610 thesaurizaverunt
1528 1574 1639 1613 non
1691 1559 1797 1614 sibi
1828 1562 2113 1617 dumtaxat

493 1634 549 1687 in
581 1637 1023 1708 pra1sentiarum,
1056 1650 1141 1697 set
1173 1646 1411 1713 posteris
1440 1656 1495 1703 et
1520 1648 1650 1704 filiis
1687 1652 1878 1706 matris
1913 1669 2026 1708 sua:
2051 1652 2108 1707 in

490 1732 844 1796 perpetuum;
902 1731 1111 1787 scilicet
1148 1751 1258 1790 non
1310 1741 1690 1809 temporaliter
1731 1745 1816 1797 vel
1849 1743 2105 1800 fastuosae
2131 1699 2182 1766 Β

488 1817 803 1874 eminentiae
826 1819 975 1876 illius
1002 1824 1268 1880 ambitum
1305 1830 1661 1901 accipientes,
1695 1841 1780 1889 set
1807 1850 1905 1905 per
1930 1835 2105 1891 hocse

484 1922 724 1979 suosque
762 1925 1112 1970 successores
1140 1921 1445 1974 ammoneri
1485 1922 1756 1990 volentes,
1792 1933 1852 1980 ut
1898 1933 2105 1997 quanto

482 1997 699 2052 caeteris
764 2011 1091 2070 apparerent
1148 2006 1564 2074 eminentiores,
1611 2019 1763 2069 tanto
1821 1997 2105 2071 ar’dentius

486 2084 752 2140 instantes
804 2088 1067 2146 doctrinm
1109 2100 1164 2147 et
1214 2095 1451 2160 veritati,
1492 2100 1839 2157 attenderent
1894 2102 1999 2157 sibi
2046 2112 2101 2159 et

483 2176 660 2249 gregi.
710 2178 901 2234 Nullus
932 2181 1327 2254 interpretetur
1383 2189 1628 2258 sinistre,
1687 2194 1839 2264 quod
1896 2194 2100 2250 confir-

487 2271 691 2321 matum
724 2278 806 2323 est
853 2271 1219 2338 Adelberone,
1277 2278 1381 2333 hoc
1420 2296 1522 2335 nos
1548 2291 1737 2338 nostro
1797 2285 2097 2342 Deoderico

490 2358 791 2417 ascribere:
845 2371 929 2418 set
953 2366 1214 2422 adtendat
1246 2368 1300 2422 in
1329 2369 1437 2426 isto
1476 2374 1765 2428 exordium
1817 2392 2019 2444 causze,
2052 2378 2106 2432 in

490 2452 606 2508 illio
636 2454 889 2511 effectum
932 2476 1129 2516 causae.
1163 2463 1254 2518 His
1282 2481 1345 2518 ex
1390 2474 1539 2536 parte
1582 2485 1680 2540 per
1707 2471 2007 2543 prolepsim
2039 2473 2107 2508 9’9

492 2545 671 2613 dictis,
706 2557 885 2618 coepto
916 2553 1273 2627 accingamur
1302 2559 1479 2628 operi.

566 2638 650 2691 11.
700 2642 772 2694 De
799 2643 1140 2699 immunitate
1195 2650 1695 2708 (ecclesiasticarum
1741 2656 2101 2721 familiarum.

494 2731 681 2787 Pastor
712 2743 899 2789 noster
935 2741 1306 2810 nuncupative
1343 2743 1544 2813 bonus,
1588 2747 1831 2803 imitatus
1875 2750 2106 2824 vestigia

493 2823 637 2880 filius
696 2829 928 2897 pastoris
968 2831 1061 2902 qui
1142 2836 1511 2892 essentialiter
1592 2847 1674 2894 cst
1736 2842 1934 2909 bonus,
1992 2823 2103 2897 non

492 2920 789 2977 incubabat
831 2925 961 2979 ovili
993 2935 1053 2981 ut
1112 2933 1551 2999 mercennarius,
1590 2936 1684 3005 qui
1738 2935 1956 3007 fugiens
2013 2939 2106 2993 dat

493 3009 672 3064 locum
714 3012 1008 3070 invadendi
1041 3033 1172 3073 oves
1219 3019 1657 3092 insidiatoribus,
1706 3036 1790 3081 set
1815 3027 2108 3099 utrobique

492 3099 756 3154 assistens
822 3103 936 3157 suis
994 3117 1367 3181 propugnator
1397 3111 1728 3182 indefessus,
1770 3115 1838 3169 ab
1870 3116 2105 3171 hostium

491 3188 791 3245 visibilium
814 3190 885 3260 ζει
914 3193 1271 3252 invisibilium
1303 3215 1400 3255 eos
1447 3184 1725 3258 tutabatur
1764 3204 2107 3271 incursibus;

491 3287 552 3335 ut
580 3282 712 3337 'cum
753 3285 1011 3357 princeps
1061 3298 1699 3364 pastorumappareret,
1760 3295 2109 3352 inmarcessi-

492 3371 660 3427 bilem
686 3374 878 3449 gloriae
911 3394 1171 3436 coronam
1202 3384 1496 3454 acciperet.
1548 3387 1793 3443 Timebat
1820 3391 1966 3445 enim
2000 3406 2108 3445 non

488 3464 685 3520 surdus
740 3468 959 3524 auditor
989 3487 1176 3527 vocem
1225 3476 1423 3530 summi
1466 3479 1722 3547 pastoris,
1773 3481 1904 3535 iram
1966 3481 2108 3551 iudi-

487 3555 744 3629 ciumque
776 3576 876 3631 per
904 3561 1304 3621 Hiezechielem
1340 3567 1611 3638 (c.xxx1v,
1644 3572 1759 3640 4-6)
1794 3574 2108 3644 pastoribus

487 3646 810 3704 intentantis
850 3650 958 3717 his,
1018 3654 1112 3724 qui
1169 3658 1522 3729 semetipsos,
1572 3676 1683 3715 non
1716 3662 1932 3717 Domini
1979 3680 2109 3739 gre-

484 3752 632 3807 gem,
663 3748 913 3808 pascunt,
947 3742 1041 3811 qui
1067 3750 1207 3797 ‘cum
1248 3747 1590 3815 austeritate,
1636 3756 1693 3804 et
1748 3751 1996 3820 potentia
2026 3752 2109 3807 eis

487 3826 858 3895 dominantur,
889 3832 983 3901 qui
1016 3831 1231 3889 fortune
1262 3836 1551 3911 pinguium
1585 3839 1908 3909 abutuntur,
1933 3843 2108 3898 imbe-

489 3915 772 3970 cillitatem
805 3917 1026 3972 exilium
1059 3931 1443 3992 aspernantur,
1486 3928 1581 3997 qui
1620 3945 1846 4001 gregem
1907 3932 1960 3986 in
2021 3932 2111 3987 di-

486 4004 830 4074 spersionem
860 4007 947 4061 vel
977 4008 1389 4068 devorationem
1422 4016 1721 4073 bestiarum
1762 4020 1878 4093 agri
1916 4023 2111 4097 negle-

492 4097 676 4171 gentia
722 4114 818 4153 sua
859 4100 1013 4155 abire
1080 4104 1381 4173 patiuntur.
1441 4110 1703 4174 Quocirca
1764 4112 2111 4172 incessabilis

490 4205 616 4243 eum
647 4206 779 4245 cura
810 4193 1177 4263 remordebat,
1217 4200 1380 4253 etiam
1424 4216 1524 4271 pro
1556 4202 1849 4260 laicalibus
1889 4206 2112 4264 familiis

493 4278 682 4332 matris
723 4295 838 4335 suae
883 4290 1085 4337 sanctae
1125 4285 1390 4342 aecclesize
1431 4297 1486 4344 et
1521 4300 1712 4346 contra
1743 4296 2107 4364 superborum

497 4373 844 4429 insolentiam
911 4376 995 4431 vel
1075 4395 1363 4448 pravorum
1440 4383 1769 4454 injusticiam
1842 4391 1992 4460 juste
2058 4399 2113 4448 et

497 4468 752 4533 potenter
777 4465 1061 4536 satagebat
1108 4484 1203 4523 eas
1236 4469 1443 4544 jugitcr
1498 4473 1809 4545 defensare,
1850 4495 1919 4534 ne
1956 4486 2113 4537 nota-

499 4560 653 4629 retur
708 4557 1032 4627 prophetica
1085 4576 1252 4616 voce:
1306 4563 1477 4620 Canes
1527 4570 1684 4636 muti,
1737 4585 1844 4625 non
1881 4573 2114 4629 ualentes

506 4647 712 4701 latrare
738 4649 862 4716 (Isa.
896 4666 1003 4718 va,
1031 4651 1144 4722 10).
1178 4653 1287 4709 Nec
1318 4654 1626 4713 sufficiebat
1656 4660 1817 4716 bona;
1848 4664 2114 4719 voluntati

509 4739 631 4807 ejus
672 4739 961 4814 suffragari
1009 4744 1093 4800 eis
1147 4754 1355 4803 tantum
1399 4750 1454 4805 in
1514 4757 1955 4829 praesentiarum,
2008 4760 2113 4814 nisi

506 4825 670 4879 etiam
694 4827 829 4897 ipsis
853 4836 907 4884 et
925 4834 1164 4901 posteris
1183 4852 1371 4892 eorum
1395 4841 1709 4898 consuleret
1725 4844 1781 4899 in
1813 4825 2113 4916 posterum.

504 4919 783 4992 Siquidem
817 4940 886 4979 ne
914 4925 1134 4983 deesset
1155 4931 1234 4985 eis
1261 4940 1451 4989 contra
1492 4934 1838 5009 iniquitatem
1864 4941 2115 5010 judicum

505 5011 782 5066 auctorale
830 5015 1232 5075 aecelesiasticze
1264 5021 1534 5079 libertatis
1571 5025 1913 5102 suffragium,
1969 5031 2120 5106 leges

505 5106 835 5162 constitutas
874 5108 983 5163 illis
1018 5127 1048 5165 a
1087 5112 1362 5181 prioribus
1390 5117 1613 5193 regibus
1648 5121 1735 5176 vel
1766 5121 2121 5192 pontificibus

506 5200 804 5276 diligenter
840 5206 1155 5278 exquisivit,
1190 5211 1489 5281 exquisitas
1520 5213 1575 5267 in
1610 5217 1905 5286 praesentia
1936 5217 2116 5288 impe-

505 5292 700 5348 ratoris
750 5294 1015 5352 recitavit.
1075 5298 1328 5355 recitatas
1371 5302 1553 5360 edicto
1603 5304 1881 5376 imperiali
1911 5304 2117 5363 conﬁr-

2132 3067 2180 3134 C

2210 456 2340 512 fecit
2366 460 2730 516 corroborari.
3908 508 3909 523 η

2287 547 2369 601 12.
2424 551 2499 603 De
2544 550 2742 619 Spinal
2769 552 2907 621 (939)
2964 554 3174 608 castelli
3216 556 3297 609 vel
3346 564 3661 615 monasterii
3697 578 3837 617 ωη-
3908 622 3909 625 η

2208 642 2522 695 structione.
2572 641 2668 697 Hic
2697 641 3011 699 dominicus
3057 646 3295 719 agricola
3350 665 3461 704 non
3500 653 3679 708 otiose
3710 655 3837 709 sol-
3908 638 3909 643 γ

2208 729 2390 786 licitus
2430 747 2528 801 pro
2558 732 2740 798 vinea,
2772 750 2936 806 quam
2969 735 3363 806 paterfamilias
3389 739 3492 793 sibi
3525 741 3832 807 locaverat,

2207 819 2403 875 sedulo
2430 837 2548 876 eam
2569 822 2814 893 putabat,
2836 824 3019 900 ligone
3040 826 3346 896 excolebat,
3378 828 3649 887 laztaminc
3668 834 3833 888 verbi

2208 911 2609 987 impinguebat,
2640 924 2922 986 postremo
2982 917 3249 990 quicquid
3300 936 3431 975 usus
3462 924 3685 978 culturae
3709 926 3832 979 exi-

2211 1003 2396 1077 gebat,
2451 1004 2507 1058 in
2566 1012 2816 1077 tempore
2848 1007 3132 1075 exibebat;
3178 1020 3473 1083 expectans
3510 1015 3833 1082 denarium,

2212 1112 2277 1151 ex
2308 1113 2417 1168 quo
2447 1114 2573 1153 cum
2604 1099 2835 1155 Domino
2879 1111 3236 1159 convenerat.
3272 1105 3329 1159 Et
3360 1106 3489 1177 quia
3516 1110 3829 1163 secundum

2210 1188 2528 1259 Apostolum
2571 1191 2640 1258 (Il
2677 1193 2813 1246 Tim.
2852 1209 2910 1260 η,
2956 1194 3032 1260 6),
3066 1194 3406 1252 laborantem
3437 1200 3730 1271 agricolam
3760 1203 3832 1255 de

2211 1276 2477 1332 fructibus
2507 1278 2741 1349 primum
2769 1282 3053 1352 percipere
3081 1285 3390 1354 oportebat,
3426 1296 3479 1343 et
3522 1290 3651 1360 quia
3682 1307 3824 1361 sup-

2212 1377 2408 1441 petunt
2435 1372 2607 1426 multa
2661 1373 2970 1429 sedulitatis
3009 1376 3130 1444 ejus
3176 1377 3401 1446 indicia,
3448 1380 3557 1436 nan
3609 1383 3833 1438 videtur

2212 1462 2374 1517 nobis
2421 1465 2820 1519 numerandum
2878 1482 3000 1521 esse
3039 1467 3183 1523 inter
3236 1478 3531 1540 postrema,
3572 1476 3725 1545 quod
3772 1476 3830 1530 in

2212 1569 2353 1626 pago
2394 1552 2868 1625 Calvomontense,
2903 1558 3111 1614 diocesi
3151 1561 3414 1631 Tullensi,
3448 1564 3503 1617 in
3530 1565 3656 1620 villa
3704 1584 3831 1638 quae

2209 1663 2275 1702 ex
2318 1647 2591 1703 accidenti
2649 1651 2977 1706 rusticorum
3057 1653 3243 1725 lingua
3321 1656 3508 1727 Spinal
3572 1670 3829 1728 vocatur,

2209 1740 2495 1794 castellum
2527 1743 2789 1797 exstruxit
2812 1743 2902 1809 93°,
2925 1745 3071 1816 quod
3093 1747 3342 1803 aedificiis
3371 1757 3424 1803 et
3447 1750 3612 1805 rebus
3640 1768 3833 1807 neces-

2207 1831 2370 1886 sariis
2395 1832 2582 1903 cpime
2604 1834 2936 1901 honestavit,
2970 1840 3401 1911 prOpugnaculis
3417 1841 3550 1896 satis
3571 1844 3827 1910 munivit,

2206 1920 2374 1974 armis
2424 1929 2478 1976 et
2520 1922 2744 1976 armatis
2802 1922 3146 1980 sufficienter
3204 1928 3455 1998 replevit.
3501 1930 3637 1995 Quia
3675 1934 3825 1987 enim

2206 2013 2399 2067 eadem
2461 2014 2614 2088 regio
2667 2013 3029 2072 infestabatur
3082 2017 3380 2090 inprovisis
3438 2028 3492 2077 et
3544 2025 3829 2080 continuis

2202 2101 2612 2157 incursionibus
2648 2104 2971 2174 praedonum
2999 2113 3054 2162 et
3109 2108 3550 2166 intolerabilibus
3602 2112 3829 2167 insidiis

2200 2191 2470 2248 latronum
2510 2201 2566 2249 et
2593 2196 2870 2268 praecipue
2926 2200 3244 2256 calamitosa
3287 2202 3416 2272 erat!
3445 2204 3526 2259 eis
3567 2207 3827 2261 vicinitas

2196 2286 2673 2358 Burgundionum,
2708 2290 2811 2345 hoc
2849 2291 2931 2346 eis
2960 2293 3219 2363 opposuit
3258 2297 3413 2366 quasi
3445 2295 3821 2354 ﬁrmissimum

2212 2377 2532 2447 repagulum
2568 2378 2648 2449 fet
2701 2381 2890 2450 patria:
2940 2382 3373 2457 inexpugnabile
3418 2386 3823 2445 firmamentum

2209 2469 2301 2523 Set
2331 2485 2517 2524 curam
2560 2471 2866 2527 animarum
2904 2489 3014 2529 non
3047 2475 3102 2529 in
3142 2478 3403 2532 secundis
3432 2479 3639 2534 habuit.
3692 2481 3824 2535 Nam

2208 2554 2404 2616 videns
2457 2562 2637 2617 locum
2698 2563 2891 2618 usibus
2957 2564 3130 2620 divini
3189 2568 3431 2623 satellitii
3483 2579 3694 2641 aptum,
3759 2573 3822 2626 ad

2207 2652 2474 2708 honorem
2502 2655 2702 2709 summi
2737 2655 2826 2710 Dei
2857 2659 3163 2712 construxit
3207 2660 3368 2714 etiam
3399 2661 3823 2733 imonasterium

2204 2741 2474 2815 delegatis
2495 2743 2562 2796 ad
2588 2743 2979 2800 sufficientiam
3020 2748 3244 2817 praediis
3270 2756 3322 2803 et
3366 2767 3488 2821 quin
3527 2754 3827 2822 expetebat

2204 2834 2500 2888 necessitas
2526 2834 2663 2888 inibi
2704 2837 2816 2892 Deo
2860 2837 3261 2894 famulantium.
3307 2841 3613 2912 Inspirantc
3660 2845 3827 2899 etiam

2206 2928 2388 3003 magni
2443 2929 2659 2984 consilii
2712 2933 2931 3005 angelo,
2974 2950 3175 3004 corpus
3214 2936 3543 2992 sanctissimi
3587 2939 3829 3003 Goerici,
3908 2942 3909 2963 ‘

2212 3018 2548 3074 confessoris
2606 3019 2800 3075 Christi
2851 3030 2905 3077 et
2956 3022 3239 3080 Mcttensis
3271 3028 3537 3098 episc0pi,
3585 3027 3828 3084 levatum

2214 3109 2281 3164 de
2320 3110 2577 3165 aecclcsia‘
2630 3113 2805 3167 sancti
2853 3114 3261 3186 Symphoriani,
3319 3120 3591 3190 quaesita
3640 3130 3725 3175 est
3774 3122 3826 3174 in

2210 3200 2477 3257 suburbio
2557 3203 2838 3260 Mettensis
2893 3208 3168 3263 transtulit
3222 3209 3351 3265 illuc
3403 3228 3524 3265 eum
3583 3214 3827 3268 maximo

2214 3292 2524 3362 psallentio,
2569 3311 2691 3350 cum
2724 3297 2892 3373 digno
2946 3299 3080 3355 cieri
3122 3300 3411 3373 plebisque
3460 3304 3724 3375 tripudio,
3772 3314 3830 3359 ut

2213 3384 2439 3439 advenae
2480 3393 2534 3440 et
2564 3385 2840 3461 indigenae
2882 3387 3099 3444 fidelem
3142 3398 3505 3461 protectorem
3532 3394 3831 3457 haberent,

2208 3476 2368 3545 cujus
2399 3478 2710 3534 interventu
2741 3488 2866 3535 vota
2899 3498 3203 3555 precesque
3235 3500 3363 3539 suas
3384 3485 3613 3541 auribus
3643 3487 3833 3541 Omni-

2211 3567 2450 3636 potentis
2480 3578 2876 3641 suggererent;
2904 3579 2959 3626 et
2995 3579 3055 3626 ut
3086 3572 3240 3628 locus
3271 3575 3542 3630 celebrior
3582 3577 3826 3631 habere-

2210 3664 2318 3721 tur,
2348 3663 2402 3710 ct
2432 3662 2489 3710 ut
2510 3657 2807 3728 oppidanis
2836 3660 2919 3714 vel
2954 3661 3231 3735 indigenis
3258 3673 3599 3720 commeatus
3638 3668 3828 3721 unde-

2210 3762 2446 3820 cumque
2477 3750 2992 3821 suppeditarentur,
3050 3771 3435 3825 percussuram
3469 3765 3709 3812 monetae
3758 3758 3831 3812 ibi

2211 3834 2329 3891 ﬁeri
2376 3845 2431 3893 et
2484 3848 2783 3895 mercatum
2844 3842 3128 3912 publicum
3177 3847 3461 3901 constituit
3513 3847 3827 3903 caelebrari.

2213 3927 2382 3984 Etiam
2416 3931 2520 3985 hoc
2576 3930 2794 3987 decreto
2827 3939 2882 3987 et
2933 3933 3113 4007 sigillo
3142 3935 3413 4007 imperiali
3463 3937 3680 3992 sancire
3710 3955 3823 3992 non

2212 4020 2581 4089 praetermisit.
2613 4020 2702 4074 Sic
2746 4020 2923 4076 locum
2956 4022 3131 4090 illum,
3169 4032 3229 4078 ut
3262 4025 3429 4080 hodie
3451 4033 3534 4080 est
3574 4043 3826 4090 cernere,

2212 4108 2499 4183 insignivit
2561 4109 2924 4165 sollemniter.
3010 4112 3163 4168 Unde
3222 4130 3399 4185 usque
3473 4116 3528 4169 in
3579 4133 3828 4187 praesens

2212 4198 2459 4269 patriotaa
2502 4198 2603 4265 illi,
2637 4200 2934 4269 praesentia
2963 4202 3135 4256 sancti
3178 4202 3514 4259 confessoris
3557 4204 3821 4279 suﬁragia

2211 4289 2422 4360 experti
2455 4292 2507 4343 in
2530 4291 3015 4361 oportunitatibus,
3040 4310 3242 4349 nomen
3262 4295 3357 4349 Dei
3391 4312 3625 4366 pereum
3652 4298 3828 4353 bene-

2212 4380 2789 4449 dicuntvenerantius,
2820 4394 2876 4439 et
2907 4385 3049 4456 piam
3083 4388 3381 4458 provisoris
3407 4389 3491 4442 sui
3537 4389 3824 4445 Deoderici

2138 4440 2193 4507 D
2219 4472 2547 4530 industriam
2578 4476 2833 4532 laudibus
2858 4480 3113 4534 attollunt
3142 4480 3461 4537 instantius.

2286 4569 2372 4625 13.
2408 4572 2477 4626 De
2497 4571 2665 4640 jactt's
2691 4573 3063 4640 fundamentis
3091 4576 3512 4632 basilicwsancli
3536 4579 3829 4633 Vincentt'z'.

2217 4649 2654 4719 Succedentibus
2679 4679 2809 4739 ergo
2849 4665 3011 4721 bonis
3058 4674 3113 4722 et
3148 4668 3324 4742 gratia
3375 4669 3465 4723 Dei
3514 4669 3832 4723 cumulante

2216 4752 2416 4827 gaudia
2462 4753 2699 4827 gaudiis,
2748 4753 2868 4808 Otto
2922 4755 3222 4826 imperator
3286 4757 3523 4812 Italicam
3579 4758 3829 4813 secundo

2219 4852 2475 4916 repetens
2503 4845 2810 4919 regionem,
2844 4845 3015 4902 filium
3055 4864 3213 4904 suum
3271 4849 3379 4903 sibi
3416 4851 3827 4924 ceguominem,

2217 4939 2361 4994 bona
2389 4940 2576 4995 indole
2606 4940 2994 4997 adolescentia
3039 4943 3232 5014 patriis
3269 4944 3566 5000 virtutibus
3597 4961 3832 5015 respon-

2219 5028 2823 5099 dentem,jamdudum
2873 5032 3195 5104 Aquisgrani
3246 5040 3471 5088 unctum
3508 5033 3560 5086 iu
3618 5050 3827 5107 regem,

2220 5120 2350 5176 fecit
2387 5121 2492 5176 sibi
2541 5125 2824 5179 concreari
2865 5125 3277 5197 imperatorem,
3313 5137 3391 5194 ut,
3442 5127 3717 5201 delegatis
3780 5130 3825 5183 ei

2221 5215 2484 5269 secundis
2514 5216 2728 5287 imperii
2761 5216 3027 5287 partibus,
3076 5218 3197 5289 ipse
3230 5218 3527 5293 indulgens
3552 5222 3827 5285 scnectui,

2216 5305 2366 5376 quod
2396 5306 2791 5376 superet'ataevi
2822 5314 3008 5379 ageret
3029 5309 3392 5380 tranquillius.
3433 5308 3583 5373 Quod
3613 5317 3823 5383 gestum

1851 5437 2071 5494 VARUE
2100 5437 2473 5494 LECTIONES.

576 5496 645 5531 9”
682 5500 723 5552 ἱ.
746 5515 791 5555 e.
824 5499 1128 5573 prolepsin,
1159 5501 1229 5537 ⁹³⁰
1258 5504 1487 5561 estruxit
1510 5521 1555 5563 c.

2068 5609 2273 5665 ΝΟΤᾹΞ.

580 5666 725 5737 (939)
756 5669 969 5741 Epinal.
