3938 6050
110 239 226 296 705

1126 247 1274 304 VlTA
1313 248 1663 306 DEODERlCl
1707 248 1995 310 EPISCOPI
2033 250 2424 308 METTENSIS.

3345 261 3451 319 706

111 386 266 428 anno
313 371 529 427 Domini
583 373 688 429 968
725 375 1053 444 conjicimus
1080 376 1228 449 (967,
1267 384 1386 442 Dec,
1447 381 1558 453 25).
1625 382 1810 454 qqu
1835 384 2145 434 nostrarum
2205 381 2628 448 munimentum,
2690 383 2766 437 ita
2817 383 2890 440 sit
2935 383 3102 442 etiam
3157 391 3452 446 verborum

112 460 286 515 etiam
325 477 472 516 anno
506 461 654 533 jacta
685 463 1044 520 fundamenta
1095 468 1360 524 ecclesie
1392 471 1567 526 sancti
1606 472 1734 526 Vin-

111 555 310 620 centii,
341 571 405 610 ex
455 557 724 626 majorum
757 559 964 630 scripto
993 563 1384 634 comperimus.
1421 565 1482 620 Et
1521 582 1590 621 ne
1612 567 1736 638 quis

110 645 304 701 verbis
352 647 492 702 meis
547 649 797 722 deroget,
843 650 962 722 ipsa
999 653 1268 722 majorum
1309 657 1559 727 quamvis
1597 673 1735 728 pau-

112 740 341 798 cissima
369 743 540 799 verba
563 744 652 801 hic
683 745 928 802 inserere
961 747 1126 804 libet:
1157 753 1314 807 Anno
1341 755 1738 810 incarnationis

109 833 403 890 dominica;-
465 837 571 893 968
621 839 814 894 domno
849 841 1124 898 Deoderico
1177 846 1430 914 pontiﬁce
1489 853 1736 902 sanctam

112 929 266 984 hanc
306 931 502 1000 sedem,
541 949 649 1002 qua
687 938 989 1003 augustalis
1031 940 1388 1008 amplitudine
1433 945 1740 1012 sanguinis,

112 1033 228 1085 qua
254 1022 433 1074 animi
458 1023 660 1076 virtute
695 1029 857 1093 atque
879 1025 1152 1081 industria
1179 1030 1452 1120 singulqri
1490 1033 1549 1085 in
1597 1035 1748 1088 omni

117 1127 317 1180 genere
345 1116 646 1170 studiorum
685 1121 991 1188 egregieque
1035 1122 1306 1188 factorum
1357 1116 1536 1180 divine
1588 1131 1748 1195 atque

115 1201 382 1268 humane,
409 1203 623 1272 publice
646 1220 712 1259 ac
734 1209 1012 1276 privatim,
1038 1224 1254 1264 summa
1281 1226 1374 1280 ope
1417 1227 1482 1265 ac
1531 1216 1747 1281 magni-

115 1295 342 1360 ﬁcentia
362 1299 594 1363 feliciter
619 1308 936 1369 exornante,
969 1317 1024 1358 eo
1063 1305 1281 1360 interim
1308 1307 1493 1362 Italico
1519 1307 1748 1362 delectui

112 1391 586 1444 sanctissimorum
638 1392 912 1448 individuo
942 1397 1204 1450 comitatu
1243 1403 1620 1466 augustorum.
1652 1402 1744 1453 0t-

117 1483 262 1534 tonis
317 1484 537 1552 ejusque
580 1484 946 1552 gloriosissimi
993 1490 1248 1556 (εραὶυοσί
1279 1531 1292 1554 ,
1335 1493 1532 1558 patriis
1584 1491 1744 1560 digne

115 1569 416 1625 virtutibus
477 1573 864 1642 respondentis,
903 1575 974 1629 ad
1019 1576 1115 1631 hoc
1165 1578 1524 1646 pulcherrimo
1561 1579 1744 1635 decore

1837 479 2146 528 nostrorum
2190 474 2631 544 probamentum.

1905 563 2176 617 Iohannes
2213 566 2501 634 episcopus,
2533 579 2716 618 servus
2763 580 3039 622 servorum
3081 572 3191 636 Dei,
3217 570 3458 626 dilectis-

1835 654 1969 706 simo
1999 653 2276 708 Deoderico
2300 655 2412 719 ﬁlio
2441 660 2620 710 nostro
2641 661 2847 710 sancte
2897 660 3162 713 Mettensis
3211 661 3459 718 ecclesia:

1834 742 2087 809 praesuli.
2145 745 2280 796 Cum
2304 745 2364 796 in
2389 745 2680 799 exarandis
2713 748 2806 799 Dei
2842 746 3092 802 laudibus
3137 749 3314 804 debita
3353 768 3458 821 pa-

1837 833 2050 887 storalis
2075 835 2331 903 compulit
2356 836 2731 892 sollicitudinis
2755 853 2910 906 cura,
2941 854 3162 908 queque
3198 843 3268 896 ad
3287 844 3453 898 stabi-

1841 925 1994 979 litate
2026 930 2244 995 piorum
2271 927 2662 995 dignoscantur
2702 932 2973 998 pertinere
3008 933 3245 987 locorum
3301 935 3460 990 uber-

1849 1021 1949 1072 tim
1986 1019 2353 1087 promulgare,
2385 1027 2436 1075 et
2473 1023 2768 1090 apostolica:
2813 1027 3168 1080 institutionis
3197 1028 3256 1080 in
3290 1031 3460 1096 privi—

1846 1109 1994 1176 legiis
2045 1115 2205 1178 atque
2248 1111 2468 1167 decretis
2518 1128 2748 1167 censura
2801 1117 3160 1180 conﬁrmare:
3214 1123 3461 1175 convenit

1845 1211 2034 1266 nempe
2059 1213 2154 1253 nos
2201 1201 2480 1268 apostolico
2509 1202 2872 1257 moderamine
2909 1211 3103 1259 sancta
3131 1209 3460 1264 venerabilia

1843 1285 1978 1352 loca,
2005 1301 2125 1354 quae
2147 1287 2354 1340 dudum
2381 1289 2607 1354 fuerant
2637 1293 2696 1343 in
2718 1295 2898 1346 ruinis
2949 1309 3255 1364 magnaque
3278 1299 3460 1366 inopia

1843 1391 1909 1431 ac
1930 1384 2251 1446 paupertate
2286 1379 2554 1447 degentia,
2595 1389 2888 1450 Opportune
2944 1386 3216 1452 ordinare,
3247 1402 3342 1442 seu
3390 1390 3461 1443 ad

1840 1471 2113 1523 meliorem
2135 1485 2254 1524 sine
2279 1471 2440 1526 dubio
2465 1478 2672 1526 statum
2703 1475 3010 1542 perducere,
3036 1487 3336 1546 praesertim
3367 1481 3462 1535 ubi

1843 1561 1936 1614 illa
1960 1567 2244 1630 petuntur,
2275 1579 2394 1632 qua:
2421 1579 2530 1618 non
2560 1565 2630 1618 ad
2667 1568 3001 1623 commodum
3033 1574 3338 1640 temporale,
3369 1575 3460 1628 sed

117 1660 339 1727 imperii
351 1660 561 1715 domne.
586 1662 848 1716 Adeieidce
875 1671 1136 1732 augustae,
1169 1667 1284 1733 fere
1318 1681 1416 1736 per
1441 1671 1741 1722 triennium

1853 1652 1913 1705 rid
1931 1659 2248 1722 perpetuam
2279 1655 2675 1722 providentiam
2701 1659 2974 1724 pertinent
3024 1663 3190 1713 Deum
3217 1665 3460 1716 servien-

115 1713 416 1818 mijimnw,
462 1755 764 1822 sumptibus
791 1771 847 1810 δε
888 1713 1064 1826 dignis
1087 1764 1141 1812 ει
1169 1713 1352 1827 ’σορέὲ
1387 1763 1552 1816 tom-us
1577 1763 1740 1831 hujus
1771 1713 1816 1779 Β
1843 1745 1983 1796 tium
2027 1746 2364 1812 animarum,
2421 1746 2620 1800 scilicet
2653 1752 2712 1800 ut
2749 1748 3066 1802 venerabilis
3114 1749 3280 1818 locus,
3310 1755 3405 1820 qui
3429 1769 3463 1806 ιι

115 1849 329 1898 sanctae
355 1844 580 1911 fabrica:
615 1861 684 1900 ea:
711 1861 842 1901 novo
871 1850 1026 1917 jacta
1056 1856 1188 1904 sunt
1215 1851 1597 1918 fundamenta.

194 1937 284 1989 H.
326 1941 397 1991 De
446 1939 796 1994 imm-unitate
830 1941 932 1995 loci
979 1941 1047 1996 ab
1085 1945 1365 2012 apostolico
1428 1947 1739 2015 impetrata.

122 2026 430 2082 Providens
461 2029 626 2084 etiam
651 2038 916 2103 angustus
945 2035 1318 2109 prepagande
1345 2037 1634 2112 sanguinis
1657 2038 1743 2094 sui

121 2121 492 2183 successioni,
540 2121 898 2193 desponsavit
927 2123 1040 2181 ﬁlio
1073 2141 1174 2182 suo
1205 2127 1542 2200 TheOpbanu
1573 2127 1744 2186 ﬁliam

127 2209 479 2280 imperatoris
519 2209 1132 2283 ConstantinOpolitani,
1188 2215 1354 2288 eique
1411 2218 1598 2274 Rome
1647 2236 1746 2274 nu-

126 2299 273 2370 ptias
315 2299 616 2355 celebravit
653 2302 1062 2375 magnificentia
1129 2305 1402 2378 imperiali
1454 2308 1568 2379 (an.
1620 2310 1744 2377 972,

125 2391 296 2459 April.
338 2390 442 2456 14).
481 2388 616 2444 Huic
647 2390 887 2446 delectui
939 2397 993 2446 et
1024 2393 1108 2448 his
1155 2393 1520 2466 disponendis
1565 2414 1746 2455 rerum

125 2477 496 2551 gerendarum
530 2479 766 2552 negotiis
794 2481 1132 2537 venerabilis
1161 2486 1359 2554 presul
1395 2486 1748 2556 Deodericus,

126 2581 189 2628 ut
230 2573 688 2645 praeseripsimus,
722 2574 868 2630 inter
887 2576 1094 2647 primos
1121 2579 1434 2651 precipuus
1461 2580 1748 2650 intererat,

126 2665 223 2737 qui
260 2666 405 2722 sicut
431 2682 660 2741 genere,
693 2667 960 2741 dignitate
993 2677 1048 2724 et
1089 2671 1264 2742 gratia
1296 2671 1432 2726 nulli
1491 2673 1748 2740 cedebat,

126 2755 364 2826 perinde
404 2747 532 2827 quia
572 2756 819 2812 consiliis
872 2773 981 2813 non
1025 2759 1194 2814 futilis
1233 2769 1425 2816 auctor
1477 2769 1618 2830 erat,
1676 2763 1751 2818 ita

128 2847 278 2919 apud
333 2848 695 2920 imperatores
750 2855 804 2904 et
858 2849 1121 2906 domuum
1193 2853 1558 2924 apostolicum
1613 2855 1750 2910 nulli

130 2939 450 2996 inferiorem
509 2941 736 3015 gradum
787 2942 1029 2999 tenebat.
1065 2943 1186 3012 Qui,
1229 2945 1480 3016 quamvis
1520 2947 1754 3020 negotiis

131 3033 512 3105 imperialibus
532 3040 587 3088 et
614 3034 1017 3091 ecclesiasticis
1043 3053 1144 3108 pro
1174 3038 1433 3094 omnibus
1453 3047 1754 3112 occupatus
1777 3067 1826 3136 Ο

130 3131 271 3190 erat,
315 3130 496 3178 tamen
538 3131 699 3178 nocte
743 3124 948 3196 dieque
979 3125 1047 3180 ad
1088 3126 1365 3196 singulare
1405 3145 1563 3184 suum
1601 3129 1749 3186 desi-

133 3212 374 3280 derium,
407 3213 460 3268 id
491 3213 671 3269 estad
724 3215 1192 3272 constructionem
1259 3218 1524 3274 ecclesie
1575 3220 1751 3274 sancti

137 3301 433 3369 Vincentii,
485 3302 670 3358 animo
743 3303 1083 3359 rccurrebat.
1159 3304 1322 3374 Cujus
1365 3308 1752 3364 construende

130 3406 323 3446 curam
357 3391 709 3448 commiserat
737 3391 920 3449 abbati
954 3393 1235 3450 Gorziensi
1267 3394 1546 3452 Odilberto
1577 3396 1754 3468 (940),

134 3484 256 3540 viro
287 3482 747 3541 sibiamicissimo
777 3495 832 3541 et
857 3486 1044 3542 divina
1073 3495 1238 3559 atque
1257 3487 1494 3544 humana
1519 3489 1755 3545 scientia

137 3575 194 3630 in
229 3575 494 3632 omnibus
523 3577 986 3634 nominatissimo.
1040 3580 1162 3649 lpse
1194 3578 1413 3634 interim
1455 3587 1516 3635 ut
1545 3580 1664 3652 apis
1687 3582 1754 3616 ⁹³¹

141 3665 597 3736 prudentissima,
629 3667 721 3739 pio
763 3667 1033 3724 exercitus
1066 3668 1254 3724 labore
1283 3669 1586 3724 undeunde
1618 3685 1755 3726 con-

138 3757 390 3829 gerebat,
414 3758 562 3814 unde
614 3759 852 3815 alvearia
879 3776 977 3815 sua
1009 3760 1268 3832 repleret,
1308 3760 1458 3816 unde
1489 3761 1758 3833 liquentia

139 3846 306 3900 mella
335 3846 578 3918 stiparet,
612 3848 760 3903 unde
791 3849 959 3904 cellas
1015 3849 1228 3922 liquido
1282 3857 1502 3906 nectare
1544 3849 1757 3906 disten-

141 3936 322 4002 deret,
362 3935 416 3989 in
448 3935 652 4007 quibus
679 3953 834 4009 spem
865 3945 1068 3994 sancte
1107 3939 1286 4012 gentis
1339 3939 1557 3995 adultos
1593 3938 1760 3996 fetus

143 4025 436 4091 educeret;
469 4034 603 4080 etut
631 4025 890 4099 ignavum
915 4042 1084 4098 pecus
1105 4043 1136 4082 a
1161 4027 1505 4099 praesepibus
1525 4035 1757 4096 arceret,

145 4116 328 4188 primo
375 4115 773 4172 immunitatem
802 4117 987 4188 ipsius'
1017 4117 1122 4173 loci
1168 4134 1198 4173 a
1255 4117 1404 4174 sedis
1445 4119 1759 4190 apostolice

147 4208 385 4280 presulc
415 4209 1112 4280 Jolianneimpetraviuan.
1143 4208 1290 4278 970),
1323 4217 1379 4266 et
1403 4209 1584 4266 locum
1609 4211 1762 4267 illum

146 4305 204 4352 et
236 4298 423 4353 omnia
447 4315 570 4370 que
601 4298 651 4354 ei
683 4299 990 4355 contulerat
1027 4297 1131 4354 sub
1152 4299 1469 4370 apostolice
1506 4299 1766 4356 tuicionis

145 4391 722 4456 scra'commendavit,
765 4398 820 4446 et
860 4392 997 4446 clavi
1053 4391 1368 4447 insolubilis
1398 4392 1766 4448 anathematis

149 4482 226 4536 ita
275 4482 528 4556 signavit,
577 4491 636 4538 ut
675 4483 720 4538 si
754 4484 914 4553 cujus
943 4484 1204 4540 callosum
1249 4493 1442 4556 pectus
1491 4485 1766 4540 obtutarct

147 4574 218 4608 ⁸³³
253 4575 642 4630 obstinationis
680 4576 1018 4643 immanitas,
1049 4585 1108 4632 ut
1139 4591 1266 4632 eum
1308 4592 1338 4630 a
1369 4576 1628 4632 violentia
1679 4577 1765 4632 vel

148 4662 432 4731 injusticia
461 4672 665 4719 sancte
695 4664 958 4720 ecclesie
989 4680 1094 4720 nec
1127 4665 1226 4720 ista
1258 4664 1561 4736 apostolica
1595 4663 1767 4720 refre-

148 4761 310 4809 naret
348 4754 691 4822 immunitas,
743 4757 927 4812 omnis
970 4756 1022 4812 ei
1063 4756 1119 4812 in
1161 4757 1435 4828 reliquum
1468 4763 1768 4832 negaretur

151 4848 476 4921 impunitas.
517 4851 594 4906 Ita
649 4851 734 4907 vir
773 4852 887 4906 Deo
915 4851 1170 4906 amabilis
1201 4851 1332 4906 dum
1380 4852 1498 4906 vult
1526 4867 1648 4906 esse
1702 4851 1772 4905 de

149 4939 266 4994 suis
291 4939 561 5008 securior,
605 4940 736 4995 dum
781 4939 898 4995 vult
926 4940 1098 4995 videri
1132 4939 1400 5011 propositi
1442 4939 1527 4994 sui
1575 4939 1768 5006 victor,

153 5026 576 5098 aliquantulum,
639 5028 788 5100 quod
848 5044 982 5100 pace
1047 5029 1169 5098 ejus
1208 5027 1465 5095 dixerim,
1505 5027 1656 5084 visus
1691 5035 1774 5084 est

1843 1835 2115 1890 Deoderico
2151 1835 2489 1890 dilectissimo
2538 1838 2649 1902 ﬁlio
2689 1844 2867 1892 nostro
2921 1841 2980 1892 in
3031 1855 3141 1895 uno
3185 1843 3464 1910 congloba-

1847 1931 1933 1980 tus
1963 1929 2125 1993 atque
2143 1939 2393 1980 annexus
2417 1931 2515 1993 est,
2543 1942 2670 1980 cum
2687 1929 2918 1996 propriis
2945 1931 3462 1998 congregationibus,

1843 2030 1965 2084 quae
1991 2015 2317 2084 regulariter
2354 2017 2414 2068 in
2433 2017 2657 2084 psalmis
2687 2018 2900 2085 hymnis
2919 2023 2970 2072 et
2998 2019 3329 2074 orationibus
3365 2025 3467 2075 Deo

1843 2108 2110 2162 Saluatori
2171 2114 2353 2163 nostro
2401 2112 2528 2164 Jesu
2577 2110 2783 2162 Christo
2851 2111 3130 2178 pervigiles
3211 2111 3466 2166 excubias

1844 2199 2080 2267 eccibent,
2147 2200 2215 2254 ab
2270 2201 2568 2256 insolentiis
2628 2201 2980 2256 exterioribus
3029 2203 3466 2258 circummunitae

1839 2293 2048 2360 jugiter
2069 2293 2288 2347 valeant
2331 2296 2412 2362 pii
2457 2295 2763 2360 famulatus
2797 2295 2981 2360 ofﬁcia
3033 2295 3093 2347 in
3140 2298 3464 2350 monasterio

1847 2383 2026 2436 sancti
2056 2383 2321 2436 Vincentii
2349 2382 2633 2437 exhibere:
2667 2389 2718 2436 et
2751 2383 3010 2452 quoniam
3055 2389 3264 2437 constat
3312 2389 3466 2438 tuam

1849 2469 2249 2537 religiositatem
2277 2472 2438 2538 hujus
2472 2472 2740 2539 privilegii
2782 2471 3128 2540 apostolicam
3175 2472 3468 2536 conﬁrma-

1849 2558 2052 2610 tionem
2073 2557 2348 2626 postulare
2375 2573 2406 2610 a
2438 2558 2607 2625 nobis,
2643 2564 2859 2626 propter
2896 2561 3299 2614 immutationes
3325 2565 3464 2614 tem-

1844 2647 2117 2715 poralium
2171 2663 2357 2702 rerum
2404 2649 2684 2718 variosque
2732 2651 3013 2705 hominum
3069 2666 3247 2718 casus,
3281 2666 3467 2705 muni-

1851 2738 2050 2789 tionem
2068 2739 2248 2790 sancti
2281 2739 2543 2791 Vincentii
2569 2737 2764 2791 Christi
2786 2741 3044 2808 martyris
3069 2755 3194 2793 cum
3220 2740 3471 2794 omnibus

1853 2824 1924 2878 ad
1947 2825 2087 2878 idem
2114 2827 2501 2880 monasterium
2523 2827 2940 2895 pertinentibus,
2967 2835 3127 2897 atque
3163 2829 3470 2884 corrobora-

1856 2915 2054 2969 tionem
2111 2917 2194 2970 tui
2257 2921 2464 2984 tuaeque
2517 2917 2941 2984 congregationis
3005 2923 3056 2972 et
3108 2931 3472 2972 successorum

1855 3013 2074 3064 tuorum
2099 3011 2158 3063 in
2187 3015 2510 3078 perpetuum
2539 3009 2608 3043 9”
2643 3011 2766 3076 ﬁeri
2793 3013 3136 3080 censuimus;
3181 3019 3467 3081 quatenus,

1851 3117 2003 3155 nunc
2027 3103 2167 3156 sicut
2197 3118 2231 3154 a
2257 3108 2306 3156 te
2355 3102 2738 3172 disponuntur,
2791 3105 2869 3156 ita
2920 3105 2982 3157 in
3004 3110 3278 3172 posterum
3311 3119 3474 3173 usque

1851 3195 1912 3247 in
1937 3195 2106 3258 ﬁnem
2140 3200 2541 3262 conserventur,
2572 3200 2624 3248 et
2652 3201 2710 3249 ut
2740 3195 2836 3248 illa
2892 3199 3230 3264 congregatio
3284 3199 3472 3251 incon-

1851 3282 2008 3337 cussa
2059 3284 2118 3336 in
2169 3297 2346 3336 unum
2409 3297 2774 3352 perseverans,
2857 3284 3068 3338 sedulas
3137 3285 3320 3340 laudes
3375 3291 3474 3342 Deo

1849 3375 2142 3444 persolvere
2191 3375 2389 3442 valeat,
2462 3380 2513 3430 et
2575 3377 2738 3430 sicuti
2793 3391 2826 3429 a
2899 3380 3000 3430 Deo
3055 3390 3242 3431 eorum
3291 3379 3473 3431 studia

1856 3464 2066 3519 imbuta
2108 3470 2258 3532 sunt,
2293 3467 2502 3534 jugiter
2533 3478 2870 3533 perseverare
2922 3467 3100 3532 liceat,
3169 3471 3328 3534 atque
3373 3466 3472 3520 sub

1857 3571 1966 3611 uno
2018 3556 2211 3610 abbate
2255 3559 2380 3625 jam
2448 3557 2738 3624 prwdictus
2793 3558 2938 3612 locus
2997 3561 3364 3624 constitutus,
3415 3561 3474 3612 in

1855 3649 2050 3701 honore
2075 3648 2253 3700 sancti
2285 3647 2547 3701 Vincentii
2583 3646 2844 3701 indiuisus
2875 3649 2945 3701 sit
2984 3653 3034 3700 et
3075 3647 3307 3702 indivisa
3343 3662 3474 3702 con—

1853 3741 2105 3807 gregatio.
2148 3743 2250 3793 Nec
2297 3740 2554 3807 cuiquam
2581 3738 2800 3792 licentia
2819 3738 3147 3808 praebeatur,
3207 3745 3268 3794 ut
3323 3741 3473 3806 refu-

1857 3836 2006 3903 giens
2055 3835 2286 3902 rigorem
2339 3834 2587 3889 studiosae
2649 3833 2756 3889 cibi
2808 3834 3027 3903 regulae,
3094 3835 3200 3889 huc
3247 3836 3478 3904 illucque

1856 3933 2102 3996 vagetur,
2131 3928 2213 3981 vel
2241 3927 2363 3982 aliis
2391 3942 2448 3982 se
2483 3928 2726 3994 conferre
2750 3926 2819 3961 ⁸³³
2848 3933 3074 3984 conetur
3096 3930 3474 3997 monasteriis;

1858 4021 1996 4090 quod
2019 4036 2054 4074 a
2080 4020 2230 4076 nobis
2258 4025 2448 4076 contra
2473 4021 2720 4090 regulam
2746 4021 2846 4076 sub
2873 4023 3238 4076 anathematis
3265 4021 3480 4077 vinculo

1858 4115 2186 4185 prohibetur.
2201 4117 2550 4186 Quapropter,
2571 4120 2872 4171 statuentes
2891 4121 3053 4185 atque
3075 4117 3480 4185 promulgantes

1863 4223 2046 4264 coram
2081 4213 2181 4262 Deo
2216 4214 2270 4263 et
2299 4208 2528 4263 terribili
2553 4211 2670 4278 ejus
2699 4210 2889 4276 futuro
2911 4211 3163 4263 examine
3195 4223 3292 4276 per
3316 4210 3480 4277 hujus

1865 4300 2036 4353 nostri
2061 4298 2332 4366 privilegii
2357 4297 2630 4366 apostolici
2665 4303 2827 4366 atque
2864 4299 3146 4352 constituti
3193 4299 3478 4365 paginam,

1863 4391 2163 4456 sancimus,
2193 4393 2243 4443 et
2273 4389 2416 4444 beati
2453 4391 2597 4444 Petri
2623 4389 2981 4458 apostolorum
3002 4390 3265 4458 principis
3295 4393 3482 4442 aucto-

1867 4483 2030 4535 ritate
2067 4481 2425 4548 decernimus,
2456 4487 2618 4550 atque
2652 4480 2982 4536 obtestamur
3028 4485 3149 4534 tum
3185 4479 3484 4547 apostolica:

1865 4574 2001 4629 sedis
2054 4575 2270 4640 futuros
2293 4627 2300 4636 ,
2319 4573 2611 4650 ροηείιῑεβις⁷
2651 4586 2920 4642 quamque
2989 4573 3085 4640 qui
3137 4571 3484 4641 episcopalem

1865 4666 2369 4720 administraverint
2419 4667 2704 4731 actionem,
2751 4664 2832 4718 vel
2884 4666 3051 4718 etiam
3095 4679 3299 4732 magna
3343 4679 3482 4733 par-

1865 4773 2036 4826 vaque
2058 4771 2285 4828 persona
2341 4763 2440 4810 aut
2475 4759 2746 4826 quispiam
2781 4759 3154 4826 cujuscunque
3186 4759 3258 4811 sit
3313 4757 3487 4826 digni-

1877 4849 2002 4902 tatis
2046 4847 2306 4916 praeditus
2341 4850 2616 4915 potestate,
2668 4859 2732 4899 ea
2771 4860 2890 4913 qua:
2927 4861 2962 4899 a
3001 4847 3253 4916 praedicto
3293 4847 3483 4902 Deode-

1871 4944 1981 4997 rico
2020 4942 2208 4996 dilecto
2259 4941 2370 5008 ﬁlio
2415 4946 2594 4996 nostro
2628 4943 2718 5010 pie
2767 4942 3060 4997 venerabili
3111 4942 3220 4999 loco
3285 4945 3487 4998 tradita

1873 5038 2032 5100 atque
2083 5045 2327 5087 concessa
2394 5032 2624 5099 fuerint,
2669 5045 2876 5100 quoquo
2927 5033 3080 5088 modo
3133 5049 3168 5088 a
3221 5047 3490 5102 quoquam

153 5135 273 5174 esse
303 5120 568 5176 severior.
612 5121 886 5176 Ponamus
929 5136 1062 5196 ergo
1097 5137 1208 5191 pre
1255 5120 1429 5177 oculis
1472 5121 1606 5176 illud
1639 5136 1776 5192 apo-
1875 5121 2155 5175 licentiam
2195 5119 2448 5186 habeant,
2492 5121 2686 5188 saepius
2715 5123 3065 5176 nominatum
3114 5122 3291 5176 locum
3312 5121 3492 5176 sancti

152 5210 361 5266 stolice
373 5211 718 5268 auctoritatis
735 5211 1109 5288 privilegium,
1127 5211 1300 5284 quod,
1328 5212 1469 5267 sicut
1485 5219 1569 5268 est
1593 5227 1774 5267 rerum

1881 5213 2142 5265 Vincentii
2168 5213 2229 5264 in
2258 5225 2435 5265 unum
2474 5211 2785 5267 adunatum
2823 5219 2983 5283 atqiie
3026 5213 3345 5283 spiritaliter
3364 5226 3492 5282 apo-

1515 5337 1732 5393 VARl/E
1761 5337 2138 5394 LECTIONES.

223 5443 288 5478 ⁹⁸¹
323 5460 457 5515 apes
481 5459 618 5499 corr.
653 5443 774 5514 apis
802 5459 848 5498 c.
933 5443 1004 5478 93’
1025 5445 1108 5498 ita
1132 5459 1177 5496 ο.
1208 5440 1488 5497 obturarct
1528 5442 1587 5496 L.
1663 5440 1734 5475 933
1762 5456 1816 5511 p.
1853 5439 2076 5496 Lmana
2102 5439 2154 5494 2.
2179 5439 2394 5510 adjecta
2446 5440 2516 5475 '3‘
2545 5443 2625 5496 ita
2653 5443 2896 5509 corrigo,-
2928 5440 3052 5495 aliis
3082 5438 3395 5498 rcconferre
3425 5458 3470 5498 ο.

1709 5562 1920 5618 ΝΟΤΕ.

222 5663 370 5736 (940)
401 5664 718 5722 Odilbertus
737 5665 958 5722 nonnisi
989 5682 1040 5720 a.
1067 5666 1172 5720 974
1191 5665 1426 5722 Johanni
1459 5664 1631 5721 abbas
1661 5665 1958 5722 successit.
