3934 6054
423 197 527 254 707

1645 186 1995 246 SIGEBERTI
2033 185 2547 246 GEMBLACENSIS.

3672 190 3800 249 708

423 328 624 384 stolica:
675 325 1020 379 exarationis
1074 323 1214 391 style
1252 325 1544 392 conjuncta
1602 320 1911 391 disjungere
1963 319 2046 373 vel
2071 322 2118 390 Α
2139 325 2394 394 piamque
2421 325 2672 378 bonorum
2721 323 3094 394 temporalium
3125 323 3437 394 adepturos,
3479 326 3530 379 si
3588 328 3802 378 tamen

423 415 640 485 aliquid
669 415 863 469 exinde
893 413 1150 468 alienare.
1182 415 1252 467 Et
1281 411 1426 464 illud
1444 412 1829 465 monasterium
1859 409 2046 465 Sancti

430 506 700 560 Vincentii
726 505 1014 572 respiciens
1045 503 1116 555 sit
1139 500 1212 554 ad
1240 499 1415 554 sedem
1445 499 1795 568 episcoralem
1817 497 2042 567 protho~

422 599 682 666 martyris
723 595 925 650 Christi
953 593 1216 663 Stephani
1256 592 1530 662 jubemus,
1562 595 1728 660 atque
1777 589 1944 644 abbas
1987 591 2046 642 in

419 692 684 760 potestate
707 689 944 758 episcopi
968 687 1036 720 935
1065 687 1240 755 ipsius
1267 685 1370 738 loci
1406 683 1676 751 eligindus
1703 685 1794 738 sit.
1838 682 1896 736 Si
1922 696 2046 736 vero

425 782 702 850 episcopus
733 780 988 846 defuerit,
1017 777 1176 832 liceat
1204 776 1392 830 abbati
1427 777 1488 829 in
1517 775 1727 841 festiuis
1766 773 1953 828 diebus
1974 772 2049 826 ad

427 871 601 926 sedem
616 872 965 940 episcopalem
993 869 1254 930 accedere,
1298 869 1476 937 ibique
1504 883 1622 922 cum
1661 865 1959 920 dalmatica
1997 867 2047 918 et

426 967 718 1031 sandaliis,
759 979 893 1034 quas
945 964 1028 1018 illi
1079 964 1366 1028 mittimus,
1415 964 1612 1016 missas
1665 961 1948 1014 celebrare.
1985 958 2048 1013 Si

430 1061 557 1128 quis
592 1059 818 1121 interea,
863 1057 1008 1126 quod
1059 1071 1165 1110 non
1224 1055 1514 1121 credimus,
1565 1055 1845 1109 temerario
1911 1065 2049 1105 ausu

429 1157 622 1208 contra
645 1168 726 1218 ea,
759 1167 879 1222 qua:
907 1151 974 1205 ab
995 1151 1094 1205 hac
1116 1154 1308 1204 nostra
1345 1151 1670 1204 auctoritate
1693 1149 1786 1217 pie
1811 1151 1859 1200 et
1873 1145 2050 1216 ﬁrmi-

432 1249 512 1300 ter
569 1261 670 1314 per
707 1244 801 1298 hoc
869 1247 1110 1298 nostrum
1155 1241 1508 1312 privilegium
1583 1241 1848 1308 disposita
1902 1241 2047 1301 sunt,

431 1337 704 1390 contraire
732 1335 1039 1394 tentaverit,
1080 1332 1163 1386 vel
1191 1332 1322 1396 ham,
1364 1347 1482 1401 quae
1531 1347 1563 1384 a
1587 1331 1845 1400 praedicto
1879 1327 2044 1382 Theo-

433 1429 612 1481 derico
655 1426 848 1480 dilecto
895 1425 1009 1493 ﬁlio
1037 1428 1238 1487 nostro,
1299 1425 1636 1478 Mettensium
1682 1421 1930 1491 praesule,
1975 1421 2049 1475 ad

435 1523 648 1578 laudem
681 1524 775 1576 Dei
796 1537 898 1591 p-ro
918 1521 1215 1575 stabilitate
1237 1519 1356 1588 jam
1405 1519 1541 1573 dicti
1563 1521 1878 1574 monasterii
1904 1517 2050 1572 vide-

435 1615 558 1668 licet
577 1613 766 1668 Sancli
801 1612 1069 1667 Vincentii
1101 1613 1309 1663 statuta
1335 1613 1480 1674 sunt,
1515 1610 1812 1675 refragare,
1839 1610 2052 1674 auferre

436 1701 518 1754 vel
555 1701 794 1755 alienare
813 1701 1246 1768 praesumpserit,
1287 1700 1425 1751 sciat
1453 1712 1505 1751 se
1561 1699 1881 1751 auctoritate
1911 1696 2053 1750 beati

437 1795 586 1848 Petri
613 1791 968 1861 apostolorum
996 1791 1262 1859 principis
1300 1789 1662 1842 anathematis
1699 1789 1910 1842 vinculo
1964 1791 2052 1842 in-

439 1884 704 1938 nodatum
738 1886 902 1950 atque
957 1896 1078 1934 cum
1105 1879 1269 1945 Juda,
1318 1881 1580 1932 tralitore
1627 1881 1840 1932 Domini
1881 1880 2058 1933 nostri

437 1973 562 2027 Jesu
619 1973 842 2036 Christi,
895 1973 1084 2026 aeterni
1131 1970 1369 2024 incendii
1419 1970 1682 2038 silmilicio
1714 1985 2056 2025 concreman-

440 2061 589 2115 dum.
622 2061 710 2114 Sic
737 2061 1042 2128 deputatus,
1099 2073 1192 2112 nec
1239 2073 1482 2127 unquam
1510 2074 1544 2111 a
1587 2045 1816 2127 prceftiti
1843 2057 2062 2112 anathe-

439 2154 605 2207 matis
629 2151 860 2206 nexibus
889 2153 960 2206 sit
987 2151 1284 2204 absolutus.
1329 2151 1402 2204 At
1445 2152 1676 2218 veroqui
1728 2152 1820 2219 pio
1856 2151 2063 2204 intuitu

442 2243 750 2297 observator
776 2245 832 2296 in
871 2241 1124 2296 omnibus
1149 2242 1446 2305 eccstiterit,
1473 2243 1712 2308 gratiam
1739 2241 2063 2296 benedictio-

439 2334 528 2386 nis
567 2348 602 2386 a
627 2331 1130 2386 misericordissimo
1175 2329 1386 2384 domino
1432 2332 1536 2383 Deo
1582 2333 1761 2384 nostro
1799 2331 2060 2400 multipli-

441 2429 572 2480 citer
589 2429 971 2494 consequatur,
1005 2429 1053 2478 et
1083 2425 1207 2478 vita:
1228 2427 1438 2478 (eterna
1456 2427 1732 2494 particeps
1757 2425 2056 2494 efﬁciatur,

441 2523 488 2572 et
512 2519 620 2572 haec
647 2523 835 2571 eatena
867 2517 1010 2570 beati
1038 2518 1184 2570 Petri
1212 2519 1429 2585 aperiat
1455 2519 1502 2569 ei
1519 2517 1751 2585 januam
1777 2518 2056 2587 paradisi.

443 2609 505 2664 Si
529 2623 652 2662 vero
669 2608 871 2678 aliquis
909 2610 1183 2676 episcopus
1207 2608 1337 2662 inde
1365 2608 1582 2677 aliquid
1604 2611 1838 2664 minuere
1873 2611 2059 2664 volue-

443 2703 539 2765 rit,
591 2701 722 2766 hzc,
774 2705 838 2754 ut
887 2700 1152 2764 discimus,
1201 2705 1390 2754 catena
1443 2701 1666 2754 claudat
1713 2703 1765 2754 ei
1811 2703 2065 2771 polorum

442 2808 630 2860 regna.
695 2794 964 2860 Scriptum
1017 2807 1118 2860 per
1168 2807 1384 2846 manum
1443 2793 1706 2862 Stephani
1757 2797 1966 2849 notarii
2017 2802 2066 2851 et

443 2885 742 2949 regionarii
769 2886 970 2936 sanctae
1007 2885 1258 2936 Romanae
1307 2883 1558 2936 Ecclesiae
1595 2885 1651 2937 in
1699 2899 1876 2938 mense
1929 2887 2068 2954 Sep-

447 2973 658 3037 tembri,
689 2977 738 3026 et
765 2972 1060 3026 indictione
1081 2977 1285 3040 quarta
1307 2972 1533 3036 decima,
1571 2973 1704 3027 Bene
1723 2975 1910 3028 valete.

520 3060 669 3129 (941)
724 3061 863 3114 Data
934 3075 990 3112 ιιι
1041 3061 1129 3113 die
1180 3059 1405 3114 Kalend.
1457 3061 1699 3116 Octobris
1725 3077 1824 3130 per
1851 3079 2069 3118 manum

457 3150 704 3207 Widonis
745 3151 977 3219 episcOpi
1013 3154 1062 3204 et
1114 3149 1510 3204 bibliothecam
1557 3150 1627 3184 9³⁵
1679 3156 1878 3206 sanctce
1925 3153 2069 3208 sedis

449 3243 776 3312 apostolicae,
825 3256 964 3295 anno
989 3243 1335 3310 pontiﬁcatus
1383 3241 1566 3296 domni
1611 3241 1841 3297 Joannis
1872 3245 2070 3298 summi

448 3336 718 3404 pontiﬁcis
758 3337 806 3386 et
835 3334 1162 3388 universalis
1194 3335 1340 3388 tertii
1387 3334 1601 3402 decimi,
1628 3336 1972 3404 praesidentis
1999 3338 2068 3372 937

453 3428 511 3480 in
557 3427 930 3480 sacratissima
982 3425 1104 3478 sede
1155 3425 1298 3480 beati
1335 3427 1486 3480 Petri
1549 3428 1798 3496 apostoli,
1857 3431 2067 3498 quinto,

452 3518 672 3584 imperii
709 3515 889 3569 domnt
933 3515 1141 3570 Ottonis
1187 3515 1414 3585 majoris
1467 3531 1626 3583 nono,
1673 3519 1898 3574 minoris
1948 3535 2071 3575 vero

453 3613 629 3676 tertio,
682 3625 822 3665 anno
855 3610 1086 3678 denique
1135 3610 1204 3664 ab
1230 3611 1602 3666 incarnatione
1632 3615 1849 3668 Domini
1897 3616 2073 3670 nostri

451 3701 578 3754 Iesu
601 3699 805 3754 Christi
832 3697 958 3752 970.

524 3789 766 3860 Epistola
804 3789 1052 3856 ejusdem
1123 3787 1388 3844 antistitis
1426 3790 1712 3846 Deoderici
1753 3793 1822 3848 de
1875 3794 2072 3850 dandis

455 3880 690 3938 decimis
728 3882 794 3934 ad
827 3879 1130 3935 aecclesiam
1157 3881 1408 3949 ejusdem
1438 3885 1614 3938 sancti
1643 3887 1914 3958 martyris.
1943 3889 2074 3943 Ser~

455 3989 648 4028 verum
695 3972 898 4027 Christi
931 3972 1170 4038 famulus
1209 3974 1528 4029 Deodericus
1577 3979 1855 4048 episcopus
1894 3982 2072 4049 ofﬁcio

461 4079 522 4116 ac
552 4063 785 4127 nomine,
817 4062 1064 4131 quamvis
1093 4061 1370 4127 indignus,
1419 4079 1536 4117 cum
1567 4068 1824 4121 universa
1853 4069 2074 4135 familia

463 4151 640 4205 sancti
682 4149 972 4214 Vincentii,
1003 4147 1328 4203 christicolis
1363 4151 1725 4208 aecclesiarum
1763 4163 2075 4212 nostrarum

462 4242 665 4312 gaudia
698 4246 1110 4312 vitteprtesentis
1134 4249 1182 4298 et
1208 4258 1468 4298 mansura
1491 4243 1717 4314 praemia
1733 4252 2072 4320 (sterilitatis,

2077 1652 2126 1718 B

2144 417 2203 470 in
2231 417 2330 470 hac
2364 416 2598 482 benigna
2622 417 2961 484 perstiterint
3006 415 3302 481 voluntate,
3342 418 3607 486 pacisque
3642 417 3797 470 bona

2148 505 2518 574 replebuntur,
2550 520 2716 574 quam
2747 505 2948 572 angeli,
3007 509 3196 559 natum
3224 507 3509 560 Dominum
3544 522 3794 573 gregum

2147 595 2456 663 pastoribus
2484 596 2812 660 nuntiantes,
2845 594 2974 648 solis
3015 595 3158 648 bonae
3197 595 3492 650 voluntatis
3523 596 3788 649 homini-

2153 685 2246 740 bus
2263 685 2636 752 assignarunt.
2661 684 2754 738 Illi
2781 683 2976 747 aulem,
3011 686 3104 753 qui
3142 683 3374 738 decimas
3426 684 3638 738 debitas
3669 687 3788 738 Deo

2145 776 2412 830 exsolvere
2441 773 2802 840 retardantes,
2854 773 3098 842 maligna
3126 774 3508 828 obstinationis
3527 776 3671 843 perﬁ
3697 775 3786 826 {ia

2145 867 2473 934 defraudare
2526 867 2846 932 moliuntur,
2899 868 3281 935 pertimescant
3327 865 3595 935 judicium
3646 868 3787 920 hor-

2146 972 2328 1012 renaa:
2363 957 2770 1027 dampnationis
2822 959 2968 1027 quod
2994 959 3138 1012 idem
3163 959 3432 1028 apostolus
3457 959 3787 1012 terribiliter

2149 1047 2232 1100 his
2285 1063 2570 1116 eorumque
2623 1048 2943 1116 sequacibus
2983 1049 3364 1116 comminatur,
3425 1063 3590 1118 neque
3623 1050 3785 1117 fures

2147 1154 2319 1208 neque
2336 1155 2558 1209 rapaces
2586 1154 2809 1208 regnum
2843 1141 2938 1194 Dei
2964 1155 3296 1210 possessuros
3317 1141 3626 1210 affirmans.

2228 1234 2312 1288 15.
2354 1237 2428 1289 De
2453 1237 2607 1290 nonis
2659 1239 2708 1289 et
2735 1235 2954 1290 decimis
2986 1236 3232 1290 (ecclesia
3273 1237 3453 1289 sancti
3502 1236 3784 1302 Vincentii

2147 1329 2318 1384 levita:
2340 1333 2388 1383 et
2411 1331 2694 1397 martyris.
2731 1331 2983 1401 lnspecta
3020 1329 3121 1384 hac
3149 1344 3334 1384 rerum
3367 1335 3777 1400 consequentia

2148 1431 2202 1479 et
2239 1423 2564 1492 scriptorum
2595 1421 3004 1486 convenientia,
3055 1421 3331 1477 intueatur
3371 1421 3600 1493 quilibet
3632 1421 3773 1475 dili-

2149 1515 2369 1588 gentius
2389 1521 2442 1570 et
2471 1514 2736 1582 attendat,
2770 1514 3010 1586 qualiter
3037 1514 3118 1569 vir
3145 1515 3248 1569 iste
3271 1513 3326 1568 in
3349 1530 3408 1570 se
3438 1521 3586 1569 totus
3617 1521 3770 1568 teres

2153 1613 2320 1676 atque
2349 1604 2614 1659 rotundus
2639 1604 3032 1672 (HomriSerm,
3063 1621 3156 1669 vn,
3189 1604 3299 1673 86).
3325 1620 3774 1676 quaquaversum

2153 1693 2460 1749 sedulitatis
2493 1709 2604 1748 suae
2669 1693 2950 1764 reliquerit
3002 1693 3343 1749 monimenta
3377 1693 3656 1748 laudenda
3709 1695 3772 1749 in

2155 1785 2434 1854 omnibus,
2465 1793 2520 1840 et
2544 1801 2608 1839 ex
2637 1784 2808 1840 veteri
2837 1792 2892 1840 ct
2917 1800 2980 1838 ex
3005 1785 3222 1840 novella
3255 1785 3376 1858 lege
3403 1785 3514 1840 Deo
3555 1785 3773 1856 Deique

2157 1876 2424 1931 ministris
2465 1875 2654 1930 deberi
2713 1873 2956 1930 decimas
3009 1891 3217 1942 rerum,
3278 1891 3482 1947 easque
3527 1876 3786 1948 synodali

2156 1965 2440 2020 sanctione
2492 1963 2799 2034 nuncupari
2841 1963 2935 2018 Dei
2989 1979 3238 2034 censum,
3290 1980 3396 2021 nec
3432 1965 3788 2037 simplicibus

2164 2055 2248 2112 vel
2298 2055 2486 2111 idiotis
2511 2063 2660 2110 extat
2687 2054 3051 2130 incognitum.
3090 2055 3186 2110 Hic
3211 2071 3366 2132 ergo,
3426 2057 3516 2112 cui
3558 2065 3676 2112 erat
3723 2057 3787 2111 in

2161 2146 2323 2212 votis,
2363 2154 2423 2200 ut
2465 2144 2625 2200 funes
2665 2145 3094 2202 interminabilis
3145 2147 3471 2202 hereditatis
3519 2148 3788 2204 caderent

2163 2235 2266 2290 sibi
2293 2233 2350 2288 in
2389 2233 2695 2305 praeclaris,
2732 2233 2790 2288 in
2821 2233 2975 2290 nullo
3014 2235 3237 2290 volebat
3266 2235 3577 2290 defraudari
3607 2244 3796 2306 partes

2163 2325 2458 2382 dominicae
2489 2325 2832 2380 hereditatis.
2865 2325 3128 2390 Quocirca
3147 2326 3390 2382 decimas
3405 2327 3786 2383 ecclesiarum

2164 2435 2277 2474 suae
2307 2418 2615 2484 dioceseos,
2644 2435 2674 2472 a
2711 2419 3220 2488 praedecessoribus
3249 2421 3366 2475 suis
3397 2421 3664 2492 stipendii
3698 2423 3786 2477 vel

2165 2513 2423 2570 beneficii
2449 2513 2571 2569 loco
2592 2514 2883 2584 deputatas
2911 2515 3164 2584 personis
3201 2505 3504 2581 laicalibus,
3535 2517 3792 2588 synodali

2165 2605 2494 2661 auctoritate
2565 2611 2619 2660 et
2666 2605 2968 2676 episcopali
3039 2623 3274 2662 censura
3331 2608 3598 2663 subtraxit
3653 2609 3799 2677 illis,

2165 2695 2416 2768 quamvis
2447 2694 2634 2750 invitis
2657 2703 2711 2749 et
2740 2695 3190 2762 reclamantibus,
3225 2703 3280 2752 et
3307 2698 3609 2752 secundum
3640 2697 3801 2768 quod

2168 2788 2431 2860 scriptum
2464 2796 2566 2852 est,
2597 2805 2609 2842 :
2641 2789 2748 2856 Qui
2770 2791 2976 2844 altario
2999 2793 3264 2859 serviunt,
3293 2792 3358 2846 de
3381 2793 3580 2847 altario
3607 2795 3813 2847 vivant

2171 2880 2544 2936 azcclesiarum
2576 2895 2664 2935 res
2695 2881 3068 2936 aecclesiarum
3125 2883 3400 2958 delegavit
3429 2881 3802 2952 ofﬁcialibus,

2095 3012 2144 3081 Ο
2171 2989 2293 3044 quae
2333 2973 2426 3027 Dei
2468 2973 2599 3038 Deo,
2633 2981 2688 3027 et
2717 2989 2841 3044 quas
2872 2975 3091 3030 cresaris
3141 2983 3299 3030 erant
3327 2975 3512 3032 eaesari
3549 2977 3802 3032 reddere

2171 3069 2342 3118 catus.
2378 3062 2513 3118 Hinc
2539 3061 2705 3118 hodie
2749 3071 2950 3119 sanctae
2983 3064 3076 3120 Dei
3109 3065 3352 3140 gaudent
3378 3067 3642 3123 :ecclesiie
3677 3067 3796 3122 illa:

2169 3155 2405 3210 maxime
2462 3155 2664 3227 quibus
2735 3155 3106 3213 instaurandis
3166 3159 3410 3214 animum
3467 3159 3798 3228 induxerat,

2167 3245 2380 3300 scilicet
2427 3245 2604 3300 sancti
2643 3245 2917 3302 Vincentii
2954 3249 3209 3320 martyris
3255 3249 3539 3321 sanctique
3571 3249 3800 3305 Goerici

2169 3333 2523 3389 confessoris.
2553 3334 2615 3388 Et
2636 3333 2768 3405 quia
2795 3336 2898 3391 hoc
2928 3336 3316 3394 illividcbatur
3347 3354 3640 3394 commune
3662 3355 3806 3394 eum

2170 3424 2404 3494 caeteris,
2431 3423 2691 3494 cupiebat
2721 3427 2887 3481 etiam
2916 3427 3123 3499 aliquid
3147 3444 3566 3504 supererogare,
3590 3436 3649 3486 ut
3667 3448 3808 3487 cum

2168 3533 2332 3573 verus
2375 3517 2469 3573 ille
2499 3518 2876 3574 Samaritanus
2905 3520 3138 3586 veniret,
3173 3537 3342 3592 super
3391 3523 3531 3578 duos
3555 3524 3810 3598 geminae

2171 3608 2484 3664 dilectionis
2499 3611 2758 3667 denarios
2781 3611 3290 3669 immarcessibilem
3315 3615 3505 3688 gloriae
3527 3631 3806 3672 coronam

2170 3697 2500 3768 perciperet.
2530 3699 2710 3755 Nonas
2737 3701 2984 3756 omnium
3030 3702 3300 3757 redituum
3343 3704 3632 3775 episcOpii,
3671 3722 3807 3778 quae

2172 3788 2242 3843 ad
2291 3789 2684 3861 preprietatem
2726 3790 2988 3847 dominici
3013 3793 3158 3860 Juris
3208 3795 3583 3865 pertinebant,
3641 3807 3704 3852 et
3742 3799 3801 3851 in

2171 3879 2406 3953 singulis
2444 3880 2688 3936 cortibus
2741 3898 2992 3937 mansum
3050 3901 3218 3939 unum
3256 3886 3448 3942 usibus
3479 3885 3598 3942 suis
3651 3887 3806 3942 sub-

2171 3974 2354 4039 traxit;
2385 3980 2549 4046 atque
2579 3975 2842 4030 {ecclesiae
2889 3976 2963 4047 pii
3004 3979 3238 4048 patronii
3277 3981 3359 4035 sui
3389 3979 3666 4036 Vincentii
3703 3999 3807 4036 su-

2173 4066 2520 4138 peraddidit;
2565 4075 2620 4122 et
2655 4067 2864 4123 callens
2915 4085 2946 4123 a
2991 4071 3407 4128 successoribus
3461 4073 3807 4146 plerumque

2173 4159 2420 4215 alienum
2475 4158 2891 4216 fundamentum
2945 4169 3038 4218 aut
3085 4163 3274 4219 subrui
3319 4172 3412 4220 aut
3441 4165 3688 4240 neglegi,
3735 4183 3808 4220 ne

2175 4255 2299 4328 quis
2321 4271 2698 4311 successorum
2717 4273 2940 4312 suorum
2962 4259 3070 4314 hoc
3095 4259 3445 4316 liberalitatis
3466 4277 3579 4316 suae
3599 4261 3809 4316 decre—

460 4332 796 4402 Pauperibus
824 4348 884 4386 ac
921 4333 1210 4388 ditioribus
1229 4333 1310 4387 vel
1336 4334 1711 4402 mediocribus,
1743 4342 1839 4407 qui
1877 4343 2077 4396 consti-
2101 4353 2294 4424 Dtum
2347 4346 2559 4402 irritum
2617 4346 2840 4414 faceret,
2897 4348 3180 4404 interdixit
3219 4349 3504 4406 insolubili
3562 4353 3810 4408 anathe-

463 4427 608 4478 tutas
619 4427 724 4478 Deo
751 4440 934 4479 rerum
963 4440 1189 4479 suarum
1215 4425 1452 4480 decimas
1462 4429 1578 4480 sine
1599 4428 1788 4499 aliqua
1816 4435 2080 4487 retracta-

459 4518 606 4571 tione
624 4515 846 4570 reddere
869 4517 1157 4572 secundum
1181 4532 1341 4572 suum
1357 4518 1617 4588 cujusque
1633 4536 1784 4588 posse
1801 4527 2078 4592 satagunt,

464 4604 668 4657 scilicet
697 4603 762 4657 de
792 4605 1059 4673 primitiis
1085 4607 1284 4671 ovium,
1333 4606 1398 4659 de
1434 4607 1544 4660 lino
1575 4611 1624 4662 et
1679 4609 1827 4677 lana,
1857 4612 1920 4664 de
1958 4623 2080 4668 vino

462 4699 624 4764 atque
652 4709 888 4761 annona,
925 4698 1037 4750 sive
1078 4697 1144 4751 de
1169 4697 1596 4768 quibuscumque
1640 4701 1798 4756 rebus
1843 4704 1930 4758 hic
1966 4721 2074 4762 non

453 4788 759 4856 praetextis,
819 4787 900 4840 his
940 4788 1318 4844 innotescimus
1347 4804 1456 4845 esse
1493 4791 1856 4862 gaudendum,
1908 4801 2072 4868 atque

456 4878 596 4934 illud
637 4893 691 4934 se
740 4879 938 4934 divinae
985 4882 1180 4949 gratiae
1241 4885 1480 4938 muneris
1559 4884 1867 4954 adepturos,
1926 4891 2073 4958 quod

455 4967 660 5022 Paulus
719 4969 989 5036 apostolus
1041 4973 1362 5038 spontaneos
1415 4972 1666 5027 bonorum
1721 4991 1938 5032 suorum
1981 4979 2070 5033 di-

457 5063 794 5128 spensatores
853 5060 1156 5128 dilige-udos
1199 5063 1485 5130 praedicat,
1552 5065 1758 5121 dicens:
1831 5070 2067 5125 Hilarem

455 5151 597 5204 enim
611 5150 851 5206 datorem
868 5151 1055 5218 diligit
1071 5152 1206 5206 Deus
1227 5153 1300 5223 (ΙΙ
1313 5153 1426 5210 Cor.
1449 5171 1522 5222 IX,
1544 5155 1618 5226 7.)
1654 5181 1677 5204 ιι
1712 5159 2072 5231 Noverintque

457 5258 512 5300 se
560 5247 622 5302 in
663 5249 922 5316 praesenti
949 5249 1065 5301 vita
1097 5262 1200 5316 pro
1229 5249 1324 5304 hoc
1363 5251 1480 5320 ipso
1529 5252 1938 5311 benedictionem
1983 5272 2070 5312 co-

2183 4438 2553 4507 mate,addita
2582 4438 2854 4508 imperiali
2885 4439 3173 4495 sanctione
3231 4448 3286 4496 et
3339 4440 3661 4513 apostolicae
3708 4445 3809 4498 in-

2181 4545 2348 4600 super
2373 4527 2962 4584 excommunicationis
2992 4528 3400 4584 maledictione.

2251 4623 2339 4678 16.
2393 4624 2464 4678 De
2514 4622 2779 4677 aviditate
2835 4623 2951 4692 ejus
3017 4627 3076 4678 in
3109 4625 3494 4696 perquirendis
3545 4627 3808 4697 reliquiis

2179 4713 2516 4769 Sanctorum.
2550 4712 2654 4765 Iste
2684 4709 2866 4765 scriba
2897 4711 3094 4767 doctus
3123 4713 3179 4766 in
3219 4728 3392 4787 regno
3418 4714 3719 4783 caelorum,
3755 4716 3809 4770 in

2172 4813 2364 4862 saneta
2405 4804 2664 4860 videlicet
2706 4805 2978 4873 zecclesia,
3042 4806 3241 4862 similis
3297 4807 3506 4863 homini
3573 4809 3813 4880 patrifa-

2172 4897 2351 4954 milias
2383 4895 2683 4968 proferenti
2739 4897 2807 4951 de
2835 4897 3092 4958 thesauro
3147 4915 3248 4956 suo
3301 4916 3441 4955 nova
3481 4909 3536 4955 et
3585 4908 3807 4970 vetera,

2172 4986 2524 5059 perpendens
2544 4986 2710 5041 Deum
2743 5001 2855 5042 non
2883 4987 3112 5043 multum
3145 4989 3405 5045 delectari
3442 5006 3612 5045 manu
3639 4989 3810 5046 factis

2171 5078 2526 5144 habitaculis,
2555 5083 2637 5133 set
2661 5079 2843 5148 potius
2875 5079 2962 5134 hic
2989 5096 3110 5152 quae
3140 5081 3506 5152 spiritualiter
3525 5093 3810 5156 geruntur

2169 5169 2227 5224 in
2283 5169 2436 5236 illis;
2496 5169 2638 5226 sicut
2688 5170 2764 5226 ait
2811 5172 3072 5247 egregius
3113 5174 3443 5244 praedicator
3494 5173 3804 5230 veritatis:

2170 5259 2349 5325 Scitis,
2378 5260 2606 5327 fratres,
2655 5261 2788 5330 quia
2817 5263 3072 5330 templum
3129 5265 3228 5318 Dei
3254 5267 3403 5331 estis,
3433 5268 3483 5318 et
3529 5262 3804 5335 Spiritus,

1805 5375 2024 5432 VABUE
2060 5376 2435 5435 LECTIONES.

533 5459 602 5498 ⁸⁸⁸
624 5477 792 5518 manu
819 5462 873 5518 2.
945 5463 1015 5500 93°
1039 5463 1444 5522 bibliothecarii
1483 5484 1528 5524 c.
1612 5470 1680 5506 9'7
1705 5471 1806 5527 PR.
1833 5488 1879 5528 c.

529 5627 676 5702 (941)
703 5632 852 5690 Notae
892 5635 1156 5706 temporis
1193 5649 1387 5694 omnes
1415 5649 1746 5713 congruunt.

2023 5575 2232 5633 ΝΟΤΛΕ.
