  <div class='ocr_page' id='page_1' title='image "/cluster/home/n/w/nwhite01/storage/ocr_20150623/160/hvd.32044054760186/360.png"; bbox 0 0 3934 6054; ppageno 0'>
   <div class='ocr_carea' id='block_1_1' title="bbox 228 230 333 286">
    <p class='ocr_par' dir='ltr' id='par_1_1' title="bbox 228 230 333 286">
     <span class='ocr_line' id='line_1_1' title="bbox 228 230 333 286; baseline 0.029 -3"><span class='ocrx_word' id='word_1_1' title='bbox 228 230 333 286; x_wconf 89' lang='grc'><strong><em>709</em></strong></span> 
     </span>
    </p>
   </div>
   <div class='ocr_carea' id='block_1_2' title="bbox 1243 234 2537 297">
    <p class='ocr_par' dir='ltr' id='par_1_2' title="bbox 1243 234 2537 297">
     <span class='ocr_line' id='line_1_2' title="bbox 1243 234 2537 297; baseline 0.003 -9"><span class='ocrx_word' id='word_1_2' title='bbox 1243 235 1385 290; x_wconf 75' lang='lat' dir='ltr'><strong><em>VlTA</em></strong></span> <span class='ocrx_word' id='word_1_3' title='bbox 1427 234 1771 292; x_wconf 80' lang='lat' dir='ltr'><strong><em>DEODERICI</em></strong></span> <span class='ocrx_word' id='word_1_4' title='bbox 1810 235 2109 293; x_wconf 86' lang='lat' dir='ltr'><strong><em>EPISCOPI</em></strong></span> <span class='ocrx_word' id='word_1_5' title='bbox 2150 239 2537 297; x_wconf 85' lang='lat' dir='ltr'><strong><em>METTENSIS.</em></strong></span> 
     </span>
    </p>
   </div>
   <div class='ocr_carea' id='block_1_3' title="bbox 3454 258 3562 313">
    <p class='ocr_par' dir='ltr' id='par_1_3' title="bbox 3454 258 3562 313">
     <span class='ocr_line' id='line_1_3' title="bbox 3454 258 3562 313; baseline 0.037 -4"><span class='ocrx_word' id='word_1_6' title='bbox 3454 258 3562 313; x_wconf 82' lang='grc'><strong><em>710</em></strong></span> 
     </span>
    </p>
   </div>
   <div class='ocr_carea' id='block_1_4' title="bbox 224 363 3560 449">
    <p class='ocr_par' dir='ltr' id='par_1_4' title="bbox 224 363 3560 449">
     <span class='ocr_line' id='line_1_4' title="bbox 224 363 3560 449; baseline 0.007 -34"><span class='ocrx_word' id='word_1_7' title='bbox 224 367 447 416; x_wconf 88' lang='lat' dir='ltr'><strong><em>sanctus</em></strong></span> <span class='ocrx_word' id='word_1_8' title='bbox 490 363 701 418; x_wconf 80' lang='lat' dir='ltr'><strong><em>habitat</em></strong></span> <span class='ocrx_word' id='word_1_9' title='bbox 743 367 804 419; x_wconf 90' lang='lat' dir='ltr'><strong><em>in</em></strong></span> <span class='ocrx_word' id='word_1_10' title='bbox 852 365 1029 430; x_wconf 90' lang='lat' dir='ltr'><strong><em>vobis;</em></strong></span> <span class='ocrx_word' id='word_1_11' title='bbox 1069 369 1116 420; x_wconf 88' lang='lat' dir='ltr'><strong><em>si</em></strong></span> <span class='ocrx_word' id='word_1_12' title='bbox 1166 369 1286 435; x_wconf 85' lang='lat' dir='ltr'><strong><em>quis</em></strong></span> <span class='ocrx_word' id='word_1_13' title='bbox 1334 373 1519 422; x_wconf 89' lang='lat' dir='ltr'><strong><em>autem</em></strong></span> <span class='ocrx_word' id='word_1_14' title='bbox 1573 367 1851 423; x_wconf 74' lang='lat' dir='ltr'><strong><em>violaverit</em></strong></span> <span class='ocrx_word' id='word_1_15' title='bbox 1878 367 1927 434; x_wconf 84' lang='grc' dir='ltr'><strong>Α</strong></span> <span class='ocrx_word' id='word_1_16' title='bbox 1952 370 2112 439; x_wconf 86' lang='lat' dir='ltr'><strong><em>digno</em></strong></span> <span class='ocrx_word' id='word_1_17' title='bbox 2147 387 2202 426; x_wconf 81' lang='lat' dir='ltr'><strong><em>se</em></strong></span> <span class='ocrx_word' id='word_1_18' title='bbox 2229 375 2380 428; x_wconf 89' lang='lat' dir='ltr'><strong><em>cultu</em></strong></span> <span class='ocrx_word' id='word_1_19' title='bbox 2418 381 2579 444; x_wconf 89' lang='lat' dir='ltr'><strong><em>atque</em></strong></span> <span class='ocrx_word' id='word_1_20' title='bbox 2606 377 2801 431; x_wconf 92' lang='lat' dir='ltr'><strong><em>honore</em></strong></span> <span class='ocrx_word' id='word_1_21' title='bbox 2838 379 2970 433; x_wconf 90' lang='lat' dir='ltr'><strong><em>alibi</em></strong></span> <span class='ocrx_word' id='word_1_22' title='bbox 3011 386 3362 449; x_wconf 73' lang='lat' dir='ltr'><strong><em>prozstantius</em></strong></span> <span class='ocrx_word' id='word_1_23' title='bbox 3405 400 3560 440; x_wconf 86' lang='lat' dir='ltr'><strong><em>vene-</em></strong></span> 
     </span>
    </p>
   </div>
   <div class='ocr_carea' id='block_1_5' title="bbox 176 448 1845 527">
    <p class='ocr_par' dir='ltr' id='par_1_5' title="bbox 176 448 1845 527">
     <span class='ocr_line' id='line_1_5' title="bbox 176 448 1845 527; baseline 0.004 -22"><span class='ocrx_word' id='word_1_24' title='bbox 176 448 179 451; x_wconf 62' lang='grc'>’</span> <span class='ocrx_word' id='word_1_25' title='bbox 229 453 487 521; x_wconf 78' lang='lat' dir='ltr'><strong><em>templum</em></strong></span> <span class='ocrx_word' id='word_1_26' title='bbox 543 455 657 521; x_wconf 89' lang='lat' dir='ltr'><strong><em>hoc,</em></strong></span> <span class='ocrx_word' id='word_1_27' title='bbox 710 456 970 526; x_wconf 86' lang='lat' dir='ltr'><strong><em>disperdet</em></strong></span> <span class='ocrx_word' id='word_1_28' title='bbox 1013 457 1168 511; x_wconf 87' lang='lat' dir='ltr'><strong><em>illum</em></strong></span> <span class='ocrx_word' id='word_1_29' title='bbox 1230 460 1522 521; x_wconf 78' lang='lat' dir='ltr'><strong><em>Dominus;</em></strong></span> <span class='ocrx_word' id='word_1_30' title='bbox 1588 459 1845 527; x_wconf 76' lang='lat' dir='ltr'><em>templum</em></span> 
     </span>
    </p>
   </div>
   <div class='ocr_carea' id='block_1_6' title="bbox 227 543 1844 614">
    <p class='ocr_par' dir='ltr' id='par_1_6' title="bbox 227 543 1844 614">
     <span class='ocr_line' id='line_1_6' title="bbox 227 543 1844 614; baseline 0.004 -21"><span class='ocrx_word' id='word_1_31' title='bbox 227 543 378 594; x_wconf 87' lang='lat' dir='ltr'><strong><em>enim</em></strong></span> <span class='ocrx_word' id='word_1_32' title='bbox 422 544 516 596; x_wconf 89' lang='lat' dir='ltr'><strong><em>Dei</em></strong></span> <span class='ocrx_word' id='word_1_33' title='bbox 543 550 797 599; x_wconf 87' lang='lat' dir='ltr'><strong><em>sanctum</em></strong></span> <span class='ocrx_word' id='word_1_34' title='bbox 823 551 918 612; x_wconf 87' lang='lat' dir='ltr'><strong><em>est,</em></strong></span> <span class='ocrx_word' id='word_1_35' title='bbox 945 547 1082 614; x_wconf 89' lang='lat' dir='ltr'><strong><em>quod</em></strong></span> <span class='ocrx_word' id='word_1_36' title='bbox 1110 549 1231 601; x_wconf 88' lang='lat' dir='ltr'><strong><em>estis</em></strong></span> <span class='ocrx_word' id='word_1_37' title='bbox 1269 562 1355 601; x_wconf 91' lang='lat' dir='ltr'><strong><em>vos</em></strong></span> <span class='ocrx_word' id='word_1_38' title='bbox 1384 548 1428 614; x_wconf 90' lang='lat' dir='ltr'><strong><em>(I</em></strong></span> <span class='ocrx_word' id='word_1_39' title='bbox 1475 551 1587 601; x_wconf 87' lang='lat' dir='ltr'><strong><em>Cor.</em></strong></span> <span class='ocrx_word' id='word_1_40' title='bbox 1626 564 1704 613; x_wconf 85' lang='lat' dir='ltr'><strong><em>Ill,</em></strong></span> <span class='ocrx_word' id='word_1_41' title='bbox 1745 546 1844 600; x_wconf 47' lang='lat'><strong><em>&#39;16-</em></strong></span> 
     </span>
    </p>
   </div>
   <div class='ocr_carea' id='block_1_7' title="bbox 231 634 1842 708">
    <p class='ocr_par' dir='ltr' id='par_1_7' title="bbox 231 634 1842 708">
     <span class='ocr_line' id='line_1_7' title="bbox 231 634 1842 708; baseline 0.002 -20"><span class='ocrx_word' id='word_1_42' title='bbox 231 634 341 702; x_wconf 80' lang='lat' dir='ltr'><strong><em>l8).</em></strong></span> <span class='ocrx_word' id='word_1_43' title='bbox 393 634 533 699; x_wconf 87' lang='lat' dir='ltr'>Quid</span> <span class='ocrx_word' id='word_1_44' title='bbox 573 636 719 691; x_wconf 90' lang='lat' dir='ltr'><strong><em>enim</em></strong></span> <span class='ocrx_word' id='word_1_45' title='bbox 751 637 920 692; x_wconf 86' lang='lat' dir='ltr'>decor</span> <span class='ocrx_word' id='word_1_46' title='bbox 958 638 1245 708; x_wconf 73' lang='lat' dir='ltr'><strong><em>parietum,</em></strong></span> <span class='ocrx_word' id='word_1_47' title='bbox 1270 637 1449 707; x_wconf 78' lang='lat' dir='ltr'><strong><em>fulgor</em></strong></span> <span class='ocrx_word' id='word_1_48' title='bbox 1473 639 1842 706; x_wconf 81' lang='lat' dir='ltr'><strong><em>metallorum,</em></strong></span> 
     </span>
    </p>
   </div>
   <div class='ocr_carea' id='block_1_8' title="bbox 228 726 1848 805">
    <p class='ocr_par' dir='ltr' id='par_1_8' title="bbox 228 726 1848 805">
     <span class='ocr_line' id='line_1_8' title="bbox 228 726 1848 805; baseline 0.005 -26"><span class='ocrx_word' id='word_1_49' title='bbox 228 726 496 798; x_wconf 80' lang='lat' dir='ltr'><strong><em>splendor</em></strong></span> <span class='ocrx_word' id='word_1_50' title='bbox 550 745 912 802; x_wconf 86' lang='lat' dir='ltr'><strong><em>gemmarum,</em></strong></span> <span class='ocrx_word' id='word_1_51' title='bbox 964 730 1110 787; x_wconf 90' lang='lat' dir='ltr'><strong><em>nitor</em></strong></span> <span class='ocrx_word' id='word_1_52' title='bbox 1164 732 1533 803; x_wconf 86' lang='lat' dir='ltr'><strong><em>pretiosarum</em></strong></span> <span class='ocrx_word' id='word_1_53' title='bbox 1572 730 1848 805; x_wconf 83' lang='lat' dir='ltr'><strong><em>signiﬁcat</em></strong></span> 
     </span>
    </p>
   </div>
   <div class='ocr_carea' id='block_1_9' title="bbox 160 820 1844 899">
    <p class='ocr_par' dir='ltr' id='par_1_9' title="bbox 160 820 1844 899">
     <span class='ocr_line' id='line_1_9' title="bbox 160 820 1844 899; baseline 0.002 -24"><span class='ocrx_word' id='word_1_54' title='bbox 160 874 163 875; x_wconf 30' lang='grc' dir='ltr'><em>ν</em></span> <span class='ocrx_word' id='word_1_55' title='bbox 227 820 462 875; x_wconf 75' lang='lat' dir='ltr'><strong><em>vestium</em></strong></span> <span class='ocrx_word' id='word_1_56' title='bbox 516 821 618 876; x_wconf 89' lang='lat' dir='ltr'><strong><em>nisi</em></strong></span> <span class='ocrx_word' id='word_1_57' title='bbox 654 823 994 879; x_wconf 86' lang='lat' dir='ltr'><strong><em>diversarum</em></strong></span> <span class='ocrx_word' id='word_1_58' title='bbox 1042 825 1340 899; x_wconf 80' lang='lat' dir='ltr'><strong><em>allegorica</em></strong></span> <span class='ocrx_word' id='word_1_59' title='bbox 1379 832 1700 881; x_wconf 78' lang='lat' dir='ltr'><strong><em>ornamenta</em></strong></span> <span class='ocrx_word' id='word_1_60' title='bbox 1729 824 1844 879; x_wconf 84' lang='lat' dir='ltr'><strong><em>vir-</em></strong></span> 
     </span>
    </p>
   </div>
   <div class='ocr_carea' id='block_1_10' title="bbox 227 912 1843 990">
    <p class='ocr_par' dir='ltr' id='par_1_10' title="bbox 227 912 1843 990">
     <span class='ocr_line' id='line_1_10' title="bbox 227 912 1843 990; baseline 0.004 -27"><span class='ocrx_word' id='word_1_61' title='bbox 227 915 428 965; x_wconf 88' lang='lat' dir='ltr'><strong><em>tutum.</em></strong></span> <span class='ocrx_word' id='word_1_62' title='bbox 467 912 813 983; x_wconf 84' lang='lat' dir='ltr'><strong><em>Intellegens,</em></strong></span> <span class='ocrx_word' id='word_1_63' title='bbox 867 914 1113 986; x_wconf 89' lang='lat' dir='ltr'><strong><em>inquam,</em></strong></span> <span class='ocrx_word' id='word_1_64' title='bbox 1162 915 1246 969; x_wconf 93' lang='lat' dir='ltr'><strong><em>vir</em></strong></span> <span class='ocrx_word' id='word_1_65' title='bbox 1284 915 1403 983; x_wconf 85' lang='lat' dir='ltr'><strong><em>Dei,</em></strong></span> <span class='ocrx_word' id='word_1_66' title='bbox 1453 915 1628 990; x_wconf 87' lang='lat' dir='ltr'><strong><em>magis</em></strong></span> <span class='ocrx_word' id='word_1_67' title='bbox 1675 931 1843 985; x_wconf 89' lang='lat' dir='ltr'><strong><em>expe-</em></strong></span> 
     </span>
    </p>
   </div>
   <div class='ocr_carea' id='block_1_11' title="bbox 232 1000 1840 1077">
    <p class='ocr_par' dir='ltr' id='par_1_11' title="bbox 232 1000 1840 1077">
     <span class='ocr_line' id='line_1_11' title="bbox 232 1000 1840 1077; baseline 0.004 -23"><span class='ocrx_word' id='word_1_68' title='bbox 232 1000 453 1054; x_wconf 88' lang='lat' dir='ltr'><strong><em>tendam</em></strong></span> <span class='ocrx_word' id='word_1_69' title='bbox 510 1000 789 1056; x_wconf 89' lang='lat' dir='ltr'><strong><em>interioris</em></strong></span> <span class='ocrx_word' id='word_1_70' title='bbox 832 1003 1073 1058; x_wconf 89' lang='lat' dir='ltr'><strong><em>hominis</em></strong></span> <span class='ocrx_word' id='word_1_71' title='bbox 1126 1005 1438 1075; x_wconf 74' lang='lat' dir='ltr'><strong><em>puritatem,</em></strong></span> <span class='ocrx_word' id='word_1_72' title='bbox 1500 1022 1664 1077; x_wconf 90' lang='lat' dir='ltr'><strong><em>quam</em></strong></span> <span class='ocrx_word' id='word_1_73' title='bbox 1710 1022 1840 1076; x_wconf 85' lang='lat' dir='ltr'><strong><em>per-</em></strong></span> 
     </span>
    </p>
   </div>
   <div class='ocr_carea' id='block_1_12' title="bbox 231 1086 1842 1164">
    <p class='ocr_par' dir='ltr' id='par_1_12' title="bbox 231 1086 1842 1164">
     <span class='ocr_line' id='line_1_12' title="bbox 231 1086 1842 1164; baseline 0.005 -23"><span class='ocrx_word' id='word_1_74' title='bbox 231 1086 558 1144; x_wconf 82' lang='lat' dir='ltr'><strong><em>functoriam</em></strong></span> <span class='ocrx_word' id='word_1_75' title='bbox 616 1092 905 1148; x_wconf 80' lang='lat' dir='ltr'><strong><em>exterioris</em></strong></span> <span class='ocrx_word' id='word_1_76' title='bbox 969 1093 1400 1164; x_wconf 81' lang='lat' dir='ltr'><strong><em>pulchritudinis</em></strong></span> <span class='ocrx_word' id='word_1_77' title='bbox 1464 1100 1842 1156; x_wconf 88' lang='lat' dir='ltr'><strong><em>venustatem.</em></strong></span> 
     </span>
    </p>
   </div>
   <div class='ocr_carea' id='block_1_13' title="bbox 231 1177 1846 1254">
    <p class='ocr_par' dir='ltr' id='par_1_13' title="bbox 231 1177 1846 1254">
     <span class='ocr_line' id='line_1_13' title="bbox 231 1177 1846 1254; baseline 0.004 -24"><span class='ocrx_word' id='word_1_78' title='bbox 231 1177 394 1231; x_wconf 87' lang='lat' dir='ltr'><strong><em>etiam</em></strong></span> <span class='ocrx_word' id='word_1_79' title='bbox 438 1178 495 1232; x_wconf 91' lang='lat' dir='ltr'><strong><em>in</em></strong></span> <span class='ocrx_word' id='word_1_80' title='bbox 545 1180 649 1235; x_wconf 90' lang='lat' dir='ltr'><strong><em>hoc</em></strong></span> <span class='ocrx_word' id='word_1_81' title='bbox 674 1182 869 1254; x_wconf 86' lang='lat' dir='ltr'><strong><em>sategit</em></strong></span> <span class='ocrx_word' id='word_1_82' title='bbox 904 1198 1045 1253; x_wconf 89' lang='lat' dir='ltr'><strong><em>opus</em></strong></span> <span class='ocrx_word' id='word_1_83' title='bbox 1079 1199 1239 1237; x_wconf 88' lang='lat' dir='ltr'><strong><em>suum</em></strong></span> <span class='ocrx_word' id='word_1_84' title='bbox 1290 1183 1590 1253; x_wconf 87' lang='lat' dir='ltr'><strong><em>perducere</em></strong></span> <span class='ocrx_word' id='word_1_85' title='bbox 1633 1184 1700 1237; x_wconf 88' lang='lat' dir='ltr'><strong><em>ad</em></strong></span> <span class='ocrx_word' id='word_1_86' title='bbox 1749 1199 1846 1238; x_wconf 89' lang='lat' dir='ltr'><strong><em>un-</em></strong></span> 
     </span>
    </p>
   </div>
   <div class='ocr_carea' id='block_1_14' title="bbox 229 1268 1845 1342">
    <p class='ocr_par' dir='ltr' id='par_1_14' title="bbox 229 1268 1845 1342">
     <span class='ocr_line' id='line_1_14' title="bbox 229 1268 1845 1342; baseline 0.005 -22"><span class='ocrx_word' id='word_1_87' title='bbox 229 1282 416 1337; x_wconf 83' lang='lat' dir='ltr'><strong><em>guem.</em></strong></span> <span class='ocrx_word' id='word_1_88' title='bbox 465 1268 617 1332; x_wconf 83' lang='lat' dir='ltr'><strong><em>Quod</em></strong></span> <span class='ocrx_word' id='word_1_89' title='bbox 646 1268 805 1325; x_wconf 79' lang='lat' dir='ltr'><strong><em>facile</em></strong></span> <span class='ocrx_word' id='word_1_90' title='bbox 836 1270 1035 1342; x_wconf 87' lang='lat' dir='ltr'><strong><em>quivis,</em></strong></span> <span class='ocrx_word' id='word_1_91' title='bbox 1064 1272 1147 1326; x_wconf 86' lang='lat' dir='ltr'><strong><em>vel</em></strong></span> <span class='ocrx_word' id='word_1_92' title='bbox 1181 1272 1236 1325; x_wconf 91' lang='lat' dir='ltr'><strong><em>in</em></strong></span> <span class='ocrx_word' id='word_1_93' title='bbox 1288 1273 1393 1326; x_wconf 91' lang='lat' dir='ltr'><strong><em>hoc</em></strong></span> <span class='ocrx_word' id='word_1_94' title='bbox 1424 1272 1544 1327; x_wconf 92' lang='lat' dir='ltr'><strong><em>solo</em></strong></span> <span class='ocrx_word' id='word_1_95' title='bbox 1592 1272 1845 1327; x_wconf 87' lang='lat' dir='ltr'><strong><em>animad-</em></strong></span> 
     </span>
    </p>
   </div>
   <div class='ocr_carea' id='block_1_15' title="bbox 233 1359 1842 1433">
    <p class='ocr_par' dir='ltr' id='par_1_15' title="bbox 233 1359 1842 1433">
     <span class='ocr_line' id='line_1_15' title="bbox 233 1359 1842 1433; baseline 0.005 -25"><span class='ocrx_word' id='word_1_96' title='bbox 233 1363 446 1410; x_wconf 77' lang='lat' dir='ltr'><strong><em>vertere</em></strong></span> <span class='ocrx_word' id='word_1_97' title='bbox 482 1359 704 1428; x_wconf 84' lang='lat' dir='ltr'><strong><em>poterit,</em></strong></span> <span class='ocrx_word' id='word_1_98' title='bbox 732 1360 776 1414; x_wconf 89' lang='lat' dir='ltr'><strong><em>si</em></strong></span> <span class='ocrx_word' id='word_1_99' title='bbox 808 1360 1121 1416; x_wconf 85' lang='lat' dir='ltr'><strong><em>consideret</em></strong></span> <span class='ocrx_word' id='word_1_100' title='bbox 1152 1368 1417 1433; x_wconf 88' lang='lat' dir='ltr'><strong><em>quantum</em></strong></span> <span class='ocrx_word' id='word_1_101' title='bbox 1445 1362 1496 1417; x_wconf 89' lang='lat' dir='ltr'><strong><em>ei</em></strong></span> <span class='ocrx_word' id='word_1_102' title='bbox 1535 1362 1603 1417; x_wconf 91' lang='lat' dir='ltr'><strong><em>de</em></strong></span> <span class='ocrx_word' id='word_1_103' title='bbox 1635 1363 1842 1418; x_wconf 88' lang='lat' dir='ltr'><strong><em>coadu-</em></strong></span> 
     </span>
    </p>
   </div>
   <div class='ocr_carea' id='block_1_16' title="bbox 232 1446 1846 1524">
    <p class='ocr_par' dir='ltr' id='par_1_16' title="bbox 232 1446 1846 1524">
     <span class='ocr_line' id='line_1_16' title="bbox 232 1446 1846 1524; baseline 0.005 -26"><span class='ocrx_word' id='word_1_104' title='bbox 232 1446 430 1499; x_wconf 87' lang='lat' dir='ltr'><strong><em>nandis</em></strong></span> <span class='ocrx_word' id='word_1_105' title='bbox 459 1454 770 1503; x_wconf 89' lang='lat' dir='ltr'><strong><em>sanctorum</em></strong></span> <span class='ocrx_word' id='word_1_106' title='bbox 822 1451 1148 1524; x_wconf 83' lang='lat' dir='ltr'><strong><em>pignoribus</em></strong></span> <span class='ocrx_word' id='word_1_107' title='bbox 1202 1452 1257 1505; x_wconf 89' lang='lat' dir='ltr'><strong><em>in</em></strong></span> <span class='ocrx_word' id='word_1_108' title='bbox 1288 1451 1391 1507; x_wconf 84' lang='lat' dir='ltr'><strong><em>isto</em></strong></span> <span class='ocrx_word' id='word_1_109' title='bbox 1431 1452 1552 1508; x_wconf 92' lang='lat' dir='ltr'><strong><em>loco</em></strong></span> <span class='ocrx_word' id='word_1_110' title='bbox 1605 1452 1846 1507; x_wconf 88' lang='lat' dir='ltr'><strong><em>studium</em></strong></span> 
     </span>
    </p>
   </div>
   <div class='ocr_carea' id='block_1_17' title="bbox 233 1534 1845 1616">
    <p class='ocr_par' dir='ltr' id='par_1_17' title="bbox 233 1534 1845 1616">
     <span class='ocr_line' id='line_1_17' title="bbox 233 1534 1845 1616; baseline 0.004 -26"><span class='ocrx_word' id='word_1_111' title='bbox 233 1534 418 1604; x_wconf 89' lang='lat' dir='ltr'><strong><em>fuerit,</em></strong></span> <span class='ocrx_word' id='word_1_112' title='bbox 443 1554 679 1609; x_wconf 87' lang='lat' dir='ltr'><strong><em>quorum</em></strong></span> <span class='ocrx_word' id='word_1_113' title='bbox 713 1540 848 1594; x_wconf 93' lang='lat' dir='ltr'><strong><em>inibi</em></strong></span> <span class='ocrx_word' id='word_1_114' title='bbox 882 1541 1192 1597; x_wconf 85' lang='lat' dir='ltr'><strong><em>habitantes</em></strong></span> <span class='ocrx_word' id='word_1_115' title='bbox 1217 1549 1272 1597; x_wconf 89' lang='lat' dir='ltr'><strong><em>et</em></strong></span> <span class='ocrx_word' id='word_1_116' title='bbox 1301 1542 1368 1596; x_wconf 89' lang='lat' dir='ltr'><strong><em>ad</em></strong></span> <span class='ocrx_word' id='word_1_117' title='bbox 1402 1544 1544 1597; x_wconf 87' lang='lat' dir='ltr'><strong><em>bene</em></strong></span> <span class='ocrx_word' id='word_1_118' title='bbox 1570 1543 1845 1616; x_wconf 84' lang='lat' dir='ltr'><strong><em>agendum</em></strong></span> 
     </span>
    </p>
   </div>
   <div class='ocr_carea' id='block_1_18' title="bbox 231 1629 1851 1704">
    <p class='ocr_par' dir='ltr' id='par_1_18' title="bbox 231 1629 1851 1704">
     <span class='ocr_line' id='line_1_18' title="bbox 231 1629 1851 1704; baseline 0.004 -24"><span class='ocrx_word' id='word_1_119' title='bbox 231 1629 673 1684; x_wconf 79' lang='lat' dir='ltr'><strong><em>accendenrotnr</em></strong></span> <span class='ocrx_word' id='word_1_120' title='bbox 695 1630 984 1701; x_wconf 83' lang='lat' dir='ltr'><strong><em>exemplis,</em></strong></span> <span class='ocrx_word' id='word_1_121' title='bbox 1028 1639 1081 1686; x_wconf 90' lang='lat' dir='ltr'><strong><em>et</em></strong></span> <span class='ocrx_word' id='word_1_122' title='bbox 1125 1632 1193 1665; x_wconf 73' lang='grc'><strong><em>9³⁸</em></strong></span> <span class='ocrx_word' id='word_1_123' title='bbox 1224 1632 1269 1686; x_wconf 82' lang='lat' dir='ltr'><strong><em>si</em></strong></span> <span class='ocrx_word' id='word_1_124' title='bbox 1313 1633 1515 1704; x_wconf 89' lang='lat' dir='ltr'><strong><em>quibus</em></strong></span> <span class='ocrx_word' id='word_1_125' title='bbox 1545 1639 1851 1687; x_wconf 87' lang='lat' dir='ltr'><strong><em>attereren-</em></strong></span> 
     </span>
    </p>
   </div>
   <div class='ocr_carea' id='block_1_19' title="bbox 230 1721 1856 1795">
    <p class='ocr_par' dir='ltr' id='par_1_19' title="bbox 230 1721 1856 1795">
     <span class='ocr_line' id='line_1_19' title="bbox 230 1721 1856 1795; baseline 0.003 -20"><span class='ocrx_word' id='word_1_126' title='bbox 230 1727 321 1775; x_wconf 80' lang='lat' dir='ltr'><strong><em>tur</em></strong></span> <span class='ocrx_word' id='word_1_127' title='bbox 353 1721 511 1774; x_wconf 86' lang='lat' dir='ltr'><strong><em>malis</em></strong></span> <span class='ocrx_word' id='word_1_128' title='bbox 538 1722 623 1776; x_wconf 80' lang='lat' dir='ltr'><strong><em>vel</em></strong></span> <span class='ocrx_word' id='word_1_129' title='bbox 659 1722 940 1792; x_wconf 88' lang='lat' dir='ltr'><strong><em>periculis,</em></strong></span> <span class='ocrx_word' id='word_1_130' title='bbox 971 1740 1160 1779; x_wconf 90' lang='lat' dir='ltr'><strong><em>eorum</em></strong></span> <span class='ocrx_word' id='word_1_131' title='bbox 1195 1726 1568 1795; x_wconf 62' lang='lat' dir='ltr'><strong><em>praisentibns</em></strong></span> <span class='ocrx_word' id='word_1_132' title='bbox 1598 1725 1856 1780; x_wconf 84' lang='lat' dir='ltr'><strong><em>defensa-</em></strong></span> 
     </span>
    </p>
   </div>
   <div class='ocr_carea' id='block_1_20' title="bbox 158 1813 1855 1889">
    <p class='ocr_par' dir='ltr' id='par_1_20' title="bbox 158 1813 1855 1889">
     <span class='ocr_line' id='line_1_20' title="bbox 158 1813 1855 1889; baseline 0.005 -25"><span class='ocrx_word' id='word_1_133' title='bbox 158 1818 161 1823; x_wconf 74' lang='lat'><em>‘</em></span> <span class='ocrx_word' id='word_1_134' title='bbox 235 1820 426 1866; x_wconf 89' lang='lat' dir='ltr'><strong><em>rentur</em></strong></span> <span class='ocrx_word' id='word_1_135' title='bbox 457 1813 793 1883; x_wconf 82' lang='lat' dir='ltr'><strong><em>patrociniis.</em></strong></span> <span class='ocrx_word' id='word_1_136' title='bbox 846 1816 904 1869; x_wconf 90' lang='lat' dir='ltr'><strong><em>In</em></strong></span> <span class='ocrx_word' id='word_1_137' title='bbox 945 1816 1045 1870; x_wconf 89' lang='lat' dir='ltr'><strong><em>hac</em></strong></span> <span class='ocrx_word' id='word_1_138' title='bbox 1089 1816 1251 1870; x_wconf 89' lang='lat' dir='ltr'><strong><em>etiam</em></strong></span> <span class='ocrx_word' id='word_1_139' title='bbox 1310 1834 1367 1872; x_wconf 88' lang='lat' dir='ltr'><strong><em>re</em></strong></span> <span class='ocrx_word' id='word_1_140' title='bbox 1423 1816 1510 1870; x_wconf 91' lang='lat' dir='ltr'><strong><em>vix</em></strong></span> <span class='ocrx_word' id='word_1_141' title='bbox 1565 1818 1855 1889; x_wconf 88' lang='lat' dir='ltr'><strong><em>quisquam</em></strong></span> 
     </span>
    </p>
   </div>
   <div class='ocr_carea' id='block_1_21' title="bbox 234 1905 1861 1981">
    <p class='ocr_par' dir='ltr' id='par_1_21' title="bbox 234 1905 1861 1981">
     <span class='ocr_line' id='line_1_21' title="bbox 234 1905 1861 1981; baseline 0.004 -22"><span class='ocrx_word' id='word_1_142' title='bbox 234 1905 403 1980; x_wconf 80' lang='lat' dir='ltr'><strong><em>digne</em></strong></span> <span class='ocrx_word' id='word_1_143' title='bbox 436 1908 608 1977; x_wconf 88' lang='lat' dir='ltr'><strong><em>possit</em></strong></span> <span class='ocrx_word' id='word_1_144' title='bbox 632 1907 890 1962; x_wconf 83' lang='lat' dir='ltr'><strong><em>demirari</em></strong></span> <span class='ocrx_word' id='word_1_145' title='bbox 912 1908 1031 1977; x_wconf 90' lang='lat' dir='ltr'><strong><em>ejus</em></strong></span> <span class='ocrx_word' id='word_1_146' title='bbox 1062 1908 1475 1979; x_wconf 67' lang='lat' dir='ltr'><strong><em>prmdicabilem</em></strong></span> <span class='ocrx_word' id='word_1_147' title='bbox 1507 1909 1705 1975; x_wconf 87' lang='lat' dir='ltr'><strong><em>vitam;</em></strong></span> <span class='ocrx_word' id='word_1_148' title='bbox 1732 1910 1861 1981; x_wconf 87' lang='lat' dir='ltr'><strong><em>quia</em></strong></span> 
     </span>
    </p>
   </div>
   <div class='ocr_carea' id='block_1_22' title="bbox 176 2000 1854 2075">
    <p class='ocr_par' dir='ltr' id='par_1_22' title="bbox 176 2000 1854 2075">
     <span class='ocr_line' id='line_1_22' title="bbox 176 2000 1854 2075; baseline 0.002 -22"><span class='ocrx_word' id='word_1_149' title='bbox 176 2013 181 2016; x_wconf 86' lang='lat'>&#39;</span> <span class='ocrx_word' id='word_1_150' title='bbox 228 2014 351 2053; x_wconf 93' lang='lat' dir='ltr'><strong><em>cum</em></strong></span> <span class='ocrx_word' id='word_1_151' title='bbox 379 2006 581 2053; x_wconf 83' lang='lat' dir='ltr'><strong><em>tantam</em></strong></span> <span class='ocrx_word' id='word_1_152' title='bbox 623 2000 839 2055; x_wconf 59' lang='lat' dir='ltr'><strong><em>caelitus</em></strong></span> <span class='ocrx_word' id='word_1_153' title='bbox 869 2002 1135 2056; x_wconf 88' lang='lat' dir='ltr'><strong><em>meruerit</em></strong></span> <span class='ocrx_word' id='word_1_154' title='bbox 1164 2001 1354 2075; x_wconf 69' lang='lat' dir='ltr'><strong><em>gratiae</em></strong></span> <span class='ocrx_word' id='word_1_155' title='bbox 1412 2001 1854 2075; x_wconf 63' lang='lat' dir='ltr'><strong><em>praerogativam,</em></strong></span> 
     </span>
    </p>
   </div>
   <div class='ocr_carea' id='block_1_23' title="bbox 231 2095 1851 2169">
    <p class='ocr_par' dir='ltr' id='par_1_23' title="bbox 231 2095 1851 2169">
     <span class='ocr_line' id='line_1_23' title="bbox 231 2095 1851 2169; baseline 0.001 -20"><span class='ocrx_word' id='word_1_156' title='bbox 231 2101 290 2149; x_wconf 89' lang='lat' dir='ltr'><strong><em>ut</em></strong></span> <span class='ocrx_word' id='word_1_157' title='bbox 321 2095 363 2148; x_wconf 90' lang='lat' dir='ltr'><strong><em>si</em></strong></span> <span class='ocrx_word' id='word_1_158' title='bbox 397 2096 489 2167; x_wconf 88' lang='lat' dir='ltr'><strong><em>qui</em></strong></span> <span class='ocrx_word' id='word_1_159' title='bbox 516 2095 701 2167; x_wconf 85' lang='lat' dir='ltr'><strong><em>aliquo</em></strong></span> <span class='ocrx_word' id='word_1_160' title='bbox 732 2097 895 2153; x_wconf 91' lang='lat' dir='ltr'><strong><em>modo</em></strong></span> <span class='ocrx_word' id='word_1_161' title='bbox 918 2095 1266 2152; x_wconf 79' lang='lat' dir='ltr'><strong><em>oﬁendcrant</em></strong></span> <span class='ocrx_word' id='word_1_162' title='bbox 1301 2098 1644 2167; x_wconf 87' lang='lat' dir='ltr'><strong><em>majestatem</em></strong></span> <span class='ocrx_word' id='word_1_163' title='bbox 1678 2098 1851 2169; x_wconf 86' lang='lat' dir='ltr'><strong><em>impe-</em></strong></span> 
     </span>
    </p>
   </div>
   <div class='ocr_carea' id='block_1_24' title="bbox 231 2184 1848 2256">
    <p class='ocr_par' dir='ltr' id='par_1_24' title="bbox 231 2184 1848 2256">
     <span class='ocr_line' id='line_1_24' title="bbox 231 2184 1848 2256; baseline 0.002 -19"><span class='ocrx_word' id='word_1_164' title='bbox 231 2184 510 2247; x_wconf 87' lang='lat' dir='ltr'><strong><em>ratoriam,</em></strong></span> <span class='ocrx_word' id='word_1_165' title='bbox 571 2201 695 2239; x_wconf 87' lang='lat' dir='ltr'><strong><em>eum</em></strong></span> <span class='ocrx_word' id='word_1_166' title='bbox 773 2186 949 2240; x_wconf 93' lang='lat' dir='ltr'><strong><em>solum</em></strong></span> <span class='ocrx_word' id='word_1_167' title='bbox 1012 2194 1337 2256; x_wconf 86' lang='lat' dir='ltr'><strong><em>expeterent</em></strong></span> <span class='ocrx_word' id='word_1_168' title='bbox 1394 2186 1848 2253; x_wconf 88' lang='lat' dir='ltr'><strong><em>interventorem,</em></strong></span> 
     </span>
    </p>
   </div>
   <div class='ocr_carea' id='block_1_25' title="bbox 229 2277 1848 2350">
    <p class='ocr_par' dir='ltr' id='par_1_25' title="bbox 229 2277 1848 2350">
     <span class='ocr_line' id='line_1_25' title="bbox 229 2277 1848 2350; baseline 0.001 -19"><span class='ocrx_word' id='word_1_169' title='bbox 229 2294 352 2332; x_wconf 90' lang='lat' dir='ltr'><strong><em>eum</em></strong></span> <span class='ocrx_word' id='word_1_170' title='bbox 398 2277 574 2332; x_wconf 91' lang='lat' dir='ltr'><strong><em>solum</em></strong></span> <span class='ocrx_word' id='word_1_171' title='bbox 621 2287 946 2349; x_wconf 64' lang='lat' dir='ltr'><strong><em>quaererent</em></strong></span> <span class='ocrx_word' id='word_1_172' title='bbox 986 2279 1344 2334; x_wconf 87' lang='lat' dir='ltr'><strong><em>mediatorem</em></strong></span> <span class='ocrx_word' id='word_1_173' title='bbox 1401 2279 1469 2333; x_wconf 87' lang='lat' dir='ltr'><strong><em>ad</em></strong></span> <span class='ocrx_word' id='word_1_174' title='bbox 1526 2279 1848 2350; x_wconf 84' lang='lat' dir='ltr'><strong><em>placandam</em></strong></span> 
     </span>
    </p>
   </div>
   <div class='ocr_carea' id='block_1_26' title="bbox 229 2367 1848 2442">
    <p class='ocr_par' dir='ltr' id='par_1_26' title="bbox 229 2367 1848 2442">
     <span class='ocr_line' id='line_1_26' title="bbox 229 2367 1848 2442; baseline 0.002 -23"><span class='ocrx_word' id='word_1_175' title='bbox 229 2367 393 2439; x_wconf 63' lang='lat' dir='ltr'><strong><em>regite</em></strong></span> <span class='ocrx_word' id='word_1_176' title='bbox 424 2382 670 2422; x_wconf 75' lang='lat' dir='ltr'><strong><em>censurae</em></strong></span> <span class='ocrx_word' id='word_1_177' title='bbox 703 2368 1150 2442; x_wconf 89' lang='lat' dir='ltr'><strong><em>indignacionem</em></strong></span> <span class='ocrx_word' id='word_1_178' title='bbox 1178 2368 1248 2402; x_wconf 76' lang='lat'><strong><em>939</em></strong></span> <span class='ocrx_word' id='word_1_179' title='bbox 1279 2368 1398 2439; x_wconf 88' lang='lat' dir='ltr'><strong><em>ipse</em></strong></span> <span class='ocrx_word' id='word_1_180' title='bbox 1428 2376 1611 2424; x_wconf 91' lang='lat' dir='ltr'><strong><em>tamen</em></strong></span> <span class='ocrx_word' id='word_1_181' title='bbox 1643 2370 1848 2423; x_wconf 88' lang='lat' dir='ltr'><strong><em>nullam</em></strong></span> 
     </span>
    </p>
   </div>
   <div class='ocr_carea' id='block_1_27' title="bbox 231 2459 1851 2531">
    <p class='ocr_par' dir='ltr' id='par_1_27' title="bbox 231 2459 1851 2531">
     <span class='ocr_line' id='line_1_27' title="bbox 231 2459 1851 2531; baseline 0.002 -20"><span class='ocrx_word' id='word_1_182' title='bbox 231 2459 301 2512; x_wconf 81' lang='lat' dir='ltr'><strong><em>ab</em></strong></span> <span class='ocrx_word' id='word_1_183' title='bbox 335 2459 422 2513; x_wconf 76' lang='lat' dir='ltr'><strong><em>eis</em></strong></span> <span class='ocrx_word' id='word_1_184' title='bbox 457 2475 554 2530; x_wconf 87' lang='lat' dir='ltr'><strong><em>pro</em></strong></span> <span class='ocrx_word' id='word_1_185' title='bbox 604 2460 708 2515; x_wconf 88' lang='lat' dir='ltr'><strong><em>hoc</em></strong></span> <span class='ocrx_word' id='word_1_186' title='bbox 735 2461 1066 2531; x_wconf 62' lang='lat' dir='ltr'><strong><em>temporalis</em></strong></span> <span class='ocrx_word' id='word_1_187' title='bbox 1115 2460 1476 2517; x_wconf 86' lang='lat' dir='ltr'><strong><em>emolumenti</em></strong></span> <span class='ocrx_word' id='word_1_188' title='bbox 1536 2466 1851 2531; x_wconf 85' lang='lat' dir='ltr'><strong><em>expectaret</em></strong></span> 
     </span>
    </p>
   </div>
   <div class='ocr_carea' id='block_1_28' title="bbox 227 2551 1848 2622">
    <p class='ocr_par' dir='ltr' id='par_1_28' title="bbox 227 2551 1848 2622">
     <span class='ocr_line' id='line_1_28' title="bbox 227 2551 1848 2622; baseline 0.001 -17"><span class='ocrx_word' id='word_1_189' title='bbox 227 2551 671 2607; x_wconf 74' lang='lat' dir='ltr'><strong><em>vicissitudinem</em></strong></span> <span class='ocrx_word' id='word_1_190' title='bbox 707 2553 865 2622; x_wconf 67' lang='grc'><strong><em>(942).</em></strong></span> <span class='ocrx_word' id='word_1_191' title='bbox 890 2552 990 2607; x_wconf 87' lang='lat' dir='ltr'><strong><em>Eas</em></strong></span> <span class='ocrx_word' id='word_1_192' title='bbox 1020 2552 1167 2607; x_wconf 89' lang='lat' dir='ltr'><strong><em>solas</em></strong></span> <span class='ocrx_word' id='word_1_193' title='bbox 1194 2553 1496 2608; x_wconf 88' lang='lat' dir='ltr'><strong><em>undeunde</em></strong></span> <span class='ocrx_word' id='word_1_194' title='bbox 1525 2551 1848 2607; x_wconf 85' lang='lat' dir='ltr'><strong><em>avidissime</em></strong></span> 
     </span>
    </p>
   </div>
   <div class='ocr_carea' id='block_1_29' title="bbox 230 2643 1846 2716">
    <p class='ocr_par' dir='ltr' id='par_1_29' title="bbox 230 2643 1846 2716">
     <span class='ocr_line' id='line_1_29' title="bbox 230 2643 1846 2716; baseline 0 -19"><span class='ocrx_word' id='word_1_195' title='bbox 230 2643 524 2713; x_wconf 84' lang='lat' dir='ltr'><strong><em>expetebat</em></strong></span> <span class='ocrx_word' id='word_1_196' title='bbox 560 2645 800 2711; x_wconf 83' lang='lat' dir='ltr'><strong><em>divitias,</em></strong></span> <span class='ocrx_word' id='word_1_197' title='bbox 847 2645 1235 2716; x_wconf 80' lang='lat' dir='ltr'><strong><em>undecumque</em></strong></span> <span class='ocrx_word' id='word_1_198' title='bbox 1304 2651 1490 2716; x_wconf 86' lang='lat' dir='ltr'><strong><em>posset</em></strong></span> <span class='ocrx_word' id='word_1_199' title='bbox 1534 2653 1846 2700; x_wconf 87' lang='lat' dir='ltr'><strong><em>sanctorum</em></strong></span> 
     </span>
    </p>
   </div>
   <div class='ocr_carea' id='block_1_30' title="bbox 229 2734 1849 2807">
    <p class='ocr_par' dir='ltr' id='par_1_30' title="bbox 229 2734 1849 2807">
     <span class='ocr_line' id='line_1_30' title="bbox 229 2734 1849 2807; baseline 0.001 -18"><span class='ocrx_word' id='word_1_200' title='bbox 229 2734 579 2789; x_wconf 84' lang='lat' dir='ltr'><strong><em>contraheret</em></strong></span> <span class='ocrx_word' id='word_1_201' title='bbox 609 2748 841 2806; x_wconf 81' lang='lat' dir='ltr'><strong><em>corpora</em></strong></span> <span class='ocrx_word' id='word_1_202' title='bbox 869 2737 954 2791; x_wconf 84' lang='lat' dir='ltr'><strong><em>vel</em></strong></span> <span class='ocrx_word' id='word_1_203' title='bbox 988 2736 1287 2807; x_wconf 86' lang='lat' dir='ltr'><strong><em>reliquias;</em></strong></span> <span class='ocrx_word' id='word_1_204' title='bbox 1321 2752 1386 2791; x_wconf 86' lang='lat' dir='ltr'><strong><em>ea</em></strong></span> <span class='ocrx_word' id='word_1_205' title='bbox 1414 2736 1530 2791; x_wconf 89' lang='lat' dir='ltr'><strong><em>sola</em></strong></span> <span class='ocrx_word' id='word_1_206' title='bbox 1552 2751 1663 2791; x_wconf 90' lang='lat' dir='ltr'><strong><em>non</em></strong></span> <span class='ocrx_word' id='word_1_207' title='bbox 1702 2735 1849 2790; x_wconf 86' lang='lat' dir='ltr'><strong><em>vitu-</em></strong></span> 
     </span>
    </p>
   </div>
   <div class='ocr_carea' id='block_1_31' title="bbox 230 2826 1846 2898">
    <p class='ocr_par' dir='ltr' id='par_1_31' title="bbox 230 2826 1846 2898">
     <span class='ocr_line' id='line_1_31' title="bbox 230 2826 1846 2898; baseline 0.001 -19"><span class='ocrx_word' id='word_1_208' title='bbox 230 2826 492 2897; x_wconf 86' lang='lat' dir='ltr'><strong><em>perabilis</em></strong></span> <span class='ocrx_word' id='word_1_209' title='bbox 511 2827 757 2881; x_wconf 88' lang='lat' dir='ltr'><strong><em>animum</em></strong></span> <span class='ocrx_word' id='word_1_210' title='bbox 790 2828 911 2897; x_wconf 88' lang='lat' dir='ltr'><strong><em>ejus</em></strong></span> <span class='ocrx_word' id='word_1_211' title='bbox 938 2828 1241 2883; x_wconf 86' lang='lat' dir='ltr'><strong><em>excedebat</em></strong></span> <span class='ocrx_word' id='word_1_212' title='bbox 1282 2827 1570 2898; x_wconf 82' lang='lat' dir='ltr'><strong><em>cupiditas.</em></strong></span> <span class='ocrx_word' id='word_1_213' title='bbox 1616 2827 1846 2896; x_wconf 86' lang='lat' dir='ltr'><strong><em>.lamjam</em></strong></span> 
     </span>
    </p>
   </div>
   <div class='ocr_carea' id='block_1_32' title="bbox 231 2916 1844 2991">
    <p class='ocr_par' dir='ltr' id='par_1_32' title="bbox 231 2916 1844 2991">
     <span class='ocr_line' id='line_1_32' title="bbox 231 2916 1844 2991; baseline 0.001 -21"><span class='ocrx_word' id='word_1_214' title='bbox 231 2932 363 2991; x_wconf 88' lang='lat' dir='ltr'><strong><em>ergo</em></strong></span> <span class='ocrx_word' id='word_1_215' title='bbox 396 2916 597 2991; x_wconf 81' lang='lat' dir='ltr'><strong><em>pagina</em></strong></span> <span class='ocrx_word' id='word_1_216' title='bbox 630 2916 724 2972; x_wconf 89' lang='lat' dir='ltr'><strong><em>illa</em></strong></span> <span class='ocrx_word' id='word_1_217' title='bbox 762 2917 1071 2988; x_wconf 79' lang='lat' dir='ltr'><strong><em>proferatur</em></strong></span> <span class='ocrx_word' id='word_1_218' title='bbox 1123 2917 1177 2972; x_wconf 92' lang='lat' dir='ltr'><strong><em>in</em></strong></span> <span class='ocrx_word' id='word_1_219' title='bbox 1233 2917 1501 2986; x_wconf 90' lang='lat' dir='ltr'><strong><em>medium,</em></strong></span> <span class='ocrx_word' id='word_1_220' title='bbox 1534 2917 1602 2971; x_wconf 89' lang='lat' dir='ltr'><strong><em>ab</em></strong></span> <span class='ocrx_word' id='word_1_221' title='bbox 1632 2917 1719 2970; x_wconf 90' lang='lat' dir='ltr'><strong><em>his</em></strong></span> <span class='ocrx_word' id='word_1_222' title='bbox 1749 2916 1844 2989; x_wconf 88' lang='lat' dir='ltr'><strong><em>qui</em></strong></span> 
     </span>
    </p>
   </div>
   <div class='ocr_carea' id='block_1_33' title="bbox 1944 463 3565 529">
    <p class='ocr_par' dir='ltr' id='par_1_33' title="bbox 1944 463 3565 529">
     <span class='ocr_line' id='line_1_33' title="bbox 1944 463 3565 529; baseline 0.009 -15"><span class='ocrx_word' id='word_1_223' title='bbox 1944 463 2141 527; x_wconf 69' lang='lat' dir='ltr'><strong><em>rando,</em></strong></span> <span class='ocrx_word' id='word_1_224' title='bbox 2186 463 2356 516; x_wconf 90' lang='lat' dir='ltr'><strong><em>eidem</em></strong></span> <span class='ocrx_word' id='word_1_225' title='bbox 2391 479 2505 518; x_wconf 68' lang='lat' dir='ltr'><strong><em>suae</em></strong></span> <span class='ocrx_word' id='word_1_226' title='bbox 2553 466 2665 518; x_wconf 83' lang='lat' dir='ltr'><strong><em>sedi</em></strong></span> <span class='ocrx_word' id='word_1_227' title='bbox 2688 473 2891 521; x_wconf 76' lang='lat' dir='ltr'><strong><em>sancta:</em></strong></span> <span class='ocrx_word' id='word_1_228' title='bbox 2931 468 2997 502; x_wconf 73' lang='lat'><strong><em>9-”</em></strong></span> <span class='ocrx_word' id='word_1_229' title='bbox 3030 473 3290 526; x_wconf 79' lang='lat' dir='ltr'><strong><em>Mettiensi</em></strong></span> <span class='ocrx_word' id='word_1_230' title='bbox 3319 476 3565 529; x_wconf 89' lang='lat' dir='ltr'><strong><em>invehere</em></strong></span> 
     </span>
    </p>
   </div>
   <div class='ocr_carea' id='block_1_34' title="bbox 1943 554 2173 609">
    <p class='ocr_par' dir='ltr' id='par_1_34' title="bbox 1943 554 2173 609">
     <span class='ocr_line' id='line_1_34' title="bbox 1943 554 2173 609; baseline -0.009 -2"><span class='ocrx_word' id='word_1_231' title='bbox 1943 554 2173 609; x_wconf 74' lang='lat' dir='ltr'><strong><em>studuit.</em></strong></span> 
     </span>
    </p>
   </div>
   <div class='ocr_carea' id='block_1_35' title="bbox 2021 641 3565 719">
    <p class='ocr_par' dir='ltr' id='par_1_35' title="bbox 2021 641 3565 719">
     <span class='ocr_line' id='line_1_35' title="bbox 2021 641 3565 719; baseline 0.008 -25"><span class='ocrx_word' id='word_1_232' title='bbox 2021 641 2091 695; x_wconf 88' lang='lat' dir='ltr'><strong><em>De</em></strong></span> <span class='ocrx_word' id='word_1_233' title='bbox 2128 641 2198 675; x_wconf 70' lang='lat'><strong><em>9‘3</em></strong></span> <span class='ocrx_word' id='word_1_234' title='bbox 2234 650 2424 697; x_wconf 87' lang='lat' dir='ltr'><strong><em>sancto</em></strong></span> <span class='ocrx_word' id='word_1_235' title='bbox 2466 644 2700 715; x_wconf 85' lang='lat' dir='ltr'><strong><em>Elpidio.</em></strong></span> <span class='ocrx_word' id='word_1_236' title='bbox 2745 652 2946 703; x_wconf 82' lang='lat' dir='ltr'><strong><em>Horum</em></strong></span> <span class='ocrx_word' id='word_1_237' title='bbox 2993 653 3253 719; x_wconf 89' lang='lat' dir='ltr'><strong><em>primum,</em></strong></span> <span class='ocrx_word' id='word_1_238' title='bbox 3310 660 3565 709; x_wconf 88' lang='lat' dir='ltr'><strong><em>sanctum</em></strong></span> 
     </span>
    </p>
   </div>
   <div class='ocr_carea' id='block_1_36' title="bbox 1944 735 3559 812">
    <p class='ocr_par' dir='ltr' id='par_1_36' title="bbox 1944 735 3559 812">
     <span class='ocr_line' id='line_1_36' title="bbox 1944 735 3559 812; baseline 0.008 -25"><span class='ocrx_word' id='word_1_239' title='bbox 1944 739 1996 787; x_wconf 86' lang='lat' dir='ltr'><strong><em>et</em></strong></span> <span class='ocrx_word' id='word_1_240' title='bbox 2017 735 2375 789; x_wconf 88' lang='lat' dir='ltr'><strong><em>venerabilem</em></strong></span> <span class='ocrx_word' id='word_1_241' title='bbox 2412 739 2607 792; x_wconf 82' lang='lat' dir='ltr'><strong><em>Christi</em></strong></span> <span class='ocrx_word' id='word_1_242' title='bbox 2644 741 2996 807; x_wconf 87' lang='lat' dir='ltr'><strong><em>confessorem</em></strong></span> <span class='ocrx_word' id='word_1_243' title='bbox 3022 744 3294 812; x_wconf 79' lang='lat' dir='ltr'><strong><em>Etpzdium</em></strong></span> <span class='ocrx_word' id='word_1_244' title='bbox 3326 761 3392 799; x_wconf 72' lang='lat' dir='ltr'><strong><em>ea;</em></strong></span> <span class='ocrx_word' id='word_1_245' title='bbox 3421 751 3559 800; x_wconf 83' lang='lat' dir='ltr'><strong><em>Mar-</em></strong></span> 
     </span>
    </p>
   </div>
   <div class='ocr_carea' id='block_1_37' title="bbox 1942 828 3561 903">
    <p class='ocr_par' dir='ltr' id='par_1_37' title="bbox 1942 828 3561 903">
     <span class='ocr_line' id='line_1_37' title="bbox 1942 828 3561 903; baseline 0.007 -27"><span class='ocrx_word' id='word_1_246' title='bbox 1942 838 2125 877; x_wconf 82' lang='lat' dir='ltr'><strong><em>sorum</em></strong></span> <span class='ocrx_word' id='word_1_247' title='bbox 2164 828 2441 893; x_wconf 87' lang='lat' dir='ltr'><strong><em>provintia</em></strong></span> <span class='ocrx_word' id='word_1_248' title='bbox 2488 831 2735 897; x_wconf 90' lang='lat' dir='ltr'><strong><em>sumpsit,</em></strong></span> <span class='ocrx_word' id='word_1_249' title='bbox 2780 832 3093 885; x_wconf 85' lang='lat' dir='ltr'><strong><em>concedente</em></strong></span> <span class='ocrx_word' id='word_1_250' title='bbox 3150 834 3353 888; x_wconf 81' lang='lat' dir='ltr'><strong><em>Albrico</em></strong></span> <span class='ocrx_word' id='word_1_251' title='bbox 3396 838 3561 903; x_wconf 80' lang='lat' dir='ltr'><strong><em>ipsius</em></strong></span> 
     </span>
    </p>
   </div>
   <div class='ocr_carea' id='block_1_38' title="bbox 1945 913 3564 992">
    <p class='ocr_par' dir='ltr' id='par_1_38' title="bbox 1945 913 3564 992">
     <span class='ocr_line' id='line_1_38' title="bbox 1945 913 3564 992; baseline 0.009 -29"><span class='ocrx_word' id='word_1_252' title='bbox 1945 913 2151 965; x_wconf 61' lang='grc' dir='ltr'><strong><em>Μυνδίης</em></strong></span> <span class='ocrx_word' id='word_1_253' title='bbox 2180 914 2431 982; x_wconf 85' lang='lat' dir='ltr'><strong><em>episcopo,</em></strong></span> <span class='ocrx_word' id='word_1_254' title='bbox 2465 930 2534 970; x_wconf 76' lang='lat' dir='ltr'><strong><em>ex</em></strong></span> <span class='ocrx_word' id='word_1_255' title='bbox 2559 918 2793 984; x_wconf 84' lang='lat' dir='ltr'><strong><em>quadam</em></strong></span> <span class='ocrx_word' id='word_1_256' title='bbox 2847 921 3084 974; x_wconf 71' lang='lat' dir='ltr'><strong><em>(ecclesia</em></strong></span> <span class='ocrx_word' id='word_1_257' title='bbox 3123 923 3235 975; x_wconf 84' lang='lat' dir='ltr'><strong><em>sedi</em></strong></span> <span class='ocrx_word' id='word_1_258' title='bbox 3281 925 3564 992; x_wconf 83' lang='lat' dir='ltr'><strong><em>episcopali</em></strong></span> 
     </span>
    </p>
   </div>
   <div class='ocr_carea' id='block_1_39' title="bbox 1940 1008 3560 1080">
    <p class='ocr_par' dir='ltr' id='par_1_39' title="bbox 1940 1008 3560 1080">
     <span class='ocr_line' id='line_1_39' title="bbox 1940 1008 3560 1080; baseline 0.007 -23"><span class='ocrx_word' id='word_1_259' title='bbox 1940 1008 2226 1073; x_wconf 74' lang='lat' dir='ltr'><strong><em>proxima;</em></strong></span> <span class='ocrx_word' id='word_1_260' title='bbox 2280 1024 2400 1076; x_wconf 72' lang='lat' dir='ltr'><strong><em>qua:</em></strong></span> <span class='ocrx_word' id='word_1_261' title='bbox 2443 1010 2584 1063; x_wconf 86' lang='lat' dir='ltr'><strong><em>sedes</em></strong></span> <span class='ocrx_word' id='word_1_262' title='bbox 2626 1026 2786 1080; x_wconf 82' lang='lat' dir='ltr'><strong><em>super</em></strong></span> <span class='ocrx_word' id='word_1_263' title='bbox 2838 1014 3020 1068; x_wconf 88' lang='lat' dir='ltr'><strong><em>lacum</em></strong></span> <span class='ocrx_word' id='word_1_264' title='bbox 3048 1018 3313 1069; x_wconf 86' lang='lat' dir='ltr'><strong><em>Fucinum</em></strong></span> <span class='ocrx_word' id='word_1_265' title='bbox 3356 1016 3425 1049; x_wconf 58' lang='lat'><strong><em>9‘9</em></strong></span> <span class='ocrx_word' id='word_1_266' title='bbox 3454 1020 3560 1071; x_wconf 82' lang='lat' dir='ltr'><strong><em>sita</em></strong></span> 
     </span>
    </p>
   </div>
   <div class='ocr_carea' id='block_1_40' title="bbox 1943 1098 3559 1175">
    <p class='ocr_par' dir='ltr' id='par_1_40' title="bbox 1943 1098 3559 1175">
     <span class='ocr_line' id='line_1_40' title="bbox 1943 1098 3559 1175; baseline 0.009 -27"><span class='ocrx_word' id='word_1_267' title='bbox 1943 1098 2071 1164; x_wconf 89' lang='lat' dir='ltr'><strong><em>quid</em></strong></span> <span class='ocrx_word' id='word_1_268' title='bbox 2098 1098 2224 1150; x_wconf 89' lang='lat' dir='ltr'><strong><em>olim</em></strong></span> <span class='ocrx_word' id='word_1_269' title='bbox 2257 1100 2446 1165; x_wconf 88' lang='lat' dir='ltr'><strong><em>fuerit,</em></strong></span> <span class='ocrx_word' id='word_1_270' title='bbox 2490 1105 2669 1156; x_wconf 71' lang='lat' dir='ltr'><strong><em>ruina:</em></strong></span> <span class='ocrx_word' id='word_1_271' title='bbox 2716 1105 2862 1158; x_wconf 87' lang='lat' dir='ltr'><strong><em>urbis</em></strong></span> <span class='ocrx_word' id='word_1_272' title='bbox 2917 1112 2970 1159; x_wconf 86' lang='lat' dir='ltr'><strong><em>et</em></strong></span> <span class='ocrx_word' id='word_1_273' title='bbox 3007 1108 3376 1175; x_wconf 88' lang='lat' dir='ltr'><strong><em>plurimarum</em></strong></span> <span class='ocrx_word' id='word_1_274' title='bbox 3414 1112 3559 1163; x_wconf 85' lang='lat' dir='ltr'><strong><em>circa</em></strong></span> 
     </span>
    </p>
   </div>
   <div class='ocr_carea' id='block_1_41' title="bbox 1943 1187 3555 1265">
    <p class='ocr_par' dir='ltr' id='par_1_41' title="bbox 1943 1187 3555 1265">
     <span class='ocr_line' id='line_1_41' title="bbox 1943 1187 3555 1265; baseline 0.009 -27"><span class='ocrx_word' id='word_1_275' title='bbox 1943 1187 2311 1241; x_wconf 71' lang='lat' dir='ltr'><strong><em>wcclesiarum</em></strong></span> <span class='ocrx_word' id='word_1_276' title='bbox 2338 1205 2404 1243; x_wconf 91' lang='lat' dir='ltr'><strong><em>ac</em></strong></span> <span class='ocrx_word' id='word_1_277' title='bbox 2424 1196 2875 1247; x_wconf 84' lang='lat' dir='ltr'><strong><em>monasteriorum</em></strong></span> <span class='ocrx_word' id='word_1_278' title='bbox 2905 1197 3210 1265; x_wconf 81' lang='lat' dir='ltr'><strong><em>frequentia</em></strong></span> <span class='ocrx_word' id='word_1_279' title='bbox 3242 1204 3555 1253; x_wconf 85' lang='lat' dir='ltr'><strong><em>attestatur.</em></strong></span> 
     </span>
    </p>
   </div>
   <div class='ocr_carea' id='block_1_42' title="bbox 1945 1280 3563 1356">
    <p class='ocr_par' dir='ltr' id='par_1_42' title="bbox 1945 1280 3563 1356">
     <span class='ocr_line' id='line_1_42' title="bbox 1945 1280 3563 1356; baseline 0.009 -27"><span class='ocrx_word' id='word_1_280' title='bbox 1945 1280 2100 1331; x_wconf 86' lang='lat' dir='ltr'><strong><em>Ilunc</em></strong></span> <span class='ocrx_word' id='word_1_281' title='bbox 2128 1280 2277 1333; x_wconf 90' lang='lat' dir='ltr'><strong><em>nobis</em></strong></span> <span class='ocrx_word' id='word_1_282' title='bbox 2307 1283 2414 1349; x_wconf 87' lang='lat' dir='ltr'><strong><em>ipse</em></strong></span> <span class='ocrx_word' id='word_1_283' title='bbox 2441 1285 2710 1353; x_wconf 89' lang='lat' dir='ltr'><strong><em>episcopus</em></strong></span> <span class='ocrx_word' id='word_1_284' title='bbox 2741 1291 3021 1356; x_wconf 68' lang='lat' dir='ltr'><strong><em>czeterique</em></strong></span> <span class='ocrx_word' id='word_1_285' title='bbox 3047 1291 3231 1344; x_wconf 72' lang='lat' dir='ltr'><strong><em>incola:</em></strong></span> <span class='ocrx_word' id='word_1_286' title='bbox 3253 1292 3563 1346; x_wconf 80' lang='lat' dir='ltr'><strong><em>retulerunt</em></strong></span> 
     </span>
    </p>
   </div>
   <div class='ocr_carea' id='block_1_43' title="bbox 1947 1367 3565 1449">
    <p class='ocr_par' dir='ltr' id='par_1_43' title="bbox 1947 1367 3565 1449">
     <span class='ocr_line' id='line_1_43' title="bbox 1947 1367 3565 1449; baseline 0.01 -30"><span class='ocrx_word' id='word_1_287' title='bbox 1947 1367 2115 1431; x_wconf 84' lang='lat' dir='ltr'><strong><em>fuisse</em></strong></span> <span class='ocrx_word' id='word_1_288' title='bbox 2142 1384 2209 1422; x_wconf 72' lang='lat' dir='ltr'><strong><em>ea:</em></strong></span> <span class='ocrx_word' id='word_1_289' title='bbox 2232 1376 2367 1425; x_wconf 55' lang='lat' dir='ltr'><strong><em>oratu</em></strong></span> <span class='ocrx_word' id='word_1_290' title='bbox 2406 1372 2476 1405; x_wconf 74' lang='lat'><strong><em>95°</em></strong></span> <span class='ocrx_word' id='word_1_291' title='bbox 2508 1376 2846 1441; x_wconf 86' lang='lat' dir='ltr'><strong><em>quorundam</em></strong></span> <span class='ocrx_word' id='word_1_292' title='bbox 2872 1392 3144 1432; x_wconf 86' lang='lat' dir='ltr'><strong><em>servorum</em></strong></span> <span class='ocrx_word' id='word_1_293' title='bbox 3168 1382 3276 1446; x_wconf 90' lang='lat' dir='ltr'><strong><em>Dei,</em></strong></span> <span class='ocrx_word' id='word_1_294' title='bbox 3308 1383 3402 1449; x_wconf 88' lang='lat' dir='ltr'><strong><em>qui</em></strong></span> <span class='ocrx_word' id='word_1_295' title='bbox 3431 1387 3565 1435; x_wconf 86' lang='lat' dir='ltr'><strong><em>tem-</em></strong></span> 
     </span>
    </p>
   </div>
   <div class='ocr_carea' id='block_1_44' title="bbox 1944 1460 3569 1539">
    <p class='ocr_par' dir='ltr' id='par_1_44' title="bbox 1944 1460 3569 1539">
     <span class='ocr_line' id='line_1_44' title="bbox 1944 1460 3569 1539; baseline 0.01 -30"><span class='ocrx_word' id='word_1_296' title='bbox 1944 1471 2070 1524; x_wconf 89' lang='lat' dir='ltr'><strong><em>pore</em></strong></span> <span class='ocrx_word' id='word_1_297' title='bbox 2098 1460 2401 1526; x_wconf 82' lang='lat' dir='ltr'><strong><em>antiquiore</em></strong></span> <span class='ocrx_word' id='word_1_298' title='bbox 2438 1476 2505 1515; x_wconf 72' lang='lat' dir='ltr'><strong><em>ex</em></strong></span> <span class='ocrx_word' id='word_1_299' title='bbox 2528 1464 2775 1530; x_wconf 89' lang='lat' dir='ltr'><strong><em>partibus</em></strong></span> <span class='ocrx_word' id='word_1_300' title='bbox 2811 1466 3041 1529; x_wconf 79' lang='lat' dir='ltr'><strong><em>Grcecire,</em></strong></span> <span class='ocrx_word' id='word_1_301' title='bbox 3098 1484 3321 1524; x_wconf 88' lang='lat' dir='ltr'><strong><em>numero</em></strong></span> <span class='ocrx_word' id='word_1_302' title='bbox 3355 1478 3569 1539; x_wconf 88' lang='lat' dir='ltr'><strong><em>septua-</em></strong></span> 
     </span>
    </p>
   </div>
   <div class='ocr_carea' id='block_1_45' title="bbox 1954 1551 3572 1626">
    <p class='ocr_par' dir='ltr' id='par_1_45' title="bbox 1954 1551 3572 1626">
     <span class='ocr_line' id='line_1_45' title="bbox 1954 1551 3572 1626; baseline 0.009 -23"><span class='ocrx_word' id='word_1_303' title='bbox 1954 1551 2127 1617; x_wconf 83' lang='lat' dir='ltr'><strong><em>ginta,</em></strong></span> <span class='ocrx_word' id='word_1_304' title='bbox 2265 1554 2489 1607; x_wconf 84' lang='lat' dir='ltr'><strong><em>eandem</em></strong></span> <span class='ocrx_word' id='word_1_305' title='bbox 2522 1559 2815 1610; x_wconf 82' lang='lat' dir='ltr'><strong><em>Marsorum</em></strong></span> <span class='ocrx_word' id='word_1_306' title='bbox 2842 1552 3185 1626; x_wconf 85' lang='lat' dir='ltr'><strong><em>provintiam</em></strong></span> <span class='ocrx_word' id='word_1_307' title='bbox 3224 1563 3572 1618; x_wconf 85' lang='lat' dir='ltr'><strong><em>adventantes</em></strong></span> 
     </span>
    </p>
   </div>
   <div class='ocr_carea' id='block_1_46' title="bbox 1957 1643 3573 1718">
    <p class='ocr_par' dir='ltr' id='par_1_46' title="bbox 1957 1643 3573 1718">
     <span class='ocr_line' id='line_1_46' title="bbox 1957 1643 3573 1718; baseline 0.007 -23"><span class='ocrx_word' id='word_1_308' title='bbox 1957 1657 2023 1696; x_wconf 91' lang='lat' dir='ltr'><strong><em>ac</em></strong></span> <span class='ocrx_word' id='word_1_309' title='bbox 2066 1643 2282 1697; x_wconf 87' lang='lat' dir='ltr'><strong><em>dirersis</em></strong></span> <span class='ocrx_word' id='word_1_310' title='bbox 2310 1648 2727 1718; x_wconf 85' lang='lat' dir='ltr'><strong><em>circumquaque</em></strong></span> <span class='ocrx_word' id='word_1_311' title='bbox 2772 1650 2895 1703; x_wconf 90' lang='lat' dir='ltr'><strong><em>locis</em></strong></span> <span class='ocrx_word' id='word_1_312' title='bbox 2928 1652 3009 1705; x_wconf 87' lang='lat' dir='ltr'><strong><em>vel</em></strong></span> <span class='ocrx_word' id='word_1_313' title='bbox 3040 1653 3348 1707; x_wconf 74' lang='lat' dir='ltr'><strong><em>civitatibus</em></strong></span> <span class='ocrx_word' id='word_1_314' title='bbox 3384 1653 3450 1687; x_wconf 67' lang='lat'><strong><em>95‘</em></strong></span> <span class='ocrx_word' id='word_1_315' title='bbox 3483 1669 3573 1707; x_wconf 82' lang='lat' dir='ltr'><strong><em>ve-</em></strong></span> 
     </span>
    </p>
   </div>
   <div class='ocr_carea' id='block_1_47' title="bbox 1959 1733 3572 1809">
    <p class='ocr_par' dir='ltr' id='par_1_47' title="bbox 1959 1733 3572 1809">
     <span class='ocr_line' id='line_1_47' title="bbox 1959 1733 3572 1809; baseline 0.007 -25"><span class='ocrx_word' id='word_1_316' title='bbox 1959 1733 2286 1787; x_wconf 74' lang='lat' dir='ltr'><strong><em>nerabilia-7n</em></strong></span> <span class='ocrx_word' id='word_1_317' title='bbox 2330 1740 2609 1805; x_wconf 86' lang='lat' dir='ltr'><strong><em>signorum</em></strong></span> <span class='ocrx_word' id='word_1_318' title='bbox 2637 1741 2844 1794; x_wconf 88' lang='lat' dir='ltr'><strong><em>lumine</em></strong></span> <span class='ocrx_word' id='word_1_319' title='bbox 2868 1742 3190 1809; x_wconf 82' lang='lat' dir='ltr'><strong><em>refulgentes</em></strong></span> <span class='ocrx_word' id='word_1_320' title='bbox 3228 1743 3297 1776; x_wconf 66' lang='lat'><strong><em>95’</em></strong></span> <span class='ocrx_word' id='word_1_321' title='bbox 3324 1743 3572 1797; x_wconf 83' lang='lat' dir='ltr'><strong><em>ubicum-</em></strong></span> 
     </span>
    </p>
   </div>
   <div class='ocr_carea' id='block_1_48' title="bbox 1959 1830 3574 1900">
    <p class='ocr_par' dir='ltr' id='par_1_48' title="bbox 1959 1830 3574 1900">
     <span class='ocr_line' id='line_1_48' title="bbox 1959 1830 3574 1900; baseline 0.002 -16"><span class='ocrx_word' id='word_1_322' title='bbox 1959 1846 2063 1898; x_wconf 88' lang='lat' dir='ltr'><strong><em>qur</em></strong></span> <span class='ocrx_word' id='word_1_323' title='bbox 2086 1830 2144 1881; x_wconf 88' lang='lat' dir='ltr'><strong><em>in</em></strong></span> <span class='ocrx_word' id='word_1_324' title='bbox 2168 1834 2359 1883; x_wconf 86' lang='lat' dir='ltr'><strong><em>saneta</em></strong></span> <span class='ocrx_word' id='word_1_325' title='bbox 2389 1832 2785 1883; x_wconf 89' lang='lat' dir='ltr'><strong><em>conversatione</em></strong></span> <span class='ocrx_word' id='word_1_326' title='bbox 2811 1832 2936 1895; x_wconf 82' lang='lat' dir='ltr'><strong><em>ﬁnis</em></strong></span> <span class='ocrx_word' id='word_1_327' title='bbox 2981 1834 3103 1885; x_wconf 69' lang='lat' dir='ltr'><strong><em>vita:</em></strong></span> <span class='ocrx_word' id='word_1_328' title='bbox 3140 1833 3449 1900; x_wconf 88' lang='lat' dir='ltr'><strong><em>advenerat,</em></strong></span> <span class='ocrx_word' id='word_1_329' title='bbox 3479 1849 3574 1888; x_wconf 88' lang='lat' dir='ltr'><strong><em>ve-</em></strong></span> 
     </span>
    </p>
   </div>
   <div class='ocr_carea' id='block_1_49' title="bbox 1961 1918 3576 1992">
    <p class='ocr_par' dir='ltr' id='par_1_49' title="bbox 1961 1918 3576 1992">
     <span class='ocr_line' id='line_1_49' title="bbox 1961 1918 3576 1992; baseline 0.003 -19"><span class='ocrx_word' id='word_1_330' title='bbox 1961 1918 2191 1973; x_wconf 88' lang='lat' dir='ltr'><strong><em>nerabili</em></strong></span> <span class='ocrx_word' id='word_1_331' title='bbox 2219 1920 2499 1987; x_wconf 85' lang='lat' dir='ltr'><strong><em>sepultura</em></strong></span> <span class='ocrx_word' id='word_1_332' title='bbox 2548 1920 2825 1985; x_wconf 85' lang='lat' dir='ltr'><strong><em>reconditi,</em></strong></span> <span class='ocrx_word' id='word_1_333' title='bbox 2868 1922 3039 1976; x_wconf 89' lang='lat' dir='ltr'><strong><em>multa</em></strong></span> <span class='ocrx_word' id='word_1_334' title='bbox 3080 1925 3381 1978; x_wconf 87' lang='lat' dir='ltr'><strong><em>vicinorum</em></strong></span> <span class='ocrx_word' id='word_1_335' title='bbox 3423 1925 3576 1992; x_wconf 87' lang='lat' dir='ltr'><strong><em>longe</em></strong></span> 
     </span>
    </p>
   </div>
   <div class='ocr_carea' id='block_1_50' title="bbox 1960 2010 3576 2083">
    <p class='ocr_par' dir='ltr' id='par_1_50' title="bbox 1960 2010 3576 2083">
     <span class='ocr_line' id='line_1_50' title="bbox 1960 2010 3576 2083; baseline 0.003 -21"><span class='ocrx_word' id='word_1_336' title='bbox 1960 2010 2169 2078; x_wconf 87' lang='lat' dir='ltr'><strong><em>lateque</em></strong></span> <span class='ocrx_word' id='word_1_337' title='bbox 2196 2011 2494 2061; x_wconf 85' lang='lat' dir='ltr'><strong><em>reverentia</em></strong></span> <span class='ocrx_word' id='word_1_338' title='bbox 2518 2023 2615 2077; x_wconf 89' lang='lat' dir='ltr'><strong><em>pro</em></strong></span> <span class='ocrx_word' id='word_1_339' title='bbox 2636 2010 2851 2063; x_wconf 88' lang='lat' dir='ltr'><strong><em>assidua</em></strong></span> <span class='ocrx_word' id='word_1_340' title='bbox 2889 2013 3281 2067; x_wconf 87' lang='lat' dir='ltr'><strong><em>miraculorum</em></strong></span> <span class='ocrx_word' id='word_1_341' title='bbox 3321 2016 3576 2083; x_wconf 85' lang='lat' dir='ltr'><strong><em>jocundi-</em></strong></span> 
     </span>
    </p>
   </div>
   <div class='ocr_carea' id='block_1_51' title="bbox 1959 2100 3575 2171">
    <p class='ocr_par' dir='ltr' id='par_1_51' title="bbox 1959 2100 3575 2171">
     <span class='ocr_line' id='line_1_51' title="bbox 1959 2100 3575 2171; baseline 0.004 -20"><span class='ocrx_word' id='word_1_342' title='bbox 1959 2104 2068 2153; x_wconf 89' lang='lat' dir='ltr'><strong><em>tate</em></strong></span> <span class='ocrx_word' id='word_1_343' title='bbox 2095 2100 2365 2154; x_wconf 88' lang='lat' dir='ltr'><strong><em>coluntur.</em></strong></span> <span class='ocrx_word' id='word_1_344' title='bbox 2412 2102 2613 2153; x_wconf 85' lang='lat' dir='ltr'><strong><em>Horum</em></strong></span> <span class='ocrx_word' id='word_1_345' title='bbox 2652 2105 2776 2167; x_wconf 89' lang='lat' dir='ltr'><strong><em>tres,</em></strong></span> <span class='ocrx_word' id='word_1_346' title='bbox 2826 2115 3057 2168; x_wconf 78' lang='lat' dir='ltr'><strong><em>quorum</em></strong></span> <span class='ocrx_word' id='word_1_347' title='bbox 3086 2104 3173 2156; x_wconf 88' lang='lat' dir='ltr'><strong><em>hic</em></strong></span> <span class='ocrx_word' id='word_1_348' title='bbox 3211 2106 3405 2157; x_wconf 88' lang='lat' dir='ltr'><strong><em>tercius</em></strong></span> <span class='ocrx_word' id='word_1_349' title='bbox 3444 2106 3575 2171; x_wconf 85' lang='lat' dir='ltr'><strong><em>fuit,</em></strong></span> 
     </span>
    </p>
   </div>
   <div class='ocr_carea' id='block_1_52' title="bbox 1955 2194 3575 2261">
    <p class='ocr_par' dir='ltr' id='par_1_52' title="bbox 1955 2194 3575 2261">
     <span class='ocr_line' id='line_1_52' title="bbox 1955 2194 3575 2261; baseline 0.002 -14"><span class='ocrx_word' id='word_1_350' title='bbox 1955 2196 2015 2247; x_wconf 87' lang='lat' dir='ltr'><strong><em>in</em></strong></span> <span class='ocrx_word' id='word_1_351' title='bbox 2042 2194 2217 2247; x_wconf 85' lang='lat' dir='ltr'><strong><em>eodem</em></strong></span> <span class='ocrx_word' id='word_1_352' title='bbox 2256 2194 2516 2247; x_wconf 87' lang='lat' dir='ltr'><strong><em>eimiterio</em></strong></span> <span class='ocrx_word' id='word_1_353' title='bbox 2544 2194 2903 2261; x_wconf 83' lang='lat' dir='ltr'><strong><em>quiescebant,</em></strong></span> <span class='ocrx_word' id='word_1_354' title='bbox 2945 2195 3286 2261; x_wconf 86' lang='lat' dir='ltr'><strong><em>Calistratus,</em></strong></span> <span class='ocrx_word' id='word_1_355' title='bbox 3332 2199 3575 2251; x_wconf 87' lang='lat' dir='ltr'><strong><em>Euticius</em></strong></span> 
     </span>
    </p>
   </div>
   <div class='ocr_carea' id='block_1_53' title="bbox 1952 2288 3578 2357">
    <p class='ocr_par' dir='ltr' id='par_1_53' title="bbox 1952 2288 3578 2357">
     <span class='ocr_line' id='line_1_53' title="bbox 1952 2288 3578 2357; baseline -0.001 -13"><span class='ocrx_word' id='word_1_356' title='bbox 1952 2295 2003 2344; x_wconf 89' lang='lat' dir='ltr'><strong><em>et</em></strong></span> <span class='ocrx_word' id='word_1_357' title='bbox 2056 2291 2142 2342; x_wconf 90' lang='lat' dir='ltr'><strong><em>hic</em></strong></span> <span class='ocrx_word' id='word_1_358' title='bbox 2191 2288 2447 2356; x_wconf 86' lang='lat' dir='ltr'><strong><em>Elpidius.</em></strong></span> <span class='ocrx_word' id='word_1_359' title='bbox 2509 2293 2669 2343; x_wconf 89' lang='lat' dir='ltr'><strong><em>Porro</em></strong></span> <span class='ocrx_word' id='word_1_360' title='bbox 2721 2290 2997 2342; x_wconf 86' lang='lat' dir='ltr'><strong><em>Eutieium</em></strong></span> <span class='ocrx_word' id='word_1_361' title='bbox 3046 2291 3337 2357; x_wconf 83' lang='lat' dir='ltr'><strong><em>imperator</em></strong></span> <span class='ocrx_word' id='word_1_362' title='bbox 3366 2293 3481 2343; x_wconf 89' lang='lat' dir='ltr'><strong><em>Otto</em></strong></span> <span class='ocrx_word' id='word_1_363' title='bbox 3508 2289 3578 2322; x_wconf 72' lang='lat'><strong>953</strong></span> 
     </span>
    </p>
   </div>
   <div class='ocr_carea' id='block_1_54' title="bbox 1951 2380 3574 2448">
    <p class='ocr_par' dir='ltr' id='par_1_54' title="bbox 1951 2380 3574 2448">
     <span class='ocr_line' id='line_1_54' title="bbox 1951 2380 3574 2448; baseline -0.001 -13"><span class='ocrx_word' id='word_1_364' title='bbox 1951 2381 2262 2436; x_wconf 86' lang='lat' dir='ltr'><strong><em>sustulerat.</em></strong></span> <span class='ocrx_word' id='word_1_365' title='bbox 2308 2384 2373 2432; x_wconf 90' lang='lat' dir='ltr'><strong><em>Et</em></strong></span> <span class='ocrx_word' id='word_1_366' title='bbox 2402 2394 2470 2433; x_wconf 85' lang='lat' dir='ltr'><strong><em>ne</em></strong></span> <span class='ocrx_word' id='word_1_367' title='bbox 2497 2395 2603 2447; x_wconf 83' lang='lat' dir='ltr'><strong><em>qua</em></strong></span> <span class='ocrx_word' id='word_1_368' title='bbox 2644 2380 2950 2447; x_wconf 82' lang='lat' dir='ltr'><strong><em>accipiendo</em></strong></span> <span class='ocrx_word' id='word_1_369' title='bbox 2970 2387 3143 2448; x_wconf 86' lang='lat' dir='ltr'><strong><em>posset</em></strong></span> <span class='ocrx_word' id='word_1_370' title='bbox 3192 2380 3434 2435; x_wconf 87' lang='lat' dir='ltr'><strong><em>adhiberi</em></strong></span> <span class='ocrx_word' id='word_1_371' title='bbox 3456 2382 3574 2448; x_wconf 54' lang='lat' dir='ltr'><strong><em>falv</em></strong></span> 
     </span>
    </p>
   </div>
   <div class='ocr_carea' id='block_1_55' title="bbox 1951 2469 3578 2537">
    <p class='ocr_par' dir='ltr' id='par_1_55' title="bbox 1951 2469 3578 2537">
     <span class='ocr_line' id='line_1_55' title="bbox 1951 2469 3578 2537; baseline 0 -14"><span class='ocrx_word' id='word_1_372' title='bbox 1951 2471 2107 2535; x_wconf 79' lang='lat' dir='ltr'><strong><em>(alia,</em></strong></span> <span class='ocrx_word' id='word_1_373' title='bbox 2135 2469 2409 2537; x_wconf 83' lang='lat' dir='ltr'><strong><em>sepulchro</em></strong></span> <span class='ocrx_word' id='word_1_374' title='bbox 2461 2470 2664 2521; x_wconf 88' lang='lat' dir='ltr'><strong><em>intacto</em></strong></span> <span class='ocrx_word' id='word_1_375' title='bbox 2713 2470 2949 2535; x_wconf 74' lang='lat' dir='ltr'><strong><em>satisque</em></strong></span> <span class='ocrx_word' id='word_1_376' title='bbox 2994 2471 3224 2533; x_wconf 88' lang='lat' dir='ltr'><strong><em>munito,</em></strong></span> <span class='ocrx_word' id='word_1_377' title='bbox 3272 2484 3371 2523; x_wconf 90' lang='lat' dir='ltr'><strong><em>nec</em></strong></span> <span class='ocrx_word' id='word_1_378' title='bbox 3417 2486 3450 2523; x_wconf 90' lang='lat' dir='ltr'><strong><em>a</em></strong></span> <span class='ocrx_word' id='word_1_379' title='bbox 3494 2470 3578 2523; x_wconf 90' lang='lat' dir='ltr'><strong><em>die</em></strong></span> 
     </span>
    </p>
   </div>
   <div class='ocr_carea' id='block_1_56' title="bbox 1948 2557 3578 2627">
    <p class='ocr_par' dir='ltr' id='par_1_56' title="bbox 1948 2557 3578 2627">
     <span class='ocr_line' id='line_1_56' title="bbox 1948 2557 3578 2627; baseline 0.001 -16"><span class='ocrx_word' id='word_1_380' title='bbox 1948 2558 2282 2626; x_wconf 88' lang='lat' dir='ltr'><strong><em>repositionis</em></strong></span> <span class='ocrx_word' id='word_1_381' title='bbox 2330 2557 2441 2610; x_wconf 74' lang='lat' dir='ltr'><strong><em>ulia</em></strong></span> <span class='ocrx_word' id='word_1_382' title='bbox 2469 2557 2771 2611; x_wconf 81' lang='lat' dir='ltr'><strong><em>violationis</em></strong></span> <span class='ocrx_word' id='word_1_383' title='bbox 2820 2559 2975 2623; x_wconf 85' lang='lat' dir='ltr'><strong><em>signa</em></strong></span> <span class='ocrx_word' id='word_1_384' title='bbox 3031 2563 3369 2612; x_wconf 86' lang='lat' dir='ltr'><strong><em>monstrante</em></strong></span> <span class='ocrx_word' id='word_1_385' title='bbox 3392 2562 3578 2627; x_wconf 86' lang='lat' dir='ltr'><strong><em>prius-</em></strong></span> 
     </span>
    </p>
   </div>
   <div class='ocr_carea' id='block_1_57' title="bbox 1949 2637 3578 2718">
    <p class='ocr_par' dir='ltr' id='par_1_57' title="bbox 1949 2637 3578 2718">
     <span class='ocr_line' id='line_1_57' title="bbox 1949 2637 3578 2718; baseline 0.001 -17"><span class='ocrx_word' id='word_1_386' title='bbox 1949 2637 2115 2717; x_wconf 82' lang='lat' dir='ltr'><strong><em>quam</em></strong></span> <span class='ocrx_word' id='word_1_387' title='bbox 2172 2647 2240 2701; x_wconf 87' lang='lat' dir='ltr'><strong><em>ab</em></strong></span> <span class='ocrx_word' id='word_1_388' title='bbox 2294 2648 2472 2715; x_wconf 88' lang='lat' dir='ltr'><strong><em>aliquo</em></strong></span> <span class='ocrx_word' id='word_1_389' title='bbox 2524 2648 2877 2701; x_wconf 88' lang='lat' dir='ltr'><strong><em>incolentium</em></strong></span> <span class='ocrx_word' id='word_1_390' title='bbox 2927 2651 3290 2716; x_wconf 72' lang='lat' dir='ltr'><strong><em>prceseiretur,</em></strong></span> <span class='ocrx_word' id='word_1_391' title='bbox 3345 2652 3578 2718; x_wconf 80' lang='lat' dir='ltr'><strong><em>episcopo</em></strong></span> 
     </span>
    </p>
   </div>
   <div class='ocr_carea' id='block_1_58' title="bbox 1952 2739 3580 2809">
    <p class='ocr_par' dir='ltr' id='par_1_58' title="bbox 1952 2739 3580 2809">
     <span class='ocr_line' id='line_1_58' title="bbox 1952 2739 3580 2809; baseline 0.001 -15"><span class='ocrx_word' id='word_1_392' title='bbox 1952 2746 2172 2794; x_wconf 88' lang='lat' dir='ltr'><strong><em>tantum</em></strong></span> <span class='ocrx_word' id='word_1_393' title='bbox 2223 2739 2431 2793; x_wconf 82' lang='lat' dir='ltr'><strong><em>Albrieo</em></strong></span> <span class='ocrx_word' id='word_1_394' title='bbox 2473 2744 2524 2793; x_wconf 91' lang='lat' dir='ltr'><strong><em>et</em></strong></span> <span class='ocrx_word' id='word_1_395' title='bbox 2557 2741 2750 2807; x_wconf 85' lang='lat' dir='ltr'><strong><em>paucis</em></strong></span> <span class='ocrx_word' id='word_1_396' title='bbox 2795 2742 2911 2809; x_wconf 88' lang='lat' dir='ltr'><strong><em>ejus</em></strong></span> <span class='ocrx_word' id='word_1_397' title='bbox 2964 2739 3169 2794; x_wconf 88' lang='lat' dir='ltr'><strong><em>clericis</em></strong></span> <span class='ocrx_word' id='word_1_398' title='bbox 3209 2742 3580 2795; x_wconf 82' lang='lat' dir='ltr'><strong><em>assistentibus</em></strong></span> 
     </span>
    </p>
   </div>
   <div class='ocr_carea' id='block_1_59' title="bbox 1945 2831 3577 2901">
    <p class='ocr_par' dir='ltr' id='par_1_59' title="bbox 1945 2831 3577 2901">
     <span class='ocr_line' id='line_1_59' title="bbox 1945 2831 3577 2901; baseline 0.001 -16"><span class='ocrx_word' id='word_1_399' title='bbox 1945 2832 2219 2901; x_wconf 85' lang='lat' dir='ltr'><strong><em>presbyter</em></strong></span> <span class='ocrx_word' id='word_1_400' title='bbox 2242 2837 2421 2885; x_wconf 88' lang='lat' dir='ltr'><strong><em>noster</em></strong></span> <span class='ocrx_word' id='word_1_401' title='bbox 2443 2832 2611 2885; x_wconf 86' lang='lat' dir='ltr'><strong><em>Teudo</em></strong></span> <span class='ocrx_word' id='word_1_402' title='bbox 2631 2831 2722 2901; x_wconf 51' lang='grc'><strong><em>,9⁵⁸</em></strong></span> <span class='ocrx_word' id='word_1_403' title='bbox 2747 2847 2873 2885; x_wconf 89' lang='lat' dir='ltr'><strong><em>cum</em></strong></span> <span class='ocrx_word' id='word_1_404' title='bbox 2893 2832 3192 2900; x_wconf 79' lang='lat' dir='ltr'><strong><em>presbytero</em></strong></span> <span class='ocrx_word' id='word_1_405' title='bbox 3241 2836 3577 2901; x_wconf 87' lang='lat' dir='ltr'><strong><em>imperatoris</em></strong></span> 
     </span>
    </p>
   </div>
   <div class='ocr_carea' id='block_1_60' title="bbox 1945 2922 3579 2992">
    <p class='ocr_par' dir='ltr' id='par_1_60' title="bbox 1945 2922 3579 2992">
     <span class='ocr_line' id='line_1_60' title="bbox 1945 2922 3579 2992; baseline 0 -16"><span class='ocrx_word' id='word_1_406' title='bbox 1945 2922 2248 2977; x_wconf 84' lang='lat' dir='ltr'><strong><em>Heriwardo</em></strong></span> <span class='ocrx_word' id='word_1_407' title='bbox 2300 2924 2524 2977; x_wconf 89' lang='lat' dir='ltr'><strong><em>archam</em></strong></span> <span class='ocrx_word' id='word_1_408' title='bbox 2579 2925 2776 2989; x_wconf 89' lang='lat' dir='ltr'><strong><em>sancti,</em></strong></span> <span class='ocrx_word' id='word_1_409' title='bbox 2830 2924 2967 2992; x_wconf 89' lang='lat' dir='ltr'><strong><em>quod</em></strong></span> <span class='ocrx_word' id='word_1_410' title='bbox 2995 2926 3103 2978; x_wconf 89' lang='lat' dir='ltr'><strong><em>nisi</em></strong></span> <span class='ocrx_word' id='word_1_411' title='bbox 3145 2924 3310 2978; x_wconf 78' lang='lat' dir='ltr'><strong><em>altari</em></strong></span> <span class='ocrx_word' id='word_1_412' title='bbox 3354 2924 3579 2991; x_wconf 88' lang='lat' dir='ltr'><strong><em>desuper</em></strong></span> 
     </span>
    </p>
   </div>
   <div class='ocr_carea' id='block_1_61' title="bbox 233 3004 3577 3117">
    <p class='ocr_par' dir='ltr' id='par_1_61' title="bbox 233 3004 3577 3117">
     <span class='ocr_line' id='line_1_61' title="bbox 233 3004 3577 3117; baseline 0.003 -59"><span class='ocrx_word' id='word_1_413' title='bbox 233 3004 603 3059; x_wconf 87' lang='lat' dir='ltr'><strong><em>interfuerunt</em></strong></span> <span class='ocrx_word' id='word_1_414' title='bbox 653 3006 976 3076; x_wconf 77' lang='lat' dir='ltr'><strong><em>plenissime</em></strong></span> <span class='ocrx_word' id='word_1_415' title='bbox 1049 3006 1264 3081; x_wconf 83' lang='lat' dir='ltr'><strong><em>digesta</em></strong></span> <span class='ocrx_word' id='word_1_416' title='bbox 1338 3006 1408 3061; x_wconf 93' lang='lat' dir='ltr'><strong><em>de</em></strong></span> <span class='ocrx_word' id='word_1_417' title='bbox 1485 3005 1847 3063; x_wconf 86' lang='lat' dir='ltr'><strong><em>translatione</em></strong></span> <span class='ocrx_word' id='word_1_418' title='bbox 1875 3015 2168 3117; x_wconf 32' lang='lat' dir='ltr'><strong><em>C“effracto</em></strong></span> <span class='ocrx_word' id='word_1_419' title='bbox 2214 3016 2591 3081; x_wconf 85' lang='lat' dir='ltr'><strong><em>nequiverant,</em></strong></span> <span class='ocrx_word' id='word_1_420' title='bbox 2632 3016 2905 3082; x_wconf 87' lang='lat' dir='ltr'><strong><em>aperiunt,</em></strong></span> <span class='ocrx_word' id='word_1_421' title='bbox 2934 3016 3137 3082; x_wconf 83' lang='lat' dir='ltr'><strong><em>ipsique</em></strong></span> <span class='ocrx_word' id='word_1_422' title='bbox 3164 3029 3256 3082; x_wconf 88' lang='lat' dir='ltr'><strong><em>per</em></strong></span> <span class='ocrx_word' id='word_1_423' title='bbox 3289 3030 3345 3069; x_wconf 91' lang='lat' dir='ltr'><strong><em>se</em></strong></span> <span class='ocrx_word' id='word_1_424' title='bbox 3388 3015 3455 3048; x_wconf 68' lang='grc'><strong><em>9⁵⁵</em></strong></span> <span class='ocrx_word' id='word_1_425' title='bbox 3485 3028 3577 3068; x_wconf 87' lang='lat' dir='ltr'><strong><em>sa-</em></strong></span> 
     </span>
    </p>
   </div>
   <div class='ocr_carea' id='block_1_62' title="bbox 136 3086 675 3152">
    <p class='ocr_par' dir='ltr' id='par_1_62' title="bbox 136 3086 675 3152">
     <span class='ocr_line' id='line_1_62' title="bbox 136 3086 675 3152; baseline 0.004 -2"><span class='ocrx_word' id='word_1_426' title='bbox 136 3086 143 3097; x_wconf 80' lang='grc'><em>’</em></span> <span class='ocrx_word' id='word_1_427' title='bbox 233 3104 545 3152; x_wconf 76' lang='lat' dir='ltr'><strong><em>sanctorum</em></strong></span> <span class='ocrx_word' id='word_1_428' title='bbox 577 3098 675 3152; x_wconf 75' lang='lat'><strong><em>“0:</em></strong></span> 
     </span>
    </p>
   </div>
   <div class='ocr_carea' id='block_1_63' title="bbox 302 3190 1851 3260">
    <p class='ocr_par' dir='ltr' id='par_1_63' title="bbox 302 3190 1851 3260">
     <span class='ocr_line' id='line_1_63' title="bbox 302 3190 1851 3260; baseline 0.001 -16"><span class='ocrx_word' id='word_1_429' title='bbox 302 3193 457 3245; x_wconf 84' lang='lat' dir='ltr'><strong><em>Anno</em></strong></span> <span class='ocrx_word' id='word_1_430' title='bbox 493 3191 775 3245; x_wconf 67' lang='lat' dir='ltr'><strong><em>dominica:</em></strong></span> <span class='ocrx_word' id='word_1_431' title='bbox 828 3192 1226 3245; x_wconf 87' lang='lat' dir='ltr'><strong><em>incarnationis</em></strong></span> <span class='ocrx_word' id='word_1_432' title='bbox 1281 3190 1407 3259; x_wconf 86' lang='lat'><strong><em>970,</em></strong></span> <span class='ocrx_word' id='word_1_433' title='bbox 1436 3206 1634 3260; x_wconf 88' lang='lat' dir='ltr'><strong><em>magno</em></strong></span> <span class='ocrx_word' id='word_1_434' title='bbox 1670 3197 1721 3246; x_wconf 90' lang='lat' dir='ltr'><strong><em>et</em></strong></span> <span class='ocrx_word' id='word_1_435' title='bbox 1746 3191 1851 3260; x_wconf 92' lang='lat' dir='ltr'><strong><em>glo-</em></strong></span> 
     </span>
    </p>
   </div>
   <div class='ocr_carea' id='block_1_64' title="bbox 136 3285 1850 3352">
    <p class='ocr_par' dir='ltr' id='par_1_64' title="bbox 136 3285 1850 3352">
     <span class='ocr_line' id='line_1_64' title="bbox 136 3285 1850 3352; baseline 0.001 -15"><span class='ocrx_word' id='word_1_436' title='bbox 136 3298 139 3305; x_wconf 80' lang='lat'>&#39;</span> <span class='ocrx_word' id='word_1_437' title='bbox 227 3285 517 3338; x_wconf 36' lang='lat' dir='ltr'><strong><em>riosissi&#39;mo</em></strong></span> <span class='ocrx_word' id='word_1_438' title='bbox 546 3297 742 3337; x_wconf 77' lang='lat' dir='ltr'><strong><em>caesare</em></strong></span> <span class='ocrx_word' id='word_1_439' title='bbox 794 3288 1022 3350; x_wconf 86' lang='lat' dir='ltr'><strong><em>augusto</em></strong></span> <span class='ocrx_word' id='word_1_440' title='bbox 1079 3286 1265 3338; x_wconf 87' lang='lat' dir='ltr'><strong><em>Ottone</em></strong></span> <span class='ocrx_word' id='word_1_441' title='bbox 1311 3299 1437 3337; x_wconf 88' lang='lat' dir='ltr'><strong><em>cum</em></strong></span> <span class='ocrx_word' id='word_1_442' title='bbox 1464 3286 1727 3352; x_wconf 73' lang='lat' dir='ltr'><strong><em>aequivoco</em></strong></span> <span class='ocrx_word' id='word_1_443' title='bbox 1753 3299 1850 3339; x_wconf 91' lang='lat' dir='ltr'><strong><em>suo</em></strong></span> 
     </span>
    </p>
   </div>
   <div class='ocr_carea' id='block_1_65' title="bbox 132 3379 1845 3457">
    <p class='ocr_par' dir='ltr' id='par_1_65' title="bbox 132 3379 1845 3457">
     <span class='ocr_line' id='line_1_65' title="bbox 132 3379 1845 3457; baseline 0.001 -24"><span class='ocrx_word' id='word_1_444' title='bbox 132 3452 145 3457; x_wconf 30' lang='grc' dir='ltr'><strong><em>ν</em></strong></span> <span class='ocrx_word' id='word_1_445' title='bbox 229 3380 564 3434; x_wconf 86' lang='lat' dir='ltr'><strong><em>admirabilis</em></strong></span> <span class='ocrx_word' id='word_1_446' title='bbox 603 3380 794 3434; x_wconf 82' lang='lat' dir='ltr'><strong><em>indolis</em></strong></span> <span class='ocrx_word' id='word_1_447' title='bbox 846 3379 1171 3433; x_wconf 85' lang='lat' dir='ltr'><strong><em>adolescente</em></strong></span> <span class='ocrx_word' id='word_1_448' title='bbox 1229 3379 1341 3444; x_wconf 84' lang='lat' dir='ltr'><strong><em>ﬁlio</em></strong></span> <span class='ocrx_word' id='word_1_449' title='bbox 1395 3395 1544 3449; x_wconf 67' lang='lat' dir='ltr'><strong><em>asque</em></strong></span> <span class='ocrx_word' id='word_1_450' title='bbox 1597 3386 1845 3448; x_wconf 88' lang='lat' dir='ltr'><strong><em>augusto,</em></strong></span> 
     </span>
    </p>
   </div>
   <div class='ocr_carea' id='block_1_66' title="bbox 224 3471 1845 3541">
    <p class='ocr_par' dir='ltr' id='par_1_66' title="bbox 224 3471 1845 3541">
     <span class='ocr_line' id='line_1_66' title="bbox 224 3471 1845 3541; baseline -0.002 -14"><span class='ocrx_word' id='word_1_451' title='bbox 224 3473 494 3541; x_wconf 86' lang='lat' dir='ltr'><strong><em>simulque</em></strong></span> <span class='ocrx_word' id='word_1_452' title='bbox 529 3487 863 3540; x_wconf 89' lang='lat' dir='ltr'><strong><em>magnarum</em></strong></span> <span class='ocrx_word' id='word_1_453' title='bbox 917 3474 1192 3525; x_wconf 87' lang='lat' dir='ltr'><strong><em>virtutum</em></strong></span> <span class='ocrx_word' id='word_1_454' title='bbox 1244 3475 1469 3539; x_wconf 88' lang='lat' dir='ltr'><strong><em>conjuge</em></strong></span> <span class='ocrx_word' id='word_1_455' title='bbox 1514 3471 1845 3525; x_wconf 60' lang='lat' dir='ltr'><strong><em>Adeleide“!</em></strong></span> 
     </span>
    </p>
   </div>
   <div class='ocr_carea' id='block_1_67' title="bbox 228 3560 1844 3631">
    <p class='ocr_par' dir='ltr' id='par_1_67' title="bbox 228 3560 1844 3631">
     <span class='ocr_line' id='line_1_67' title="bbox 228 3560 1844 3631; baseline -0.001 -15"><span class='ocrx_word' id='word_1_456' title='bbox 228 3578 339 3631; x_wconf 89' lang='lat' dir='ltr'><strong><em>qua</em></strong></span> <span class='ocrx_word' id='word_1_457' title='bbox 367 3563 507 3615; x_wconf 87' lang='lat' dir='ltr'><strong><em>nihil</em></strong></span> <span class='ocrx_word' id='word_1_458' title='bbox 545 3576 803 3629; x_wconf 86' lang='lat' dir='ltr'><strong><em>umquam</em></strong></span> <span class='ocrx_word' id='word_1_459' title='bbox 833 3562 1059 3629; x_wconf 88' lang='lat' dir='ltr'><strong><em>justius,</em></strong></span> <span class='ocrx_word' id='word_1_460' title='bbox 1105 3562 1463 3625; x_wconf 84' lang='lat' dir='ltr'><strong><em>mansuetius,</em></strong></span> <span class='ocrx_word' id='word_1_461' title='bbox 1503 3560 1844 3629; x_wconf 85' lang='lat' dir='ltr'><strong><em>prudentius,</em></strong></span> 
     </span>
    </p>
   </div>
   <div class='ocr_carea' id='block_1_68' title="bbox 228 3649 1847 3719">
    <p class='ocr_par' dir='ltr' id='par_1_68' title="bbox 228 3649 1847 3719">
     <span class='ocr_line' id='line_1_68' title="bbox 228 3649 1847 3719; baseline -0.001 -14"><span class='ocrx_word' id='word_1_462' title='bbox 228 3666 331 3707; x_wconf 90' lang='lat' dir='ltr'><strong><em>nec</em></strong></span> <span class='ocrx_word' id='word_1_463' title='bbox 364 3652 538 3719; x_wconf 89' lang='lat' dir='ltr'><strong><em>magis</em></strong></span> <span class='ocrx_word' id='word_1_464' title='bbox 591 3652 677 3719; x_wconf 85' lang='lat' dir='ltr'><strong><em>pie</em></strong></span> <span class='ocrx_word' id='word_1_465' title='bbox 714 3652 1003 3718; x_wconf 86' lang='lat' dir='ltr'><strong><em>quicquam</em></strong></span> <span class='ocrx_word' id='word_1_466' title='bbox 1053 3652 1231 3718; x_wconf 89' lang='lat' dir='ltr'><strong><em>potuit</em></strong></span> <span class='ocrx_word' id='word_1_467' title='bbox 1260 3663 1386 3716; x_wconf 89' lang='lat' dir='ltr'><strong><em>esse,</em></strong></span> <span class='ocrx_word' id='word_1_468' title='bbox 1418 3649 1590 3703; x_wconf 68' lang='lat' dir='ltr'><strong><em>Italae</em></strong></span> <span class='ocrx_word' id='word_1_469' title='bbox 1639 3655 1847 3718; x_wconf 88' lang='lat' dir='ltr'><strong><em>sceptra</em></strong></span> 
     </span>
    </p>
   </div>
   <div class='ocr_carea' id='block_1_69' title="bbox 131 3730 1849 3813">
    <p class='ocr_par' dir='ltr' id='par_1_69' title="bbox 131 3730 1849 3813">
     <span class='ocr_line' id='line_1_69' title="bbox 131 3730 1849 3813; baseline -0.003 -14"><span class='ocrx_word' id='word_1_470' title='bbox 131 3730 137 3735; x_wconf 56' lang='grc'><strong>’</strong></span> <span class='ocrx_word' id='word_1_471' title='bbox 223 3746 315 3813; x_wconf 86' lang='lat' dir='ltr'><strong><em>pio</em></strong></span> <span class='ocrx_word' id='word_1_472' title='bbox 335 3744 590 3811; x_wconf 88' lang='lat' dir='ltr'><strong><em>justeque</em></strong></span> <span class='ocrx_word' id='word_1_473' title='bbox 636 3739 1000 3794; x_wconf 88' lang='lat' dir='ltr'><strong><em>moderamine</em></strong></span> <span class='ocrx_word' id='word_1_474' title='bbox 1033 3741 1258 3809; x_wconf 74' lang='lat' dir='ltr'><strong><em>paci/tce</em></strong></span> <span class='ocrx_word' id='word_1_475' title='bbox 1291 3755 1356 3794; x_wconf 91' lang='lat' dir='ltr'><strong><em>ac</em></strong></span> <span class='ocrx_word' id='word_1_476' title='bbox 1392 3740 1554 3795; x_wconf 90' lang='lat' dir='ltr'><strong><em>solide</em></strong></span> <span class='ocrx_word' id='word_1_477' title='bbox 1595 3755 1761 3808; x_wconf 88' lang='lat' dir='ltr'><strong><em>usque</em></strong></span> <span class='ocrx_word' id='word_1_478' title='bbox 1788 3743 1849 3795; x_wconf 89' lang='lat' dir='ltr'><strong><em>in</em></strong></span> 
     </span>
    </p>
   </div>
   <div class='ocr_carea' id='block_1_70' title="bbox 226 3828 1856 3897">
    <p class='ocr_par' dir='ltr' id='par_1_70' title="bbox 226 3828 1856 3897">
     <span class='ocr_line' id='line_1_70' title="bbox 226 3828 1856 3897; baseline 0.001 -14"><span class='ocrx_word' id='word_1_479' title='bbox 226 3832 363 3896; x_wconf 81' lang='lat' dir='ltr'><strong><em>ﬁnes</em></strong></span> <span class='ocrx_word' id='word_1_480' title='bbox 416 3829 676 3882; x_wconf 73' lang='lat' dir='ltr'><strong><em>Calabria:</em></strong></span> <span class='ocrx_word' id='word_1_481' title='bbox 712 3828 1162 3897; x_wconf 84' lang='lat' dir='ltr'><strong><em>gubernantibus,</em></strong></span> <span class='ocrx_word' id='word_1_482' title='bbox 1203 3829 1430 3884; x_wconf 89' lang='lat' dir='ltr'><strong><em>domnus</em></strong></span> <span class='ocrx_word' id='word_1_483' title='bbox 1459 3834 1511 3883; x_wconf 91' lang='lat' dir='ltr'><strong><em>et</em></strong></span> <span class='ocrx_word' id='word_1_484' title='bbox 1540 3828 1856 3884; x_wconf 87' lang='lat' dir='ltr'><strong><em>venerabilis</em></strong></span> 
     </span>
    </p>
   </div>
   <div class='ocr_carea' id='block_1_71' title="bbox 227 3921 1857 3991">
    <p class='ocr_par' dir='ltr' id='par_1_71' title="bbox 227 3921 1857 3991">
     <span class='ocr_line' id='line_1_71' title="bbox 227 3921 1857 3991; baseline -0.001 -14"><span class='ocrx_word' id='word_1_485' title='bbox 227 3928 434 3978; x_wconf 66' lang='lat' dir='ltr'><strong><em>sanctae</em></strong></span> <span class='ocrx_word' id='word_1_486' title='bbox 482 3923 749 3976; x_wconf 85' lang='lat' dir='ltr'><strong><em>Mettensis</em></strong></span> <span class='ocrx_word' id='word_1_487' title='bbox 805 3921 874 3955; x_wconf 72' lang='grc'><strong><em>⁹⁴²</em></strong></span> <span class='ocrx_word' id='word_1_488' title='bbox 912 3924 1183 3991; x_wconf 83' lang='lat' dir='ltr'><strong><em>episeOpus</em></strong></span> <span class='ocrx_word' id='word_1_489' title='bbox 1238 3921 1549 3976; x_wconf 87' lang='lat' dir='ltr'><strong><em>Deodericus</em></strong></span> <span class='ocrx_word' id='word_1_490' title='bbox 1588 3924 1691 3991; x_wconf 85' lang='lat' dir='ltr'><strong><em>ipsi</em></strong></span> <span class='ocrx_word' id='word_1_491' title='bbox 1735 3937 1857 3975; x_wconf 89' lang='lat' dir='ltr'><strong><em>ma-</em></strong></span> 
     </span>
    </p>
   </div>
   <div class='ocr_carea' id='block_1_72' title="bbox 229 4013 1855 4083">
    <p class='ocr_par' dir='ltr' id='par_1_72' title="bbox 229 4013 1855 4083">
     <span class='ocr_line' id='line_1_72' title="bbox 229 4013 1855 4083; baseline 0.001 -17"><span class='ocrx_word' id='word_1_492' title='bbox 229 4015 428 4083; x_wconf 83' lang='lat' dir='ltr'><strong><em>gniﬁco</em></strong></span> <span class='ocrx_word' id='word_1_493' title='bbox 471 4016 784 4083; x_wconf 87' lang='lat' dir='ltr'><strong><em>imperatori</em></strong></span> <span class='ocrx_word' id='word_1_494' title='bbox 806 4015 1078 4082; x_wconf 88' lang='lat' dir='ltr'><strong><em>sanguine</em></strong></span> <span class='ocrx_word' id='word_1_495' title='bbox 1102 4028 1167 4068; x_wconf 90' lang='lat' dir='ltr'><strong><em>ac</em></strong></span> <span class='ocrx_word' id='word_1_496' title='bbox 1195 4014 1339 4067; x_wconf 87' lang='lat' dir='ltr'><strong><em>mira</em></strong></span> <span class='ocrx_word' id='word_1_497' title='bbox 1367 4013 1648 4067; x_wconf 87' lang='lat' dir='ltr'><strong><em>dilectione</em></strong></span> <span class='ocrx_word' id='word_1_498' title='bbox 1694 4019 1855 4082; x_wconf 89' lang='lat' dir='ltr'><strong><em>atque</em></strong></span> 
     </span>
    </p>
   </div>
   <div class='ocr_carea' id='block_1_73' title="bbox 231 4107 1855 4177">
    <p class='ocr_par' dir='ltr' id='par_1_73' title="bbox 231 4107 1855 4177">
     <span class='ocr_line' id='line_1_73' title="bbox 231 4107 1855 4177; baseline 0.001 -15"><span class='ocrx_word' id='word_1_499' title='bbox 231 4110 710 4176; x_wconf 85' lang='lat' dir='ltr'><strong><em>consanguinitate</em></strong></span> <span class='ocrx_word' id='word_1_500' title='bbox 738 4107 809 4141; x_wconf 66' lang='lat'><strong>9‘3</strong></span> <span class='ocrx_word' id='word_1_501' title='bbox 838 4110 1180 4176; x_wconf 87' lang='lat' dir='ltr'><strong><em>conjunctus,</em></strong></span> <span class='ocrx_word' id='word_1_502' title='bbox 1208 4110 1467 4177; x_wconf 87' lang='lat' dir='ltr'><strong><em>cujusque</em></strong></span> <span class='ocrx_word' id='word_1_503' title='bbox 1492 4108 1740 4163; x_wconf 88' lang='lat' dir='ltr'><strong><em>consultu</em></strong></span> <span class='ocrx_word' id='word_1_504' title='bbox 1757 4124 1855 4177; x_wconf 88' lang='lat' dir='ltr'><strong><em>pro</em></strong></span> 
     </span>
    </p>
   </div>
   <div class='ocr_carea' id='block_1_74' title="bbox 232 4200 1856 4270">
    <p class='ocr_par' dir='ltr' id='par_1_74' title="bbox 232 4200 1856 4270">
     <span class='ocr_line' id='line_1_74' title="bbox 232 4200 1856 4270; baseline 0 -17"><span class='ocrx_word' id='word_1_505' title='bbox 232 4203 378 4254; x_wconf 90' lang='lat' dir='ltr'><strong><em>mira</em></strong></span> <span class='ocrx_word' id='word_1_506' title='bbox 406 4202 685 4268; x_wconf 72' lang='lat' dir='ltr'><strong><em>sapientia:</em></strong></span> <span class='ocrx_word' id='word_1_507' title='bbox 706 4202 1062 4268; x_wconf 63' lang='lat' dir='ltr'><strong><em>praerogativa</em></strong></span> <span class='ocrx_word' id='word_1_508' title='bbox 1105 4205 1304 4254; x_wconf 88' lang='lat' dir='ltr'><strong><em>cuncta</em></strong></span> <span class='ocrx_word' id='word_1_509' title='bbox 1330 4200 1582 4268; x_wconf 88' lang='lat' dir='ltr'><strong><em>palatina</em></strong></span> <span class='ocrx_word' id='word_1_510' title='bbox 1619 4201 1856 4270; x_wconf 89' lang='lat' dir='ltr'><strong><em>ageban-</em></strong></span> 
     </span>
    </p>
   </div>
   <div class='ocr_carea' id='block_1_75' title="bbox 232 4291 1854 4361">
    <p class='ocr_par' dir='ltr' id='par_1_75' title="bbox 232 4291 1854 4361">
     <span class='ocr_line' id='line_1_75' title="bbox 232 4291 1854 4361; baseline 0.001 -15"><span class='ocrx_word' id='word_1_511' title='bbox 232 4298 327 4346; x_wconf 87' lang='lat' dir='ltr'><strong><em>tur</em></strong></span> <span class='ocrx_word' id='word_1_512' title='bbox 354 4294 586 4361; x_wconf 87' lang='lat' dir='ltr'><strong><em>negotia,</em></strong></span> <span class='ocrx_word' id='word_1_513' title='bbox 631 4294 690 4345; x_wconf 89' lang='lat' dir='ltr'><strong><em>in</em></strong></span> <span class='ocrx_word' id='word_1_514' title='bbox 712 4291 898 4345; x_wconf 87' lang='lat' dir='ltr'><strong><em>eadem</em></strong></span> <span class='ocrx_word' id='word_1_515' title='bbox 932 4292 1126 4346; x_wconf 89' lang='lat' dir='ltr'><strong><em>Italica</em></strong></span> <span class='ocrx_word' id='word_1_516' title='bbox 1154 4292 1485 4360; x_wconf 67' lang='lat' dir='ltr'><strong><em>ewpeditione</em></strong></span> <span class='ocrx_word' id='word_1_517' title='bbox 1511 4296 1854 4360; x_wconf 88' lang='lat' dir='ltr'><strong><em>constitutus,</em></strong></span> 
     </span>
    </p>
   </div>
   <div class='ocr_carea' id='block_1_76' title="bbox 230 4381 1857 4452">
    <p class='ocr_par' dir='ltr' id='par_1_76' title="bbox 230 4381 1857 4452">
     <span class='ocr_line' id='line_1_76' title="bbox 230 4381 1857 4452; baseline 0.001 -16"><span class='ocrx_word' id='word_1_518' title='bbox 230 4385 291 4436; x_wconf 87' lang='lat' dir='ltr'><strong><em>in</em></strong></span> <span class='ocrx_word' id='word_1_519' title='bbox 307 4397 415 4450; x_wconf 84' lang='lat' dir='ltr'><strong><em>qua</em></strong></span> <span class='ocrx_word' id='word_1_520' title='bbox 447 4384 747 4436; x_wconf 84' lang='lat' dir='ltr'><strong><em>triennium</em></strong></span> <span class='ocrx_word' id='word_1_521' title='bbox 771 4383 885 4449; x_wconf 87' lang='lat' dir='ltr'><strong><em>fere</em></strong></span> <span class='ocrx_word' id='word_1_522' title='bbox 908 4382 1186 4449; x_wconf 84' lang='lat' dir='ltr'><strong><em>militavit,</em></strong></span> <span class='ocrx_word' id='word_1_523' title='bbox 1219 4381 1349 4436; x_wconf 88' lang='lat' dir='ltr'><strong><em>dum</em></strong></span> <span class='ocrx_word' id='word_1_524' title='bbox 1383 4382 1563 4437; x_wconf 89' lang='lat' dir='ltr'><strong><em>divino</em></strong></span> <span class='ocrx_word' id='word_1_525' title='bbox 1586 4385 1857 4452; x_wconf 69' lang='lat' dir='ltr'><strong><em>praecipue</em></strong></span> 
     </span>
    </p>
   </div>
   <div class='ocr_carea' id='block_1_77' title="bbox 231 4472 1853 4542">
    <p class='ocr_par' dir='ltr' id='par_1_77' title="bbox 231 4472 1853 4542">
     <span class='ocr_line' id='line_1_77' title="bbox 231 4472 1853 4542; baseline -0.001 -14"><span class='ocrx_word' id='word_1_526' title='bbox 231 4474 408 4528; x_wconf 88' lang='lat' dir='ltr'><strong><em>cultui</em></strong></span> <span class='ocrx_word' id='word_1_527' title='bbox 451 4472 519 4506; x_wconf 68' lang='lat'><strong><em>9“</em></strong></span> <span class='ocrx_word' id='word_1_528' title='bbox 548 4474 754 4528; x_wconf 88' lang='lat' dir='ltr'><strong><em>deditus</em></strong></span> <span class='ocrx_word' id='word_1_529' title='bbox 810 4488 1030 4542; x_wconf 70' lang='lat' dir='ltr'><strong><em>quicque</em></strong></span> <span class='ocrx_word' id='word_1_530' title='bbox 1067 4473 1137 4526; x_wconf 88' lang='lat' dir='ltr'><strong><em>ad</em></strong></span> <span class='ocrx_word' id='word_1_531' title='bbox 1185 4474 1457 4541; x_wconf 89' lang='lat' dir='ltr'><strong><em>honorem,</em></strong></span> <span class='ocrx_word' id='word_1_532' title='bbox 1503 4475 1738 4529; x_wconf 84' lang='lat' dir='ltr'><strong><em>decorem</em></strong></span> <span class='ocrx_word' id='word_1_533' title='bbox 1785 4474 1853 4508; x_wconf 72' lang='grc'><strong>⁹⁴⁵</strong></span> 
     </span>
    </p>
   </div>
   <div class='ocr_carea' id='block_1_78' title="bbox 230 4567 1853 4638">
    <p class='ocr_par' dir='ltr' id='par_1_78' title="bbox 230 4567 1853 4638">
     <span class='ocr_line' id='line_1_78' title="bbox 230 4567 1853 4638; baseline 0.002 -17"><span class='ocrx_word' id='word_1_534' title='bbox 230 4580 327 4621; x_wconf 84' lang='lat' dir='ltr'><strong><em>seu</em></strong></span> <span class='ocrx_word' id='word_1_535' title='bbox 352 4569 762 4621; x_wconf 86' lang='lat' dir='ltr'><strong><em>munimentum</em></strong></span> <span class='ocrx_word' id='word_1_536' title='bbox 787 4582 901 4621; x_wconf 72' lang='lat' dir='ltr'><strong><em>sua:</em></strong></span> <span class='ocrx_word' id='word_1_537' title='bbox 931 4573 1134 4621; x_wconf 68' lang='lat' dir='ltr'><strong><em>sancta:</em></strong></span> <span class='ocrx_word' id='word_1_538' title='bbox 1157 4567 1292 4621; x_wconf 85' lang='lat' dir='ltr'><strong><em>sedis</em></strong></span> <span class='ocrx_word' id='word_1_539' title='bbox 1317 4570 1566 4622; x_wconf 85' lang='lat' dir='ltr'><strong><em>certatim</em></strong></span> <span class='ocrx_word' id='word_1_540' title='bbox 1599 4572 1853 4638; x_wconf 75' lang='lat' dir='ltr'><strong><em>exquire-</em></strong></span> 
     </span>
    </p>
   </div>
   <div class='ocr_carea' id='block_1_79' title="bbox 231 4655 1852 4726">
    <p class='ocr_par' dir='ltr' id='par_1_79' title="bbox 231 4655 1852 4726">
     <span class='ocr_line' id='line_1_79' title="bbox 231 4655 1852 4726; baseline 0.002 -17"><span class='ocrx_word' id='word_1_541' title='bbox 231 4661 335 4722; x_wconf 86' lang='lat' dir='ltr'><strong><em>ret,</em></strong></span> <span class='ocrx_word' id='word_1_542' title='bbox 358 4662 519 4725; x_wconf 90' lang='lat' dir='ltr'><strong><em>atque</em></strong></span> <span class='ocrx_word' id='word_1_543' title='bbox 538 4655 608 4688; x_wconf 66' lang='lat'><strong><em>9“</em></strong></span> <span class='ocrx_word' id='word_1_544' title='bbox 645 4657 940 4722; x_wconf 86' lang='lat' dir='ltr'><strong><em>efﬁcaciter</em></strong></span> <span class='ocrx_word' id='word_1_545' title='bbox 963 4658 1094 4711; x_wconf 85' lang='lat' dir='ltr'><strong><em>votis</em></strong></span> <span class='ocrx_word' id='word_1_546' title='bbox 1124 4659 1240 4725; x_wconf 88' lang='lat' dir='ltr'><strong><em>ejus</em></strong></span> <span class='ocrx_word' id='word_1_547' title='bbox 1270 4662 1469 4710; x_wconf 88' lang='lat' dir='ltr'><strong><em>cuncta</em></strong></span> <span class='ocrx_word' id='word_1_548' title='bbox 1493 4663 1852 4726; x_wconf 86' lang='lat' dir='ltr'><strong><em>suppeterent,</em></strong></span> 
     </span>
    </p>
   </div>
   <div class='ocr_carea' id='block_1_80' title="bbox 234 4752 1854 4820">
    <p class='ocr_par' dir='ltr' id='par_1_80' title="bbox 234 4752 1854 4820">
     <span class='ocr_line' id='line_1_80' title="bbox 234 4752 1854 4820; baseline 0.001 -15"><span class='ocrx_word' id='word_1_549' title='bbox 234 4765 519 4820; x_wconf 86' lang='lat' dir='ltr'><strong><em>corporum</em></strong></span> <span class='ocrx_word' id='word_1_550' title='bbox 570 4757 885 4806; x_wconf 89' lang='lat' dir='ltr'><strong><em>sanctorum</em></strong></span> <span class='ocrx_word' id='word_1_551' title='bbox 930 4752 1235 4805; x_wconf 68' lang='lat' dir='ltr'><strong><em>mawimam</em></strong></span> <span class='ocrx_word' id='word_1_552' title='bbox 1265 4753 1473 4820; x_wconf 88' lang='lat' dir='ltr'><strong><em>copiam</em></strong></span> <span class='ocrx_word' id='word_1_553' title='bbox 1517 4766 1587 4805; x_wconf 77' lang='lat' dir='ltr'><strong><em>ea:</em></strong></span> <span class='ocrx_word' id='word_1_554' title='bbox 1635 4752 1854 4807; x_wconf 86' lang='lat' dir='ltr'><strong><em>diversis</em></strong></span> 
     </span>
    </p>
   </div>
   <div class='ocr_carea' id='block_1_81' title="bbox 235 4845 1846 4915">
    <p class='ocr_par' dir='ltr' id='par_1_81' title="bbox 235 4845 1846 4915">
     <span class='ocr_line' id='line_1_81' title="bbox 235 4845 1846 4915; baseline 0.001 -15"><span class='ocrx_word' id='word_1_555' title='bbox 235 4847 408 4901; x_wconf 82' lang='lat' dir='ltr'><strong><em>Italiae</em></strong></span> <span class='ocrx_word' id='word_1_556' title='bbox 454 4846 598 4912; x_wconf 87' lang='lat' dir='ltr'><strong><em>locis,</em></strong></span> <span class='ocrx_word' id='word_1_557' title='bbox 648 4847 832 4900; x_wconf 88' lang='lat' dir='ltr'><strong><em>divina</em></strong></span> <span class='ocrx_word' id='word_1_558' title='bbox 869 4861 924 4902; x_wconf 88' lang='lat' dir='ltr'><strong><em>se</em></strong></span> <span class='ocrx_word' id='word_1_559' title='bbox 962 4849 1143 4915; x_wconf 84' lang='lat' dir='ltr'><strong><em>gratia</em></strong></span> <span class='ocrx_word' id='word_1_560' title='bbox 1190 4845 1508 4915; x_wconf 84' lang='lat' dir='ltr'><strong><em>adjuvante,</em></strong></span> <span class='ocrx_word' id='word_1_561' title='bbox 1554 4846 1846 4901; x_wconf 87' lang='lat' dir='ltr'><strong><em>collectam.</em></strong></span> 
     </span>
    </p>
   </div>
   <div class='ocr_carea' id='block_1_82' title="bbox 1950 3106 3579 3175">
    <p class='ocr_par' dir='ltr' id='par_1_82' title="bbox 1950 3106 3579 3175">
     <span class='ocr_line' id='line_1_82' title="bbox 1950 3106 3579 3175; baseline -0.001 -14"><span class='ocrx_word' id='word_1_562' title='bbox 1950 3121 2044 3161; x_wconf 86' lang='lat' dir='ltr'><strong><em>cra</em></strong></span> <span class='ocrx_word' id='word_1_563' title='bbox 2069 3120 2185 3161; x_wconf 84' lang='lat' dir='ltr'><strong><em>ossa</em></strong></span> <span class='ocrx_word' id='word_1_564' title='bbox 2219 3108 2349 3160; x_wconf 89' lang='lat' dir='ltr'><strong><em>miri</em></strong></span> <span class='ocrx_word' id='word_1_565' title='bbox 2376 3106 2623 3160; x_wconf 89' lang='lat' dir='ltr'><strong><em>candoris</em></strong></span> <span class='ocrx_word' id='word_1_566' title='bbox 2653 3121 2751 3159; x_wconf 90' lang='lat' dir='ltr'><strong><em>nec</em></strong></span> <span class='ocrx_word' id='word_1_567' title='bbox 2797 3108 2982 3161; x_wconf 88' lang='lat' dir='ltr'><strong><em>minus</em></strong></span> <span class='ocrx_word' id='word_1_568' title='bbox 3022 3107 3326 3175; x_wconf 82' lang='lat' dir='ltr'><strong><em>fragrantis</em></strong></span> <span class='ocrx_word' id='word_1_569' title='bbox 3358 3106 3429 3140; x_wconf 73' lang='grc'><strong><em>9⁵³</em></strong></span> <span class='ocrx_word' id='word_1_570' title='bbox 3455 3107 3579 3159; x_wconf 90' lang='lat' dir='ltr'><strong><em>odo-</em></strong></span> 
     </span>
    </p>
   </div>
   <div class='ocr_carea' id='block_1_83' title="bbox 1949 3201 3578 3268">
    <p class='ocr_par' dir='ltr' id='par_1_83' title="bbox 1949 3201 3578 3268">
     <span class='ocr_line' id='line_1_83' title="bbox 1949 3201 3578 3268; baseline -0.001 -16"><span class='ocrx_word' id='word_1_571' title='bbox 1949 3201 2045 3264; x_wconf 90' lang='lat' dir='ltr'><strong><em>ris,</em></strong></span> <span class='ocrx_word' id='word_1_572' title='bbox 2102 3201 2287 3252; x_wconf 89' lang='lat' dir='ltr'><strong><em>omnia</em></strong></span> <span class='ocrx_word' id='word_1_573' title='bbox 2322 3213 2546 3253; x_wconf 89' lang='lat' dir='ltr'><strong><em>numero</em></strong></span> <span class='ocrx_word' id='word_1_574' title='bbox 2586 3214 2651 3252; x_wconf 92' lang='lat' dir='ltr'><strong><em>ac</em></strong></span> <span class='ocrx_word' id='word_1_575' title='bbox 2678 3201 2987 3266; x_wconf 86' lang='lat' dir='ltr'><strong><em>quantitate</em></strong></span> <span class='ocrx_word' id='word_1_576' title='bbox 3015 3202 3246 3268; x_wconf 84' lang='lat' dir='ltr'><strong><em>integra,</em></strong></span> <span class='ocrx_word' id='word_1_577' title='bbox 3298 3202 3578 3268; x_wconf 69' lang='lat' dir='ltr'><strong><em>excipiunt</em></strong></span> 
     </span>
    </p>
   </div>
   <div class='ocr_carea' id='block_1_84' title="bbox 1947 3286 3576 3356">
    <p class='ocr_par' dir='ltr' id='par_1_84' title="bbox 1947 3286 3576 3356">
     <span class='ocr_line' id='line_1_84' title="bbox 1947 3286 3576 3356; baseline -0.001 -14"><span class='ocrx_word' id='word_1_578' title='bbox 1947 3290 2249 3356; x_wconf 84' lang='lat' dir='ltr'><strong><em>scrinioque</em></strong></span> <span class='ocrx_word' id='word_1_579' title='bbox 2291 3287 2609 3341; x_wconf 88' lang='lat' dir='ltr'><strong><em>recondunt.</em></strong></span> <span class='ocrx_word' id='word_1_580' title='bbox 2664 3291 2836 3356; x_wconf 82' lang='lat' dir='ltr'><strong><em>Hujus</em></strong></span> <span class='ocrx_word' id='word_1_581' title='bbox 2886 3288 3028 3342; x_wconf 90' lang='lat' dir='ltr'><strong><em>diem</em></strong></span> <span class='ocrx_word' id='word_1_582' title='bbox 3077 3286 3144 3340; x_wconf 81' lang='grc'><strong><em>16</em></strong></span> <span class='ocrx_word' id='word_1_583' title='bbox 3184 3289 3298 3343; x_wconf 88' lang='lat' dir='ltr'><strong><em>Kal.</em></strong></span> <span class='ocrx_word' id='word_1_584' title='bbox 3347 3289 3576 3342; x_wconf 87' lang='lat' dir='ltr'><strong><em>Octobris</em></strong></span> 
     </span>
    </p>
   </div>
   <div class='ocr_carea' id='block_1_85' title="bbox 1949 3379 2514 3434">
    <p class='ocr_par' dir='ltr' id='par_1_85' title="bbox 1949 3379 2514 3434">
     <span class='ocr_line' id='line_1_85' title="bbox 1949 3379 2514 3434; baseline -0.011 0"><span class='ocrx_word' id='word_1_585' title='bbox 1949 3380 2206 3434; x_wconf 87' lang='lat' dir='ltr'><strong><em>celebrem</em></strong></span> <span class='ocrx_word' id='word_1_586' title='bbox 2238 3379 2514 3433; x_wconf 86' lang='lat' dir='ltr'><strong><em>habemus.</em></strong></span> 
     </span>
    </p>
   </div>
   <div class='ocr_carea' id='block_1_86' title="bbox 2022 3465 3576 3531">
    <p class='ocr_par' dir='ltr' id='par_1_86' title="bbox 2022 3465 3576 3531">
     <span class='ocr_line' id='line_1_86' title="bbox 2022 3465 3576 3531; baseline 0.001 -11"><span class='ocrx_word' id='word_1_587' title='bbox 2022 3468 2095 3520; x_wconf 89' lang='lat' dir='ltr'><strong><em>De</em></strong></span> <span class='ocrx_word' id='word_1_588' title='bbox 2125 3466 2330 3521; x_wconf 87' lang='lat' dir='ltr'><strong><em>sanctis</em></strong></span> <span class='ocrx_word' id='word_1_589' title='bbox 2364 3466 2570 3531; x_wconf 85' lang='lat' dir='ltr'><strong><em>Eutice,</em></strong></span> <span class='ocrx_word' id='word_1_590' title='bbox 2617 3465 2893 3521; x_wconf 85' lang='lat' dir='ltr'><strong><em>Victorino</em></strong></span> <span class='ocrx_word' id='word_1_591' title='bbox 2937 3472 2991 3520; x_wconf 90' lang='lat' dir='ltr'><strong><em>et</em></strong></span> <span class='ocrx_word' id='word_1_592' title='bbox 3021 3466 3266 3522; x_wconf 81' lang='lat' dir='ltr'><strong><em>Marone.</em></strong></span> <span class='ocrx_word' id='word_1_593' title='bbox 3305 3470 3576 3522; x_wconf 70' lang='lat' dir='ltr'><strong><em>Venientes</em></strong></span> 
     </span>
    </p>
   </div>
   <div class='ocr_carea' id='block_1_87' title="bbox 1946 3557 3577 3629">
    <p class='ocr_par' dir='ltr' id='par_1_87' title="bbox 1946 3557 3577 3629">
     <span class='ocr_line' id='line_1_87' title="bbox 1946 3557 3577 3629; baseline 0 -18"><span class='ocrx_word' id='word_1_594' title='bbox 1946 3561 2188 3629; x_wconf 76' lang='lat' dir='ltr'><strong><em>proxime</em></strong></span> <span class='ocrx_word' id='word_1_595' title='bbox 2213 3558 2410 3612; x_wconf 88' lang='lat' dir='ltr'><strong><em>abhinc</em></strong></span> <span class='ocrx_word' id='word_1_596' title='bbox 2430 3560 2490 3611; x_wconf 88' lang='lat' dir='ltr'><strong><em>in</em></strong></span> <span class='ocrx_word' id='word_1_597' title='bbox 2515 3560 2848 3612; x_wconf 87' lang='lat' dir='ltr'><strong><em>territorium</em></strong></span> <span class='ocrx_word' id='word_1_598' title='bbox 2876 3557 3393 3623; x_wconf 67' lang='lat' dir='ltr'><strong><em>.4miterni1ue(943)</em></strong></span> <span class='ocrx_word' id='word_1_599' title='bbox 3429 3559 3577 3612; x_wconf 84' lang='lat' dir='ltr'><strong><em>urbis</em></strong></span> 
     </span>
    </p>
   </div>
   <div class='ocr_carea' id='block_1_88' title="bbox 1947 3630 3580 3720">
    <p class='ocr_par' dir='ltr' id='par_1_88' title="bbox 1947 3630 3580 3720">
     <span class='ocr_line' id='line_1_88' title="bbox 1947 3630 3580 3720; baseline 0 -16"><span class='ocrx_word' id='word_1_600' title='bbox 1947 3666 2066 3720; x_wconf 69' lang='lat' dir='ltr'><strong><em>qua:</em></strong></span> <span class='ocrx_word' id='word_1_601' title='bbox 2096 3656 2147 3704; x_wconf 89' lang='lat' dir='ltr'><strong><em>et</em></strong></span> <span class='ocrx_word' id='word_1_602' title='bbox 2168 3653 2283 3720; x_wconf 90' lang='lat' dir='ltr'><strong><em>ipsa</em></strong></span> <span class='ocrx_word' id='word_1_603' title='bbox 2305 3652 2499 3703; x_wconf 89' lang='lat' dir='ltr'><strong><em>ruinas</em></strong></span> <span class='ocrx_word' id='word_1_604' title='bbox 2531 3654 2750 3703; x_wconf 88' lang='lat' dir='ltr'><strong><em>tantum</em></strong></span> <span class='ocrx_word' id='word_1_605' title='bbox 2774 3649 3024 3717; x_wconf 89' lang='lat' dir='ltr'><strong><em>ostendit,</em></strong></span> <span class='ocrx_word' id='word_1_606' title='bbox 3066 3649 3135 3703; x_wconf 93' lang='lat' dir='ltr'><strong><em>ab</em></strong></span> <span class='ocrx_word' id='word_1_607' title='bbox 3164 3649 3344 3703; x_wconf 90' lang='lat' dir='ltr'><strong><em>eodem</em></strong></span> <span class='ocrx_word' id='word_1_608' title='bbox 3372 3630 3580 3704; x_wconf 77' lang='grc' dir='ltr'><em>ΑΜ)νὶἒο</em></span> 
     </span>
    </p>
   </div>
   <div class='ocr_carea' id='block_1_89' title="bbox 1947 3745 3580 3816">
    <p class='ocr_par' dir='ltr' id='par_1_89' title="bbox 1947 3745 3580 3816">
     <span class='ocr_line' id='line_1_89' title="bbox 1947 3745 3580 3816; baseline -0.002 -14"><span class='ocrx_word' id='word_1_609' title='bbox 1947 3749 2181 3816; x_wconf 89' lang='lat' dir='ltr'><strong><em>episcopo</em></strong></span> <span class='ocrx_word' id='word_1_610' title='bbox 2231 3745 2295 3798; x_wconf 88' lang='lat' dir='ltr'><strong><em>de</em></strong></span> <span class='ocrx_word' id='word_1_611' title='bbox 2342 3746 2668 3799; x_wconf 84' lang='lat' dir='ltr'><strong><em>monasterio</em></strong></span> <span class='ocrx_word' id='word_1_612' title='bbox 2718 3760 2833 3798; x_wconf 67' lang='lat' dir='ltr'><strong><em>suae</em></strong></span> <span class='ocrx_word' id='word_1_613' title='bbox 2874 3745 3090 3798; x_wconf 86' lang='lat' dir='ltr'><strong><em>ditionis</em></strong></span> <span class='ocrx_word' id='word_1_614' title='bbox 3139 3748 3297 3799; x_wconf 86' lang='lat' dir='ltr'><strong><em>Reate</em></strong></span> <span class='ocrx_word' id='word_1_615' title='bbox 3347 3745 3580 3813; x_wconf 86' lang='lat' dir='ltr'><strong><em>subjecto</em></strong></span> 
     </span>
    </p>
   </div>
   <div class='ocr_carea' id='block_1_90' title="bbox 1952 3835 3584 3908">
    <p class='ocr_par' dir='ltr' id='par_1_90' title="bbox 1952 3835 3584 3908">
     <span class='ocr_line' id='line_1_90' title="bbox 1952 3835 3584 3908; baseline -0.001 -15"><span class='ocrx_word' id='word_1_616' title='bbox 1952 3840 2249 3908; x_wconf 87' lang='lat' dir='ltr'><strong><em>pretiosum</em></strong></span> <span class='ocrx_word' id='word_1_617' title='bbox 2293 3835 2361 3871; x_wconf 67' lang='lat'><strong><em>“7</em></strong></span> <span class='ocrx_word' id='word_1_618' title='bbox 2384 3843 2697 3905; x_wconf 83' lang='lat' dir='ltr'><strong><em>,martyrem</em></strong></span> <span class='ocrx_word' id='word_1_619' title='bbox 2727 3839 2951 3891; x_wconf 88' lang='lat' dir='ltr'><strong><em>Euticen</em></strong></span> <span class='ocrx_word' id='word_1_620' title='bbox 2989 3839 3207 3906; x_wconf 88' lang='lat' dir='ltr'><strong><em>accepit.</em></strong></span> <span class='ocrx_word' id='word_1_621' title='bbox 3241 3840 3404 3905; x_wconf 80' lang='lat' dir='ltr'><strong><em>Cujus</em></strong></span> <span class='ocrx_word' id='word_1_622' title='bbox 3443 3836 3584 3891; x_wconf 88' lang='lat' dir='ltr'><strong><em>beati</em></strong></span> 
     </span>
    </p>
   </div>
   <div class='ocr_carea' id='block_1_91' title="bbox 1955 3929 3584 3998">
    <p class='ocr_par' dir='ltr' id='par_1_91' title="bbox 1955 3929 3584 3998">
     <span class='ocr_line' id='line_1_91' title="bbox 1955 3929 3584 3998; baseline -0.002 -13"><span class='ocrx_word' id='word_1_623' title='bbox 1955 3932 2084 3985; x_wconf 85' lang='lat' dir='ltr'><strong><em>socii</em></strong></span> <span class='ocrx_word' id='word_1_624' title='bbox 2107 3931 2362 3984; x_wconf 85' lang='lat' dir='ltr'><strong><em>Victorini</em></strong></span> <span class='ocrx_word' id='word_1_625' title='bbox 2382 3931 2505 3998; x_wconf 86' lang='lat' dir='ltr'><strong><em>jam</em></strong></span> <span class='ocrx_word' id='word_1_626' title='bbox 2542 3943 2689 3983; x_wconf 88' lang='lat' dir='ltr'><strong><em>anno</em></strong></span> <span class='ocrx_word' id='word_1_627' title='bbox 2737 3931 3008 3997; x_wconf 90' lang='lat' dir='ltr'><strong><em>superiore</em></strong></span> <span class='ocrx_word' id='word_1_628' title='bbox 3043 3929 3299 3997; x_wconf 87' lang='lat' dir='ltr'><strong><em>reliquias</em></strong></span> <span class='ocrx_word' id='word_1_629' title='bbox 3349 3942 3584 3982; x_wconf 86' lang='lat' dir='ltr'><strong><em>emerue-</em></strong></span> 
     </span>
    </p>
   </div>
   <div class='ocr_carea' id='block_1_92' title="bbox 1957 4017 3578 4087">
    <p class='ocr_par' dir='ltr' id='par_1_92' title="bbox 1957 4017 3578 4087">
     <span class='ocr_line' id='line_1_92' title="bbox 1957 4017 3578 4087; baseline -0.003 -14"><span class='ocrx_word' id='word_1_630' title='bbox 1957 4025 2063 4087; x_wconf 88' lang='lat' dir='ltr'><strong><em>rat,</em></strong></span> <span class='ocrx_word' id='word_1_631' title='bbox 2095 4019 2260 4074; x_wconf 88' lang='lat' dir='ltr'><strong><em>simul</em></strong></span> <span class='ocrx_word' id='word_1_632' title='bbox 2286 4017 2356 4052; x_wconf 71' lang='grc'><strong>9⁵⁸</strong></span> <span class='ocrx_word' id='word_1_633' title='bbox 2381 4024 2431 4072; x_wconf 89' lang='lat' dir='ltr'><strong><em>et</em></strong></span> <span class='ocrx_word' id='word_1_634' title='bbox 2456 4023 2669 4086; x_wconf 89' lang='lat' dir='ltr'><strong><em>partem</em></strong></span> <span class='ocrx_word' id='word_1_635' title='bbox 2693 4020 2873 4071; x_wconf 89' lang='lat' dir='ltr'><strong><em>sancti</em></strong></span> <span class='ocrx_word' id='word_1_636' title='bbox 2908 4020 3137 4072; x_wconf 82' lang='lat' dir='ltr'><strong><em>Maronis</em></strong></span> <span class='ocrx_word' id='word_1_637' title='bbox 3165 4020 3369 4086; x_wconf 87' lang='lat' dir='ltr'><strong><em>pariter</em></strong></span> <span class='ocrx_word' id='word_1_638' title='bbox 3411 4019 3578 4085; x_wconf 82' lang='lat' dir='ltr'><strong><em>passi.</em></strong></span> 
     </span>
    </p>
   </div>
   <div class='ocr_carea' id='block_1_93' title="bbox 1956 4110 3578 4181">
    <p class='ocr_par' dir='ltr' id='par_1_93' title="bbox 1956 4110 3578 4181">
     <span class='ocr_line' id='line_1_93' title="bbox 1956 4110 3578 4181; baseline -0.002 -13"><span class='ocrx_word' id='word_1_639' title='bbox 1956 4116 2189 4177; x_wconf 86' lang='lat' dir='ltr'><strong><em>Quorum</em></strong></span> <span class='ocrx_word' id='word_1_640' title='bbox 2209 4118 2261 4167; x_wconf 91' lang='lat' dir='ltr'><strong><em>ct</em></strong></span> <span class='ocrx_word' id='word_1_641' title='bbox 2291 4113 2404 4166; x_wconf 90' lang='lat' dir='ltr'><strong><em>loca</em></strong></span> <span class='ocrx_word' id='word_1_642' title='bbox 2421 4114 2686 4181; x_wconf 86' lang='lat' dir='ltr'><strong><em>passionis</em></strong></span> <span class='ocrx_word' id='word_1_643' title='bbox 2716 4113 3043 4179; x_wconf 73' lang='lat' dir='ltr'><strong><em>aspeximus,</em></strong></span> <span class='ocrx_word' id='word_1_644' title='bbox 3074 4118 3125 4165; x_wconf 90' lang='lat' dir='ltr'><strong><em>et</em></strong></span> <span class='ocrx_word' id='word_1_645' title='bbox 3162 4110 3230 4145; x_wconf 68' lang='lat'><strong><em>959</em></strong></span> <span class='ocrx_word' id='word_1_646' title='bbox 3275 4126 3443 4179; x_wconf 90' lang='lat' dir='ltr'><strong><em>aquas</em></strong></span> <span class='ocrx_word' id='word_1_647' title='bbox 3482 4114 3578 4164; x_wconf 86' lang='lat' dir='ltr'><strong><em>Co—</em></strong></span> 
     </span>
    </p>
   </div>
   <div class='ocr_carea' id='block_1_94' title="bbox 1959 4204 3573 4273">
    <p class='ocr_par' dir='ltr' id='par_1_94' title="bbox 1959 4204 3573 4273">
     <span class='ocr_line' id='line_1_94' title="bbox 1959 4204 3573 4273; baseline -0.004 -13"><span class='ocrx_word' id='word_1_648' title='bbox 1959 4206 2081 4260; x_wconf 87' lang='lat' dir='ltr'><strong><em>tilas</em></strong></span> <span class='ocrx_word' id='word_1_649' title='bbox 2109 4206 2245 4272; x_wconf 71' lang='lat' dir='ltr'><strong><em>faulo</em></strong></span> <span class='ocrx_word' id='word_1_650' title='bbox 2274 4205 2426 4259; x_wconf 89' lang='lat' dir='ltr'><strong><em>odore</em></strong></span> <span class='ocrx_word' id='word_1_651' title='bbox 2449 4208 2737 4273; x_wconf 87' lang='lat' dir='ltr'><strong><em>spirantes,</em></strong></span> <span class='ocrx_word' id='word_1_652' title='bbox 2771 4206 2828 4257; x_wconf 87' lang='lat' dir='ltr'><strong><em>in</em></strong></span> <span class='ocrx_word' id='word_1_653' title='bbox 2883 4204 3076 4272; x_wconf 90' lang='lat' dir='ltr'><strong><em>quibus</em></strong></span> <span class='ocrx_word' id='word_1_654' title='bbox 3102 4217 3247 4257; x_wconf 89' lang='lat' dir='ltr'><strong><em>verso</em></strong></span> <span class='ocrx_word' id='word_1_655' title='bbox 3272 4204 3446 4269; x_wconf 88' lang='lat' dir='ltr'><strong><em>capite</em></strong></span> <span class='ocrx_word' id='word_1_656' title='bbox 3473 4218 3573 4254; x_wconf 87' lang='lat' dir='ltr'><strong><em>su-</em></strong></span> 
     </span>
    </p>
   </div>
   <div class='ocr_carea' id='block_1_95' title="bbox 1955 4292 3577 4364">
    <p class='ocr_par' dir='ltr' id='par_1_95' title="bbox 1955 4292 3577 4364">
     <span class='ocr_line' id='line_1_95' title="bbox 1955 4292 3577 4364; baseline -0.004 -15"><span class='ocrx_word' id='word_1_657' title='bbox 1955 4309 2176 4364; x_wconf 87' lang='lat' dir='ltr'><strong><em>spensus</em></strong></span> <span class='ocrx_word' id='word_1_658' title='bbox 2227 4295 2412 4360; x_wconf 87' lang='lat' dir='ltr'><strong><em>fuerat</em></strong></span> <span class='ocrx_word' id='word_1_659' title='bbox 2464 4299 2694 4362; x_wconf 86' lang='lat' dir='ltr'><strong><em>martyr.</em></strong></span> <span class='ocrx_word' id='word_1_660' title='bbox 2765 4295 3073 4347; x_wconf 85' lang='lat' dir='ltr'><strong><em>Passionem</em></strong></span> <span class='ocrx_word' id='word_1_661' title='bbox 3123 4292 3350 4359; x_wconf 87' lang='lat' dir='ltr'><strong><em>denique</em></strong></span> <span class='ocrx_word' id='word_1_662' title='bbox 3392 4304 3577 4344; x_wconf 90' lang='lat' dir='ltr'><strong><em>eorum</em></strong></span> 
     </span>
    </p>
   </div>
   <div class='ocr_carea' id='block_1_96' title="bbox 1957 4379 3578 4451">
    <p class='ocr_par' dir='ltr' id='par_1_96' title="bbox 1957 4379 3578 4451">
     <span class='ocr_line' id='line_1_96' title="bbox 1957 4379 3578 4451; baseline -0.002 -15"><span class='ocrx_word' id='word_1_663' title='bbox 1957 4384 2159 4451; x_wconf 89' lang='lat' dir='ltr'><strong><em>scripta</em></strong></span> <span class='ocrx_word' id='word_1_664' title='bbox 2195 4384 2431 4435; x_wconf 88' lang='lat' dir='ltr'><strong><em>retinent</em></strong></span> <span class='ocrx_word' id='word_1_665' title='bbox 2468 4386 2785 4435; x_wconf 88' lang='lat' dir='ltr'><strong><em>sanctorum</em></strong></span> <span class='ocrx_word' id='word_1_666' title='bbox 2841 4383 2990 4434; x_wconf 83' lang='lat' dir='ltr'><strong><em>Nerei</em></strong></span> <span class='ocrx_word' id='word_1_667' title='bbox 3039 4384 3090 4433; x_wconf 89' lang='lat' dir='ltr'><strong><em>et</em></strong></span> <span class='ocrx_word' id='word_1_668' title='bbox 3139 4379 3387 4434; x_wconf 82' lang='lat' dir='ltr'><strong><em>Achillei.</em></strong></span> <span class='ocrx_word' id='word_1_669' title='bbox 3423 4383 3578 4433; x_wconf 83' lang='lat' dir='ltr'><strong><em>lianc</em></strong></span> 
     </span>
    </p>
   </div>
   <div class='ocr_carea' id='block_1_97' title="bbox 1956 4476 3573 4551">
    <p class='ocr_par' dir='ltr' id='par_1_97' title="bbox 1956 4476 3573 4551">
     <span class='ocr_line' id='line_1_97' title="bbox 1956 4476 3573 4551; baseline -0.002 -16"><span class='ocrx_word' id='word_1_670' title='bbox 1956 4483 2064 4551; x_wconf 86' lang='lat' dir='ltr'><strong><em>ipse</em></strong></span> <span class='ocrx_word' id='word_1_671' title='bbox 2090 4481 2317 4535; x_wconf 90' lang='lat' dir='ltr'><strong><em>domnus</em></strong></span> <span class='ocrx_word' id='word_1_672' title='bbox 2366 4478 2685 4533; x_wconf 87' lang='lat' dir='ltr'><strong><em>venerabilis</em></strong></span> <span class='ocrx_word' id='word_1_673' title='bbox 2730 4476 2799 4510; x_wconf 80' lang='grc'><strong><em>⁹⁶⁰</em></strong></span> <span class='ocrx_word' id='word_1_674' title='bbox 2853 4478 3163 4532; x_wconf 88' lang='lat' dir='ltr'><strong><em>Deodericus</em></strong></span> <span class='ocrx_word' id='word_1_675' title='bbox 3213 4477 3407 4532; x_wconf 87' lang='lat' dir='ltr'><strong><em>ibidem</em></strong></span> <span class='ocrx_word' id='word_1_676' title='bbox 3436 4479 3573 4531; x_wconf 84' lang='lat' dir='ltr'><strong><em>assi-</em></strong></span> 
     </span>
    </p>
   </div>
   <div class='ocr_carea' id='block_1_98' title="bbox 1954 4571 3575 4641">
    <p class='ocr_par' dir='ltr' id='par_1_98' title="bbox 1954 4571 3575 4641">
     <span class='ocr_line' id='line_1_98' title="bbox 1954 4571 3575 4641; baseline -0.003 -13"><span class='ocrx_word' id='word_1_677' title='bbox 1954 4580 2119 4641; x_wconf 90' lang='lat' dir='ltr'><strong><em>stens,</em></strong></span> <span class='ocrx_word' id='word_1_678' title='bbox 2150 4588 2218 4627; x_wconf 78' lang='lat' dir='ltr'><strong><em>ea;</em></strong></span> <span class='ocrx_word' id='word_1_679' title='bbox 2246 4574 2360 4640; x_wconf 88' lang='lat' dir='ltr'><strong><em>ipsa</em></strong></span> <span class='ocrx_word' id='word_1_680' title='bbox 2388 4572 2554 4626; x_wconf 88' lang='lat' dir='ltr'><strong><em>archa</em></strong></span> <span class='ocrx_word' id='word_1_681' title='bbox 2578 4584 2847 4623; x_wconf 87' lang='lat' dir='ltr'><strong><em>marmore</em></strong></span> <span class='ocrx_word' id='word_1_682' title='bbox 2892 4571 3106 4636; x_wconf 86' lang='lat' dir='ltr'><strong><em>fortiter</em></strong></span> <span class='ocrx_word' id='word_1_683' title='bbox 3140 4572 3378 4636; x_wconf 86' lang='lat' dir='ltr'><strong><em>munita,</em></strong></span> <span class='ocrx_word' id='word_1_684' title='bbox 3432 4584 3575 4623; x_wconf 81' lang='lat' dir='ltr'><strong><em>mira</em></strong></span> 
     </span>
    </p>
   </div>
   <div class='ocr_carea' id='block_1_99' title="bbox 1955 4658 3570 4728">
    <p class='ocr_par' dir='ltr' id='par_1_99' title="bbox 1955 4658 3570 4728">
     <span class='ocr_line' id='line_1_99' title="bbox 1955 4658 3570 4728; baseline -0.004 -11"><span class='ocrx_word' id='word_1_685' title='bbox 1955 4678 2079 4717; x_wconf 87' lang='lat' dir='ltr'><strong><em>cum</em></strong></span> <span class='ocrx_word' id='word_1_686' title='bbox 2124 4662 2458 4716; x_wconf 75' lang='lat' dir='ltr'><strong><em>exultatione</em></strong></span> <span class='ocrx_word' id='word_1_687' title='bbox 2481 4674 2546 4713; x_wconf 92' lang='lat' dir='ltr'><strong><em>ac</em></strong></span> <span class='ocrx_word' id='word_1_688' title='bbox 2581 4660 2922 4713; x_wconf 88' lang='lat' dir='ltr'><strong><em>veneratione</em></strong></span> <span class='ocrx_word' id='word_1_689' title='bbox 2974 4660 3199 4728; x_wconf 79' lang='lat' dir='ltr'><strong><em>excepit,</em></strong></span> <span class='ocrx_word' id='word_1_690' title='bbox 3246 4664 3429 4714; x_wconf 89' lang='lat' dir='ltr'><strong><em>octavo</em></strong></span> <span class='ocrx_word' id='word_1_691' title='bbox 3462 4658 3570 4712; x_wconf 78' lang='lat' dir='ltr'><strong><em>Kal.</em></strong></span> 
     </span>
    </p>
   </div>
   <div class='ocr_carea' id='block_1_100' title="bbox 1953 4750 3574 4818">
    <p class='ocr_par' dir='ltr' id='par_1_100' title="bbox 1953 4750 3574 4818">
     <span class='ocr_line' id='line_1_100' title="bbox 1953 4750 3574 4818; baseline -0.004 -9"><span class='ocrx_word' id='word_1_692' title='bbox 1953 4755 2157 4811; x_wconf 87' lang='lat' dir='ltr'><strong><em>Octobr.</em></strong></span> <span class='ocrx_word' id='word_1_693' title='bbox 2204 4758 2304 4809; x_wconf 82' lang='lat' dir='ltr'><strong><em>Hos</em></strong></span> <span class='ocrx_word' id='word_1_694' title='bbox 2366 4753 2495 4807; x_wconf 88' lang='lat' dir='ltr'><strong><em>duos</em></strong></span> <span class='ocrx_word' id='word_1_695' title='bbox 2562 4750 2811 4807; x_wconf 88' lang='lat' dir='ltr'><strong><em>delardus</em></strong></span> <span class='ocrx_word' id='word_1_696' title='bbox 2870 4750 2936 4785; x_wconf 80' lang='grc'><strong><em>⁹⁶¹</em></strong></span> <span class='ocrx_word' id='word_1_697' title='bbox 2995 4751 3141 4818; x_wconf 83' lang='lat' dir='ltr'><strong><em>ﬁlius</em></strong></span> <span class='ocrx_word' id='word_1_698' title='bbox 3204 4753 3426 4807; x_wconf 86' lang='lat' dir='ltr'><strong><em>Gerardi</em></strong></span> <span class='ocrx_word' id='word_1_699' title='bbox 3514 4753 3574 4804; x_wconf 90' lang='lat' dir='ltr'><strong><em>in</em></strong></span> 
     </span>
    </p>
   </div>
   <div class='ocr_carea' id='block_1_101' title="bbox 1948 4846 2521 4916">
    <p class='ocr_par' dir='ltr' id='par_1_101' title="bbox 1948 4846 2521 4916">
     <span class='ocr_line' id='line_1_101' title="bbox 1948 4846 2521 4916; baseline -0.009 -15"><span class='ocrx_word' id='word_1_700' title='bbox 1948 4849 2191 4916; x_wconf 88' lang='lat' dir='ltr'><strong><em>patriam</em></strong></span> <span class='ocrx_word' id='word_1_701' title='bbox 2210 4846 2521 4913; x_wconf 90' lang='lat' dir='ltr'><strong><em>asportavit.</em></strong></span> 
     </span>
    </p>
   </div>
   <div class='ocr_carea' id='block_1_102' title="bbox 1581 4973 2222 5034">
    <p class='ocr_par' dir='ltr' id='par_1_102' title="bbox 1581 4973 2222 5034">
     <span class='ocr_line' id='line_1_102' title="bbox 1581 4973 2222 5034; baseline -0.002 -6"><span class='ocrx_word' id='word_1_702' title='bbox 1581 4974 1803 5029; x_wconf 75' lang='lat' dir='ltr'><strong>VARUE</strong></span> <span class='ocrx_word' id='word_1_703' title='bbox 1840 4973 2222 5034; x_wconf 82' lang='lat' dir='ltr'><strong><em>LECTIONES.</em></strong></span> 
     </span>
    </p>
   </div>
   <div class='ocr_carea' id='block_1_103' title="bbox 305 5100 1087 5172">
    <p class='ocr_par' dir='ltr' id='par_1_103' title="bbox 305 5100 1087 5172">
     <span class='ocr_line' id='line_1_103' title="bbox 305 5100 1087 5172; baseline -0.003 -15"><span class='ocrx_word' id='word_1_704' title='bbox 305 5101 377 5137; x_wconf 69' lang='lat'><strong><em>9”</em></strong></span> <span class='ocrx_word' id='word_1_705' title='bbox 394 5118 568 5157; x_wconf 78' lang='lat' dir='ltr'><strong><em>vocem</em></strong></span> <span class='ocrx_word' id='word_1_706' title='bbox 606 5102 871 5172; x_wconf 85' lang='lat' dir='ltr'><strong><em>supplevi.</em></strong></span> <span class='ocrx_word' id='word_1_707' title='bbox 924 5100 993 5135; x_wconf 68' lang='grc'><strong><em>9³9</em></strong></span> <span class='ocrx_word' id='word_1_708' title='bbox 1021 5100 1087 5155; x_wconf 89' lang='lat' dir='ltr'><strong><em>ad</em></strong></span> 
     </span>
    </p>
   </div>
   <div class='ocr_carea' id='block_1_104' title="bbox 1120 5098 3571 5171">
    <p class='ocr_par' dir='ltr' id='par_1_104' title="bbox 1120 5098 3571 5171">
     <span class='ocr_line' id='line_1_104' title="bbox 1120 5098 3571 5171; baseline -0.001 -15"><span class='ocrx_word' id='word_1_709' title='bbox 1120 5118 1173 5171; x_wconf 93' lang='lat' dir='ltr'><strong><em>p.</em></strong></span> <span class='ocrx_word' id='word_1_710' title='bbox 1219 5117 1264 5155; x_wconf 90' lang='lat' dir='ltr'><strong><em>r.</em></strong></span> <span class='ocrx_word' id='word_1_711' title='bbox 1323 5116 1372 5159; x_wconf 90' lang='lat' dir='ltr'><strong><em>c.</em></strong></span> <span class='ocrx_word' id='word_1_712' title='bbox 1425 5102 1461 5156; x_wconf 89' lang='lat' dir='ltr'><strong><em>i.</em></strong></span> <span class='ocrx_word' id='word_1_713' title='bbox 1518 5117 1686 5156; x_wconf 87' lang='lat' dir='ltr'><strong><em>manu</em></strong></span> <span class='ocrx_word' id='word_1_714' title='bbox 1725 5102 1781 5168; x_wconf 75' lang='grc'><strong><em>2,</em></strong></span> <span class='ocrx_word' id='word_1_715' title='bbox 1834 5102 1904 5137; x_wconf 68' lang='grc'><strong>⁹⁴⁰</strong></span> <span class='ocrx_word' id='word_1_716' title='bbox 1927 5104 1992 5157; x_wconf 89' lang='lat' dir='ltr'><strong><em>In</em></strong></span> <span class='ocrx_word' id='word_1_717' title='bbox 2033 5100 2086 5158; x_wconf 90' lang='lat'><strong><em>3.</em></strong></span> <span class='ocrx_word' id='word_1_718' title='bbox 2126 5100 2220 5153; x_wconf 83' lang='lat' dir='ltr'><strong><em>ubi</em></strong></span> <span class='ocrx_word' id='word_1_719' title='bbox 2248 5114 2384 5171; x_wconf 6' lang='lat' dir='ltr'><strong><em>gnate</em></strong></span> <span class='ocrx_word' id='word_1_720' title='bbox 2406 5099 2632 5153; x_wconf 85' lang='lat' dir='ltr'><strong><em>historia</em></strong></span> <span class='ocrx_word' id='word_1_721' title='bbox 2662 5100 2707 5166; x_wconf 71' lang='grc' dir='ltr'><strong><em>Γ,</em></strong></span> <span class='ocrx_word' id='word_1_722' title='bbox 2757 5098 2921 5153; x_wconf 71' lang='grc'><strong><em>36-41</em></strong></span> <span class='ocrx_word' id='word_1_723' title='bbox 2977 5104 3175 5164; x_wconf 75' lang='lat' dir='ltr'><strong><em>emstat,</em></strong></span> <span class='ocrx_word' id='word_1_724' title='bbox 3209 5100 3346 5171; x_wconf 86' lang='lat' dir='ltr'><strong><em>hanc</em></strong></span> <span class='ocrx_word' id='word_1_725' title='bbox 3372 5101 3571 5156; x_wconf 83' lang='lat' dir='ltr'><strong><em>inscri—</em></strong></span> 
     </span>
    </p>
   </div>
   <div class='ocr_carea' id='block_1_105' title="bbox 235 5170 3568 5244">
    <p class='ocr_par' dir='ltr' id='par_1_105' title="bbox 235 5170 3568 5244">
     <span class='ocr_line' id='line_1_105' title="bbox 235 5170 3568 5244; baseline -0.001 -16"><span class='ocrx_word' id='word_1_726' title='bbox 235 5176 472 5244; x_wconf 84' lang='lat' dir='ltr'><strong><em>ptionem</em></strong></span> <span class='ocrx_word' id='word_1_727' title='bbox 496 5170 761 5244; x_wconf 65' lang='lat' dir='ltr'><strong><em>prmfei&#39;t:</em></strong></span> <span class='ocrx_word' id='word_1_728' title='bbox 812 5172 1062 5227; x_wconf 82' lang='lat' dir='ltr'><strong><em>lnventio</em></strong></span> <span class='ocrx_word' id='word_1_729' title='bbox 1103 5170 1416 5244; x_wconf 84' lang='lat' dir='ltr'><strong><em>sanctorum</em></strong></span> <span class='ocrx_word' id='word_1_730' title='bbox 1448 5173 1731 5244; x_wconf 17' lang='lat' dir='ltr'><strong><em>aﬂdomno</em></strong></span> <span class='ocrx_word' id='word_1_731' title='bbox 1759 5173 2061 5229; x_wconf 90' lang='lat' dir='ltr'><strong><em>Deoderico</em></strong></span> <span class='ocrx_word' id='word_1_732' title='bbox 2104 5170 2762 5244; x_wconf 72' lang='lat' dir='ltr'><strong><em>pontiﬁcerepertorum.</em></strong></span> <span class='ocrx_word' id='word_1_733' title='bbox 2804 5173 3032 5244; x_wconf 78' lang='lat' dir='ltr'><strong><em>Incipit:</em></strong></span> <span class='ocrx_word' id='word_1_734' title='bbox 3082 5172 3236 5244; x_wconf 80' lang='lat' dir='ltr'><strong><em>Anno</em></strong></span> <span class='ocrx_word' id='word_1_735' title='bbox 3275 5170 3384 5244; x_wconf 70' lang='lat' dir='ltr'><strong><em>inc.</em></strong></span> <span class='ocrx_word' id='word_1_736' title='bbox 3420 5171 3568 5228; x_wconf 91' lang='lat' dir='ltr'><strong><em>dom.</em></strong></span> 
     </span>
    </p>
   </div>
   <div class='ocr_carea' id='block_1_106' title="bbox 239 5242 1814 5301">
    <p class='ocr_par' dir='ltr' id='par_1_106' title="bbox 239 5242 1814 5301">
     <span class='ocr_line' id='line_1_106' title="bbox 239 5242 1814 5301; baseline 0.001 -3"><span class='ocrx_word' id='word_1_737' title='bbox 239 5242 307 5280; x_wconf 65' lang='grc' dir='ltr'><strong><em>διί</em></strong></span> <span class='ocrx_word' id='word_1_738' title='bbox 350 5242 642 5301; x_wconf 81' lang='lat' dir='ltr'><strong><em>adelheide</em></strong></span> <span class='ocrx_word' id='word_1_739' title='bbox 671 5246 725 5299; x_wconf 91' lang='lat'><strong><em>3.</em></strong></span> <span class='ocrx_word' id='word_1_740' title='bbox 807 5245 876 5279; x_wconf 69' lang='lat'><strong><em>9&quot;</em></strong></span> <span class='ocrx_word' id='word_1_741' title='bbox 909 5244 1092 5299; x_wconf 87' lang='lat' dir='ltr'><strong><em>mettis</em></strong></span> <span class='ocrx_word' id='word_1_742' title='bbox 1122 5244 1174 5298; x_wconf 88' lang='lat'><strong><em>3.</em></strong></span> <span class='ocrx_word' id='word_1_743' title='bbox 1260 5242 1329 5278; x_wconf 70' lang='lat'><strong><em>9‘3</em></strong></span> <span class='ocrx_word' id='word_1_744' title='bbox 1360 5242 1731 5299; x_wconf 85' lang='lat' dir='ltr'><strong><em>familiaritate</em></strong></span> <span class='ocrx_word' id='word_1_745' title='bbox 1761 5245 1814 5301; x_wconf 92' lang='lat'><strong><em>3.</em></strong></span> 
     </span>
    </p>
   </div>
   <div class='ocr_carea' id='block_1_107' title="bbox 239 5316 699 5372">
    <p class='ocr_par' dir='ltr' id='par_1_107' title="bbox 239 5316 699 5372">
     <span class='ocr_line' id='line_1_107' title="bbox 239 5316 699 5372; baseline -0.002 -1"><span class='ocrx_word' id='word_1_746' title='bbox 239 5317 358 5371; x_wconf 88' lang='lat' dir='ltr'><strong><em>sedi</em></strong></span> <span class='ocrx_word' id='word_1_747' title='bbox 389 5317 622 5372; x_wconf 88' lang='lat' dir='ltr'><strong><em>metensi</em></strong></span> <span class='ocrx_word' id='word_1_748' title='bbox 646 5316 699 5371; x_wconf 90' lang='lat'><strong><em>3.</em></strong></span> 
     </span>
    </p>
   </div>
   <div class='ocr_carea' id='block_1_108' title="bbox 242 5385 1571 5454">
    <p class='ocr_par' dir='ltr' id='par_1_108' title="bbox 242 5385 1571 5454">
     <span class='ocr_line' id='line_1_108' title="bbox 242 5385 1571 5454; baseline -0.002 -13"><span class='ocrx_word' id='word_1_749' title='bbox 242 5388 517 5443; x_wconf 88' lang='lat' dir='ltr'><strong><em>universis</em></strong></span> <span class='ocrx_word' id='word_1_750' title='bbox 548 5387 882 5442; x_wconf 88' lang='lat' dir='ltr'><strong><em>mirabilium</em></strong></span> <span class='ocrx_word' id='word_1_751' title='bbox 917 5402 961 5442; x_wconf 92' lang='lat' dir='ltr'><strong><em>s.</em></strong></span> <span class='ocrx_word' id='word_1_752' title='bbox 988 5387 1041 5442; x_wconf 89' lang='lat'><strong><em>3.</em></strong></span> <span class='ocrx_word' id='word_1_753' title='bbox 1130 5387 1200 5421; x_wconf 80' lang='grc'><strong><em>⁹⁵²</em></strong></span> <span class='ocrx_word' id='word_1_754' title='bbox 1225 5385 1498 5454; x_wconf 83' lang='lat' dir='ltr'><strong><em>fulgentes</em></strong></span> <span class='ocrx_word' id='word_1_755' title='bbox 1519 5386 1571 5440; x_wconf 87' lang='lat'><strong><em>3.</em></strong></span> 
     </span>
    </p>
   </div>
   <div class='ocr_carea' id='block_1_109' title="bbox 241 5448 1553 5531">
    <p class='ocr_par' dir='ltr' id='par_1_109' title="bbox 241 5448 1553 5531">
     <span class='ocr_line' id='line_1_109' title="bbox 241 5448 1553 5531; baseline -0.002 -17"><span class='ocrx_word' id='word_1_756' title='bbox 241 5459 296 5516; x_wconf 91' lang='lat'><strong><em>3.</em></strong></span> <span class='ocrx_word' id='word_1_757' title='bbox 367 5460 436 5496; x_wconf 72' lang='grc'><strong><em>9⁵⁷</em></strong></span> <span class='ocrx_word' id='word_1_758' title='bbox 464 5459 883 5531; x_wconf 87' lang='lat' dir='ltr'><strong><em>preciossimum</em></strong></span> <span class='ocrx_word' id='word_1_759' title='bbox 915 5458 968 5513; x_wconf 91' lang='lat'><strong><em>3.</em></strong></span> <span class='ocrx_word' id='word_1_760' title='bbox 1036 5457 1106 5493; x_wconf 69' lang='lat'><strong>9“</strong></span> <span class='ocrx_word' id='word_1_761' title='bbox 1127 5448 1401 5529; x_wconf 77' lang='lat' dir='ltr'><strong><em>simulque</em></strong></span> <span class='ocrx_word' id='word_1_762' title='bbox 1418 5464 1473 5512; x_wconf 88' lang='lat' dir='ltr'><strong><em>et</em></strong></span> <span class='ocrx_word' id='word_1_763' title='bbox 1502 5457 1553 5512; x_wconf 91' lang='lat'><strong><em>3.</em></strong></span> 
     </span>
    </p>
   </div>
   <div class='ocr_carea' id='block_1_110' title="bbox 1906 5242 3182 5313">
    <p class='ocr_par' dir='ltr' id='par_1_110' title="bbox 1906 5242 3182 5313">
     <span class='ocr_line' id='line_1_110' title="bbox 1906 5242 3182 5313; baseline 0.024 -17"><span class='ocrx_word' id='word_1_764' title='bbox 1906 5245 1975 5279; x_wconf 77' lang='lat'><strong><em>9“</em></strong></span> <span class='ocrx_word' id='word_1_765' title='bbox 2006 5243 2154 5299; x_wconf 81' lang='lat' dir='ltr'><strong><em>cultu</em></strong></span> <span class='ocrx_word' id='word_1_766' title='bbox 2200 5242 2253 5299; x_wconf 93' lang='lat'><strong><em>3.</em></strong></span> <span class='ocrx_word' id='word_1_767' title='bbox 2325 5243 2394 5276; x_wconf 66' lang='lat'><strong><em>9‘5</em></strong></span> <span class='ocrx_word' id='word_1_768' title='bbox 2426 5242 2796 5313; x_wconf 69' lang='grc' dir='ltr'><strong><em>(10001⁸θηῖίίυο</em></strong></span> <span class='ocrx_word' id='word_1_769' title='bbox 2826 5242 2859 5298; x_wconf 83' lang='lat'><strong><em>3</em></strong></span> <span class='ocrx_word' id='word_1_770' title='bbox 2947 5243 3017 5277; x_wconf 52' lang='grc' dir='ltr'>ωδ</span> <span class='ocrx_word' id='word_1_771' title='bbox 3036 5250 3091 5296; x_wconf 61' lang='grc' dir='ltr'>εί</span> <span class='ocrx_word' id='word_1_772' title='bbox 3130 5242 3182 5313; x_wconf 75' lang='lat'><strong><em>3‘</em></strong></span> 
     </span>
    </p>
   </div>
   <div class='ocr_carea' id='block_1_111' title="bbox 821 5315 1963 5385">
    <p class='ocr_par' dir='ltr' id='par_1_111' title="bbox 821 5315 1963 5385">
     <span class='ocr_line' id='line_1_111' title="bbox 821 5315 1963 5385; baseline 0.001 -15"><span class='ocrx_word' id='word_1_773' title='bbox 821 5315 889 5350; x_wconf 70' lang='lat'><strong><em>9“</em></strong></span> <span class='ocrx_word' id='word_1_774' title='bbox 909 5321 999 5370; x_wconf 57' lang='lat' dir='ltr'><strong><em>Ha!</em></strong></span> <span class='ocrx_word' id='word_1_775' title='bbox 1028 5317 1406 5384; x_wconf 84' lang='lat' dir='ltr'><strong><em>inscriptiones</em></strong></span> <span class='ocrx_word' id='word_1_776' title='bbox 1445 5330 1655 5385; x_wconf 86' lang='lat' dir='ltr'><strong><em>semper</em></strong></span> <span class='ocrx_word' id='word_1_777' title='bbox 1686 5316 1879 5370; x_wconf 88' lang='lat' dir='ltr'><strong><em>desunt</em></strong></span> <span class='ocrx_word' id='word_1_778' title='bbox 1907 5315 1963 5371; x_wconf 92' lang='lat'><strong><em>3.</em></strong></span> 
     </span>
    </p>
   </div>
   <div class='ocr_carea' id='block_1_112' title="bbox 1646 5382 3568 5456">
    <p class='ocr_par' dir='ltr' id='par_1_112' title="bbox 1646 5382 3568 5456">
     <span class='ocr_line' id='line_1_112' title="bbox 1646 5382 3568 5456; baseline 0.001 -15"><span class='ocrx_word' id='word_1_779' title='bbox 1646 5386 1716 5421; x_wconf 71' lang='lat'><strong><em>&quot;3</em></strong></span> <span class='ocrx_word' id='word_1_780' title='bbox 1751 5388 1896 5442; x_wconf 86' lang='lat' dir='ltr'><strong><em>deest</em></strong></span> <span class='ocrx_word' id='word_1_781' title='bbox 1914 5386 1966 5444; x_wconf 89' lang='lat'><strong><em>3.</em></strong></span> <span class='ocrx_word' id='word_1_782' title='bbox 2040 5385 2109 5421; x_wconf 69' lang='lat'><strong><em>9“</em></strong></span> <span class='ocrx_word' id='word_1_783' title='bbox 2144 5384 2309 5441; x_wconf 91' lang='lat' dir='ltr'><strong><em>leudo</em></strong></span> <span class='ocrx_word' id='word_1_784' title='bbox 2335 5399 2451 5439; x_wconf 84' lang='lat' dir='ltr'><strong><em>c.v.</em></strong></span> <span class='ocrx_word' id='word_1_785' title='bbox 2481 5386 2658 5453; x_wconf 81' lang='lat' dir='ltr'><strong><em>infra.</em></strong></span> <span class='ocrx_word' id='word_1_786' title='bbox 2722 5386 2792 5456; x_wconf 44' lang='lat'><strong><em>“35</em></strong></span> <span class='ocrx_word' id='word_1_787' title='bbox 2822 5385 2964 5456; x_wconf 84' lang='lat' dir='ltr'><strong><em>deest</em></strong></span> <span class='ocrx_word' id='word_1_788' title='bbox 2997 5384 3066 5456; x_wconf 13' lang='lat'><strong><em>3.;</em></strong></span> <span class='ocrx_word' id='word_1_789' title='bbox 3109 5382 3179 5418; x_wconf 68' lang='grc'><strong><em>9⁵⁸</em></strong></span> <span class='ocrx_word' id='word_1_790' title='bbox 3220 5382 3499 5456; x_wconf 84' lang='lat' dir='ltr'><strong><em>ﬂagratins</em></strong></span> <span class='ocrx_word' id='word_1_791' title='bbox 3522 5404 3568 5443; x_wconf 90' lang='lat' dir='ltr'><strong><em>c.</em></strong></span> 
     </span>
    </p>
   </div>
   <div class='ocr_carea' id='block_1_113' title="bbox 1643 5457 2139 5529">
    <p class='ocr_par' dir='ltr' id='par_1_113' title="bbox 1643 5457 2139 5529">
     <span class='ocr_line' id='line_1_113' title="bbox 1643 5457 2139 5529; baseline -0.004 -17"><span class='ocrx_word' id='word_1_792' title='bbox 1643 5457 1712 5492; x_wconf 69' lang='grc' dir='ltr'><strong><em>πθ</em></strong></span> <span class='ocrx_word' id='word_1_793' title='bbox 1741 5465 1799 5513; x_wconf 86' lang='lat' dir='ltr'><strong><em>et</em></strong></span> <span class='ocrx_word' id='word_1_794' title='bbox 1828 5458 1977 5529; x_wconf 86' lang='lat' dir='ltr'><strong><em>ipsas</em></strong></span> <span class='ocrx_word' id='word_1_795' title='bbox 2006 5473 2057 5513; x_wconf 86' lang='lat' dir='ltr'><strong><em>a.</em></strong></span> <span class='ocrx_word' id='word_1_796' title='bbox 2088 5457 2139 5511; x_wconf 88' lang='lat'><strong><em>3.</em></strong></span> 
     </span>
    </p>
   </div>
   <div class='ocr_carea' id='block_1_114' title="bbox 3284 5234 3572 5301">
    <p class='ocr_par' dir='ltr' id='par_1_114' title="bbox 3284 5234 3572 5301">
     <span class='ocr_line' id='line_1_114' title="bbox 3284 5234 3572 5301; baseline 0.024 -8"><span class='ocrx_word' id='word_1_797' title='bbox 3284 5234 3357 5274; x_wconf 19' lang='lat'><strong><em>&#39;9&quot;</em></strong></span> <span class='ocrx_word' id='word_1_798' title='bbox 3386 5252 3572 5301; x_wconf 82' lang='lat' dir='ltr'><strong><em>sancte</em></strong></span> 
     </span>
    </p>
   </div>
   <div class='ocr_carea' id='block_1_115' title="bbox 3421 5315 3569 5371">
    <p class='ocr_par' dir='ltr' id='par_1_115' title="bbox 3421 5315 3569 5371">
     <span class='ocr_line' id='line_1_115' title="bbox 3421 5315 3569 5371; baseline 0.014 -23"><span class='ocrx_word' id='word_1_799' title='bbox 3421 5315 3485 5350; x_wconf 81' lang='lat' dir='ltr'><strong><em>95l</em></strong></span> <span class='ocrx_word' id='word_1_800' title='bbox 3522 5333 3569 5371; x_wconf 52' lang='grc' dir='ltr'><strong><em>ο.</em></strong></span> 
     </span>
    </p>
   </div>
   <div class='ocr_carea' id='block_1_116' title="bbox 2086 5312 3320 5383">
    <p class='ocr_par' dir='ltr' id='par_1_116' title="bbox 2086 5312 3320 5383">
     <span class='ocr_line' id='line_1_116' title="bbox 2086 5312 3320 5383; baseline -0.002 -16"><span class='ocrx_word' id='word_1_801' title='bbox 2086 5315 2155 5349; x_wconf 76' lang='grc'>⁹⁴⁹</span> <span class='ocrx_word' id='word_1_802' title='bbox 2180 5317 2260 5369; x_wconf 86' lang='lat' dir='ltr'><strong><em>ita</em></strong></span> <span class='ocrx_word' id='word_1_803' title='bbox 2296 5314 2382 5377; x_wconf 87' lang='lat'><strong><em>3.;</em></strong></span> <span class='ocrx_word' id='word_1_804' title='bbox 2436 5313 2692 5369; x_wconf 89' lang='lat' dir='ltr'><strong><em>slicinum</em></strong></span> <span class='ocrx_word' id='word_1_805' title='bbox 2726 5330 2770 5367; x_wconf 91' lang='lat' dir='ltr'><strong><em>c.</em></strong></span> <span class='ocrx_word' id='word_1_806' title='bbox 2887 5313 2956 5347; x_wconf 69' lang='lat'><strong><em>95°</em></strong></span> <span class='ocrx_word' id='word_1_807' title='bbox 2986 5312 3239 5383; x_wconf 16' lang='lat' dir='ltr'><strong><em>collegio,</em></strong></span> <span class='ocrx_word' id='word_1_808' title='bbox 3271 5312 3320 5368; x_wconf 91' lang='lat'><strong><em>3.</em></strong></span> 
     </span>
    </p>
   </div>
   <div class='ocr_carea' id='block_1_117' title="bbox 2213 5454 3094 5512">
    <p class='ocr_par' dir='ltr' id='par_1_117' title="bbox 2213 5454 3094 5512">
     <span class='ocr_line' id='line_1_117' title="bbox 2213 5454 3094 5512; baseline -0.005 -2"><span class='ocrx_word' id='word_1_809' title='bbox 2213 5456 2283 5492; x_wconf 76' lang='grc'><strong><em>⁹⁶⁰</em></strong></span> <span class='ocrx_word' id='word_1_810' title='bbox 2314 5472 2364 5510; x_wconf 89' lang='lat' dir='ltr'><strong><em>v.</em></strong></span> <span class='ocrx_word' id='word_1_811' title='bbox 2391 5455 2517 5511; x_wconf 87' lang='lat' dir='ltr'><strong><em>d.3.</em></strong></span> <span class='ocrx_word' id='word_1_812' title='bbox 2602 5455 3019 5511; x_wconf 71' lang='lat' dir='ltr'><strong><em>96‘adhelardus</em></strong></span> <span class='ocrx_word' id='word_1_813' title='bbox 3042 5454 3094 5512; x_wconf 91' lang='lat'><strong><em>3.</em></strong></span> 
     </span>
    </p>
   </div>
   <div class='ocr_carea' id='block_1_118' title="bbox 1801 5575 2011 5632">
    <p class='ocr_par' dir='ltr' id='par_1_118' title="bbox 1801 5575 2011 5632">
     <span class='ocr_line' id='line_1_118' title="bbox 1801 5575 2011 5632; baseline 0.005 -2"><span class='ocrx_word' id='word_1_814' title='bbox 1801 5575 2011 5632; x_wconf 69' lang='lat' dir='ltr'><strong><em>NOTAE.</em></strong></span> 
     </span>
    </p>
   </div>
   <div class='ocr_carea' id='block_1_119' title="bbox 318 5672 1450 5744">
    <p class='ocr_par' dir='ltr' id='par_1_119' title="bbox 318 5672 1450 5744">
     <span class='ocr_line' id='line_1_119' title="bbox 318 5672 1450 5744; baseline -0.001 -15"><span class='ocrx_word' id='word_1_815' title='bbox 318 5673 463 5744; x_wconf 66' lang='lat'><strong><em>(942)</em></strong></span> <span class='ocrx_word' id='word_1_816' title='bbox 493 5673 629 5729; x_wconf 89' lang='lat' dir='ltr'><strong><em>Vide</em></strong></span> <span class='ocrx_word' id='word_1_817' title='bbox 658 5678 849 5729; x_wconf 72' lang='lat' dir='ltr'><strong><em>contra</em></strong></span> <span class='ocrx_word' id='word_1_818' title='bbox 878 5672 1250 5729; x_wconf 86' lang='lat' dir='ltr'><strong><em>Thietmarum</em></strong></span> <span class='ocrx_word' id='word_1_819' title='bbox 1276 5673 1367 5742; x_wconf 90' lang='lat' dir='ltr'><strong><em>lll,</em></strong></span> <span class='ocrx_word' id='word_1_820' title='bbox 1396 5673 1450 5728; x_wconf 84' lang='lat'><strong><em>9.</em></strong></span> 
     </span>
    </p>
   </div>
   <div class='ocr_carea' id='block_1_120' title="bbox 2063 5626 2565 5744">
    <p class='ocr_par' dir='ltr' id='par_1_120' title="bbox 2063 5626 2565 5744">
     <span class='ocr_line' id='line_1_120' title="bbox 2063 5626 2565 5744; baseline 0 -16"><span class='ocrx_word' id='word_1_821' title='bbox 2063 5670 2209 5744; x_wconf 71' lang='grc'><strong><em>(943)</em></strong></span> <span class='ocrx_word' id='word_1_822' title='bbox 2242 5626 2565 5729; x_wconf 39' lang='lat' dir='ltr'><strong><em>Amiterno.-</em></strong></span> 
     </span>
    </p>
   </div>
  </div>
