3948 6044
363 207 460 263 7H

1577 181 1921 242 SIGEBERTI
1961 177 2476 238 GEMBLACENSIS.

3590 149 3702 219 τις

434 337 509 391 De
535 337 723 388 sancto
747 327 1024 384 Feliciano
1069 323 1332 394 episcopo
1365 326 1419 374 et
1453 322 1710 389 martyre.
1731 316 1979 370 Fulinias
2003 315 2056 384 Α
2077 315 2408 384 repperimus
2435 324 2557 366 eam
2592 310 2770 378 ipsum
2799 305 3018 360 beatum
3044 305 3342 370 martyrem
3381 298 3702 363 tumulasse,

363 421 774 492 castrum(944)
827 434 935 476 non
955 417 1144 488 procul
1181 431 1216 469 a
1251 415 1451 484 Spoleto
1498 411 1820 474 Felicianus,
1858 422 1981 462 ma—

363 518 846 590 gnoundecumque
860 525 1125 569 concursu
1155 508 1435 562 hominum
1461 504 1746 570 afﬂuente,
1768 513 1982 568 corpore

361 619 512 661 sacro
543 603 832 668 tuebatur;
865 613 990 654 eum
1037 597 1107 630 ⁸⁶²
1159 595 1472 650 Benedictus
1497 595 1612 662 ejus
1643 591 1978 658 Fuliginien-

360 701 433 752 sis
458 696 529 731 9⁸³
559 697 827 764 episcopus
850 691 1020 745 multo
1057 704 1183 744 cum
1210 690 1340 754 fletu
1367 687 1594 755 largitus
1619 682 1688 718 9“
1735 696 1830 750 per
1852 685 1980 734 Ber-

297 807 320 827 κ
365 793 550 840 traum
573 783 868 838 diaconum
920 785 971 833 et
999 777 1375 832 Heriwardum
1418 771 1788 844 presbyterum
1803 768 1845 822 ‘4
1886 775 1982 824 No-

362 891 566 932 narum
618 872 848 929 Octobris
902 885 970 926 ex
1021 871 1132 938 ipso
1201 870 1394 922 inti-mo
1447 870 1608 919 antro
1661 862 1979 918 sustollitur.

363 967 542 1020 Passio
567 967 684 1033 ejus
711 962 974 1028 descripta
995 965 1090 1013 est.

436 1059 510 1113 De
567 1062 760 1110 sancto
814 1049 1183 1122 Asclepiotate
1221 1054 1478 1117 martyre.
1513 1049 1578 1098 In
1613 1043 1759 1098 saltu
1787 1041 1858 1075 ⁰⁶⁵
1894 1041 1988 1109 qui

365 1150 516 1204 Collis
553 1147 772 1212 dicitur,
805 1145 898 1212 qui
924 1143 1138 1196 Perusia
1177 1139 1389 1209 adjacet
1441 1137 1668 1200 civitati,
1729 1132 1822 1186 ubi
1857 1137 1988 1185 tunc

366 1244 656 1311 imperator
685 1235 1021 1299 autumnali,
1053 1230 1404 1287 exercebatur
1453 1232 1676 1290 venatu,
1721 1227 1990 1278 monaste-

365 1335 514 1388 rium
535 1337 653 1386 erat
681 1329 1124 1397 antiquissimum
1159 1337 1319 1391 super
1343 1321 1576 1386 [luvium
1601 1315 1858 1386 Tyberim,
1897 1315 1992 1382 qui

367 1425 442 1478 ibi
466 1423 721 1478 mediocri
742 1419 878 1474 vado
921 1417 1312 1486 praeterfluens,
1363 1413 1453 1466 sui
1495 1409 1688 1464 exinde
1726 1421 1890 1476 usque
1913 1405 1983 1458 ad

369 1516 560 1570 urbem
580 1519 801 1568 Romam
825 1510 1000 1579 pelagi
1018 1509 1148 1577 prof
1147 1506 1331 1560 undita
1341 1510 1390 1558 te
1408 1509 1658 1570 augetur.
1685 1504 1784 1554 Hoc
1798 1499 1983 1568 pulcro

364 1607 636 1676 quondam
662 1618 812 1672 opere
830 1613 1232 1670 marmoreoque
1283 1601 1502 1660 ornatu,
1533 1599 1594 1647 ut
1623 1593 1790 1646 videri
1817 1590 1982 1644 daba-

368 1697 480 1764 tur,
507 1701 838 1760 extructum,
867 1697 945 1748 set
977 1699 1107 1746 tunc
1137 1694 1401 1744 vetustate
1429 1687 1742 1754 collapsum,
1773 1688 1984 1751 marty-

366 1790 444 1842 ris
471 1787 670 1855 egregii
706 1784 1044 1852 Asclepiotati
1079 1780 1319 1834 membra
1356 1775 1731 1830 venerabiliter
1758 1774 1986 1826 humata

371 1879 600 1934 tenebat.
629 1881 792 1948 Cujus
825 1877 1088 1942 tumbam,
1107 1876 1240 1942 forti
1259 1874 1424 1926 nimis
1451 1884 1712 1925 saxorum
1737 1883 1802 1922 ac
1832 1871 1988 1920 terra:

367 1969 613 2037 congerie
639 1967 932 2031 obclusam,
963 1964 1094 2016 dum
1122 1977 1249 2017 cum
1277 1975 1481 2028 magna
1505 1959 1721 2012 tandem
1745 1955 1987 2024 difﬁcul-

373 2062 486 2110 tate
525 2055 693 2109 Teudo
728 2053 818 2119 ³⁸⁸,
864 2055 1120 2106 Bertraus
1138 2056 1190 2104 et
1214 2048 1281 2083 9⁸⁷
1337 2048 1597 2102 Rotardus
1633 2051 1685 2100 et
1713 2047 1985 2100 Heriwar-

365 2148 466 2202 dus
494 2145 563 2180 οδε
587 2148 950 2215 penetratum,
976 2154 1248 2195 marmore
1274 2144 1464 2194 sancto
1491 2138 1698 2205 corpori
1741 2135 1811 2169 95°
1862 2149 1988 2204 pro-

367 2241 598 2294 ximiore
617 2237 936 2302 nudassent,
959 2236 1244 2288 inveniunt
1260 2235 1677 2286 monumentum
1691 2231 1798 2283 imo
1827 2241 1992 2296 usque

369 2329 709 2400 profundum
756 2326 826 2361 ⁹τ⁰
879 2327 1182 2390 dimissum,
1234 2331 1286 2379 et
1333 2337 1428 2392 per
1462 2321 1702 2376 medium
1745 2335 1778 2374 a
1816 2321 1990 2389 capite

366 2435 534 2490 usque
562 2419 633 2473 ad
652 2417 804 2487 pedes
833 2416 1064 2486 quodam
1085 2415 1257 2470 limite
1277 2427 1343 2468 ea:
1367 2414 1478 2481 ipso
1505 2410 1836 2464 naturaliter
1857 2423 1990 2464 saxo

366 2515 523 2583 quasi
565 2513 816 2566 divisum.
871 2509 1014 2571 Quod
1068 2513 1250 2562 tamen
1303 2506 1611 2572 diligentius
1666 2505 1986 2572 inspectum,

368 2612 547 2651 unum
583 2599 1009 2664 continuumque
1055 2595 1354 2650 constabat.
1406 2595 1558 2648 Beati
1605 2606 1727 2648 vero
1761 2592 1990 2660 corporis

367 2685 605 2739 medium
661 2686 807 2750 hinc,
855 2684 1092 2738 medium
1147 2684 1318 2748 illinc,
1371 2681 1624 2736 membris
1669 2681 1989 2734 altrinsecus

367 2791 544 2832 unum
590 2781 779 2830 contra
819 2776 1052 2830 alterum
1081 2776 1348 2844 oppositis,
1387 2777 1601 2842 excepto
1646 2773 1820 2840 capite
1859 2771 1984 2836 solo,

367 2869 505 2940 quod
534 2871 594 2922 in
629 2884 801 2923 unam
828 2871 1104 2936 integrum
1129 2865 1196 2900 9'”
1223 2871 1432 2935 partem
1447 2865 1663 2934 jacebat
1691 2863 1986 2931 diligentis-

2079 403 2219 457 nihil
2242 401 2365 471 plus
2391 404 2660 468 gestorum
2694 395 3000 466 perquirere
3023 391 3318 460 potuimus.
3348 389 3474 450 Quae
3513 392 3698 440 tamen

2081 500 2195 548 tam
2232 493 2461 549 assiduis
2507 505 2563 546 se
2585 493 2854 544 virtutum
2902 482 3240 540 commendat
3268 479 3590 548 insignibus,
3639 483 3706 530 ut

2079 587 2203 639 viva
2231 585 2429 638 harum
2479 576 2886 637 lectioneoculis
2915 574 3137 644 objecta,
3186 575 3453 639 gestorum
3483 573 3706 620 attesta-

2085 681 2244 745 tione,
2303 675 2431 746 quid
2473 674 2642 741 fuerit
2678 673 2740 725 in
2787 671 2920 733 vita,
2951 666 3075 721 non’
3101 669 3269 734 egeat.
3320 665 3436 716 Dies
3485 657 3702 730 ejule

2084 769 2195 822 Kal.
2230 763 2544 829 Decembris,
2583 760 2760 816 eodem
2789 773 2889 827 quo
2924 761 2976 811 et
3003 755 3182 810 sancti
3204 753 3392 806 Savini
3419 749 3699 817 martyris,

2083 860 2402 918 celebratur.

2156 954 2232 1008 De
2259 959 2455 1006 catena
2486 943 2664 1002 sancti
2689 942 2832 998 Petri
2865 939 3118 1012 apostoli.
3151 942 3300 992 Inter
3328 937 3439 990 haec
3476 938 3701 989 Romam

2084 1047 2244 1100 misso
2262 1041 2512 1111 praidicto
2553 1037 2774 1090 diacono
2803 1031 3086 1097 Rothardo,
3139 1029 3274 1082 dono
3309 1027 3495 1081 damni
3540 1038 3704 1094 papae

2085 1135 2367 1197 Johannis,
2397 1133 2492 1200 qui
2521 1130 2716 1183 tercius
2734 1126 2968 1180 decimus
2997 1124 3058 1176 in
3076 1135 3134 1176 eo
3151 1121 3370 1175 nomine
3395 1122 3532 1183 erat,
3570 1129 3699 1185 par—

2091 1233 2196 1282 tem
2223 1241 2334 1280 non
2356 1223 2621 1278 modicam
2647 1225 2851 1274 catenae
2872 1217 3014 1270 beati
3041 1215 3204 1279 Petri,
3233 1214 3294 1266 in
3331 1209 3552 1264 basilica
3579 1222 3702 1276 quw

2088 1321 2290 1374 dicitur
2317 1317 2386 1371 ad
2437 1313 2658 1370 Vincula
2687 1309 2846 1382 (946;,
2891 1307 3117 1363 eandem
3164 1303 3235 1338 97°
3259 1304 3557 1372 portionem
3581 1313 3704 1353 exe-

2081 1415 2258 1476 cante,
2289 1405 2603 1476 promeruit.
2637 1405 2768 1454 Cum
2795 1413 2860 1452 ea
2887 1410 3090 1466 quoque
3113 1393 3454 1464 privilegium
3497 1405 3699 1443 mona-

2081 1505 2232 1559 sterii
2253 1500 2430 1556 sancti
2455 1495 2714 1550 Vincentii
2753 1507 2880 1547 cum
2925 1489 3220 1543 dalmatica
3239 1491 3291 1540 et
3340 1483 3602 1539 sandaliis
3631 1479 3702 1514 ’77

2085 1599 2269 1654 abbati
2321 1580 2557 1664 ejusdem
2585 1592 2686 1646 loci
2721 1587 3007 1657 apostolica
3051 1583 3406 1654 prierogativa
3445 1578 3703 1633 concessis

2085 1691 2223 1744 idem
2264 1687 2490 1740 domnus
2539 1696 2682 1751 papa
2735 1679 2952 1732 direxit.
2995 1679 3115 1728 Παῖς
3162 1672 3344 1726 omnia
3391 1667 3704 1723 Adelbcrtus

2086 1779 2310 1832 clericus
2327 1788 2453 1828 cum
2489 1775 2696 1826 Conone
2723 1768 2914 1822 comite
2932 1762 3234 1818 transtulit.

2158 1865 2401 1934 Qualiter
2427 1868 2608 1918 autem
2637 1857 2854 1915 occasio
2885 1861 2993 1911 tam
3025 1849 3400 1908 memorabilis
3438 1847 3699 1905 donatio-

2089 1959 2175 2015 nis
2202 1954 2456 2030 contigit,
2496 1952 2739 2006 inserere
2789 1944 3018 2003 lectioni
3049 1959 3160 2000 non
3213 1941 3408 2018 piguit.
3451 1939 3699 2006 Quadam

2089 2066 2326 2124 namque
2364 2029 2455 2103 die
2481 2045 2610 2101 dum
2651 2043 2771 2098 Otto
2801 2041 3102 2112 imperator
3133 2037 3320 2091 Romae
3351 2039 3518 2099 esset,
3553 2029 3702 2086 acci-

2090 2141 2188 2208 dit,
2222 2119 2284 2194 ut
2312 2135 2590 2209 quendam
2618 2130 2872 2188 comitem
2891 2127 3011 2198 ejus
3030 2123 3188 2180 valde
3220 2121 3546 2178 familiarem
3569 2119 3697 2174 dia-

2090 2233 2251 2288 bolus
2276 2229 2584 2294 invaderet,
2613 2233 2670 2281 et
2696 2231 2825 2280 ante
2855 2226 3178 2278 cunctorum
3217 2214 3408 2272 oculos
3437 2229 3498 2268 se
3524 2213 3705 2284 ipsum

2090 2322 2498 2386 miserabiliter,
2534 2319 2630 2392 qui
2679 2315 2990 2384 tenebatur,
3029 2313 3372 2382 decerperet.
3424 2305 3578 2372 Quod
3611 2320 3707 2360 rex

2089 2425 2148 2472 ut
2177 2413 2406 2481 audivit,
2435 2410 2732 2467 admodum
2754 2413 2983 2462 moestus
3011 2403 3143 2460 huic
3179 2402 3298 2458 solo
3329 2397 3576 2456 remedio
3615 2397 3710 2452 in-

2089 2504 2300 2571 cubuit,
2333 2501 2594 2576 quatinus
2641 2499 2848 2553 domno
2883 2494 3120 2552 Johanni
3166 2508 3322 2564 papae
3361 2506 3428 2545 eo
3461 2497 3710 2560 tempore

2091 2595 2400 2668 apostolatu
2453 2591 2718 2667 insignito
2749 2590 3065 2654 duceretur,
3093 2602 3218 2640 nam
3249 2591 3380 2640 tunc
3405 2581 3547 2637 forte
3598 2578 3708 2632 im-

2090 2693 2310 2758 perator
2358 2682 2507 2740 civili
2564 2697 2694 2736 cura
2751 2679 3034 2751 paulisper
3082 2675 3350 2732 remotior
3387 2671 3704 2728 tenebatur.

2090 2776 2310 2832 Factum
2349 2780 2432 2830 est
2458 2779 2664 2838 autem,
2711 2778 2770 2826 ut
2813 2784 3060 2840 praesens
3091 2765 3267 2822 adfuit
3321 2761 3708 2824 demoniacus,

2090 2865 2322 2920 Romani
2351 2863 2558 2927 clerici,
2590 2861 2733 2916 sicut
2757 2875 2978 2930 semper
3006 2873 3108 2914 nos
3137 2856 3248 2910 illis
3299 2859 3381 2910 est
3423 2849 3708 2921 simplices

365 2961 500 3014 sime
556 2959 890 3012 collocatum.
951 2959 1054 3010 Hoc
1107 2954 1338 3008 aedituus
1388 2959 1440 3008 et
1486 2953 1679 3022 reliqui
1707 2952 1984 3016 dixerunt,

2089 2971 2340 3029 quosque
2371 2955 2638 3010 deludere
2662 2954 2729 3008 de
2761 2951 3128 3023 requisitione
3166 2954 3398 3012 catenae,
3424 2941 3704 3016 quandam

371 3049 564 3103 inditio
588 3049 816 3102 voluisse
839 3049 1224 3116 antiquitatem
1250 3045 1320 3080 9"
1359 3047 1595 3113 signare,
1627 3044 1763 3112 quod
1799 3048 1849 3098 et
1886 3044 1988 3112 ipsi

365 3155 486 3196 vere
511 3139 908 3206 asseverabant,
939 3138 1167 3192 eundem
1212 3143 1510 3206 martyrem
1562 3135 1768 3190 crudeli
1797 3149 1988 3202 genere

362 3236 626 3305 passionis
661 3234 830 3288 medio
857 3247 1071 3302 corpore
1117 3235 1302 3286 vivum
1327 3236 1618 3296 exsectum,
1672 3231 1822 3298 eique
1845 3235 1986 3283 atte-

367 3324 578 3378 standaz
597 3321 668 3356 973
705 3325 786 3376 ita
829 3325 889 3376 in
923 3326 1272 3376 monumento
1297 3319 1512 3374 dividuo
1550 3320 1802 3387 pos-itum.
1830 3321 1988 3372 Hunc

363 3416 571 3482 pariter
605 3413 785 3482 digno,
828 3419 888 3467 ut
933 3427 1030 3482 per
1077 3413 1282 3479 fuerat,
1333 3412 1528 3466 honore
1565 3409 1863 3474 sublatum,
1921 3408 1976 3476 7,

367 3507 564 3563 Iduum
629 3506 700 3542 97"
763 3507 994 3562 Octobris
1035 3506 1354 3561 venerabilis
1416 3505 1660 3573 pontifex
1726 3505 1976 3573 suscepit.

366 3601 515 3654 Diem
538 3599 742 3654 natalis
771 3603 887 3670 ejus
914 3599 983 3633 ⁹⁷⁵
1013 3599 1081 3653 ab
1107 3599 1294 3654 incolis
1332 3597 1366 3652 9
1406 3597 1516 3650 Kal.
1547 3595 1857 3654 Novembris
1897 3596 1980 3648 di-

366 3693 614 3750 dicimus.
680 3701 815 3750 Nam
873 3701 1020 3763 gesta
1071 3697 1187 3764 ejus
1237 3695 1463 3748 minime
1520 3691 1588 3744 ab
1641 3694 1873 3761 episcopo
1918 3691 1982 3744 de

363 3793 482 3845 Sisa
505 3789 674 3861 (945),
705 3790 776 3844 ad
797 3804 956 3858 quem
981 3789 1124 3844 locus
1149 3789 1471 3858 pertinebat,
1496 3790 1762 3857 quivimus
1793 3792 1976 3842 extor-

365 3896 545 3952 quere.

441 3973 516 4026 De
547 3976 734 4025 sancta
773 3969 978 4025 Serena
1019 3977 1075 4026 et
1113 3971 1374 4044 Gregorio
1407 3969 1712 4042 Spoletino.
1741 3972 1984 4024 Sanctis-

364 4063 507 4116 sima
533 4062 682 4128 virgo
701 4059 902 4114 Serene
929 4060 1074 4129 apud
1095 4061 1362 4128 Spoletum
1403 4062 1464 4113 in
1491 4061 1814 4114 monasterio
1840 4074 1979 4113 san-

365 4150 644 4204 ctiSavini
667 4150 926 4216 martyris
961 4149 1094 4215 foris
1120 4162 1302 4202 muros
1330 4148 1498 4212 urbis,
1532 4147 1626 4201 ubi
1652 4153 1702 4202 et
1737 4147 1982 4217 pluribus

365 4241 645 4296 miraculis
673 4239 1046 4308 choruscabat,
1072 4241 1382 4309 quieverat;
1420 4240 1490 4294 ad
1516 4255 1682 4310 quam
1714 4254 1852 4310 pene
1877 4247 1982 4296 cot-

365 4334 494 4388 tidie
516 4347 750 4402 magnus
795 4331 1116 4402 populorum
1165 4332 1410 4387 veniebat
1459 4347 1768 4400 concursus,
1810 4335 1889 4387 ita
1919 4339 1980 4388 ut

2087 3048 2217 3105 ferri
2245 3056 2452 3104 catenae
2508 3053 2719 3118 partem
2775 3042 3013 3100 oﬁ’erunt
3060 3041 3267 3097 furenti
3315 3035 3712 3105 circumligan-

2087 3141 2232 3196 dam.
2264 3140 2382 3196 Non
2397 3139 2578 3194 minus
2605 3137 2934 3209 prohibente
2965 3132 3292 3205 apostolico,
3325 3147 3396 3184 ne
3426 3128 3711 3183 luderetur

2086 3233 2324 3289 domnus
2377 3231 2698 3304 imperator,
2739 3228 2990 3301 praebent
3041 3226 3240 3292 aliam;
3298 3223 3477 3278 donec
3533 3217 3710 3275 tercia

2087 3325 2346 3381 illusione
2387 3323 2626 3380 domnus
2655 3338 2798 3394 papa
2845 3325 3026 3376 motus
3061 3317 3268 3384 animo,
3307 3331 3494 3373 veram
3522 3310 3704 3368 sancti

2081 3419 2224 3476 Petri
2243 3417 2408 3488 jussit
2446 3415 2649 3471 deferri
2679 3415 2990 3470 eathenam.
3027 3412 3106 3466 Ad
3135 3412 3237 3466 hoc
3265 3415 3450 3464 autem
3481 3411 3708 3478 specta-

2078 3513 2261 3569 culum
2301 3526 2332 3566 a
2362 3525 2488 3582 rege
2515 3506 2690 3574 missi,
2730 3507 2872 3562 inter
2909 3513 3140 3560 caeteros
3167 3499 3518 3556 venerabiles
3546 3497 3697 3552 viros

2079 3603 2362 3660 Mettensis
2381 3599 2580 3674 praesul
2598 3599 2938 3654 Deodericus
2974 3604 3030 3653 et
3059 3595 3354 3667 praedictus
3383 3589 3700 3648 Rothardus

2080 3703 2238 3752 erant
2273 3701 2592 3766 praesentes,
2623 3691 2830 3748 exitum
2871 3689 2951 3744 rei
2983 3689 3386 3761 praestolantes.
3431 3686 3560 3750 Quae
3601 3680 3698 3736 ubi

2083 3783 2316 3858 contigit
2349 3783 2550 3839 collum
2574 3779 2910 3845 demoniaci,
2935 3793 3059 3834 mox
3099 3779 3320 3832 invasor
3338 3787 3603 3845 spumans
3645 3776 3708 3825 et

2085 3873 2313 3929 multum
2343 3872 2586 3928 clamans
2617 3869 2870 3926 abcessit.
2929 3865 3084 3932 Quod
3147 3871 3206 3920 ut
3251 3863 3397 3918 vidis
3462 3861 3705 3916 domnus

2083 3962 2422 4020 Deodericus
2451 3961 2756 4026 Mettensis,
2793 3958 3028 4029 arripuit
3055 3957 3367 4022 cathenam,
3418 3967 3704 4023 manuque

2085 4053 2336 4120 involvit,
2369 4052 2586 4119 dicens,
2617 4051 2772 4130 nullo
2820 4049 2985 4105 modo
3017 4049 3125 4103 nisi
3166 4061 3330 4101 manu
3375 4042 3592 4099 abscisa
3620 4040 3706 4096 di-

2083 4146 2433 4202 mittendam.
2468 4143 2604 4201 Huic
2642 4143 2819 4219 litigio
2848 4141 3086 4198 accurrit
3106 4140 3344 4196 domnus
3375 4137 3694 4208 imperator,

2081 4245 2136 4294 et
2177 4237 2302 4311 quis
2331 4245 2514 4294 tantus
2569 4235 2810 4292 tumulus
2871 4239 3018 4290 esset
3047 4231 3329 4286 inhianter
3367 4228 3698 4300 investigare

2079 4329 2264 4400 coepit.
2299 4327 2395 4384 Cui
2427 4343 2552 4384 cum
2587 4327 2888 4382 indicatum
2925 4329 3092 4392 esset,
3125 4329 3180 4378 et
3209 4319 3486 4394 prioribus
3512 4316 3701 4374 verbis

362 4431 538 4481 noctes
565 4439 769 4494 quoque
782 4425 1058 4493 pervigiles
1077 4423 1248 4478 turbce
1271 4439 1396 4478 cum
1413 4423 1646 4478 lucernis
1673 4426 1978 4493 cwterisque
2005 4407 2058 4475 D
2078 4421 2374 4492 episcopus
2430 4421 2807 4492 responderet,
2863 4431 3166 4474 conversus
3209 4430 3300 4469 rex
3348 4411 3513 4468 etiam
3573 4410 3697 4480 ipse

333 4515 602 4609 _donariis
641 4513 716 4567 ibi
756 4518 1099 4609 peragerent.
1133 4516 1529 4609 _Hanc_guoque
1577 4528 1703 4568 cum
1754 4515 1977 4582 integris
2077 4515 2245 4586 capit
2286 4513 2488 4586 petitor
2525 4513 2778 4580 existere,
2834 4518 2890 4566 et
2927 4517 2988 4565 ut
3021 4509 3076 4563 id
3126 4507 3283 4562 ﬁeret
3334 4505 3700 4560 vehementer

365 4611 468 4660 toto
515 4619 730 4705 corpore
754 4605 997 4705 .ols‘s'ibus,
1062 4607 1222 4705 misso
1273 4606 1402 4660 illuc
1451 4605 1713 4660 Rat/tardo
1756 4606 1979 4661 diacono
2078 4618 2394 4674 exposcere.
2428 4603 2583 4668 Quod
2625 4611 2682 4658 et
2717 4618 2860 4674 papa
2900 4597 3266 4655 libentissime
3297 4595 3514 4662 annuit,
3566 4593 3700 4648 licet

361 4706 488 4794 cum
511 4693 634 4746 aliis
661 4692 765 4746 sibi
789 4693 1032 4758 ﬁdelibus
1061 4696 1210 4760 viris,
1248 4693 1565 4748 venerabilis
1610 4696 1854 4762 pontifex
1901 4701 1978 4750 est

2088 4699 2348 4771 plurimus
2371 4698 2510 4754 ordo
2531 4697 2795 4752 incelesize
2827 4697 3085 4752 Romanas
3117 4694 3360 4770 graviter
3390 4691 3702 4748 reluctave-

360 4779 612 4884 adeptus:
664 4780 928 4884 lieliquias
969 4796 1174 4850 quoque
1219 4782 1361 4836 beati
1411 4785 1669 4852 martyris
1741 4786 1980 4853 Gregorii

2088 4791 2170 4858 rit,
2191 4796 2245 4846 et
2279 4806 2434 4846 serra
2461 4789 2750 4862 deportata
2777 4795 2963 4844 custos
2989 4787 3240 4844 abscidit.
3273 4787 3440 4852 Quam
3457 4790 3696 4856 partem,

357 4870 612 4938 Spoletini
666 4869 860 4924 ibidem
911 4869 1161 4926 obtinuit.
1220 4875 1385 4942 Cujus
1419 4876 1595 4942 passio
1641 4876 1840 4944 scripta
1873 4881 1970 4930 est.
2074 4878 2658 4936 intervenientecausa
2687 4877 2826 4932 alius
2853 4877 2924 4912 9⁷⁸
2955 4876 3386 4950 negotii,papae,
3427 4871 3692 4944 quoniam

361 4965 535 5016 Beatos
560 4963 788 5028 Seremu,
817 4969 1013 5030 praeter
1037 4963 1175 5032 quod
1210 4966 1271 5018 in
1294 4967 1543 5032 passione
1588 4967 1768 5020 sancti
1787 4968 1974 5022 Savini
2073 4967 2390 5024 carissimus
2418 4973 2693 5023 amorerat
2733 4966 2876 5022 inter
2913 4972 3176 5036 utrosque
3198 4951 3702 5020 recommendavit.

1711 5095 1932 5151 VARUE
1956 5095 2334 5154 LECTIONES.

429 5194 498 5232 ⁰⁶²
529 5212 652 5252 cum
681 5212 728 5252 c.
812 5197 885 5233 "3
915 5195 1228 5252 fuliniensis
1255 5198 1306 5252 3.
1381 5199 1449 5234 9“
1473 5201 1696 5256 scilicet.
1735 5203 1782 5256 l.
1813 5208 1896 5258 est
1923 5210 1979 5258 et
2004 5219 2123 5275 per.
2207 5202 2276 5238 9⁸³
2331 5210 2522 5259 sancto
2556 5204 2605 5258 1.
2683 5203 2754 5238 ³⁸⁸
2779 5201 2982 5259 theudo
3009 5203 3061 5258 3.
3138 5201 3206 5236 “7
3236 5201 3382 5257 deest
3403 5198 3455 5254 3.
3541 5197 3610 5232 9“
3632 5204 3693 5251 et

358 5266 397 5321 Η
449 5269 642 5321 desunt
679 5269 734 5321 3.
807 5269 876 5304 ⁰⁶⁹
906 5284 1138 5321 corpore
1182 5285 1229 5321 ο.
1306 5269 1376 5304 ⁹⁷⁰
1403 5269 1734 5321 profundum
1791 5289 1928 5321 corr-
2002 5274 2282 5321 nmfnnrln
2329 5273 2382 5321 3-
2459 5276 2524 5310 9'”
2561 5275 2830 5321 integram
2863 5276 2916 5321 3-
3004 5275 3074 5308 θη
3105 5273 3435 5321 antimiitate
3489 5285 3536 5321 c.
3617 5267 3690 5302 973

449 5269 642 5354 desunt
679 5269 734 5324 3.
775 5269 1152 5354 “ffieorpore‘
1182 5285 1229 5325 c.
1271 5269 1376 5354 λέξο
1402 5269 1930 5354 ριόἶυράυιξιφονζο.
2002 5267 2282 5345 profundo
2329 5273 2382 5332 3.
2459 5276 2524 5310 9"
2561 5275 2831 5346 integram
2863 5276 2918 5330 3.
3004 5275 3074 5308 ⁸⁷³
3105 5273 3435 5344 antiquitate
3489 5285 3536 5325 c.
3617 5267 3690 5302 973

357 5344 651 5397 attestante
683 5356 735 5396 c.
775 5340 844 5375 9"
873 5339 1086 5396 Kalend
1118 5339 1171 5399 3.
1271 5341 1342 5376 97‘
1367 5339 1535 5398 manu
1555 5343 1610 5398 2.
1699 5339 1772 5380 ’75
1801 5339 2052 5403 eademc.
2137 5347 2206 5382 97"
2237 5345 2537 5405 scandaliis
2560 5346 2612 5404 3.
2641 5339 2711 5380 "'5
2755 5348 2838 5403 ita
2864 5349 2928 5404 L.
2953 5345 3078 5402 aliis
3103 5360 3148 5401 c.

697 5519 708 5531 .
1924 5454 2132 5512 ΝΟΤᾸΕ.

589 5519 826 5641 122$:
2219 5527 2361 5598 (θιδ)
2395 5527 2450 5583 S.
2483 5527 2664 5584 Pietro
2702 5526 2760 5582 in
2789 5525 3012 5584 vincoli.

448 5587 571 5660 945)
601 5587 810 5646 ΑεείΞὶῬ
