3948 6044
249 217 363 277 713

1263 208 1412 267 νιτΑ
1451 208 1804 268 DEODERICI
1847 205 2136 265 EPISCOPI
2175 205 2567 270 METTENSIS.

3487 222 3597 282 714

249 351 347 406 Set
387 355 579 422 postea
598 347 768 404 misso
795 343 1076 403 Rothardo
1103 342 1362 409 diacono,
1402 357 1524 398 eam
1577 343 1646 398 ab
1677 341 1876 399 azccle-
1901 345 1951 413 Α
2050 339 2126 395 De
2138 341 2343 397 sanctis
2373 342 2534 399 Prolo
2565 349 2619 399 et
2643 344 2878 403 Jacinto.
2909 351 2975 402 In
3003 347 3218 405 Sabinis
3245 353 3460 421 regione
3484 370 3596 412 non

247 442 334 496 sia
363 455 486 511 quae
517 437 723 494 dicitur
769 436 840 492 ad
871 433 1118 496 Vincula,
1153 430 1249 486 ubi
1282 431 1388 488 hoc
1425 429 1625 487 factum
1674 429 1871 498 fuerat,

248 531 457 586 domno
485 543 630 599 papa
661 523 1028 590 concedente,
1059 519 1379 592 asportavit.
1415 520 1683 575 Praeterea
1719 516 1876 573 infir-

247 614 536 671 mantibus
582 613 824 670 salubris
853 609 1128 684 provenit,
1169 607 1216 664 si
1275 607 1402 680 quis
1432 623 1555 664 cum
1589 608 1695 664 ﬁde
1725 606 1872 678 apud

247 711 512 766 Sanctum
544 708 916 774 Vincentium,
965 705 1060 762 ubi
1093 705 1340 776 reposita
1377 712 1673 761 veneratur
1709 720 1741 758 a
1771 718 1875 776 po-

248 803 419 876 pulis,
451 818 574 858 eam
605 809 832 874 tangere
857 797 1144 855 meruerit.

326 897 403 951 De
451 903 642 949 sancto
684 891 972 948 Vincentio
1000 888 1185 944 levita.
1219 893 1446 944 Beatum
1480 893 1776 958 martyrem
1803 885 1874 922 979

247 994 304 1044 et
316 989 536 1044 levitam
552 987 891 1042 Vincentium
910 986 970 1038 in
988 983 1205 1038 civitate
1219 980 1457 1051 quadam
1475 981 1876 1050 antiquissima,

247 1097 374 1152 qlae
389 1081 459 1134 ad
483 1081 659 1137 solum
687 1092 854 1148 usque
869 1079 993 1146 jam
1013 1076 1166 1144 longo
1204 1079 1436 1143 tempore
1462 1073 1650 1127 diruta
1669 1073 1874 1140 fuerat,

249 1177 499 1232 Corduno
536 1177 756 1230 nomine
815 1169 964 1242 947),
995 1185 1114 1240 quae
1160 1169 1228 1223 ab
1251 1170 1466 1223 Arethio
1494 1167 1565 1201 ⁰⁸⁰
1601 1168 1878 1222 duodecim

249 1263 472 1318 milibus
525 1262 711 1328 distat,
760 1275 830 1314 ex
851 1259 1174 1314 monasterio
1198 1257 1445 1327 proximo
1493 1257 1626 1310 satis
1654 1255 1876 1324 pulchro

248 1361 472 1422 ornatu,
526 1355 663 1424 quod
691 1353 868 1407 multa
899 1351 1082 1405 itidem
1137 1349 1446 1418 frequentia
1494 1346 1876 1413 venerabatur,

254 1448 509 1498 Bertraus
560 1442 841 1506 diaconus,
871 1441 1161 1494 comitante
1205 1451 1388 1492 secum
1424 1437 1651 1506 quodam
1691 1435 1880 1491 clerico

247 1537 481 1606 episcOpi
508 1534 758 1598 Arietini,
788 1535 880 1587 cui
899 1530 966 1565 ⁰³¹
1006 1545 1203 1586 nomen
1226 1529 1514 1596 Crisulfus,
1547 1529 1722 1583 indice
1757 1528 1877 1594 loci,

1969 431 2158 500 procul
2183 432 2251 486 ab
2289 433 2422 488 urbe
2452 437 2616 489 Roma
2638 437 2878 492 miliario
2925 438 3040 504 fere
3069 441 3479 512 quadragesimo
3523 445 3594 481 ’³⁷

1969 525 2151 577 sancti
2185 527 2442 593 martyris
2484 529 2674 582 Prolus
2711 533 2763 582 et
2820 530 3070 586 Jacintus
3129 539 3288 588 erant
3337 537 3599 592 reconditi

1973 614 2254 684 aliquanto
2302 617 2683 687 neglegentiori
2717 622 2976 678 custodia.
3010 627 3110 679 Hos
3159 624 3324 681 abbas
3373 629 3598 698 quidam

1973 707 2040 761 de
2084 712 2412 764 monasterio
2459 718 2666 767 sancta:
2737 717 2920 768 Mariae
2980 717 3120 785 quod
3193 721 3398 774 dicitur
3459 725 3596 776 Far-

1973 791 2100 858 fara
2125 793 2286 862 {950),
2317 797 2616 852 venerabin
2647 803 2896 870 pontiﬁci
2922 810 3120 872 nostro,
3167 807 3300 861 dum
3327 807 3390 862 de
3429 824 3598 865 causa

1971 897 2075 937 sua
2125 899 2252 940 eum
2280 889 2429 957 apud
2471 892 2844 961 imperatorem
2889 894 2994 950 sibi
3041 898 3165 962 ﬁeri
3203 900 3602 957 intercessorem

1975 984 2208 1045 rogaret,
2250 982 2386 1048 quia
2411 983 2562 1036 nullo
2611 989 2829 1039 tantum
2855 1001 3084 1044 munere
3123 1005 3250 1046 eum
3285 1001 3601 1062 cognoverat

1974 1063 2248 1134 delectari,
2295 1075 2510 1136 partem
2533 1074 2709 1141 primo
2735 1073 2966 1130 obtulit:
3015 1083 3095 1132 set
3119 1086 3300 1149 postea
3336 1085 3481 1138 mira
3518 1087 3605 1139 in-

1972 1159 2182 1246 stantia
2200 1159 2386 1214 domni
2401 1163 2666 1231 praesulis,
2697 1168 2952 1236 quicquid
2988 1171 3112 1226 inde
3139 1175 3370 1242 reperire
3398 1180 3598 1246 potuit,

1973 1245 2171 1316 abjecit
2188 1264 2207 1315 ;
2231 1249 2341 1317 ipse
2383 1265 2511 1306 cum
2537 1255 2651 1307 suis
2686 1257 2964 1312 monachis
3009 1259 3147 1316 dans
3192 1277 3355 1332 super
3407 1272 3604 1322 sancta

1979 1341 2259 1408 evangelia
2285 1350 2694 1420 sacramentum
2720 1360 2843 1402 vere
2866 1362 2932 1403 ea
2969 1364 3084 1406 ossa
3110 1358 3429 1411 sanctorum
3454 1361 3604 1414 Proti

1977 1435 2030 1486 et
2073 1434 2280 1486 Jacinti
2331 1437 2574 1492 existere.
2644 1442 2750 1493 Hoc
2783 1445 2901 1508 post
2936 1444 3122 1498 natale
3173 1449 3406 1516 Domini,
3469 1450 3604 1506 dum

1981 1525 2144 1604 Roma
2186 1531 2592 1592 reverteremur,
2623 1531 2684 1584 in
2737 1532 2935 1586 vicinia
2966 1537 3142 1589 Eorice
3169 1539 3406 1595 civitatis
3452 1540 3599 1611 (951)

249 1642 381 1682 cum
405 1641 610 1694 magna
637 1626 761 1680 licet
779 1623 1123 1691 difﬁcultate,
1146 1623 1272 1676 vita
1293 1635 1498 1690 quoque
1518 1634 1630 1674 non
1651 1621 1879 1674 minimo
1906 1672 1948 1694 η
1979 1616 2055 1666 est
2083 1617 2290 1668 actum.

247 1672 528 1788 periculo,”
567 1672 873 1772 transtuli},
897 1715 986 1766 osi,
1041 1672 1196 1769 ηιξησ
1223 1672 1320 1768 αἱ
1345 1672 1612 1782 Hispania
1666 1715 1726 1767 in
1763 1717 1880 1767 ua—
1905 1672 1952 1738 Β
2047 1706 2120 1762 De
2149 1709 2354 1764 sanctis
2384 1710 2557 1784 Digna
2600 1719 2656 1768 et
2687 1711 2922 1770 Emerita
2960 1715 3050 1771 οδε.
3090 1721 3178 1774 Set
3214 1723 3390 1776 Romae
3435 1722 3590 1779 nobis

247 1807 387 1860 liam
411 1806 482 1842 "3
508 1794 848 1875 deportatum
893 1803 1127 1869 ﬁrmiter
1145 1805 1516 1856 asseruerunt.
1573 1803 1738 1870 Cujus
1763 1815 1874 1856 mo-

250 1899 388 1954 dum
417 1899 792 1952 translationis
825 1900 1026 1966 postea,
1057 1893 1488 1963 domnoprtcsule
1515 1896 1877 1948 Beneventum

243 1998 514 2061 veniente,
543 1995 676 2048 dum
711 1994 885 2047 nurui
913 1991 1274 2060 imperatoriae
1320 2003 1355 2042 a
1407 1986 1612 2043 Grcecia
1639 1990 1880 2043 venienti

247 2085 462 2140 obviam
483 2085 680 2139 missus
710 2087 863 2148 esset,
901 2082 1113 2151 plenius
1151 2079 1512 2148 cognovimus.
1564 2080 1739 2132 Juxta
1765 2081 1874 2132 Ca-

247 2189 421 2244 puam
446 2171 708 2242 siquidem
752 2171 1142 2224 monasterium
1161 2170 1283 2238 jam
1306 2180 1440 2236 pene
1475 2165 1724 2220 dirutum
1773 2181 1875 2221 no-

249 2265 402 2317 mine
435 2263 616 2316 sancti
671 2260 934 2314 Vincentii
960 2255 1108 2325 (948)
1137 2257 1455 2326 reperi-mus,
1490 2253 1629 2323 quod
1680 2254 1879 2323 grandi

249 2359 304 2410 et
330 2355 468 2408 miro
491 2366 644 2422 opere
687 2349 965 2422 quondam
1017 2365 1052 2403 a
1079 2347 1347 2416 fratribus
1388 2345 1559 2401 tribus
1611 2345 1876 2401 nobilibus

250 2453 644 2513 constructum,
675 2445 920 2500 veterani
946 2441 1016 2476 9⁸⁸
1044 2442 1139 2510 qui
1167 2438 1242 2494 ibi
1278 2443 1410 2493 tunc
1433 2440 1602 2508 pauci
1628 2437 1874 2492 viseban-

251 2545 350 2594 tur
400 2539 655 2594 monachi
699 2537 978 2596 dixerunt,
1017 2538 1069 2588 et
1123 2545 1314 2600 corpus
1379 2532 1556 2585 sancti
1615 2531 1879 2584 Vincentii

247 2637 430 2702 postea
451 2647 486 2686 a
513 2629 716 2685 duobus
766 2625 1044 2682 monachis
1088 2637 1158 2678 ea:
1200 2624 1459 2691 Hispania
1503 2621 1578 2676 ibi
1613 2622 1757 2676 clam
1783 2621 1874 2675 de-

244 2726 549 2792 portatum,
589 2723 750 2788 atque
775 2717 1019 2784 deinceps
1041 2712 1230 2768 multis
1271 2709 1593 2780 temporibus
1627 2711 1874 2764 maxima

247 2809 595 2862 veneratione
639 2796 908 2872 habitum,
941 2804 1106 2858 donec
1145 2816 1177 2854 a
1222 2800 1454 2870 paganis
1478 2798 1657 2853 eodem
1683 2813 1876 2853 mona-

209 2903 213 2908 ’
249 2898 413 2952 sterio
461 2900 690 2962 vastato,
728 2908 916 2963 corpus
961 2895 1218 2946 sanctum
1247 2887 1372 2942 inde
1423 2885 1703 2942 sublatum
1728 2891 1780 2941 et
1807 2887 1878 2941 ad

246 2985 564 3055 pradictam
617 2983 1011 3039 Cordunensem
1047 2980 1324 3035 civitatem
1355 2990 1466 3032 esse
1521 2977 1874 3031 translatum.

254 3082 404 3133 Tunc
447 3078 616 3132 etiam
677 3077 949 3144 episcOpus
1026 3071 1340 3126 Ariethinus
1387 3067 1456 3102 ³⁸⁵
1529 3083 1639 3123 non
1703 3069 1875 3124 modi-

255 3186 382 3226 cam
427 3172 727 3240 portionem
767 3168 1054 3236 sanguinis
1093 3164 1387 3218 beatissimi
1433 3162 1878 3231 prothomartyris

253 3261 512 3330 Stephani
559 3261 620 3313 in
666 3273 794 3312 vase
845 3256 1144 3312 cristallino
1171 3255 1368 3324 optime
1390 3267 1526 3307 auro
1554 3255 1881 3321 gemmisque

256 3352 560 3420 composito,
591 3354 642 3404 et
679 3349 744 3403 de
770 3349 1040 3417 sanguine
1066 3347 1426 3401 Innocentum
1449 3345 1510 3397 in
1537 3343 1650 3397 alia
1673 3343 1874 3412 pixide,

253 3445 309 3495 et
355 3439 420 3494 de
441 3439 646 3508 capillis
673 3439 853 3492 sancti
890 3437 1052 3500 Petri,
1081 3432 1363 3488 breviculis
1400 3446 1495 3500 per
1533 3431 1753 3499 singula
1777 3447 1878 3500 ap-

253 3532 461 3601 positis,
493 3531 736 3599 quamvis
762 3529 966 3582 invitus
993 3531 1047 3580 et
1073 3539 1284 3580 summo
1312 3525 1372 3578 in
1400 3523 1712 3576 discrimine
1739 3523 1884 3591 apud

259 3621 638 3689 imperatorem
663 3619 752 3672 sui
773 3630 1107 3685 suarumque
1133 3628 1320 3669 rerum
1344 3613 1569 3682 positus,
1609 3611 1786 3676 dedit;
1831 3617 1884 3666 et

259 3710 390 3778 quia
416 3707 793 3777 redemptionis
818 3720 932 3760 sum
965 3704 1204 3773 facultas
1234 3717 1359 3757 eum
1383 3699 1734 3768 angustabat,
1757 3713 1880 3770 pre-

261 3803 497 3854 catorem
521 3811 685 3852 suum
713 3795 784 3830 93°
811 3801 1059 3850 nostrum
1095 3791 1456 3848 venerabilem
1479 3790 1761 3859 praesulem
1783 3805 1882 3860 per

259 3889 356 3942 hoc
383 3893 434 3941 et
459 3901 553 3956 per
580 3899 770 3954 corpus
815 3885 996 3938 sancti
1027 3883 1290 3938 Vincentii
1323 3881 1562 3949 paravit,
1604 3885 1765 3949 atque
1803 3881 1881 3934 sic

259 3978 321 4029 in
357 3978 596 4044 gratiam
621 3975 980 4044 imperatoris,
1029 3987 1089 4028 eo
1124 3971 1534 4036 interveniente,
1566 3971 1660 4022 vix
1695 3969 1872 4022 rediit.

263 4069 332 4118 De
369 4067 464 4120 hoc
488 4067 596 4133 ipso
643 4063 796 4119 beato
844 4068 1086 4132 martyre
1117 4063 1300 4130 plures
1341 4061 1606 4114 Italorum
1655 4060 1882 4128 episcopi

251 4162 378 4228 ja-m
405 4163 534 4212 ante
555 4171 692 4227 saepe
716 4160 1110 4224 temptaverant
1146 4159 1208 4208 ut
1228 4153 1302 4215 .id
1331 4153 1614 4222 adquirere
1644 4156 1877 4220 possent,

263 4253 325 4304 in
351 4249 544 4319 quibus
567 4248 874 4302 Ambrosius
902 4245 1289 4315 Bergamensis,
1315 4259 1413 4312 pro
1453 4258 1513 4298 eo
1557 4243 1694 4312 quod
1737 4241 1881 4296 sedes

263 4345 592 4413 episcopatus
642 4342 732 4395 sui
767 4342 830 4395 in
873 4341 1068 4394 honore
1103 4338 1282 4392 sancti
1312 4337 1574 4390 Vincentii
1621 4339 1774 4400 esset,
1832 4338 1882 4386 et

1977 1801 2109 1852 tunc
2157 1801 2484 1868 constitutis,
2566 1817 2795 1858 munere
2855 1805 3042 1860 damni
3109 1823 3270 1878 papae
3336 1813 3599 1868 Johannis

1969 1893 2198 1960 pignera
2225 1901 2546 1951 sanctarum
2583 1900 2766 1967 Digna
2805 1905 2857 1954 et
2903 1903 3174 1970 Emerita,
3214 1920 3451 1972 quarum
3477 1921 3598 1964 cor-

1969 1997 2104 2050 pora
2133 1985 2193 2036 in
2209 1986 2422 2053 porticu
2446 1986 2693 2041 (ecclesia:
2719 1985 2864 2042 beati
2891 1991 3127 2044 Marcelli
3174 1998 3434 2065 martyris
3461 2004 3598 2052 sunt

1971 2072 2267 2140 recondita,
2314 2089 2432 2143 qua
2475 2079 2556 2130 est
2589 2080 2721 2130 ante
2762 2083 2975 2133 sanctos
3012 2082 3288 2150 apostolos,
3337 2086 3504 2140 simul
3543 2093 3598 2142 et

1975 2160 2113 2216 alias
2135 2163 2419 2231 sigillatim
2471 2163 2540 2198 ⁹⁸⁰
2567 2167 2844 2234 repositas,
2873 2181 2999 2222 cum
3021 2172 3254 2238 propriis
3287 2177 3598 2232 annotatio-

1974 2253 2155 2322 nibus,
2208 2257 2540 2312 diversorum
2579 2263 2896 2314 sanctorum
2945 2261 3201 2330 reliquias
3238 2268 3442 2335 accepit
3457 2284 3478 2336 ;
3535 2271 3598 2323 in

1973 2346 2168 2415 quibus
2211 2354 2263 2402 et
2284 2349 2600 2404 sandalium
2627 2348 2697 2384 99°
2743 2353 2923 2405 sancti
2965 2351 3244 2422 Stephani.
3273 2360 3395 2412 ch
3409 2362 3596 2416 omnia

1971 2451 2070 2504 per
2125 2434 2447 2494 Willardum
2495 2441 2825 2496 monachum
2861 2445 3040 2498 Mauri
3077 2449 3394 2503 monasterii
3447 2448 3590 2518 (952)

1975 2533 2140 2586 missa
2177 2535 2328 2586 sunt.

2049 2619 2124 2674 De
2163 2626 2354 2674 sancto
2394 2617 2686 2676 Vincentio
2726 2623 3011 2695 episcopo.
3067 2627 3310 2684 Alterum
3343 2637 3598 2688 sanctum

1977 2714 2314 2768 Vincentium
2359 2713 2660 2782 episwpum
2683 2721 3098 2775 exmonasterio
3141 2722 3372 2790 quodam
3408 2726 3467 2778 in
3513 2739 3603 2781 co-

1971 2803 2175 2856 mitatu
2207 2800 2392 2855 Urbini
2413 2817 2446 2855 a
2475 2805 2731 2858 Ravenna
2755 2806 2990 2862 miliario
3018 2809 3133 2876 fere
3157 2813 3602 2880 quinquagesimo

1965 2897 2137 2964 juxta
2196 2899 2412 2948 Petram
2445 2900 2724 2963 perlusam
2750 2896 2920 2968 (953),
2971 2900 3039 2954 ab
3077 2901 3270 2957 abbate
3297 2905 3454 2960 rebus
3490 2920 3595 2960 ne-

1977 2987 2219 3042 cessariis
2275 2989 2438 3041 nimis
2485 2991 2692 3056 attrito,
2749 2993 2876 3060 quia
2927 2993 3082 3048 aliud
3124 2995 3263 3064 quod
3297 2996 3450 3052 daret
3505 3013 3602 3068 pro

1976 3077 2298 3132 relevatione
2321 3075 2387 3109 9‘“
2419 3076 2520 3132 loci
2541 3092 2654 3132 non
2705 3077 2990 3148 habuerat,
3011 3088 3228 3151 partem
3269 3087 3445 3154 primo
3468 3087 3600 3156 offe-

1976 3175 2148 3236 rente,
2203 3173 2280 3224 set
2331 3171 2552 3222 Bertrao
2613 3169 2746 3224 illuc
2794 3173 2975 3239 misso,
3023 3175 3306 3245 multaque
3354 3183 3472 3232 arte
3523 3178 3593 3213 ⁹⁰²

1975 3267 2196 3316 strenue
2242 3265 2434 3328 agente
2455 3263 2706 3330 percepit.
2749 3266 2922 3333 Hujus
2976 3268 3278 3334 passionem
3313 3269 3597 3340 descripsi-

1976 3365 2119 3405 mus.
2149 3351 2246 3404 Ilic
2261 3363 2357 3418 per
2383 3353 2678 3404 Immonem
2701 3354 2949 3405 comitem
2983 3355 3180 3408 missus
3197 3361 3318 3410 est..

2055 3441 2130 3493 De
2163 3438 2370 3493 sanctis
2401 3436 2629 3492 Leontio
2670 3443 2725 3492 et
2756 3437 3074 3508 Carpoforo.
3120 3446 3318 3499 Civitas
3377 3449 3602 3503 Vincen-

1985 3535 2063 3586 tia
2099 3536 2178 3585 est
2204 3543 2316 3584 non
2341 3527 2411 3578 99³
2453 3528 2606 3595 longe
2641 3543 2676 3580 a
2710 3531 2942 3596 Venetia,
2991 3531 3063 3584 ad
3097 3547 3262 3601 quam
3293 3535 3419 3590 olim
3458 3541 3598 3592 Lan-

1981 3621 2222 3691 gobardi,
2276 3620 2407 3675 dum
2459 3619 2680 3673 Italiam
2710 3621 3044 3689 invaderent,
3085 3627 3326 3692 primam
3380 3629 3602 3684 urbium

1978 3713 2182 3766 venisse
2214 3709 2495 3764 dicuntur.
2526 3711 2591 3762 In
2630 3723 2692 3763 ea
2729 3714 2942 3778 martyr
2984 3715 3229 3768 Leontius
3275 3721 3598 3774 monasterio

1979 3801 2170 3858 celebri
2204 3799 2584 3856 venerabatur.
2643 3803 2816 3870 Hujus
2868 3803 3138 3872 episcopus
3189 3807 3292 3861 loci
3343 3809 3600 3879 reliquias

1978 3900 2156 3950 nostro
2193 3893 2617 3948 reverentissimo
2661 3894 2904 3961 praesuli,
2957 3897 3006 3949 si
3033 3910 3132 3964 pro
3159 3912 3326 3954 causa
3351 3915 3456 3955 sua
3483 3904 3597 3956 im-

1976 3987 2307 4056 peratoriam
2363 3983 2750 4052 interpellasset
2837 3987 3176 4054 majestatem
3203 4033 3220 4057 ,
3274 3995 3597 4062 repromisit.

1981 4083 2098 4132 Mox
2145 4079 2305 4131 misso
2365 4076 2494 4130 illuc
2551 4076 2812 4131 Rothardo
2863 4077 3106 4147 diacono,
3159 4097 3284 4137 cum
3329 4087 3600 4156 episcopus

1981 4167 2220 4220 nimium
2245 4178 2302 4218 se
2334 4163 2543 4230 fecisset
2587 4165 2864 4231 difficilem
2903 4167 2959 4219 in
3013 4167 3210 4236 dando,
3239 4179 3437 4240 praeter
3463 4175 3602 4243 quod

1981 4253 2272 4308 dumtaxat
2302 4253 2642 4321 promiserat,
2676 4253 2894 4306 tandem
2940 4259 3200 4311 continua
3240 4259 3309 4292 ’9‘
3337 4263 3600 4330 exigentis

1982 4344 2155 4397 victus
2177 4343 2465 4408 instantia,
2482 4347 2680 4410 praeter
2688 4357 2761 4409 pa
2769 4356 2867 4395 uca
2877 4342 2982 4396 sibi
2984 4346 3212 4412 pignera
3226 4353 3457 4416 retenta,
3479 4353 3602 4406 reli-

263 4442 394 4490 ante
425 4435 576 4490 breve
609 4439 836 4502 tempus,
866 4447 993 4486 cum
1017 4430 1208 4501 quibus
1247 4433 1519 4498 potuerat,
1555 4428 1694 4482 diem
1747 4405 1961 4494 quodD
1983 4453 2154 4508 quum
2190 4437 2420 4504 corporis
2447 4405 2621 4489 totum
2649 4405 2878 4502 largitus
2907 4405 3000 4490 est:
3031 4405 3187 4494 [tunc
3204 4446 3257 4494 et
3284 4441 3354 4476 99“

261 4546 390 4586 eum
427 4535 746 4600 excepturus
793 4533 926 4584 esset
973 4530 1266 4582 statuerat.
1322 4523 1413 4579 Set
1471 4525 1688 4578 Domino
1737 4521 1882 4576 ordi-

261 4627 454 4688 nante,
484 4623 622 4676 utin
668 4621 974 4676 crastinum
1001 4618 1092 4672 ille
1131 4615 1466 4682 condiderat,
1499 4619 1654 4668 nocte
1674 4627 1880 4682 praece-

1981 4529 2334 4598 Carpoforum
2359 4530 2534 4580 Romae
2546 4540 2746 4594 passos,
2773 4525 2842 4578 ab
2861 4527 3045 4581 eadem
3069 4531 3286 4586 civitate
3302 4548 3412 4588 non
3439 4534 3600 4604 longa

1983 4623 2114 4672 ante
2163 4623 2400 4685 tempora
2451 4615 2760 4680 translatos,
2819 4617 3006 4670 incola:
3049 4621 3464 4693 asseverabant;
3507 4626 3602 4681 ubi
3643 4677 3648 4684 .

263 4715 414 4769 denti
459 4729 495 4768 a
546 4718 742 4768 nostris
801 4713 1236 4780 zrwoccupatum
1287 4713 1382 4762 est.
1443 4710 1550 4761 Hoc
1593 4707 1774 4762 clerici
1821 4707 1886 4762 de
1983 4716 2034 4765 et
2061 4709 2236 4764 nobile
2257 4707 2527 4777 quondam
2563 4709 2955 4761 monasterium
2980 4714 3157 4765 sancti
3185 4713 3366 4770 Felicis
3393 4717 3601 4774 viseba-

265 4813 448 4865 monte
483 4809 755 4864 Romarici
778 4805 922 4877 (949)
953 4805 1216 4860 tulerunt.

1987 4807 2096 4866 tur,
2131 4798 2224 4852 ubi
2263 4803 2314 4852 et
2363 4797 2540 4866 primo
2582 4796 2843 4850 reconditi
2897 4798 3234 4864 ferebantur.
3285 4807 3372 4862 Set
3421 4821 3479 4864 eo
3529 4809 3600 4864 ab

1617 4909 1836 4965 VAlll/E
1875 4907 2252 4966 LECTIONES.

341 5015 410 5050 ⁹⁷⁹
443 5033 523 5090 δη.
552 5031 814 5090 magnum
869 5013 986 5090 etl.
1035 5013 1120 5090 3;
1171 5009 1522 5090 "angelici

268 5089 419 5140 tinus
438 5088 488 5142 3.
523 5093 572 5142 et
601 5088 790 5156 supra.

881 5085 952 5120 9⁸⁸
977 5085 1061 5139 sui
1089 5083 1142 5140 3.
1217 5082 1284 5117 ⁰⁸⁷
1317 5081 1465 5135 Χιωο
1488 5097 1538 5137 c.
1570 5079 1624 5137 3.
1696 5080 1766 5116 9“
1787 5077 2137 5148 Emerentia?
2230 5077 2300 5111 93°
2325 5075 2648 5148 singillatim
2675 5075 2730 5148 β.
2778 5147 2791 5148 7
2814 5075 2883 5110 99°
2913 5079 3323 5138 scandalium3.

1618 5009 1683 5044 99'
1729 5008 1780 5064 ei
1801 5007 1854 5064 3.
1937 5009 2007 5043 9”
2031 5005 2250 5062 sustulit
2286 5005 2339 5059 3.
2416 5002 2486 5038 9”
2519 5002 2665 5058 italia
2697 5018 2744 5060 ο.
2813 5004 2882 5039 ⁸⁸⁸
2909 5009 3202 5065 veteratini
3233 5010 3288 5068 3.
3375 5013 3444 5048 9³⁸
3466 5029 3597 5070 are-

3427 5085 3490 5120 90!
3513 5087 3598 5142 ita

271 5159 480 5213 scribo:
516 5143 856 5213 rei-elatione
881 5172 928 5214 c.
962 5155 1016 5214 3.
1091 5155 1162 5190 9”
1181 5157 1262 5210 ita
1285 5152 1338 5210 3.
1374 5168 1499 5207 arce
1523 5168 1570 5206 e.
1657 5152 1726 5186 “93
1755 5145 1892 5207 né'c.
1953 5151 2022 5186 99‘
2051 5148 2310 5222 contigua
2335 5163 2382 5202 c.
2418 5143 2532 5182 ""5
2560 5149 2642 5200 ita
2669 5143 2722 5202 3.
2755 5147 2897 5204 deest
2925 5163 2975 5206 ο.

1836 5258 2046 5316 ΝΟΤᾸΞ.

347 5365 401 5436 (9
414 5366 488 5430 Π)
515 5365 769 5422 Cortona.

345 5438 488 5508 (948)
519 5439 595 5492 Ad
618 5439 963 5493 Vulturnum.

343 5509 487 5634 33:3)
518 5508 916 5566 Remiremont.

349 5631 354 5634 .
481 5581 494 5634 l
527 5580 702 5634 Far-fa.

477 5581 494 5650 )
527 5580 592 5634 Ρη
602 5580 702 5636 rfa.

677 5721 972 5784 PATROL.
1023 5717 1221 5783 CLX.

349 5631 358 5650 ἱ

2063 5356 2210 5428 (951)
2233 5355 2376 5428 orla-

2039 5425 2218 5498 "(952)
2252 5427 2650 5498 illaurmunstcr
2679 5425 2734 5498 in
2767 5425 2987 5482 Msaliao

2055 5497 2300 5570 (953)’A(l
2331 5497 2631 5554 Metaurum
2669 5497 2941 5565 ﬂumen,a
2974 5499 3206 5558 meridie
3223 5501 3440 5561 Urbini.

3205 5715 3286 5778 23
