3948 6044
393 230 499 288 715

1589 211 1939 269 SIGEBERTI
1981 205 2495 263 GEMBLACENSIS.

3605 206 3741 261 716.

399 365 606 431 Ungris,
633 361 728 429 qui
748 371 885 428 pene
900 356 1136 411 locorum
1165 355 1403 423 ipsorum
1424 352 1594 405 vicini
1628 353 1779 415 sunt,
1802 349 2008 411 exusto,
2038 346 2087 412 Α
2113 346 2169 393 et
2194 337 2437 393 Terentii
2470 335 2735 409 reliquias
2763 353 2885 392 cum
2908 336 3195 391 Vincentio
3219 342 3456 408 martyre
3473 345 3527 393 et
3548 338 3755 395 levitat.

394 461 555 522 atque
579 451 797 506 assidua
828 447 1137 502 incursione
1174 458 1357 499 eorum
1397 441 1795 510 reparationem
1830 437 2011 506 prohi-

395 544 567 606 bente,
590 540 662 594 ad
687 538 862 594 sedem
907 534 1253 605 episcopalem
1302 532 1459 597 infra
1498 529 1686 583 urbem
1711 527 1811 581 sub
1842 526 2017 579 altare

395 639 615 708 depositi
636 635 871 692 suntm.
908 633 1049 687 Unde
1075 637 1126 685 et
1147 632 1415 700 praefatus
1445 627 1740 682 Rothardus
1757 625 2016 677 diaconus

393 734 651 785 sanctum
681 725 905 795 quidem.
924 723 1201 776 Leontium
1239 723 1430 783 totum,
1469 717 1648 771 sancti
1674 728 1795 768 vero
1821 716 2017 780 Carpo-

398 823 507 890 fori
532 820 788 888 reliquias
826 832 935 872 non
972 814 1207 869 modicas
1246 809 1313 864 ab
1362 810 1472 877 ipso
1496 822 1597 877 quo
1626 803 2021 860 claudebantur

392 912 645 979 sumpsit,
676 909 843 962 altari
879 906 1117 973 effracto,
1156 902 1450 971 sepulchro.
1499 899 1807 952 Passionem
1834 909 2019 949 eorum

396 1003 646 1059 incendio
680 1002 941 1070 deperisse
990 998 1266 1051 dixerunt.
1314 993 1519 1049 Natalis
1556 1006 1741 1046 eorum
1791 988 1861 1042 13
1902 988 2016 1041 Kal.

398 1095 629 1163 Augusti
655 1091 976 1148 celebratur.
1013 1087 1178 1142 Teudo
1203 1085 1394 1141 detulit
1413 1099 1513 1139 eos.

471 1184 546 1238 De
605 1186 794 1235 sancta
849 1176 1017 1232 Lucia
1062 1174 1271 1247 virgine
1310 1181 1365 1227 et
1417 1179 1673 1242 martyre.
1723 1173 1918 1237 Magna
1970 1172 2023 1220 et

402 1275 725 1333 universalis
779 1273 1028 1327 xcclesix
1072 1268 1377 1323 celebritate
1412 1264 1773 1320 memorabilis
1796 1264 1943 1329 virgo
1973 1264 2024 1313 et

398 1370 612 1433 martyr
641 1364 804 1416 Lucia
824 1362 1185 1429 Syracusana,
1204 1371 1304 1425 quo
1333 1355 1518 1410 ordine
1536 1353 1605 1406 ad
1624 1353 1795 1406 nostri
1818 1351 2023 1417 religio-

398 1456 599 1513 sissimi
622 1452 690 1488 "7
706 1452 952 1529 praesulis
969 1450 1339 1505 avidissimum
1356 1447 1683 1501 devotionem
1697 1442 2020 1512 pervenerit,

405 1553 688 1620 Wigericus
703 1546 977 1617 presbyter
1002 1550 1199 1611 noster,
1234 1550 1366 1598 tunc
1388 1543 1622 1598 cantoris
1652 1555 1802 1594 nunc
1837 1543 2015 1592 custo—

2116 429 2417 493 Feliciano,
2455 429 2667 495 Eutice,
2700 429 2939 500 Elpidio,
2991 429 3359 500 Asclepiotate
3413 439 3467 486 et
3506 432 3747 487 cathena

2116 519 2291 574 sancti
2324 517 2490 584 Petri,
2547 518 2614 572 18
2644 518 2759 572 Kal.
2791 517 2916 572 Maii
2956 517 3123 572 nobis
3151 518 3220 572 ab
3258 534 3324 573 eo
3354 519 3568 583 missas,
3620 520 3746 590 ipsa

2117 613 2194 667 rei
2230 611 2436 666 indicat
2471 612 2696 667 veritas.
2732 613 2931 668 ﬂorum
2956 617 3011 667 et
3038 612 3332 683 passiones
3364 612 3664 684 descripsit
3687 619 3745 668 et

2120 717 2264 772 diem
2295 717 2572 788 passionis
2612 717 2698 772 vel
2756 716 3130 789 depositionis
3182 717 3500 784 annotavit;
3553 718 3756 773 Fortu~

2120 809 2232 863 nati
2291 808 2505 863 scilicet
2544 808 2576 862 3
2615 808 2728 862 Kal.
2759 808 2911 875 Julii,
2956 807 3214 874 Miniatis,
3274 809 3307 864 8
3367 808 3480 864 Kal.
3518 810 3755 865 Noveru-

2120 904 2255 971 bris,
2317 904 2533 958 illorum
2593 921 2723 961 vero
2780 905 2816 961 5
2868 905 3139 960 Kalendas
3189 904 3458 962 Octobris.
3516 907 3752 983 Pignera

2122 1010 2344 1067 quoque
2391 996 2669 1061 Quintiani
2715 997 3023 1069 presbyteri
3077 1004 3132 1052 et
3191 999 3452 1069 martyris
3523 999 3593 1054 de
3652 1000 3747 1054 Al-

2123 1093 2204 1139 tro
2261 1084 2405 1155 (954)
2459 1083 2770 1155 Campaniae
2811 1085 3060 1153 civitate,
3101 1094 3156 1140 et
3194 1085 3457 1141 Florentii
3498 1088 3757 1159 martyris

2124 1181 2193 1233 de
2263 1179 2377 1235 Tile
2427 1187 2606 1235 castro
2671 1180 2814 1252 (955)
2874 1180 3102 1235 sedulus
3167 1189 3480 1237 sanctorum
3541 1191 3759 1238 amator

2125 1271 2420 1337 transtulit,
2444 1279 2599 1345 gesta
2630 1280 2812 1327 tamen
2855 1271 3135 1341 passionis
3176 1288 3286 1328 non
3346 1275 3546 1339 attulit,
3598 1275 3751 1330 diem

2127 1369 2334 1418 tantum
2376 1363 2652 1434 passionis
2693 1364 2916 1430 retulit;
2961 1364 3239 1430 Quintiani
3282 1366 3315 1421 3
3372 1366 3557 1423 Nonas
3596 1367 3753 1435 Julii,

2125 1455 2356 1511 alterius
2392 1456 2426 1511 6
2456 1456 2570 1510 Kal.
2606 1456 2948 1513 Novembris.

2189 1547 2278 1601 17.
2338 1553 2409 1603 De
2455 1550 2614 1604 laude
2662 1550 2809 1605 urbis
2869 1548 2961 1583 ¹⁰⁰³
3023 1553 3308 1606 Mettensis.
3363 1551 3575 1606 Gratias
3644 1551 3746 1607 tibi

396 1644 476 1698 dis
514 1642 657 1697 beati
682 1641 939 1709 Stephani
965 1639 1210 1706 ofﬁcium
1229 1652 1435 1706 gerens,
1476 1637 1571 1704 qui
1609 1648 1673 1688 ea
1709 1648 1869 1726 sacra
1898 1646 2012 1686 ossa

2123 1644 2311 1694 sancta
2342 1646 2397 1695 et
2434 1640 2720 1696 individua
2748 1640 3004 1704 Trinitas,
3037 1658 3160 1713 quae
3183 1642 3594 1699 inaestimabiles
3625 1644 3753 1716 pie-

395 1734 651 1791 manibus
687 1733 755 1789 ab
791 1735 928 1802 ipsa,
966 1747 1075 1801 qua
1101 1745 1213 1785 non
1241 1730 1341 1785 levi
1375 1729 1682 1782 munimine
1709 1724 2018 1791 artabatur,

399 1824 595 1880 extulit
626 1838 791 1887 urna,
845 1835 1003 1890 quem
1042 1822 1175 1874 satis
1208 1824 1339 1873 tutae
1385 1818 1510 1882 ﬁdei
1563 1820 1791 1882 constat,
1849 1812 2021 1882 quibit

399 1927 677 1983 exponere.
738 1916 815 1965 Ea
842 1914 901 1965 in
938 1911 1166 1975 Corﬁnio
1216 1908 1306 1975 "3,
1344 1923 1463 1977 quae
1496 1912 1648 1961 vetus
1675 1907 1797 1960 olim
1828 1905 2016 1957 civitas

399 2003 604 2069 fuerat,
645 2014 797 2055 nunc
826 2004 935 2053 tota
959 1999 1166 2065 diruta,
1198 1996 1516 2066 quiescebat.
1550 1995 1628 2048 Ad
1653 2008 1811 2063 quem
1840 1994 2017 2047 locum

379 2105 523 2148 eam
557 2090 621 2144 de
671 2090 855 2143 Sicilia
899 2091 1067 2156 fuisse
1114 2087 1440 2142 translatam
1501 2100 1535 2138 a
1582 2083 1838 2138 Faroaldo
1883 2095 2014 2150 quo-

399 2187 526 2240 dam
554 2184 688 2239 duce
738 2183 1021 2254 Spoletina,
1051 2197 1173 2237 vere
1222 2181 1373 2235 nobis
1401 2183 1668 2234 assertum
1720 2181 1815 2230 est.
1867 2179 2016 2229 Hanc

400 2280 575 2347 ipsam
610 2278 1011 2346 Syracusanam
1037 2289 1163 2340 esse,
1192 2273 1257 2326 de
1281 2287 1387 2341 qua
1416 2270 1751 2339 responsoria
1779 2272 1829 2321 et
1867 2268 2017 2320 anti—

394 2372 588 2441 phonx
639 2369 961 2438 generaliter
1030 2381 1153 2421 cum
1205 2367 1370 2420 missa
1428 2364 1623 2431 ubique
1698 2365 2014 2425 canuntur,

400 2463 509 2529 ipse
535 2458 604 2493 99°
633 2460 903 2528 episcopus
946 2458 1047 2512 loci
1068 2470 1243 2511 manu
1268 2470 1372 2510 sua
1404 2458 1590 2508 sancto
1618 2452 1890 2520 evangelio
1914 2466 2018 2519 ap-

395 2550 571 2616 posita
605 2547 965 2612 conﬁrmavit.

471 2641 548 2696 De
587 2639 847 2695 craticula
897 2638 1069 2694 sancti
1130 2638 1426 2694 Laurentii.
1494 2643 1626 2693 Cum
1656 2640 1778 2708 jam
1832 2640 2017 2702 Roma,

2122 1732 2250 1788 tatis
2274 1740 2379 1787 tuae
2409 1733 2615 1805 ubique
2635 1740 2903 1789 terrarum
2928 1733 3246 1791 diffundens
3271 1736 3509 1804 divitias,
3542 1738 3757 1794 incom-

2121 1822 2401 1892 parabiles
2434 1823 2561 1878 huic
2584 1823 2706 1878 urbi
2734 1824 3119 1894 c0piosissimc
3153 1827 3474 1897 praeparasti
3505 1828 3753 1884 delitias.

2117 1910 2361 1987 Singulae
2390 1911 2639 1968 civitates
2666 1913 2912 1986 gaudent
2940 1914 3294 1987 singulariter
3319 1917 3387 1971 de
3410 1916 3622 1972 collatis
3637 1918 3749 1973 sibi

2116 2001 2378 2056 divinitus
2406 2003 2598 2057 salutis
2636 2019 2750 2058 sua:
2792 2004 3193 2074 provxsoribus,
3233 2014 3287 2060 et
3347 2022 3583 2078 quorum
3624 2008 3752 2081 glo-

2116 2092 2278 2147 riosis
2334 2109 2396 2148 se
2453 2095 2825 2150 meminerunt
2880 2095 3183 2153 illustratos
3248 2097 3743 2171 confessionibus,

2121 2200 2310 2240 eorum
2343 2186 2456 2257 piis.
2475 2203 2535 2242 se
2565 2188 2798 2244 credunt
2836 2187 3179 2259 adjuvandos
3218 2191 3737 2248 intercessionibus.

2118 2279 2343 2351 Aliquas
2398 2280 2562 2336 etiam
2595 2289 2893 2353 martyrum
2933 2282 3174 2356 gloriosa
3228 2285 3454 2341 victoria
3487 2295 3744 2353 exornat,

2116 2380 2200 2426 set
2225 2387 2327 2426 vox
2357 2375 2643 2447 sanguinis
2673 2390 2862 2430 eorum
2896 2375 2970 2430 ibi
3014 2392 3115 2447 pro
3138 2377 3457 2434 testimonio
3489 2378 3745 2433 veritatis

2117 2460 2275 2517 effusi
2316 2462 2497 2518 adhuc
2554 2464 2624 2518 de
2654 2471 2799 2519 terra
2829 2465 2898 2519 ad
2950 2465 3123 2521 Deum
3167 2466 3387 2535 clamat,
3439 2467 3739 2523 vindictam

2116 2552 2448 2622 expostulat,
2482 2561 2536 2607 et
2566 2552 2740 2607 divini
2774 2554 3023 2624 responsi
3056 2556 3423 2626 promissione
3462 2556 3742 2629 suspensi,

2122 2638 2348 2699 fratrum
2380 2658 2606 2697 suorum
2640 2642 2858 2712 impleri
2891 2659 3182 2699 numerum
3211 2653 3482 2716 expectat.
3517 2647 3748 2717 Excepit

396 2735 557 2803 regiis
584 2732 796 2788 nubciis
824 2730 916 2765 ¹⁰⁰⁰
946 2732 1021 2786 ibi
1064 2733 1275 2800 ingenti
1310 2731 1480 2799 gloria
1506 2732 1739 2800 peractis
1783 2730 2021 2783 reditum
2120 2744 2175 2791 et
2208 2736 2325 2792 haec
2362 2736 2555 2792 civitas
2581 2736 2781 2792 missos
2820 2736 2888 2791 ad
2922 2752 2982 2791 se
3021 2738 3340 2809 pr0phetas,
3380 2740 3661 2810 sapientes
3688 2749 3745 2795 et

396 2828 457 2881 in
473 2827 716 2896 patriam
754 2825 1173 2895 disponeremus,
1204 2823 1398 2878 ulti-mo
1425 2822 1677 2887 beneﬁcio
1705 2835 1867 2889 eoque
1893 2820 2012 2889 pla-

2119 2828 2346 2895 scribas,
2372 2838 2427 2883 et
2456 2829 2563 2885 cito
2605 2844 2949 2905 cegnoscens
2978 2837 3201 2901 tempus
3238 2847 3350 2886 suae
3378 2832 3737 2900 visitationis,

393 2918 545 2974 ribus
576 2915 1250 2988 copiosiore'venerabilem
1288 2915 1574 2985 praesulem
1617 2914 1846 2968 domnus
1872 2929 2016 2982 papa
2119 2926 2174 2973 et
2199 2917 2356 2972 avide
2388 2918 2640 2988 amplexa
2667 2919 2854 2973 lumen
2915 2919 3043 2974 novi
3090 2920 3427 2991 Splendoris,
3476 2921 3746 2992 depulita

392 3012 457 3067 de
482 3017 717 3081 quatuor
739 3008 1074 3079 portionibus
1119 3008 1397 3063 craticula:
1425 3010 1605 3062 sancti
1645 3008 1927 3062 Laurentii
1946 3007 2018 3060 lo-
2042 3037 2090 3104 Ο
2118 3025 2178 3064 se
2209 3010 2467 3066 tenebras
2498 3011 2789 3068 inveterati
2821 3013 3063 3078 erroris;
3109 3021 3304 3070 etcum
3336 3015 3522 3070 nullus
3555 3016 3744 3084 justus

392 3100 751 3170 cupietissime
773 3098 1093 3154 cumulavit.
1128 3100 1230 3151 Eas
1264 3096 1561 3166 Wigericus
1613 3113 1740 3152 cum
1775 3099 2022 3151 Iohanne
2050 3096 2089 3104 ν
2120 3099 2345 3171 sanguis
2368 3117 2539 3171 super
2564 3117 2684 3156 eam
2713 3109 2978 3157 venturus
3006 3102 3098 3169 sit,
3141 3103 3350 3175 quippe
3381 3121 3502 3176 qua:
3534 3105 3745 3159 nullius

391 3190 654 3245 monacho
682 3187 751 3241 ab
788 3189 903 3256 ipsa
940 3201 1099 3241 sacra
1136 3192 1285 3242 crate
1336 3187 1684 3241 extuderunt.
1742 3190 1862 3241 Haec
1897 3200 2019 3240 vero
2119 3189 2377 3263 sanguini
2405 3189 2705 3262 aliquando
2733 3207 2791 3246 se
2817 3192 2903 3246 vel
2932 3190 3076 3247 ﬁlios
3100 3208 3230 3248 suos
3260 3192 3575 3248 devoverit:
3616 3194 3744 3266 glo-

370 3282 822 3355 Vfueruntcapita
838 3282 1141 3348 virgarum,
1164 3295 1283 3350 qum
1306 3279 1800 3349 per'transversum
1814 3282 2016 3349 jacue-
2120 3277 2295 3332 riosos
2350 3287 2532 3334 tamen
2568 3286 2836 3351 martyres
2866 3288 3168 3352 praesentes
3194 3281 3381 3348 habet,
3438 3281 3641 3353 quibus
3678 3299 3743 3337 se

387 3377 521 3427 rant
557 3372 711 3426 costis
765 3369 1117 3425 exterioribus
1172 3370 1367 3435 inﬁxa.
1403 3374 1538 3423 Nam
1593 3370 1759 3437 virga:
1811 3383 2012 3436 omnes,
2116 3367 2203 3422 vel
2234 3366 2379 3423 ﬁlios
2432 3384 2562 3424 suos
2595 3368 2969 3424 commendet.
3014 3368 3144 3423 Cum
3200 3369 3425 3437 nullius,
3486 3370 3738 3442 inquam,

389 3477 510 3532 qua:
543 3475 640 3516 sex
663 3461 725 3514 in
749 3472 813 3513 ea
837 3459 1082 3526 fuerant,
1103 3461 1228 3528 jam
1256 3458 1381 3513 inde
1419 3474 1452 3512 a
1477 3459 1698 3513 diversis
1718 3459 2015 3527 apostolicis
2115 3462 2341 3536 sanguis
2396 3479 2426 3517 a
2485 3464 2843 3536 generatione
2886 3464 2986 3518 ista
3025 3464 3362 3535 requiratur,
3419 3470 3737 3519 sanctorum

388 3566 424 3606 α
470 3555 679 3605 uetusto
705 3553 936 3617 tempore
975 3548 1271 3618 quibusque
1312 3548 1525 3617 regibus
1549 3554 1709 3603 erant
1735 3549 1871 3604 dono
1908 3548 2014 3603 col-
2115 3560 2409 3623 martyrum
2442 3568 2676 3623 corpora
2706 3553 2793 3608 vel
2829 3553 3091 3625 reliquias
3132 3570 3194 3608 se
3233 3560 3552 3609 reverenter
3607 3570 3739 3608 ser-

386 3640 534 3708 latce,
559 3654 589 3694 e
619 3637 708 3674 ¹⁰⁰¹
734 3638 927 3708 quibus
956 3653 1091 3705 una,
1114 3654 1233 3707 qua:
1262 3639 1437 3694 adhuc
1464 3644 1593 3693 ante
1612 3654 1810 3707 paucos
1836 3652 2009 3693 annos
2109 3662 2240 3701 vare
2281 3647 2567 3722 gloriatur.
2610 3647 2822 3703 Idcirco
2880 3654 3123 3703 sanctam
3176 3648 3494 3704 Mettensem
3537 3648 3738 3704 aeccle-

384 3740 681 3807 supererat,
741 3748 943 3802 magno
996 3736 1309 3803 imperatori
1343 3736 1521 3789 Ottoni
1585 3734 1652 3788 ab
1718 3736 2007 3790 Octaviano
2107 3739 2243 3795 siam
2291 3740 2523 3796 dixerim
2567 3757 2697 3797 vere
2727 3740 2962 3807 felicem,
2998 3757 3121 3812 quae
3161 3741 3355 3797 sortita
3395 3759 3425 3796 a
3456 3743 3567 3797 Deo
3598 3741 3732 3797 ﬁdei

383 3837 629 3878 concessa
674 3829 768 3877 est.
828 3827 921 3877 Hae
979 3823 1112 3877 dum
1173 3825 1604 3879 extunderentur
1661 3824 1773 3893 ¹⁰⁰²,
1833 3831 2002 3880 costas

2117 3832 2454 3899 irrabonem,
2504 3832 2711 3908 gaudet
2764 3832 2872 3887 sibi
2926 3847 3024 3903 per
3062 3830 3256 3886 ﬁdeles
3313 3832 3731 3903 dispensatores

379 3914 651 3980 Proprias,
681 3913 1012 3967 intrinsecus
1039 3913 1241 3980 capit“,
1273 3928 1391 3981 qua?
1415 3915 1569 3979 ίηῙνα
1596 3915 1810 3980 former
1847 3921 2000 3969 ιθηϐ·
2103 3926 2463 3997 centuplicari
2543 3926 2845 3998 spiritualis
2923 3926 3067 3981 dotis
3157 3943 3274 3981 suae
3334 3926 3723 3998 quantitatem.

385 4003 608 4072 bantur,
663 4011 1062 4061 remanserant.
1131 4009 1257 4070 Quae
1304 4013 1513 4074 .tamcn,
1568 4009 1710 4075 ferro
1768 4013 2001 4078 apposito

2117 4019 2343 4075 Proinde
2409 4020 2597 4074 laetare
2651 4018 2829 4075 fausta
2901 4018 3435 4076 Mediomatricorum
3492 4017 3739 4075 civitasl‘

381 4107 557 4148 manu
591 4109 858 4163 percusso,
899 4096 1022 4151 licet
1070 4094 1328 4152 laborioso
1365 4099 1669 4165 conamine,
1736 4104 1867 4153 sunt
1923 4099 2004 4153 di-

2117 4107 2281 4163 Etiam
2308 4115 2477 4179 atque
2505 4108 2668 4162 etiam
2700 4107 2989 4187 meditare,
3022 4107 3154 4178 quid
3183 4109 3275 4163 tali
3318 4108 3455 4172 viro,
3500 4108 3723 4164 Deode-

382 4200 587 4240 δεαδδα·
2105 4200 2279 4255 ricum
2310 4199 2458 4266 dico,
2491 4199 2717 4267 debeas,
2759 4200 2919 4269 cujus
2950 4199 3042 4271 pio
3068 4199 3251 4256 studio
3280 4206 3358 4256 tot
3381 4206 3724 4266 sanctorum,

457 4276 606 4331 Hanc
654 4277 881 4349 quidem
913 4277 983 4334 de
1010 4279 1367 4335 ινδηδῐᾶῒίοηθ
1401 4288 1713 4336 sanctorum
1746 4298 1776 4336 ﬂ
1828 4282 2003 4351 majO-
2105 4297 2305 4362 prazter
2345 4291 2730 4366 indigenarum
2756 4292 3406 4363 patrocinia,‘suscepisti
3438 4291 3723 4364 reliquias,

384 4364 535 4421 ribus
563 4367 878 4437 accepimus
916 4368 1260 4424 relationem.
1319 4369 1420 4424 Cur
1458 4386 1586 4425 vero
1625 4371 1801 4425 sancti
1859 4371 1997 4427 For-
2025 4367 2080 4435 D
2102 4387 2157 4435 et
2186 4390 2389 4450 praeter
2424 4364 2622 4435 nativae
2668 4380 2959 4448 ubertatis,
2991 4397 3100 4453 qua
3129 4380 3483 4453 singulariter
3518 4379 3723 4447 affluis,

380 4459 557 4514 tunati
603 4460 914 4515 Tudertinae
953 4461 1104 4516 urbis
1136 4461 1405 4534 episc0pi,
1450 4463 1518 4518 de
1566 4479 1675 4536 quo
1708 4463 2003 4538 Gregorius
2103 4470 2321 4542 copias;
2354 4470 2424 4525 ab
2447 4485 2513 4525 eo
2542 4477 2916 4541 augmentata,
2948 4471 3371 4541 caputextulisti
3394 4470 3536 4526 inter
3555 4471 3727 4526 urbes

382 4549 439 4604 in
478 4550 700 4623 dialogo
731 4567 833 4607 suo
887 4553 1299 4608 memorabilem
1352 4554 1554 4609 indidit
1605 4555 1999 4623 narrationem,

380 4657 601 4698 necnon
641 4649 695 4698 et
719 4643 956 4699 Miniatis
983 4646 1259 4717 martyris,
1299 4647 1504 4701 nullam
1556 4646 1807 4703 fecerunt
1844 4664 2002 4702 men-

380 4731 612 4799 tionem,
666 4747 779 4788 non
828 4750 1051 4804 parvam
1096 4736 1296 4791 animis
1322 4737 1525 4792 nostris
1556 4737 1812 4811 ingerunt
1834 4755 1994 4794 com-

381 4824 708 4879 motionem.
730 4824 795 4880 Et
823 4825 1017 4881 horum
1041 4816 1253 4900 quippe
1288 4844 1523 4899 corpora
1546 4830 1614 4884 ab
1632 4830 1785 4887 [talia
1805 4831 1871 4885 ad
1898 4848 1998 4888 nos

378 4917 448 4973 ab
509 4934 576 4975 eo
633 4919 916 4988 translata,
984 4920 1095 4977 ﬁde
1153 4939 1280 4977 vera
1362 4923 1661 4979 credimus.
1718 4924 1996 4980 Miniatem

376 5025 511 5066 vero
538 5026 661 5067 cum
690 5011 852 5068 Proto
878 5021 933 5068 et
982 5013 1196 5069 Jacinto
1228 5021 1283 5069 et
1308 5014 1597 5071 Vincentio
1628 5017 1890 5087 episcopo
1929 5018 1997 5072 ad

377 5116 480 5159 nos
510 5102 774 5173 delatum,
805 5103 840 5160 6
867 5104 1051 5160 Nonas
1080 5104 1207 5160 Julii
1259 5106 1511 5181 legimus.
1545 5107 1779 5163 Fidentii
1831 5108 1993 5163 etiam

2102 4563 2255 4618 alias.
2291 4564 2412 4633 lpsa
2438 4577 2660 4634 quoque
2699 4562 2941 4617 nominis
2992 4563 3090 4629 tui,
3138 4563 3191 4617 id
3224 4572 3308 4618 est
3344 4563 3725 4618 Mediomatri-

2100 4656 2198 4720 cis,
2223 4655 2582 4726 ethimologia
2611 4671 2720 4711 non
2749 4654 2982 4711 dissidet
3011 4673 3041 4710 a
3072 4662 3180 4711 tua;
3212 4655 3490 4711 felicitatis
3520 4655 3717 4727 gratia.

2100 4744 2253 4799 Sicut
2283 4744 2430 4800 enim
2470 4744 2664 4799 matrix
2705 4760 2935 4815 puerum
2981 4745 3334 4816 amplectitur
3375 4752 3430 4801 et
3470 4745 3615 4801 fovet
3665 4745 3721 4799 in

2102 4837 2291 4892 matris
2330 4844 2508 4899 utero,
2539 4836 2619 4892 sic
2659 4844 2715 4892 tu
2756 4837 2861 4892 sita
2896 4838 2955 4893 in
2993 4838 3326 4904 meditullio,
3359 4838 3719 4909 circumposi-

2100 4936 2181 4983 tas
2212 4928 2470 5003 regiones
2494 4937 2828 4995 sustentans,
2883 4929 3246 4985 mercimonio
3276 4929 3460 4983 nativo
3501 4928 3587 4983 vel
3621 4928 3720 4983 ad-

2098 5028 2257 5075 vecto
2302 5019 2414 5087 1°“,
2462 5035 2555 5074 eas
2594 5019 3004 5091 quodammodo
3071 5018 3224 5075 foves
3273 5019 3397 5073 sinu
3444 5025 3717 5075 materno.

2098 5110 2267 5166 Porro
2298 5111 2447 5182 quod
2474 5110 2657 5167 Mettis
2703 5111 2939 5179 vocaris,
2970 5111 3134 5185 vulgo
3166 5109 3338 5166 fertur
3378 5118 3432 5166 te
3473 5109 3722 5165 domina-

1734 5206 1955 5261 νΑΒΙΑε
1978 5208 2353 5264 LECTIONES.

445 5296 517 5378 ξοδ
547 5298 694 5354 deest
719 5298 774 5378 3A.
853 5298 1403 5378 °9_"_r_el_i_qgi_ossim_i_c_.
1478 5302 1552 5378 _°°°
1583 5303 1830 5378 conﬁnio
1859 5303 1912 5361 3.
1988 5305 2057 5338 99°
2090 5305 2322 5378 ipseque
2348 5305 2398 5364 3.
2482 5306 2575 5342 ¹⁰⁰⁰
2589 5322 2755 5363 manu
2783 5306 2837 5361 2.
2925 5305 3012 5341 ¹⁰⁰¹
3034 5307 3116 5361 ita
3148 5304 3201 5362 3.
3278 5311 3364 5361 est
3390 5320 3417 5361 c
3498 5304 3591 5340 ¹⁰⁰²
3616 5319 3715 5359 ex—

374 5366 704 5445 tuderentur
741 5371 795 5426 3.
889 5369 982 5405 ¹⁰⁰³
1010 5366 1159 5427 υΒἸΒ
1179 5389 1228 5428 c.
1305 5373 1395 5409 “’0‘
1425 5374 1680 5432 advectio
1711 5392 1759 5431 c.

1945 5474 2152 5532 NOT/E.

452 5564 610 5636 (95s)
643 5568 832 5623 Alatri.

2158 5576 2481 5650 (955)1‘biel
2512 5576 2579 5632 ad
2597 5575 2819 5631 Mosam.
