3948 6044
199 241 236 296 7
249 239 311 295 l‘7

1216 241 1368 297 Vl'l‘A
1407 237 1762 296 DEODERICI
1803 237 2106 300 EPISCOPI
2144 246 2532 308 METTENSIS.

3445 274 3554 331 718

196 372 314 422 tam
342 379 375 420 a
407 364 778 421 Romanorum
811 365 952 422 duce
1003 365 1169 424 Metio
1207 365 1471 424 Suffecto.
1505 365 1660 422 Unde
1701 366 1830 438 qui-
1855 371 1907 440 Α
1932 371 2092 430 Juxta
2122 381 2372 432 naturam
2403 385 2606 435 metata
2635 395 2788 436 suam
2818 386 3146 458 posituram,

195 460 331 518 dam
362 459 507 529 (956)
531 459 609 514 ait
640 476 655 514 :

278 549 439 604 Alter
463 552 522 604 at
559 551 622 604 in
647 551 874 620 sceptris
896 553 1148 606 austrum
1175 552 1476 620 Sigibertus
1509 553 1724 620 agebat,

216 667 224 674 ε
277 643 548 714 Suffectus
577 643 798 699 dederat
827 659 1016 700 nomen
1041 649 1131 701 cui
1160 648 1359 702 Metius
1387 647 1537 702 urbe.

200 737 449 793 Tradunt
476 737 569 793 alii
607 738 713 794 hoc
749 739 985 796 disticon
1032 747 1311 812 repertum
1341 741 1397 796 in
1437 739 1654 797 effossis
1690 745 1834 795 terra

199 826 484 898 lapidibus
509 827 589 883 sic
617 827 956 900 insculptum
991 847 1005 897 ;

280 922 530 991 Tempore
553 935 658 990 quo
680 922 863 978 Cwsar
899 937 1000 978 sua
1037 923 1209 978 Gallis
1238 925 1432 979 intulit
1451 939 1628 989 arma,

283 1012 432 1066 Tunc
461 1011 928 1067 Mediomatricam
957 1015 1237 1082 superavit
1259 1015 1455 1068 Metius
1485 1013 1690 1068 urbem.

208 1102 323 1158 Nec
363 1101 483 1157 sine
533 1103 771 1174 quodam
830 1103 1098 1180 praesagio
1155 1104 1255 1159 tibi
1295 1104 1566 1160 accidisse
1617 1104 1833 1170 credas,

209 1193 362 1266 quod
377 1203 580 1266 praeter
600 1195 719 1250 haec
731 1195 930 1250 usitata
950 1195 1218 1252 vocabula
1245 1205 1298 1252 te
1322 1197 1652 1252 Dividunum
1675 1195 1838 1252 tradit

205 1283 498 1340 vocitatam
541 1284 864 1358 antiquitas.
918 1287 1121 1342 Gallica
1164 1287 1312 1343 enim
1363 1288 1553 1362 lingua
1589 1294 1833 1344 montem

206 1376 391 1432 vocari
431 1376 663 1440 duuum,
693 1379 961 1435 studiosis
1011 1395 1124 1436 non
1165 1389 1250 1436 est
1287 1380 1652 1454 incOgnitum.
1696 1381 1832 1446 Qui-

209 1467 338 1522 dam
390 1467 460 1524 de
514 1469 815 1526 neutericis
873 1471 1288 1543 interpretatus,
1347 1489 1446 1529 cur
1481 1473 1670 1528 Hedua
1699 1472 1832 1529 urbs

203 1565 437 1612 vocetur
465 1558 931 1632 Augustidunum,
963 1560 1111 1617 inter
1139 1571 1338 1618 cetera
1362 1562 1442 1618 sic
1470 1563 1547 1618 ait
1577 1579 1590 1616 :

283 1645 485 1702 Celtica
513 1650 681 1704 Roma
709 1649 900 1704 dehinc
925 1651 1098 1706 uoluit
1119 1655 1363 1722 cepitque
1385 1653 1593 1719 vocari,

279 1739 726 1806 Augustidunum
754 1741 966 1796 demum
1002 1748 1252 1814 concepta
1275 1747 1478 1810 vocari,

279 1829 524 1896 Augusti
551 1834 781 1884 montem
807 1831 954 1902 quod
990 1834 1253 1900 transfert
1281 1833 1479 1890 Celtica
1509 1835 1719 1901 lingua.

209 1917 517 1994 Sicutergo
547 1921 994 1994 Augustidunum
1030 1923 1474 1997 Augusti-mons,
1504 1923 1646 1979 sicut
1697 1923 1830 1978 Viri-

207 2011 420 2066 dunum
480 2011 968 2069 Virorum-dunum
1022 2015 1368 2071 nominatum
1403 2023 1508 2083 est,
1560 2016 1632 2072 ita
1678 2015 1826 2071 Divi-

209 2103 419 2159 dunum
452 2104 611 2176 quasi
644 2105 1148 2163 Divorum-dunum
1189 2108 1521 2165 vocabulum
1561 2114 1831 2181 aucupata

208 2209 303 2259 es;
343 2207 457 2249 non
505 2195 683 2250 solum
733 2202 958 2268 prepter
1002 2197 1288 2253 emeritam
1348 2198 1650 2254 incolarum
1705 2215 1834 2275 gia-

212 2282 369 2354 tiam,
403 2298 545 2354 quos
592 2283 699 2340 hoc
753 2285 976 2341 nomine
1029 2287 1363 2359 dignabatur
1390 2289 1681 2364 gentilium
1739 2305 1838 2344 su-

212 2375 493 2448 persticio,
536 2385 621 2432 set
651 2378 815 2433 etiam
845 2379 998 2452 quia,
1029 2387 1087 2436 ut
1117 2380 1381 2450 diximus,
1415 2389 1497 2439 tot
1520 2391 1836 2439 sanctorum

212 2467 424 2542 hospes
456 2470 643 2527 futura
671 2473 910 2544 quodam
965 2475 1386 2548 prmsagiebaris
1451 2476 1691 2533 oraculo.
1729 2477 1840 2532 Nec

213 2559 880 2619 abhorretarectitudine
901 2562 1054 2632 ﬁdei,
1087 2565 1339 2621 divorum
1370 2566 1593 2622 nomine
1621 2574 1840 2624 sanctos

211 2656 446 2728 signari,
505 2674 627 2714 cum
700 2659 872 2716 multa
915 2660 1190 2732 scriptura
1247 2668 1301 2718 et
1355 2663 1628 2734 imprimis
1693 2665 1838 2720 Deus

209 2747 444 2804 deorum
484 2751 542 2806 in
573 2752 863 2826 evangelio
885 2759 1245 2824 protestetur,
1277 2769 1376 2812 eos
1402 2756 1470 2810 ad
1494 2771 1633 2828 quos
1654 2771 1838 2812 sermo

209 2840 312 2896 Dei
343 2840 520 2898 factus
553 2849 638 2899 est
667 2844 779 2900 Deo
806 2845 1013 2902 vocari.

283 2930 396 2986 Nos
423 2933 853 2989 controversiam
903 2935 972 2990 de
1005 2936 1231 3012 nomine
1261 2937 1385 2992 aliis
1426 2937 1834 3011 relinquamus;

215 3037 408 3078 verum
441 3023 572 3094 quia
592 3038 740 3094 saepe
766 3023 1011 3080 medium
1041 3025 1199 3082 urbis
1226 3025 1330 3082 iter
1369 3027 1618 3095 terimus,
1637 3027 1837 3102 ingrati

211 3129 336 3170 esse
377 3115 702 3186 poterimus,
749 3117 796 3172 si
850 3133 971 3174 eam
1041 3119 1390 3174 insalutatam
1451 3119 1835 3192 relinquimus,

215 3205 454 3278 ideoque
483 3223 784 3280 parumper
811 3208 866 3264 in
905 3210 1026 3280 ejus
1043 3209 1218 3266 libeat
1243 3211 1524 3267 immorari
1557 3212 1833 3270 laudibus.

213 3297 478 3354 Praecluis
515 3298 648 3354 urbs
677 3299 849 3367 salve,
882 3301 1044 3357 tellus
1075 3302 1398 3374 praenobilis
1428 3319 1550 3371 ave,

217 3393 355 3448 Urbs
376 3393 647 3466 papulosa
685 3394 872 3464 nimis,
897 3398 1061 3452 tellus
1090 3397 1400 3470 praefertilis
1430 3397 1594 3473 agris.

219 3481 319 3538 Mel
353 3489 408 3538 et
428 3484 510 3540 lac
535 3501 786 3553 manans,
816 3501 940 3542 cum
962 3503 1092 3543 vmo
1119 3487 1277 3558 panis
1309 3487 1661 3556 habundans,

218 3570 492 3628 Mercibus
517 3573 826 3642 exundans,
853 3590 988 3631 auro
1017 3577 1366 3650 gemmisque
1393 3576 1733 3644 redundans,

219 3661 374 3719 Cedit
393 3663 648 3720 Pactolus
676 3664 878 3734 fulvus,
908 3667 1206 3738 praedulcis
1248 3669 1531 3739 Hymetus,

293 3752 355 3807 Et
383 3752 605 3809 Latialis
627 3754 848 3822 humus,
869 3755 1176 3828 Triquetra,
1190 3757 1275 3812 vel
1290 3756 1838 3831 Aﬂ'rica(957)tellus.

219 3842 272 3897 Si
300 3843 763 3917 circumspiciam,
795 3847 874 3901 nil
905 3863 1016 3903 non
1038 3847 1319 3904 laudabile
1353 3865 1596 3905 cernam.

222 3937 404 3994 Lauda
434 3939 613 3996 minas
640 3941 782 3997 muri
812 3943 1038 4014 quadris
1067 3943 1412 4009 exaediﬁcati,

220 4029 338 4086 Non
372 4030 550 4087 facilis
572 4033 732 4101 solvi,
756 4051 866 4091 non
895 4037 1283 4112 expugnabilis
1324 4037 1489 4094 hosti.

221 4119 357 4175 Nam
378 4121 552 4178 clivus
571 4139 813 4193 murum,
846 4132 1089 4182 tutantur
1117 4127 1346 4183 flumina
1375 4128 1599 4184 clivum.

223 4207 420 4264 Tutum
455 4209 535 4264 sic
555 4218 730 4280 extra,
761 4212 943 4269 munit
963 4215 1042 4269 vis
1066 4216 1286 4288 aggeris
1316 4216 1484 4283 intra;

227 4297 342 4364 Qua
372 4306 565 4356 natura
582 4301 750 4371 labat,
777 4303 928 4360 vires
955 4321 1151 4361 manus
1181 4323 1380 4378 arsque
1401 4307 1700 4365 ministrat.

223 4389 548 4448 Mensurans
579 4393 772 4463 latum,
803 4404 1028 4468 stupeas
1060 4400 1688 4475 succrescerelongum.

227 4482 552 4555 Suspiciens
581 4493 781 4554 turres,
807 4488 1106 4560 Babylonis
1135 4491 1386 4562 suspicor
1418 4507 1590 4547 arces.

225 4571 332 4627 Has
360 4573 524 4642 aries,
557 4576 797 4645 testudo,
822 4577 1047 4634 falarica
1078 4579 1226 4651 (958)
1254 4579 1415 4636 vinea
1437 4579 1606 4636 falces

229 4661 534 4735 Numquam
613 4665 700 4720 vel
755 4663 957 4722 frustra
1017 4668 1291 4740 quatient,
1360 4683 1466 4724 nec
1525 4668 1654 4722 edet
1705 4667 1850 4723 mala

1515 4757 1774 4829 [flamma

229 4838 478 4914 Cumque
506 4843 702 4900 domos
729 4861 920 4916 cerno,
964 4847 1208 4904 Romana
1240 4847 1440 4920 palatia
1477 4849 1664 4906 credo.

229 4927 474 5002 Cumque
505 4941 634 5004 pcto
664 4939 922 5004 teatrum,
957 4946 1090 5007 puto
1112 4937 1412 4994 Dedaleum
1444 4939 1842 4994 laberinthum.

230 5021 402 5093 Sique
423 5023 561 5080 situs
587 5023 816 5082 formam
833 5034 1074 5100 spectes,
1099 5029 1234 5102 quid
1261 5030 1548 5102 pulchrius
1569 5044 1801 5103 usquam
1821 5031 1849 5086 ?

1933 467 2125 524 Pulcra
2160 469 2343 540 placet
2369 471 2513 539 visu,
2536 481 2744 530 natura
2771 478 3054 548 pulchrior
3077 499 3200 538 usu.

1934 558 2082 615 Colle
2111 561 2316 617 sedens
2346 563 2586 631 modico,
2607 568 2832 641 gemino
2861 573 3074 628 munita
3103 574 3345 646 ﬂuento;

1935 648 2184 704 Flumina
2210 651 2342 706 dant
2373 669 2640 725 murmur,
2673 656 2806 713 dant
2837 667 3248 738 propugnacula
3289 667 3477 726 robur.

1934 738 2194 808 Quatuor,
2227 757 2378 810 ecce,
2419 741 2608 816 plagas
2637 761 2738 816 per
2765 757 3002 820 quatuor
3040 754 3226 828 aspice
3259 767 3479 828 portas:

1937 828 2157 885 Scilicet
2177 831 2470 900 anatolem,
2504 833 2674 903 disin,
2700 839 3098 911 mesenbriam,
3130 855 3318 902 arcton

1937 921 2073 987 Quid
2104 923 2250 980 videt
2276 925 2580 994 zecclesias,
2603 930 2854 988 caelestes
2879 934 3112 991 aestimat
3141 937 3314 994 aulas.

1939 1009 2066 1066 Cum
2099 1021 2228 1084 peto
2252 1015 2538 1084 primatem
2568 1017 2835 1092 Stephani
2868 1025 3326 1100 prothomartyris
3348 1032 3550 1107 aedem,

1937 1101 1998 1156 Et
2024 1102 2188 1158 video
2217 1103 2448 1174 clerum,
2489 1107 2683 1164 videor
2720 1111 2855 1166 mihi
2886 1116 3154 1172 scandere
3184 1119 3403 1190 caelum,

1937 1189 2306 1264 Coelestesque
2330 1193 2529 1250 choros
2557 1198 2825 1256 modulari
2859 1203 3092 1260 dulciter
3119 1223 3336 1278 ymnos.

1936 1279 1998 1334 Et
2025 1279 2146 1350 tibi,
2175 1283 2441 1353 Salvator,
2475 1302 2616 1343 nova
2645 1292 2848 1348 moenia
2869 1309 3098 1372 surgere
3117 1307 3308 1373 grator

1937 1371 2064 1434 Quae
2087 1372 2274 1442 patrias
2304 1375 2580 1446 columen,
2608 1379 2732 1436 vitae
2770 1385 3077 1454 spectabile
3099 1371 3340 1456 culmen,

1931 1461 2140 1518 Struxit
2165 1465 2440 1524 Adelbero
2469 1469 2613 1540 pius,
2645 1486 2809 1528 omne
2830 1490 2930 1532 suo
2961 1477 3133 1535 decus
3155 1496 3296 1538 aevo.

1932 1554 2166 1628 Virginis
2195 1574 2388 1632 agnus,
2424 1561 2563 1630 ovis,
2595 1571 2652 1620 et
2677 1581 2914 1637 sponsus
2942 1571 3299 1645 virginitatis,

1939 1649 2232 1724 Virgineos
2266 1654 2536 1713 thalamos
2573 1658 2627 1712 in
2654 1660 2799 1717 trino
2829 1663 3054 1720 nomine
3078 1661 3274 1723 trinos‘

1957 1699 1966 1704 .
1986 1699 2231 1724 --ῃ---ννν
2267 1699 2536 1713 uua-“annva
2574 1699 2627 1712 lu
2657 1699 2693 1714 In
2707 1699 2799 1717 ιιιυ
2829 1699 3054 1720 μυιιιιιιϋ
3079 1699 3250 1723 ιιιιιυδ

1865 1699 1916 1767 Β
1942 1741 2250 1800 Collocatin
2274 1747 2475 1804 mediis
2507 1750 2669 1820 hujus
2691 1753 2794 1808 sibi
2818 1755 3100 1814 manibus
3135 1759 3310 1817 urbis.

1931 1833 2100 1890 Mater
2121 1835 2275 1911 virgo
2297 1839 2393 1895 Dei
2415 1840 2472 1897 ﬁt
2498 1842 2695 1900 sedula
2734 1848 2984 1916 pronuba
3019 1851 3159 1920 nati,

1931 1927 2178 2000 Claviger
2204 1932 2480 1988 aethereus
2509 1933 2570 1988 fit
2599 1942 2655 1990 et
2687 1936 2808 2008 ipse
2832 1939 2927 1995 Dei
2961 1944 3382 2017 paranimphus,

1929 2018 2187 2092 Virginea
2215 2023 2404 2094 sponsi
2438 2025 2678 2082 thalamo
2717 2027 2942 2103 dignata
2971 2037 3202 2105 superni

1935 2115 2097 2192 Virgo
2137 2117 2488 2176 Glodesindis
2513 2122 2664 2178 canit
2684 2123 3042 2195 epithalamia
3071 2131 3245 2203 regis,

1935 2209 2085 2283 Agna
2116 2210 2334 2268 minans
2375 2214 2532 2287 (959)
2565 2231 2733 2289 agnas
2769 2218 2836 2273 ad
2868 2219 3014 2276 ovile
3057 2223 3252 2279 salutis
3283 2227 3554 2300 agendas.

1938 2300 2096 2356 Urbis
2130 2311 2398 2375 praeterea
2427 2324 2641 2381 magna:
2667 2313 2932 2383 pomoeria
2963 2313 3129 2387 longa

1937 2393 2164 2452 Tutatur
2185 2398 2356 2468 Felix,
2385 2401 2522 2456 actis
2543 2409 2598 2458 et
2628 2405 2851 2461 nomine
2881 2405 3033 2472 felix,

1940 2485 2070 2543 Cum
2095 2489 2378 2547 Clemente
2399 2493 2515 2564 pio,
2538 2495 2790 2552 Mettensi
2811 2499 3045 2570 praesule
3067 2499 3267 2571 primo.

1941 2575 2071 2632 Cum
2102 2579 2308 2650 quibus
2337 2581 2480 2638 alme
2505 2583 2655 2640 vices
2677 2586 2897 2656 partiris
2926 2586 3350 2660 Symphoriane,

1935 2669 2218 2727 Iohannes
2247 2672 2350 2728 alis
2379 2674 2628 2732 sublatus
2656 2677 3011 2750 virginitatis,

1937 2761 2222 2818 Arnulfum
2250 2765 2462 2836 gremio
2503 2776 2750 2824 sanctum
2784 2770 3104 2842 complexus
3143 2773 3344 2840 amico,

1939 2850 2088 2905 Inter
2125 2866 2222 2906 eos
2242 2848 2583 2911 medius/stat
2611 2857 2791 2912 clarus
2821 2858 2890 2912 ab
2931 2859 3070 2915 urbe
3089 2860 3290 2928 videri,

1939 2939 2115 3011 Atque
2133 2939 2326 2996 volans
2351 2942 2460 2999 alto
2492 2951 2615 3015 post
2653 2963 2713 3002 se
2737 2947 2901 3002 trahit
2925 2964 3122 3021 agmen
3153 2951 3370 3021 abimo,

1941 3029 2142 3096 Insula,
2177 3033 2449 3100 Vincenti,
2483 3037 2580 3092 tibi
2615 3039 2782 3095 cessit
2811 3056 3040 3096 munere
3065 3040 3292 3110 Christi;

1937 3123 2280 3182 Eminetalta
2303 3127 2401 3184 tibi
2431 3128 2629 3185 domus
2660 3130 2750 3188 hic
2777 3133 2958 3189 studio
2991 3133 3302 3191 Deoderici.

1937 3213 2031 3269 Set
2061 3230 2163 3270 nec
2199 3216 2420 3274 Martini
2459 3221 2714 3276 custodia
2745 3221 2922 3278 defuit
2951 3224 3075 3278 urbi

1937 3306 2182 3382 Longius
2219 3311 2472 3378 astantis,
2499 3320 2584 3368 set
2610 3313 2680 3368 de
2707 3330 2880 3386 prope
2913 3327 3112 3372 cuncta
3140 3318 3369 3374 tuentis.

1938 3398 2178 3456 Dedecet
2203 3402 2288 3457 hic
2316 3402 2562 3459 breviter
2581 3410 2636 3460 te
2677 3405 2885 3472 dicere,
2919 3407 3112 3464 Gorzia
3149 3418 3342 3464 mater.

1941 3487 2110 3544 Miror
2129 3505 2285 3560 aquae
2325 3491 2522 3546 ductus
2551 3509 2650 3548 sex
2687 3495 2914 3551 milibus
2941 3497 3050 3552 isse
3069 3497 3160 3534 ¹⁰⁰³
3188 3514 3487 3570 perarcus;

1943 3580 2134 3636 lnvisit
2157 3588 2384 3637 matrem
2417 3599 2542 3639 cum
2581 3583 2694 3640 filia
2725 3588 2920 3644 Gorzia
2949 3589 3156 3646 Mettim
3185 3608 3199 3658 ;

1941 3669 2061 3726 Non
2086 3671 2180 3726 alti
2207 3679 2443 3740 montes,
2477 3691 2587 3732 non
2605 3677 2730 3733 imae
2747 3678 2988 3752 denique
3010 3681 3205 3750 valles,

1943 3758 2368 3817 lntercurrentis
2395 3778 2505 3820 non
2533 3763 2774 3837 impetus
2797 3766 2916 3838 ipse
2930 3767 3172 3824 Mosellae

1947 3849 2285 3922 Prmpediere
2317 3853 2488 3922 viam;
2515 3856 2647 3927 quid
2665 3856 2776 3913 vidi
2811 3859 3102 3929 Operosius
3129 3877 3373 3934 unquam
3391 3861 3422 3916 τ

1943 3941 2043 3994 Ars
2072 3940 2325 3996 mittebat
2344 3958 2536 4014 aquas,
2560 3961 2698 4016 quas
2719 3951 2774 4001 tu
2794 3953 2987 4003 natura
3018 3949 3284 4022 negabas,

1944 4030 2132 4086 Donec
2155 4031 2272 4088 sola
2297 4033 2413 4090 vias
2451 4036 2598 4107 rupit
2634 4037 2882 4115 longaeva
2917 4048 3182 4098 vetustas.
3287 4094 3289 4097 .

1945 4118 2182 4176 Laudem
2207 4130 2496 4181 structura:
2515 4127 2757 4184 retinent
2776 4131 3058 4205 hodieque
3082 4132 3278 4189 ruinae.

1945 4207 2186 4265 Plurima
2207 4221 2504 4283 praetereo;
2529 4233 2651 4288 quae
2677 4219 3146 4293 suntlonginqua,
3180 4223 3454 4296 relinquo.

1949 4298 2078 4364 Quis
2105 4301 2380 4358 describat
2399 4321 2571 4376 aquas
2593 4304 2620 4359 ?
2646 4307 2770 4378 quis
2801 4307 3000 4374 fontes,
3026 4310 3220 4382 quisve
3247 4311 3496 4368 salinas?

1949 4391 2086 4446 Num
2118 4394 2310 4449 sileam
2325 4395 2521 4451 Saliam
2543 4397 2570 4451 ?
2598 4398 2822 4454 Moneor
2852 4415 3162 4456 memorare
3187 4401 3491 4458 Mosellam.

1871 4461 1924 4528 ί)
1944 4482 2212 4541 Fontibus
2233 4503 2262 4541 a
2283 4488 2450 4542 variis
2490 4487 2811 4562 regionibus
2837 4500 3002 4563 atque
3041 4493 3268 4548 remotis

1949 4573 2166 4648 Longos
2193 4590 2292 4645 per
2323 4582 2523 4631 tractus
2555 4576 2656 4648 tibi
2686 4588 2912 4634 currunt
2941 4579 3108 4636 edere
3147 4581 3377 4654 fructus,

1949 4666 2340 4740 Amplexaeque
2375 4675 2498 4724 tuos
2521 4668 2734 4726 alterno
2764 4671 2942 4728 littore
2963 4689 3173 4742 muros,

1951 4759 2012 4814 Et
2041 4759 2262 4814 tandem
2282 4759 2490 4830 junctis
2519 4761 2818 4818 miscentes
2847 4765 3036 4820 oscula
3055 4765 3245 4836 labris,

1947 4855 2088 4910 Dant
2116 4855 2287 4910 decus
2319 4865 2373 4912 et
2401 4856 2658 4924 fructum,
2695 4867 2958 4930 priestant
2987 4863 3272 4920 munimen
3304 4874 3358 4923 et
3387 4885 3569 4925 usum.

1953 4942 2092 4998 Usus
2122 4944 2217 4998 alit
2240 4951 2510 5014 ventrem,
2533 4947 2751 5016 species
2781 4959 3046 5016 mentem,
3076 4967 3247 5008 sonus
3277 4971 3484 5011 aurem.

1953 5031 2211 5096 Quaenam
2232 5043 2338 5088 tam
2367 5050 2588 5090 suavem
2622 5037 2982 5094 modulentur
3012 5040 3297 5112 hydraulia
3335 5049 3573 5106 vocem)

1595 5163 1816 5220 VARI/E
1847 5161 2222 5220 LECTIONES.

315 5269 404 5306 ¹⁰⁰⁵
429 5287 554 5328 esse
584 5275 636 5328 l.
722 5345 734 5354 .

1807 5380 2018 5438 NOTAE.

307 5499 448 5582 (9536)
471 5502 726 5582 [fortasse
748 5505 867 5576 ipse
898 5505 1244 5582 Sigebertus.
1280 5507 1392 5580 (an.
1425 5507 1479 5562 in
1513 5507 1889 5567 Vitametrica

238 5569 515 5644 Sigeberti
556 5575 625 5632 ιιι
647 5575 676 5628 7

306 5645 445 5715 (957;
469 5645 642 5712 Italia,
673 5645 889 5715 Sicilia,
917 5646 1120 5708 Africa.

2072 5511 2218 5586 (9.58,)
2241 5513 2416 5586 Arcus
2452 5513 2698 5586 grandis.

2068 5583 2210 5656 (959}
2241 5583 2552 5664 Midam—est
2583 5587 2788 5642 ducere
2828 5586 3030 5644 Gallice
3061 5603 3258 5647 mencr.
