3948 6044
407 207 512 264 719

408 333 710 387 Circumter
737 330 935 396 visum,
963 333 1226 400 quantum
1256 327 1709 383 conceditorizon
1737 347 1752 394 ;

408 420 489 474 Nil
523 434 633 474 non
660 415 1080 488 jocundum,nil
1109 416 1346 487 aSpicies
1379 415 1482 469 nisi
1515 425 1748 486 gratum.

406 512 536 577 Quis
565 510 685 581 quit
715 509 898 563 mirari
940 517 1207 573 montem,
1243 508 1334 579 qui
1364 509 1612 578 pluribus
1651 508 1773 562 urbi

406 601 704 658 Imminet?
735 601 1015 656 Estoculis
1037 599 1592 675 gratissimus,ubere
1625 598 1876 673 pinguis;

407 697 560 750 Hunc
582 703 774 750 natura
791 709 894 749 suo
925 693 1144 749 lactavit
1175 693 1244 747 ab
1286 693 1452 747 ubere
1487 693 1672 763 pleno.

404 784 682 841 Montibus
712 789 795 838 est
825 783 962 838 raris
982 791 1188 838 natura;
1215 783 1390 855 gratia
1420 781 1564 836 talis.

405 863 710 953 ASsurgunt
745 892 940 932 omnes
969 875 1160 932 acclivi
1189 875 1395 930 vertice
1425 884 1664 930 montes.

405 975 524 1030 Vite
552 975 707 1029 vides
733 973 906 1029 colles
923 973 1228 1039 redimitos,
1252 971 1485 1043 mergite
1516 972 1708 1027 valles.

407 1067 565 1121 Prata
597 1065 790 1131 virent,
822 1063 974 1119 silva:
1013 1063 1373 1119 frondescunt
1436 1063 1662 1117 fluctuat
1695 1076 1827 1133 ager
1853 1061 2021 1130 (960).

409 1158 614 1214 Pascua
633 1157 677 1212 si
703 1173 941 1228 quaeres,
963 1171 1187 1226 campos
1216 1156 1455 1226 spatiare
1483 1171 1583 1224 per
1608 1170 1820 1209 omnes.

410 1249 579 1313 Quam
599 1247 746 1302 varie
778 1247 1036 1301 recinunt
1065 1246 1337 1311 volucres,
1363 1245 1616 1299 examina
1653 1243 1884 1307 ludunt;

411 1343 543 1399 Caeli
569 1342 895 1412 temperiem
919 1356 1073 1396 rarus
1089 1339 1256 1394 sentit
1283 1339 1564 1396 meliorem

410 1435 579 1500 Quem
612 1451 723 1490 non
756 1440 1023 1489 tantarum
1058 1432 1294 1486 delectet
1319 1431 1490 1504 gratia
1516 1447 1696 1486 rerum
1725 1429 1754 1483 ‘i

411 1523 569 1594 ipsos
599 1524 862 1579 ruricolas
880 1521 1051 1593 pascit
1070 1528 1175 1576 tam
1215 1528 1370 1595 grata
1398 1521 1674 1590 voluptas,

410 1616 660 1688 Dumque
690 1615 828 1670 fides
858 1614 1002 1669 ruris
1024 1613 1167 1668 votis
1208 1613 1510 1684 respondet
1533 1612 1732 1680 avaris,

412 1709 572 1764 Exosi
603 1707 849 1779 requiem
887 1705 1134 1761 solantur
1154 1721 1340 1760 amore
1372 1705 1637 1759 laborem.

413 1800 560 1854 Vites
590 1799 692 1853 iste
710 1804 883 1870 putat,
916 1797 1054 1852 alter
1084 1796 1243 1864 fodit,
1276 1796 1370 1851 ille
1403 1795 1640 1862 maritat,

415 1886 639 1943 Umbrat
668 1895 721 1941 et
751 1885 841 1940 hic
869 1884 1069 1949 fontes,
1100 1884 1190 1938 hic
1216 1882 1458 1939 conserit
1486 1881 1682 1938 arbore
1723 1889 1958 1938 montes.

415 1981 604 2037 Deviat
633 1981 722 2036 hic
748 1981 914 2046 rivos,
948 1979 1037 2034 hic
1067 1979 1204 2035 ditat
1233 1979 1448 2034 semine
1477 1994 1740 2050 campos;

419 2071 601 2125 llamis
633 2070 819 2141 piscor
844 2083 970 2142 ego,
996 2075 1051 2123 tu
1073 2068 1298 2132 vimine,
1335 2067 1543 2122 retibus
1566 2067 1680 2122 ille.

414 2162 673 2226 Quisnam
693 2167 960 2215 tantarum
995 2159 1225 2231 replicet
1254 2159 1570 2230 spectacula
1597 2174 1778 2212 rerum
1805 2157 1832 2212 ?

419 2253 572 2308 Esset
622 2252 690 2307 ad
742 2252 858 2308 hanc
895 2258 1080 2306 mutus
1130 2258 1184 2305 et
1225 2251 1512 2315 Homerus,
1575 2257 1630 2305 et
1677 2250 1816 2306 alter
1846 2250 2041 2305 Home-

1735 2344 1846 2416 [rus
1879 2345 2039 2416 (961).

418 2439 595 2496 Multas
625 2447 754 2495 sunt
782 2439 950 2495 urbes
978 2437 1213 2494 fortunae
1257 2453 1487 2493 munere
1520 2437 1685 2506 dites,

416 2530 490 2584 Te
520 2530 685 2600 pleno
711 2543 881 2584 cornu
911 2536 1118 2583 naturae
1161 2527 1320 2598 c0pia
1352 2527 1509 2584 ditat.

420 2621 619 2677 Praeter
647 2620 878 2676 fortuna:
909 2637 1144 2688 merces,
1167 2637 1304 2692 quas
1333 2627 1555 2691 praestat
1580 2619 1826 2684 abunde,

419 2711 591 2769 Urbes
617 2712 811 2768 vicina:
846 2711 942 2767 tibi
974 2713 1181 2768 cedunt
1205 2713 1394 2768 matris
1425 2713 1660 2779 honore,

416 2802 751 2878 Vangiones,
783 2803 972 2871 Leuci,
1007 2803 1334 2869 Virdunum,
1362 2803 1562 2877 Leggia
1585 2801 1764 2872 (962),
1797 2801 1971 2868 Remi,

415 2892 670 2949 Treveris
700 2902 755 2948 et
771 2899 946 2947 mater
970 2908 1257 2966 assurgere
1275 2891 1477 2963 gaudet
1508 2898 1791 2957 amanter;

416 2983 487 3038 Te
519 2983 694 3039 salvet
713 2999 936 3054 semper
963 2999 1202 3057 regnans
1220 2997 1387 3053 super
1415 2981 1602 3036 omnia
1632 2997 1874 3052 semper.

487 3075 577 3128 18.
619 3076 690 3128 De
721 3075 1058 3128 dedicatione
1083 3074 1317 3128 duarum
1356 3089 1598 3127 ararum.
1644 3071 1909 3126 Fervente
1949 3071 2051 3143 igi-

417 3172 506 3221 tur
547 3166 732 3221 studio
793 3175 986 3237 coepta:
1039 3164 1262 3220 fabrica:
1310 3174 1364 3220 et
1401 3182 1431 3219 a
1478 3165 1644 3240 longo
1708 3163 2054 3235 postliminio

417 3269 623 3318 sanctae
652 3260 930 3316 memoriae
965 3261 1220 3332 ρτξεειιιο,
1259 3260 1472 3316 Christo
1527 3259 1793 3331 propitio,
1824 3259 2053 3322 reduce,

415 3369 524 3410 are
550 3353 673 3408 duae
707 3351 762 3406 in
793 3353 988 3407 eadem
1019 3353 1274 3408 zecclesia
1321 3352 1428 3406 sibi
1471 3352 1752 3426 contiguae
1783 3351 2054 3406 dedicatae

416 3450 566 3511 sunt,
609 3441 974 3514 praesentibus
1005 3449 1059 3496 et
1097 3441 1532 3512 cooperantibus
1589 3439 2056 3495 reverentissimis

415 3535 690 3610 Wigfrido
730 3533 1089 3601 Virdunensi,
1140 3533 1420 3588 Gerhardo
1470 3533 1714 3587 Tullcnsi
1775 3531 2054 3603 pontifici-

415 3627 521 3683 bus
551 3643 697 3682 anno
765 3627 903 3692 972;
971 3626 1088 3681 haec
1137 3626 1362 3696 quidem
1398 3625 1450 3679 in
1494 3641 1709 3697 magna:
1739 3630 1793 3678 et
1833 3623 1931 3678 toti
1966 3623 2057 3658 ¹⁰⁰⁶

415 3719 537 3777 orbi
592 3720 828 3790 vulgatae
878 3718 1130 3788 martyris
1178 3726 1386 3772 sanctae
1422 3716 1600 3772 Luciaa
1657 3716 2051 3786 Syracusanae,

417 3812 512 3866 illa
541 3818 721 3865 autem
754 3811 806 3864 in
843 3819 1158 3863 sanctorum
1191 3825 1350 3879 aeque
1383 3809 1594 3864 mundo
1631 3817 2050 3881 pervagatorum

420 3903 568 3958 Proti
600 3911 654 3957 et
681 3901 881 3956 lacinti
913 3907 1211 3971 martyrum
1237 3902 1526 3972 praesentia
1557 3910 1612 3955 et
1644 3901 1856 3956 honore
1903 3901 2050 3965 Quo-

420 4009 539 4047 rum
572 4006 805 4061 corpora
834 4000 1184 4045 sacrosancta
1211 4007 1361 4057 vera,
1392 3998 1512 4044 utut
1545 3990 1683 4045 tides
1713 3990 1908 4045 Christi
1943 3997 2046 4056 est,

424 4088 480 4136 et
520 4095 630 4134 non
663 4078 792 4145 alia,
817 4077 1188 4149 Opeipsorum
1220 4086 1578 4150 augustorum
1621 4086 1676 4133 et
1701 4078 1888 4134 domni
1923 4086 2050 4134 tunc

425 4170 690 4242 temporis
720 4186 878 4241 papae
913 4169 1182 4224 Johannis
1208 4169 1542 4225 auctoritate
1593 4171 1647 4224 in
1697 4169 1834 4241 ipsis
1876 4171 2046 4241 parti-

423 4264 531 4319 bus
579 4263 746 4318 ltaliaa
793 4262 1029 4333 adeptus
1077 4277 1204 4317 cum
1241 4261 1368 4316 aliis
1421 4261 1673 4332 pluribus
1729 4271 2044 4316 sanctorum

423 4365 722 4427 martyrum
749 4354 1198 4425 corporibushuc
1221 4353 1364 4409 felici
1394 4353 1582 4408 omine
1608 4354 1838 4409 Domino
1869 4363 2047 4409 trans-

425 4446 547 4502 tulit
594 4445 938 4516 auspicante.
994 4445 1054 4499 Et
1110 4450 1240 4498 sunt
1295 4443 1428 4513 ipsae
1487 4443 1636 4514 (963)
1693 4443 2058 4499 dedicationis

425 4537 676 4592 kalendae
717 4537 751 4591 8
792 4536 988 4592 lduum
1046 4535 1296 4610 Augusti,
1349 4549 1496 4590 anno
1537 4533 1891 4606 pontificatus
1938 4537 2058 4607 ejus

427 4643 599 4684 nono.

501 4715 584 4771 19.
609 4720 680 4771 De
698 4721 865 4772 morte
899 4717 1164 4772 Everardi
1186 4717 1470 4783 fratruelis
1497 4720 1602 4773 sui.
1639 4718 1728 4772 Set
1751 4717 1882 4788 quia
1903 4717 2053 4772 varia

429 4820 609 4858 rerum
642 4805 872 4860 mutatio
937 4820 1046 4860 non
1087 4804 1295 4874 patitur
1329 4821 1453 4859 esse
1493 4805 1767 4860 diutinam
1801 4805 2052 4860 laeticiam

429 4891 739 4947 umbratilis
760 4892 1162 4963 prosperitatis,
1196 4893 1245 4947 ei
1273 4899 1382 4947 tam
1409 4893 1695 4949 dedolenti
1738 4909 1846 4949 non
1880 4895 2052 4950 multo

431 4995 555 5060 post
597 4995 920 5044 renovatum
977 4994 1059 5043 est
1126 4989 1327 5042 vulnus
1391 4987 1578 5042 acerbi
1639 4987 1865 5044 doloris.
1929 4988 2054 5044 Erat

430 5095 631 5152 nempe
653 5080 702 5135 ei
727 5077 1022 5146 fratruelis,
1045 5079 1282 5134 dulcedo
1314 5078 1398 5133 sui
1433 5079 1600 5134 animi
1635 5087 1690 5135 et
1727 5079 1908 5155 imago
1934 5079 2055 5149 pie-

1631 200 1972 256 SIGEBERTI
2014 198 2525 256 GEMBLACENSIS.

3641 207 3755 260 720

2046 334 2095 400 Α
2122 326 2278 392 tatis;
2313 327 2618 382 Everardus
2645 334 2762 383 erat
2785 343 2990 384 nomen
3033 327 3150 395 illi;
3182 330 3493 401 quemipso
3523 343 3764 402 paterno

2124 417 2320 472 affectu
2380 418 2726 472 educandum
2771 418 2838 472 ab
2885 419 3021 490 ipsis
3075 432 3395 491 susceperat
3435 423 3757 489 cunabulis,

2125 505 2192 558 ad
2229 507 2636 577 propagandam
2678 524 2833 577 spem
2866 524 2978 562 suae
3023 509 3383 579 posteritatis,
3417 512 3483 564 ad
3511 511 3765 567 dilatan-

2125 595 2247 648 dam
2278 596 2506 668 gloriam
2559 612 2672 651 suae
2713 597 3034 652 nobilitatis.
3086 599 3200 652 Heu
3231 599 3447 654 incerta
3499 617 3630 671 spes
3661 601 3762 656 fu—

2125 685 2398 740 turorunil
2437 687 2546 742 Heu
2589 688 2730 742 male
2766 686 2874 742 lida
2927 703 3049 744 sors
3107 704 3288 744 rerum
3339 689 3708 746 humanarum
3745 707 3762 762 ι

2120 779 2215 833 Vix
2244 780 2312 835 de
2362 780 2595 836 infantia
2649 782 2701 836 in
2764 781 3055 853 pueritiam
3109 790 3376 853 repserat,
3419 784 3505 838 vix
3552 786 3762 840 avitam

2128 868 2288 924 bona:
2320 869 2523 925 indolis
2551 871 2778 944 gratiam
2799 877 3076 926 ostentare
3110 871 3435 944 incipiebat,
3462 874 3552 928 vix
3585 891 3768 945 quan~

2126 969 2238 1016 tum
2275 962 2446 1017 instar
2475 963 2527 1016 in
2564 963 2656 1018 illo
2699 962 2944 1018 futurum
2987 979 3109 1018 esse
3168 965 3492 1034 apparebat,
3536 973 3591 1020 et
3621 981 3762 1022 ecce

2127 1071 2225 1110 ceu
2259 1057 2441 1126 primo
2472 1074 2601 1113 vere
2647 1057 2884 1113 tenellus
2940 1057 3201 1114 ﬂosculus
3231 1059 3416 1114 subito
3460 1061 3605 1115 venti
3639 1069 3762 1115 tur-

2129 1148 2258 1203 bino
2304 1150 2571 1221 dilapsus,
2621 1151 2701 1206 sic
2749 1152 2872 1220 iste,
2905 1166 2939 1206 o
2989 1150 3175 1206 dolor!
3229 1151 3518 1206 immatura
3576 1161 3758 1208 morte

2129 1245 2336 1300 mundo
2371 1256 2699 1316 priereptus,
2761 1263 2873 1302 non
2926 1246 3262 1302 mediocrem
3317 1247 3519 1302 factum
3552 1247 3761 1303 infudit

2129 1336 2410 1391 omnibus.
2443 1336 2536 1393 Cui
2567 1346 2814 1406 patruus,
2849 1339 2916 1394 ad
2947 1339 3132 1394 miseri
3161 1339 3358 1394 solatia
3383 1339 3580 1407 luctus,
3616 1356 3757 1394 exe-

2079 1475 2088 1482 .
2141 1424 2301 1494 quias
2343 1441 2452 1481 non
2494 1433 2600 1480 tam
2647 1426 2910 1482 funebres
2956 1443 3118 1497 quam
3163 1426 3414 1482 celebres
3461 1427 3660 1499 edidit,
3706 1435 3766 1482 et

2141 1530 2339 1588 corpus
2377 1535 2500 1573 cum
2532 1519 2743 1574 honore
2775 1518 2990 1574 decenti
3023 1519 3093 1573 ad
3135 1519 3530 1574 monasterium
3579 1520 3761 1574 sancti

2139 1602 2420 1659 Vincentii
2454 1605 2654 1660 deferri
2700 1604 2847 1671 fecit,
2876 1615 2930 1660 et
2978 1614 3105 1660 ante
3137 1605 3304 1660 altare
3346 1605 3546 1661 Christi
3587 1607 3763 1680 virgi-

2139 1692 2223 1746 nis
2256 1693 2433 1748 l.ucia2
2468 1694 2778 1750 tumulavit.
2824 1694 2998 1766 thue
3032 1710 3128 1764 pro
3160 1694 3475 1750 innocentis
3505 1696 3628 1750 vita:
3657 1711 3767 1766 puc-

2139 1782 2296 1837 ritatc
2327 1783 2644 1856 perciperet
2674 1800 2843 1839 aurea
2875 1785 3102 1855 prwmia
3147 1784 3575 1856 perbennitatis,
3629 1801 3772 1840 con-

2138 1871 2262 1927 tulit
2311 1872 2492 1928 eidem
2553 1874 2676 1928 loco
2729 1888 2828 1942 pro
2879 1873 3052 1927 salute
3109 1873 3306 1926 anima:
3353 1872 3474 1941 ejus
3534 1873 3767 1928 calicem

2138 1977 2365 2016 aureum
2412 1962 2635 2016 maximi
2685 1961 2949 2032 ponderis
2985 1969 3040 2016 et
3085 1960 3301 2016 mirifici
3357 1961 3567 2032 operis,
3610 1977 3770 2016 suam

2142 2054 2426 2126 ipsiusque
2461 2054 2783 2109 memoriam
2837 2053 2892 2107 in
2933 2054 3130 2108 eodem
3171 2069 3336 2124 opere
3381 2053 3468 2107 his
3517 2053 3776 2108 intexens

2066 1655 2114 1722 Β

2147 2137 2439 2196 litterulis:
2481 2143 2796 2198 Deodericus
2830 2144 2992 2212 hujus
3023 2143 3165 2197 dicre
3199 2144 3332 2198 aedis
3357 2148 3686 2198 constructor
3709 2160 3781 2199 ac

2142 2235 2361 2294 curator
2388 2231 2500 2299 ¹⁰⁰⁷,
2529 2231 2822 2299 Everardi,
2853 2235 2967 2285 vita
2987 2231 3162 2300 juxta
3187 2233 3323 2297 cari,
3349 2246 3452 2301 pro
3482 2233 3670 2286 anima
3712 2231 3780 2284 Et

2145 2322 2303 2391 cujus
2344 2339 2546 2378 nomen
2600 2323 2654 2377 in
2703 2321 2832 2378 albo
2883 2322 3008 2378 vitae
3059 2322 3323 2378 credebat
3360 2323 3543 2378 aureis
3592 2323 3779 2378 inser-

2145 2423 2258 2472 tum
2296 2417 2602 2485 “Mlieris,
2648 2417 2812 2486 hujus
2852 2417 3066 2473 tumulo
3121 2417 3463 2489 epitaphium
3511 2417 3784 2489 superad-

2147 2510 2286 2566 didit
2304 2511 2490 2566 aureis
2506 2511 2563 2565 in
2584 2511 2967 2567 huncmodum
2986 2519 3262 2568 exaratum
3294 2511 3471 2566 titulis
3496 2531 3510 2565 :

2212 2611 2370 2660 Anno
2396 2607 2676 2661 dominica:
2702 2609 3098 2662 incarnationis
3137 2605 3246 2660 978
3301 2606 3612 2660 Deodericus
3650 2607 3766 2659 hu-

2142 2696 2287 2750 milis
2314 2697 2511 2764 ρνίεδαι
2542 2695 2652 2762 ¹⁰⁰⁹,
2692 2696 2759 2749 ab
2789 2698 2914 2765 ipsis
2940 2698 3226 2764 parietinis
3281 2696 3444 2763 hujus
3475 2695 3576 2748 loci
3627 2709 3771 2749 con-

2143 2795 2397 2855 structor,
2424 2792 2512 2858 pio
2540 2791 2716 2844 studio
2743 2790 3075 2843 Everardum
3101 2789 3422 2855 fratruelem
3446 2789 3566 2853 sibi,
3592 2788 3777 2856 quoad

2146 2880 2322 2932 vivere
2357 2878 2550 2932 datum
2591 2884 2667 2932 est
2697 2881 2925 2932 unicum
2971 2892 3230 2945 amorem,
3269 2878 3570 2932 orthodoxis
3606 2879 3782 2946 regii-

2104 3029 2121 3050 η
2152 2985 2254 3038 que
2308 2973 2594 3038 sanguinis
2648 2971 2963 3039 parentibus
3013 2971 3245 3037 clarum,
3293 2971 3530 3039 ipsosque
3570 2971 3793 3037 egregia

2076 3032 2124 3096 α
2157 3032 2330 3117 indole
2355 3032 2579 3132 puerilis
2605 3032 2797 3131 gratia!
2825 3032 3327 3132 :repromittentem;
3361 3077 3426 3116 ac
3438 3032 3615 3116 semet
3633 3032 3795 3128 genti

2155 3168 2223 3220 pa
2233 3154 2457 3220 trimque
2483 3167 2596 3206 suae
2621 3155 2681 3206 in
2707 3166 2854 3220 spem
2870 3154 3177 3206 maximam
3201 3151 3269 3203 ab
3295 3153 3422 3219 ipsis
3437 3153 3591 3204 cunis
3619 3150 3797 3204 dulci-

2155 3245 2351 3312 a/fectu
2389 3245 2699 3310 educatum,
2732 3247 3016 3297 inmatura
3053 3243 3194 3308 falce
3221 3245 3407 3296 mortis
3437 3242 3660 3296 vixdum
3692 3241 3792 3296 de-

2154 3351 2380 3391 cennem
2413 3335 2703 3402 abscisum,
2735 3337 2888 3389 luctu
2939 3334 3102 3403 plebis
3131 3341 3456 3403 patrumque
3504 3333 3793 3388 immodico

2155 3442 2344 3481 carum
2369 3430 2567 3496 pignus
2605 3428 2747 3481 silici
2790 3425 2890 3480 sub
2927 3427 3172 3479 humana
3223 3431 3364 3480 sorte
3421 3423 3512 3459 ¹⁰¹⁰
3558 3423 3596 3477 4
3649 3429 3786 3478 Non.

2157 3517 2473 3586 Septembris
2503 3516 2809 3570 mandavit.

2723 3625 2849 3663 ιτειι
2881 3624 3210 3663 ΕΡΙΤΑΡΒΙυΜ
3223 3652 3232 3663 .

2158 3709 2267 3759 Νοη
2293 3709 2368 3757 est
2399 3703 2692 3773 dampnosa
2727 3717 2866 3757 mors
2877 3703 3038 3770 justi,
3070 3707 3147 3756 set
3171 3703 3432 3770 prcciosa,

2225 3801 2361 3851 Ante
2391 3799 2482 3850 Dei
2509 3799 2708 3863 faciem
2743 3810 2951 3865 semper
2971 3795 3213 3850 habendo
3239 3795 3399 3849 diem.

2154 3896 2265 3960 Ipse
2291 3893 2398 3946 dies
2417 3892 2629 3960 plenus,
2657 3893 2860 3946 lucenti
2887 3891 2991 3946 sole
3018 3905 3258 3954 serenus,

2219 3989 2310 4038 Est
2337 3987 2454 4039 sine
2481 3989 2634 4039 nocte
2659 3984 2768 4039 dies
2813 3990 2866 4038 et
2888 3986 3006 4039 sine
3033 3984 3144 4048 ﬁne
3170 3985 3318 4052 quies

2153 4077 2262 4127 Hac
2280 4074 2460 4142 requie
2483 4073 2658 4138 lcetus,
2691 4073 2931 4141 lucisque
2961 4071 3225 4126 levamine
3251 4071 3448 4137 fretus.

2220 4164 2487 4218 Evrardus
2513 4169 2755 4230 maneat,
2789 4177 3005 4218 cernere
3033 4177 3138 4231 quo
3168 4163 3352 4216 valeat

2150 4262 2334 4326 Regem
2357 4263 2695 4324 regnantem,
2714 4261 3047 4323 regnantum
3069 4269 3239 4324 regna
3266 4259 3558 4321 regentem,

2073 4323 2126 4390 ί)
2221 4323 2512 4408 Christum,
2542 4361 2698 4414 quem
2723 4346 2908 4412 coluit,
2938 4348 3115 4400 vivere
3136 4323 3270 4399 dum
3289 4345 3486 4413 potuit.

2158 4441 2207 4490 Is
2229 4451 2365 4505 puer
2395 4417 2622 4504 insignis
2653 4439 2919 4490 viventem
2955 4437 3086 4501 ﬂore
3110 4434 3380 4501 decennis,

2229 4531 2438 4580 amans
2467 4525 2748 4579 mundicia
2785 4538 3006 4593 quaeque
3040 4525 3128 4578 sui
3155 4522 3358 4588 studia,

2161 4621 2393 4673 Transiit
2423 4633 2451 4673 e
2479 4618 2676 4672 mundo
2713 4617 3034 4686 Septembris
3049 4615 3154 4671 sole
3176 4614 3424 4670 secundo.

2224 4716 2403 4767 Lector
2429 4710 2514 4764 dic
2543 4709 2800 4763 tandem:
2845 4712 2978 4762 Pace
3006 4707 3284 4776 quiescat!
3313 4719 3520 4759 amen..

2299 4821 2422 4859 ITEM
2466 4819 2798 4857 EPITAPHIUM
2827 4818 3059 4857 ωυευειι
3092 4816 3315 4856 COIITBS
3353 4811 3634 4853 EVERARDI.

2152 4899 2436 4953 Clauditur
2469 4899 2569 4951 hac
2592 4896 2779 4950 tumba
2807 4895 3013 4964 pridem
3035 4897 3154 4950 sine
3183 4894 3308 4961 felle
3331 4891 3598 4958 columba,

2225 4988 2416 5053 Infans
2437 4985 2728 5051 Evrardus,
2751 4984 2944 5039 nobilis
2975 4989 3136 5052 atque
3161 4985 3307 5052 pius,

2153 5080 2434 5148 Sanguine
2445 5078 2726 5147 magniﬁci
2750 5091 3033 5146 generosus
3063 5075 3331 5132 Deoderici

1789 5176 2007 5231 VARUE
2035 5173 2410 5231 LECTIONES.

502 5276 596 5313 ¹⁰⁰⁶
615 5284 730 5333 toto
771 5293 816 5332 c.

429 5347 524 5383 ¹⁰⁰⁹
552 5365 601 5419 p.
638 5349 731 5419 pio
753 5349 821 5402 ab
852 5363 899 5402 c.
1001 5345 1092 5381 ¹⁰¹⁰
1131 5349 1212 5401 ita
1250 5348 1316 5402 L.
1358 5353 1506 5403 sorto
1533 5363 1589 5401 r.

503 5516 1029 5587 (960)8picisvento
1051 5515 1289 5587 agitatis.
1326 5515 1473 5570 LEIB.

504 5586 661 5656 (961)
689 5586 966 5659 Virgilius.

913 5274 1005 5311 ¹⁰⁰⁷
1028 5275 1196 5346 eodem
1226 5291 1336 5330 non
1375 5276 1462 5330 hic
1491 5275 1586 5331 sed
1608 5280 1735 5346 post
1778 5280 2124 5332 constructor
2161 5275 2473 5342 distinguit.

1992 5385 2204 5473 nam.

2580 5270 2673 5308 ¹⁰⁰⁸
2702 5271 2740 5327 i.
2775 5270 2809 5324 l.
2851 5269 2907 5325 h.
2951 5275 2994 5325 t.
3025 5284 3078 5326 e.
3112 5284 3160 5325 s.
3199 5284 3251 5326 a.
3281 5283 3449 5324 manu
3475 5266 3526 5322 2.
3560 5266 3782 5325 addita.

2225 5513 2368 5582 (962)
2403 5512 2639 5567 Lutticb.

2213 5579 2362 5655 (963)
2390 5584 2449 5638 ld
2477 5589 2562 5638 est
2587 5582 2867 5638 solemnes
2895 5579 3020 5637 dies
3061 5579 3212 5636 Lata.
