3948 6044
213 271 324 362 ’721

296 437 575 498 Prasulis.
615 450 684 492 ea:
704 435 862 506 cujus
888 437 1070 505 fratre
1097 438 1213 506 fuit
1239 439 1474 506 genitus.

220 528 484 586 Crastina
511 526 836 597 Septembris
865 528 967 584 tua:
996 529 1082 584 his
1109 529 1222 597 fuit
1244 530 1442 585 ultima
1467 529 1745 584 membris.

297 619 514 678 Christe
539 617 630 654 1°“
653 623 805 675 tuam
841 621 1075 690 requiem
1102 620 1177 675 da
1205 621 1315 676 sibi
1342 624 1500 691 teque
1536 620 1722 676 diem!

296 713 368 772 20
403 717 483 772 De
495 716 697 770 iterata
715 716 1063 771 immunitate
1091 717 1338 772 (ecclesia
1355 719 1534 772 sancti
1558 717 1850 772 Vincentii.

223 804 355 860 Otto
383 803 688 875 imperator
715 804 922 859 sedatis
946 805 1160 860 cunctis
1189 804 1433 861 motibus
1459 819 1562 876 per
1599 803 1849 869 Galliam,

225 897 443 952 Italiam
487 911 682 952 versus
709 895 942 968 arripuit
968 897 1115 952 viam
1169 897 1283 968 (an.
1316 896 1461 962 980).
1512 895 1625 952 Nec
1662 895 1854 954 aberat

223 1004 259 1044 a
326 989 496 1044 latere
559 987 736 1058 ipsius
783 987 1038 1044 conscius
1097 987 1344 1044 omnium
1401 988 1757 1044 consiliorum
1797 995 1854 1044 et

227 1077 512 1150 particeps
542 1077 790 1134 omnium
823 1077 1199 1152 negotiorum,
1221 1079 1610 1152 episcoporum
1651 1079 1850 1145 honor,

223 1169 565 1226 Deodericus
585 1169 903 1242 episcopus,
936 1185 1100 1243 quem
1127 1171 1421 1243 utriusque
1445 1171 1733 1246 dignitatis
1761 1187 1853 1228 re-

221 1259 476 1315 verentia
504 1259 766 1328 majorem
811 1267 906 1316 aut
942 1259 1213 1332 aequalem
1255 1259 1526 1316 reddebat
1562 1261 1848 1317 omnibus.

226 1350 326 1406 Set
355 1350 508 1406 nulla
537 1358 806 1407 terrarum
839 1351 1218 1424 longinquitas
1270 1369 1397 1408 eum
1431 1361 1538 1409 tam
1570 1352 1736 1429 longe
1767 1353 1850 1408 di-

227 1447 509 1519 sparabat,
568 1446 721 1502 nulla
766 1447 975 1502 viarum
1026 1447 1314 1519 prolixitas
1366 1450 1508 1505 adeo
1564 1448 1850 1525 gravabat,

227 1536 383 1593 nulla
434 1537 858 1609 occupationum
903 1537 1282 1610 multiplicitas
1334 1555 1460 1596 eum
1503 1540 1558 1594 in
1631 1548 1845 1596 tantum

227 1631 492 1708 angebat,
521 1631 656 1704 quin
673 1631 888 1706 jugiter
908 1631 1050 1688 bene
1079 1633 1388 1690 ethoneste
1417 1633 1853 1690 consummando

225 1721 489 1778 ccenobio
531 1720 704 1778 sancti
757 1721 1030 1777 Vincentii
1077 1722 1320 1778 animum
1352 1739 1512 1778 suum
1550 1729 1854 1794 praesenta-

226 1823 333 1881 ret,
369 1821 423 1870 et
451 1822 515 1870 ut
543 1814 694 1870 nulla
722 1813 830 1870 alia
859 1830 994 1870 cura
1023 1814 1205 1872 acrior
1233 1815 1340 1872 hac
1379 1815 1558 1888 ipsum
1586 1813 1852 1870 sollicita-

225 1913 331 1961 ret.
365 1905 710 1977 Quapropter
760 1904 809 1960 ei
845 1905 913 1960 ad
953 1905 1162 1960 bonum
1219 1921 1440 1978 semper
1489 1906 1699 1961 intenta
1739 1920 1852 1962 non

225 1995 560 2063 sufﬁciebat,
591 1996 740 2068 quod
771 1997 954 2052 locum
989 1995 1144 2052 illum
1177 2002 1233 2052 et
1261 1997 1448 2052 omnia
1479 1995 1559 2052 illi
1599 1997 1854 2071 delegata

225 2089 552 2146 auctoritate
592 2098 648 2144 et
677 2088 1070 2145 benedictione
1108 2088 1379 2146 Johannis
1408 2105 1566 2161 papae
1595 2088 1726 2144 olim
1757 2087 1850 2144 ﬁr-

226 2178 396 2234 miter
423 2184 480 2234 et
523 2177 774 2250 legaliter
820 2177 1114 2240 munierat,
1172 2183 1256 2232 set
1307 2177 1493 2233 adhuc
1521 2176 1740 2234 obviam
1770 2177 1850 2232 ire

227 2265 523 2336 injusticias
563 2281 876 2337 pravorum,
909 2265 1059 2322 bona
1100 2266 1331 2322 aliorum
1363 2281 1649 2338 perperam
1681 2281 1848 2320 usur-

228 2362 478 2433 pantium
509 2361 848 2418 omnimodis
894 2361 1205 2417 insistebat.
1262 2360 1419 2417 Unde
1478 2361 1644 2416 modo
1673 2360 1850 2416 addu-

207 2461 352 2511 ‘ctus
397 2454 501 2510 loci
546 2460 602 2510 et
651 2454 915 2524 temporis
967 2454 1341 2525 oportunitate
1373 2454 1483 2522 (an.
1518 2453 1664 2524 981),
1709 2452 1846 2508 illud

229 2542 412 2613 ipsum
441 2542 789 2616 privilegium
817 2542 948 2599 olim
968 2543 1234 2614 scriptum
1255 2551 1311 2599 et
1340 2543 1617 2619 signatum
1648 2559 1678 2597 a
1707 2558 1850 2614 papa

221 2631 479 2687 Johanne
515 2647 701 2703 opera:
729 2631 966 2703 pretium
1006 2632 1161 2688 duxit
1193 2631 1531 2699 iterandum,
1565 2631 1848 2688 Benedicti

225 2735 298 2776 eo
339 2726 586 2792 tempore
650 2721 984 2792 apostolicus
1037 2722 1191 2777 vices
1246 2721 1462 2796 agentis
1525 2721 1850 2778 auctoritate

226 2809 491 2882 scriptum
537 2826 637 2880 per
667 2826 887 2864 manum
940 2811 1238 2884 Bonigonis
1291 2810 1492 2867 notarii
1545 2818 1708 2884 atque
1764 2827 1852 2866 re-

227 2899 467 2973 gionuii
494 2907 698 2955 sanctae
731 2901 991 2956 Romanae
1031 2891 1321 2968 iecclesiae,
1354 2901 1410 2956 in
1451 2917 1640 2955 mense
1685 2900 1852 2972 Aprili

229 2988 538 3045 indictione
563 2997 757 3045 octava
787 2989 880 3055 (96
893 2991 961 3058 ι).

301 3079 392 3132 21.
425 3081 500 3134 De
534 3079 794 3134 roborata
819 3082 1160 3135 immunitate
1189 3085 1428 3136 actorum
1464 3079 1600 3151 ejus.
1633 3079 1712 3134 lta
1737 3081 1848 3136 Do-

1240 307 1389 362 VlTA
1427 304 1787 363 DEODERlCl
1829 304 2124 362 EPISCOPI
2161 303 2548 361 METTENSIS.

3461 303 3568 360 722

1875 442 1931 510 Α
1953 439 2135 493 moria
2163 439 2425 506 genitoris
2463 438 2656 504 nostri,
2685 436 2895 494 Ottonis
2921 436 3168 492 videlicet
3193 437 3571 504 augustissimi

1953 527 2324 596 imperatoris,
2349 527 2594 596 primum
2647 525 2919 596 aediﬁcare
2959 526 3138 595 capit,
3181 529 3230 580 et
3255 528 3568 592 mercatum,

1953 633 2108 688 quem
2131 621 2314 674 nostro
2349 619 2507 673 licita
2536 619 2595 672 in
2621 617 2732 673 loco
2761 618 2860 688 qui
2887 617 3082 686 Spinat
3118 617 3323 672 dicitur
3359 619 3571 686 primus

1953 713 2199 777 elevavit,
2248 713 2528 784 imperiali
2569 717 2770 768 nostra
2791 713 3169 782 praceptionis
3207 711 3496 767 donatione
3523 715 3574 766 et

1950 809 2194 876 potentia
2221 809 2682 877 conﬁrmaremus,
2721 809 2773 860 et
2797 809 2857 860 ut
2883 805 3119 873 familiis
3144 805 3371 860 ecclesia
3397 805 3575 859 sancti

1952 896 2220 966 Stephani
2249 897 2705 966 prothomartgris
2741 895 2973 960 Christi,
3020 895 3106 949 cui
3133 896 3250 966 ipse
3292 892 3570 965 praesidet,

1953 987 2117 1054 legem
2159 1003 2195 1040 a
2221 985 2720 1056 praedecessoribus,
2753 986 2978 1051 nostris,
3029 984 3247 1053 regibus
3276 984 3478 1039 scilicet
3523 987 3574 1038 et

1951 1080 2395 1150 imperatoribus,
2456 1079 2568 1134 illis
2624 1092 2944 1142 concessam,
3003 1077 3329 1132 auctoritate
3381 1077 3576 1130 nostra

1951 1171 2266 1227 donationis
2303 1171 2511 1226 nouiter
2545 1171 2621 1225 eis
2658 1169 3056 1225 concederemus
3092 1172 3252 1239 atque
3289 1169 3570 1236 conforta-

1951 1276 2145 1319 remus.
2181 1263 2346 1333 Cujus
2400 1263 2717 1333 petitionem
2764 1277 2871 1332 pro
2911 1261 3099 1316 divino
3127 1275 3311 1316 amore
3349 1259 3574 1328 benigne

1949 1357 2322 1426 suscipientes,
2349 1357 2645 1427 praefatum
2672 1357 3058 1410 monasterium
3085 1357 3145 1409 in
3175 1355 3370 1410 honore
3397 1355 3574 1409 sancti

1957 1447 2231 1502 Vincentii
2257 1449 2522 1514 martyris
2559 1448 2919 1500 consecratum
2960 1445 3062 1499 sub
3089 1449 3286 1499 nostrae
3323 1446 3572 1499 tuitionis

1952 1538 2296 1591 emunitatem
2342 1537 2695 1605 suscepimus,
2724 1539 2773 1590 et
2800 1536 2980 1590 omnia
3008 1535 3137 1588 illuc
3176 1535 3243 1588 ab
3279 1549 3336 1589 eo
3373 1535 3458 1589 vel
3503 1535 3572 1589 ab

1953 1625 2066 1679 illis
2098 1625 2332 1690 tradita,
2373 1628 2423 1678 et
2452 1623 2633 1678 adhuc
2673 1623 2743 1678 ab
2779 1623 3052 1693 aliquibus
3080 1622 3371 1689 tradenda,
3417 1625 3572 1691 regia

1956 1717 2006 1768 et
2033 1713 2305 1784 imperiali
2341 1713 2714 1782 muniﬁcentia
2751 1726 2815 1766 ac
2843 1711 3244 1780 magniﬁcentia
3279 1712 3570 1779 conﬁrma-

1882 1763 1930 1832 Β
1953 1763 2135 1868 illis"?
2145 1763 2195 1856 ei
2208 1763 2585 1856 agressa
2597 1763 2866 1870 ᾦνωιέίέιο
2886 1763 3041 1854 "de;
3054 1763 3298 1853 usus“
3316 1763 3572 1853 alia.

1954 1909 2075 1964 ceps
2104 1894 2304 1963 absque
2340 1893 2624 1948 hominum
2653 1893 2893 1946 omnium
2938 1894 3302 1948 controversia
3345 1895 3573 1962 firmiter

1953 1990 2056 2042 stet
2091 1991 2252 2056 atque
2291 1990 2530 2048 maneat,
2569 1985 2844 2054 imperiali
2891 1986 3152 2054 potestate
3181 1987 3566 2056 pracipimus;

1950 2077 2400 2146 familiai-umque
2426 2076 2676 2146 praefata!
2703 2075 2952 2130 azcclesiae
2991 2075 3178 2144 legem,
3226 2091 3390 2146 quam
3423 2092 3568 2146 pra:-

1948 2174 2183 2242 scriptus
2209 2171 2528 2227 Deodericus
2557 2173 2832 2242 episcopus
2860 2169 2936 2222 eis
2975 2167 3365 2223 concedendam
3393 2185 3429 2223 a
3470 2185 3569 2224 ηο⁴

1952 2265 2034 2319 bis
2057 2264 2274 2334 petivit,
2332 2263 2614 2333 imperiali
2651 2261 2788 2316 dono
2825 2263 2876 2313 et
2901 2260 3198 2314 munimine
3226 2259 3339 2313 illis
3374 2259 3567 2314 dehinc

1948 2353 2230 2408 tenendam
2264 2352 2603 2408 concedimus
2641 2356 2801 2420 atque
2846 2349 3212 2416 confortamus
3260 2347 3371 2402 ‘0".
3401 2351 3474 2406 Et
3507 2353 3569 2404 ut

1950 2443 2059 2498 hac
2082 2447 2284 2497 nostra
2307 2441 2615 2496 donationis
2637 2454 2790 2495 conce
2819 2441 2899 2494 sio
2926 2454 3022 2508 per
3049 2439 3242 2505 futura
3267 2441 3566 2508 temporum

1949 2533 2222 2587 curricula
2235 2541 2286 2584 δα
2311 2532 2520 2585 cunctis
2547 2529 2793 2598 ﬁdelibus
2820 2529 3031 2597 ﬁrmior
3060 2527 3152 2562 ¹⁰¹⁸
3177 2527 3456 2588 habeatur.
3472 2528 3568 2584 hoc

1947 2625 2143 2676 nostra:
2163 2619 2498 2676 celsitudinis
2516 2621 2840 2688 praceptum
2856 2617 2984 2671 inde
3007 2617 3372 2686 conscriptum
3391 2617 3568 2685 sigilli

1949 2715 2124 2769 nostri
2148 2714 2500 2784 impressione
2518 2713 2737 2780 signare
2751 2710 3038 2780 jussimus,
3058 2723 3328 2780 manuque
3341 2709 3569 2780 propria

1951 2803 2432 2859 corroboravimus.

2025 2896 2252 2964 Signum
2281 2895 2468 2950 damni
2495 2893 2705 2950 Ottonis
2733 2892 3080 2948 invictissimi
3098 2893 3439 2962 imperatoris
3463 2906 3567 2946 au-

1952 2990 2116 3056 gusti.
2147 2987 2234 3059 (L.
2271 2986 2364 3057 Μ.)
2385 2985 2734 3042 Hildiboldus
2757 2987 3040 3056 episcopus
3068 2985 3424 3040 cancellarius
3453 2987 3569 3042 vice

1957 3083 2222 3151 Willigisi
2248 3081 2672 3152 archicapellani
2697 3083 2998 3148 recognovi.
3046 3082 3189 3135 Data
3221 3078 3288 3135 1‘2
3332 3079 3564 3134 Kalend.

232 3167 370 3223 mini
401 3185 594 3224 servus
624 3167 806 3224 ﬁdelis
856 3176 913 3225 et
941 3169 1188 3240 prudens
1225 3177 1352 3224 ante
1402 3177 1456 3225 et
1485 3176 1631 3224 retro
1660 3169 1850 3224 ocula-
1875 3136 1923 3204 Ο
1947 3173 2102 3239 Julii,
2152 3187 2296 3227 auno
2327 3171 2608 3226 dominica:
2651 3169 3048 3225 incarnationis
3084 3168 3212 3236 983,
3271 3167 3568 3224 indictione

232 3267 344 3324 tus,
378 3273 448 3312 ne
478 3258 666 3330 aliquo
689 3264 938 3329 tempore
971 3256 1258 3313 fascinatio
1287 3255 1619 3332 nugacitatis
1650 3255 1854 3313 obscu-

229 3359 376 3406 raret
405 3349 552 3406 bona
579 3349 752 3418 illius,
803 3365 1054 3424 praesago
1103 3349 1409 3406 futurorum
1449 3349 1651 3421 spiritu
1684 3349 1855 3405 duce-

229 3445 412 3510 batur,
464 3451 527 3500 ut
567 3444 832 3516 quamdiu
889 3443 999 3500 vita
1037 3450 1092 3499 et
1115 3442 1465 3515 oportunitas
1519 3443 1852 3514 patiebatur,

229 3537 536 3610 apostolico
565 3548 623 3593 et
649 3538 922 3609 imperiali
949 3537 1212 3612 suffragio
1238 3537 1575 3593 domesticos
1607 3535 1734 3591 fidei
1765 3543 1856 3591 tu-

227 3636 460 3694 taretur,
493 3628 563 3682 ad
593 3642 735 3700 quos
755 3627 989 3683 maxime
1012 3627 1222 3682 bonum
1253 3643 1351 3698 pro
1376 3625 1623 3682 remedio
1653 3625 1853 3681 animas

231 3733 344 3772 suae
382 3717 734 3789 Operabatur.
797 3717 908 3772 Nec
938 3716 1111 3773 solam
1143 3715 1398 3790 quaesivit
1447 3715 1853 3770 immunitatem

234 3809 400 3878 hujus
431 3809 562 3875 loci,
592 3815 678 3864 set
704 3816 758 3863 et
788 3808 893 3864 alia
923 3816 1044 3864 acta
1068 3825 1168 3864 sua
1205 3808 1398 3864 volens
1439 3808 1496 3862 in
1527 3815 1853 3879 perpetuum

231 3915 350 3961 rata
383 3905 524 3972 ﬁeri,
557 3921 668 3962 non
701 3905 913 3961 distulit
961 3921 1026 3962 ea
1065 3905 1228 3980 legali
1270 3905 1475 3976 scripto
1505 3903 1854 3970 conﬁrmare,

235 3998 422 4054 edicto
448 3996 725 4070 imperiali
741 3997 1102 4054 corroborare
1117 4004 1173 4051 et
1189 3996 1338 4051 anuli
1352 3995 1856 4066 ejusimpressiona

235 4087 584 4160 consignare.
635 4087 754 4142 Non
807 4086 993 4159 pigeat
1022 4085 1192 4158 igitur
1250 4084 1426 4156 ipsam
1453 4084 1585 4140 hinc
1615 4084 1859 4139 inserere

235 4186 463 4247 cartam,
487 4195 717 4252 Operam
741 4177 1018 4250 pontificis
1039 4176 1212 4233 nostri
1237 4184 1294 4232 et
1313 4176 1606 4232 verborum
1637 4185 1859 4231 nostro-

237 4287 356 4325 rum
389 4279 586 4326 testcm
617 4270 896 4326 idoneam.

1953 3261 2038 3328 ll,
2089 3277 2233 3316 anno
2260 3261 2418 3328 regni
2457 3259 2802 3314 invictissimi
2839 3258 3048 3314 Ottonis
3084 3257 3156 3312 25
3209 3256 3302 3293 ¹⁰¹⁶
3348 3257 3568 3326 imperii

1949 3359 2126 3409 autem
2155 3354 2241 3408 15.
2276 3355 2471 3408 Actum
2495 3353 2732 3406 Mantuae
2743 3350 2976 3419 feliciter
3003 3364 3176 3405 amen.

2019 3445 2091 3501 22
2161 3449 2235 3500 De
2278 3445 2414 3499 bona
2439 3448 2892 3498 consummatione
2918 3457 3140 3513 operum
3192 3441 3398 3496 domini
3434 3443 3566 3496 Deo-

1951 3537 2140 3603 derici,
2173 3539 2223 3590 et
2244 3535 2420 3588 obitus
2446 3532 2587 3602 ejus.
2630 3531 2720 3586 Vir
2748 3532 2940 3603 itaque
2981 3530 3195 3586 Domini
3236 3529 3569 3586 Deodericus

1955 3631 2223 3686 bonorum
2255 3641 2486 3698 operum
2519 3622 2714 3680 studiis
2751 3623 3002 3696 adprime
3031 3623 3276 3678 intentus
3303 3628 3360 3678 et
3388 3623 3457 3678 de
3485 3629 3567 3678 ta-

1952 3718 2103 3774 lento
2133 3717 2237 3772 sibi
2285 3715 2498 3771 credito
2539 3713 2792 3787 pervigili
2849 3729 2980 3769 cura
3031 3713 3322 3778 sollicitus,
3379 3728 3566 3768 coram

1954 3807 2187 3863 Domino
2247 3819 2347 3860 suo
2393 3803 2757 3874 multiplicata
2803 3801 3024 3873 pietatis
3065 3816 3234 3873 Opera
3287 3807 3570 3873 reportare

1955 3895 2214 3950 studebat
2259 3901 2314 3949 et
2364 3891 2588 3947 familia:
2627 3889 2734 3945 sibi
2789 3888 3095 3946 commissae
3132 3889 3334 3962 cybum
3368 3888 3568 3946 saluta-

1958 4003 2096 4054 rem,
2128 3994 2188 4042 ut
2215 3985 2395 4041 fidelis
2420 3998 2636 4051 servus,
2655 3981 3011 4054 suppeditare
3041 3981 3390 4054 procurabat.

2031 4081 2237 4138 Prresul
2278 4081 2426 4136 enim
2459 4077 2636 4134 factus
2663 4076 2944 4149 conplevit
2973 4077 3221 4148 praesulis
3251 4083 3424 4147 actus,

2101 4173 2309 4230 Profuit
2333 4189 2398 4228 ac
2423 4171 2638 4235 ovibus,
2663 4167 2882 4240 praefuit
2908 4168 3030 4239 ipse
3060 4168 3284 4241 quibus.

2033 4263 2303 4336 Diligebat
2326 4277 2568 4332 namque
2580 4275 2700 4326 eos,
2729 4273 2867 4330 quos
2889 4257 2944 4312 in
2971 4255 3375 4313 meclesiasticis
3400 4255 3574 4312 actio-

309 4363 595 4417 Decretum
635 4361 850 4417 OlthiS
875 4359 1109 4417 secundi
1147 4359 1257 4415 ¹⁰¹².
1293 4361 1355 4414 In
1392 4359 1608 4414 nomine
1657 4358 1862 4427 sanctae
1961 4355 2124 4410 nibus
2155 4354 2430 4410 ferventes
2457 4368 2586 4408 esse
2615 4349 2900 4413 cernebat,
2931 4356 2988 4404 et
3015 4357 3076 4404 ut
3099 4348 3345 4403 studium
3383 4364 3574 4418 perse-

235 4459 285 4510 et
305 4455 614 4510 individua:
645 4456 936 4509 Trinitatis
967 4455 1088 4510 Otto
1117 4453 1312 4507 divina
1337 4453 1557 4520 favente
1581 4448 1933 4520 clementia“
1959 4444 2184 4502 verendi
2235 4459 2348 4500 non
2423 4445 2835 4514 postponerent,
2911 4435 3260 4492 fructiﬁcanti
3323 4435 3573 4492 doctrina

235 4550 530 4618 imperator
577 4549 862 4614 augustas.
921 4545 1169 4602 Omnium
1207 4544 1452 4614 ﬁdelium
1528 4546 1854 4607 nostrorum,
1881 4525 1937 4571 υ
1959 4534 2329 4591 ammonebat.
2357 4529 3041 4618 Neglcgentioresautem,
3071 4525 3163 4618 qui
3203 4525 3386 4618 minus
3406 4541 3568 4597 quam

231 4613 580 4708 prasentium
622 4636 822 4692 scilicet
861 4639 1023 4704 atque
1067 4613 1406 4701 futurorum,
1467 4635 1654 4702 pateat
1693 4629 1859 4683 indu—
1958 4624 2240 4680 debebant
2269 4620 2602 4694 evangelica:
2629 4616 2834 4674 actioni
2866 4613 3574 4708 inhaerebant,juxta_prze-

235 4703 386 4789 striis
431 4732 694 4804 quomodo
749 4731 924 4802 ﬁdelis
979 4739 1157 4786 noster
1208 4729 1533 4784 Deodericus
1587 4726 1860 4781 Mettensis
1961 4722 2202 4807 ceptum
2234 4709 2476 4766 doctoris
2529 4709 2781 4807 gentium
2841 4704 3108 4807 arguebat
3125 4703 3525 4807 ,“obsecrabat
3555 4745 3571 4772 ,

236 4827 484 4881 ecclesiis
536 4825 860 4880 venerabilis
908 4825 1183 4894 episcopus
1239 4838 1273 4876 a
1321 4825 1504 4876 nostro
1549 4817 1849 4875 celsitudine

1962 4804 2302 4876 increpabat.
2355 4817 2419 4857 ac
2467 4817 2536 4856 ne
2596 4799 2872 4856 morsibus
2917 4797 3277 4854 invisibilium
3315 4795 3572 4868 luporum

235 4915 560 4984 suppliciter
604 4915 786 4984 petiit,
843 4916 905 4967 ut
933 4888 1332 4966 monasterium
1371 4911 1552 4966 sancti
1595 4907 1864 4965 Vincentii
1963 4897 2299 4953 laederentur
2342 4906 2495 4947 muro
2523 4889 2787 4962 spiritalis
2817 4888 3162 4945 defensionis
3211 4888 3430 4984 munire
3454 4903 3573 4984 non

235 4981 391 5073 foras
418 4981 862 5059 muros'cwitatis
887 5017 1018 5068 sua,
1063 5002 1220 5056 Metis
1244 5004 1442 5055 vocata:
1469 4999 1582 5066 “"3,
1613 5001 1862 5053 constru-
1963 4989 2286 5048 desistebat.
2330 4987 2387 5041 In
2429 4987 2534 5042 hoc
2583 4999 2714 5040 vero
2745 4983 3011 5056 perfectio
3042 4992 3262 5040 actuum
3298 4982 3420 5073 eius
3454 4981 3574 5073 lau-

236 5068 404 5162 etum,
443 5094 588 5166 quod
616 5095 733 5166 ipse
757 5109 876 5149 cum
919 5092 1141 5148 licentia
1165 5095 1216 5147 et
1258 5106 1518 5148 consensu
1565 5089 1729 5144 beata
1754 5102 1866 5142 me-
1965 5081 2167 5138 dabilis
2213 5075 2415 5143 extitit,
2455 5075 2606 5148 quia,
2645 5073 2794 5146 quod
2843 5073 3141 5146 sagacitate
3197 5080 3252 5128 et
3289 5068 3578 5126 afﬂuentia

1589 5213 1808 5270 VARIA‘J
1856 5207 2232 5268 LECTIONES.

313 5349 404 5385 ¹⁰¹¹
436 5347 610 5404 Criste
627 5364 672 5404 c.
777 5347 868 5384 ¹⁰¹²
899 5346 1172 5403 SECRETI
1209 5351 1252 5400 1.
1371 5345 1461 5380 ¹⁰¹³
1493 5353 1682 5401 vocata
1705 5359 1748 5400 c.
1853 5340 1944 5376 ¹⁰¹⁸
1971 5339 2057 5393 hic
2095 5341 2145 5392 et
2184 5350 2355 5404 supra
2381 5330 2772 5388 confirmamus
2820 5334 2868 5384 et
2908 5325 3364 5404 conﬁrmaremus
3412 5323 3580 5404 _i_nt_el-

241 5395 672 5490 ligendJiyi'e's't"
725 5419 816 5454 ίοιε
854 5395 1172 5475 ῆῖτῖιῗῐῗ
1202 5395 1940 5484 i016intczzrgéalidn'xxul.
2001 5407 2215 5481 imperii
2251 5395 2402 5460 ‘xw.
2457 5404 2549 5459 sed
2601 5403 2815 5474 reliqua
2871 5400 3040 5472 hujus
3094 5398 3348 5468 temporis
3390 5395 3576 5466 diplo-

244 5497 400 5548 mata
425 5492 606 5547 eodem
631 5493 766 5547 vitio
794 5492 1063 5546 laborant.

1815 5593 2026 5650 NOTAE.

317 5700 459 5770 (964)
491 5697 650 5755 Λιιηο
677 5699 774 5754 981
811 5697 1038 5754 indictio
1067 5711 1214 5753 nona
1242 5693 1498 5751 currebat
1525 5698 1649 5748 alta.
1681 5691 1774 5746 981
1826 5689 1992 5744 fuisse
2035 5685 2380 5758 imperatoris
2411 5693 2543 5739 tunc
2581 5682 2742 5737 statio
2781 5680 2962 5734 Romae
2995 5675 3224 5732 indicat.
