3934 6054
412 241 513 303 723
1634 236 1979 292 SlGEBERTl
2022 233 2540 293 GEMBLACENSIS.
3676 256 3801 311 724

411 370 678 427 doctrinae
701 370 943 436 edocuit,
988 370 1263 441 exemplis
1290 378 1346 424 et
1385 370 1673 425 honestate
1695 384 1906 425 morum
1938 367 2035 422 de-
2059 369 2115 438 Α
2142 366 2317 435 bium,
2358 368 2569 427 scilicet
2607 372 2676 426 ad
2720 374 3048 443 praeclarum
3100 375 3415 435 devotionis
3450 397 3567 438 suae
3620 388 3803 442 testi-

411 460 766 518 monstravit.
815 460 1118 536 Egentibus
1159 468 1213 516 et
1240 460 1501 533 orphanis
1536 460 1933 517 misericordia
1962 459 2041 514 vi-
2145 460 2415 528 monium,
2466 465 2718 535 sepultus
2763 472 2847 522 est
2900 467 2979 523 ibi
3024 485 3150 525 cum
3181 470 3415 541 honore,
3461 477 3656 547 qualis
3689 481 3802 537 de-

407 566 563 606 scera
612 549 850 623 aperuit,
904 550 1180 605 tribulatis
1225 550 1625 606 consolationis
1685 549 2036 605 dulcedinem
2141 549 2300 604 cebat
2332 551 2466 606 tanti
2500 553 2739 609 nominis
2787 554 3127 625 pontiﬁcem.
3172 557 3320 629 Opus
3350 568 3530 615 autem
3584 563 3795 633 ipsum

408 642 642 709 exibuit,
672 641 1000 714 hospitibus
1039 642 1145 714 piae
1206 643 1564 698 humanitatis
1599 642 1874 698 beneﬁcia
1924 654 2034 695 non
2138 641 2520 714 imperfectum
2564 647 2812 719 reliquit,
2861 657 3116 720 sumptus
3160 657 3347 707 tamen
3396 662 3452 709 et
3480 654 3794 726 impensas

408 733 723 806 denegavit.
767 731 1073 801 Numquam
1132 747 1257 786 eum
1311 731 1380 785 ab
1413 730 1537 799 jure
1568 730 1637 784 ad
1694 728 2030 799 injusticiam

2134 732 2203 786 ad
2249 732 2369 801 ejus
2400 736 2934 793 consummationem
2967 738 3314 796 sufﬁcienter
3348 741 3613 816 delegare
3659 762 3785 801 non

409 828 703 901 quisquam
747 826 1012 892 detraxit;
1073 832 1158 881 set
1218 825 1636 897 provincialium
1698 823 2033 880 substantias
2134 824 2500 894 praetermisit.
2545 826 2783 882 Transiit
2812 834 2995 885 autem
3035 846 3181 886 anno
3215 831 3430 887 Domini
3461 836 3567 889 983
3594 837 3783 907 (966),

408 918 707 991 aliquando
748 918 973 990 privatis
1006 918 1239 990 rapinis,
1269 918 1571 991 aliquando
1614 917 1852 989 publicis
1893 932 2029 972 vec-

408 1009 672 1084 tigalibus
729 1008 1077 1079 pessundari,
1137 1023 1249 1063 non
1280 1008 1461 1070 aliter,
1521 1023 1684 1078 quam
1717 1006 1810 1078 qui
1851 1005 2029 1077 patie-

404 1102 627 1166 bantur,
661 1098 916 1154 indoluit.
958 1098 1309 1170 Principibus
1338 1098 1582 1155 veritatis
1611 1098 1779 1153 verba
1807 1112 1918 1152 non
1945 1102 2027 1152 ta-

410 1187 544 1255 cuit,
602 1187 814 1259 pupillo
863 1194 919 1242 et
1003 1187 1185 1242 vidua:
1258 1186 1496 1255 justiciae
1572 1202 1858 1242 censuram
1915 1203 2025 1244 non

409 1278 720 1334 abscondit.
754 1277 815 1331 ln
847 1276 1013 1333 corde
1038 1276 1186 1330 illius
1216 1275 1520 1343 humilitas,
1555 1276 1611 1330 in
1649 1291 1743 1331 ore
1784 1275 2027 1347 perfecta

410 1367 700 1443 sagacitas,
761 1366 817 1420 in
856 1365 1010 1420 vultu
1058 1364 1388 1436 morigerata
1427 1364 1710 1436 hylaritas,
1757 1364 1815 1418 in
1857 1380 2026 1437 Opere

408 1460 693 1532 przecipua
722 1464 840 1513 erat
870 1457 1082 1512 caritas.
1119 1457 1310 1511 Portus
1371 1465 1426 1511 et
1467 1472 1560 1511 ara
1582 1457 1717 1523 suis,
1746 1463 1896 1513 totus
1936 1457 2026 1513 in-

409 1553 704 1609 cumbebat
759 1550 1165 1606 recclesiasticis
1227 1549 1603 1605 incrementis.
1664 1551 1915 1622 Denique
1965 1560 2025 1607 ut

409 1643 679 1699 memoria
708 1643 830 1711 ejus
883 1650 1090 1697 aeterna
1143 1649 1310 1708 esset,
1353 1648 1407 1697 et
1444 1643 1687 1697 studium
1745 1644 1871 1699 vita:
1903 1645 2023 1713 ejus

410 1732 466 1786 in
499 1732 663 1787 domo
712 1731 929 1787 Domini
968 1737 1028 1787 ut
1061 1732 1241 1820 palma
1292 1730 1613 1797 ﬂorescens,
1653 1733 1793 1787 sicut
1823 1733 2023 1789 cedrus

409 1824 479 1879 de
549 1824 790 1895 Lybano,
838 1824 1320 1896 multiplicaretur,
1378 1823 1750 1879 aecclesiarum
1801 1826 2026 1881 sedulus

409 1926 754 1976 constructor
792 1920 990 1987 extitit,
1017 1927 1071 1975 et
1108 1927 1167 1974 ut
1192 1919 1498 1991 superioris
1526 1920 1636 1974 stili
1686 1931 1870 1977 narrat
1914 1922 2019 1994 hy-

404 2015 594 2082 storia,
641 2015 1039 2087 temporalibus
1094 2015 1255 2071 bonis
1288 2022 1344 2070 et
1387 2023 1699 2071 sanctorum
1745 2017 2018 2089 reliquiis,

405 2104 547 2159 sicut
607 2104 773 2159 hodie
839 2111 922 2159 est
968 2120 1217 2173 cernere,
1257 2111 1581 2175 perornator
1630 2121 1817 2160 earum
1860 2106 2021 2162 inde-

405 2196 584 2251 fessus
615 2196 828 2251 enituit.
873 2196 912 2252 Ο
961 2197 1134 2252 virum
1197 2197 1390 2252 merito
1432 2199 1868 2267 memorabilem,
1925 2200 2020 2271 qui

406 2290 705 2345 humanum
769 2288 1011 2345 favorem
1070 2290 1219 2346 velut
1292 2290 1542 2345 umbram
1608 2298 2019 2362 pretereuntem

404 2376 841 2448 ﬂoccipendens,
889 2379 1201 2450 postposuit
1248 2378 1514 2434 amicitias
1568 2379 1801 2435 ﬁliorum
1850 2382 2023 2437 homi-

406 2483 535 2521 num
593 2475 648 2522 et
719 2467 825 2523 sibi
884 2467 1188 2523 vindicavit
1231 2469 1460 2543 gratiam
1519 2485 1885 2541 supernorum
1941 2472 2022 2527 ci-

401 2555 582 2611 vium!
615 2556 824 2612 Revera
861 2574 984 2613 cum
1028 2558 1173 2612 inter
1219 2558 1428 2616 aulicos
1483 2566 1537 2615 et
1578 2560 1795 2631 imperii
1827 2562 2018 2617 consi-

402 2645 589 2701 liarios
626 2646 835 2716 primus
876 2646 1191 2713 haberetur,
1217 2655 1271 2702 et
1301 2649 1521 2721 negotia
1550 2651 1705 2723 regni
1730 2653 2018 2723 sapientiae

403 2753 467 2792 ac
497 2736 846 2808 dispositioni
877 2738 997 2809 ejus
1035 2737 1410 2803 crederentur,
1443 2740 1670 2796 nolebat
1709 2749 1890 2798 tamen
1922 2759 2014 2797 se-

404 2828 684 2884 cularibus
712 2845 771 2885 se
802 2829 1071 2899 inplicare
1103 2830 1338 2904 negotiis
1367 2831 1507 2886 sicut
1537 2832 1740 2888 fecerat
1760 2842 2011 2903 eatenus,

402 2928 463 2975 ut
501 2928 687 2992 posset
722 2922 834 2975 Deo
863 2921 1104 2976 militare
1145 2921 1409 2989 liberius;
1463 2931 1546 2978 set
1582 2925 1733 2979 solus
1761 2925 2016 2982 habitans

403 3027 590 3067 secum
621 3013 979 3067 exercebatur
1005 3020 1059 3067 et
1096 3013 1358 3069 seobebat
1391 3016 1530 3086 (965)
1553 3017 1803 3086 Spiritum
1835 3035 2017 3075 suum.

405 3105 679 3160 Evomens
722 3119 853 3179 ergo
884 3103 953 3158 ab
983 3105 1170 3161 animo
1213 3120 1434 3162 omnem
1475 3108 1698 3163 curialis
1728 3111 2019 3168 anxietatis

403 3208 686 3261 nauseam,
734 3192 791 3247 in
842 3210 950 3266 qua
989 3195 1276 3266 multiplex
1326 3196 1577 3252 molestia
1628 3213 1848 3254 omnem
1917 3201 2018 3255 ali-

402 3284 624 3356 quando
672 3285 911 3341 excludit
949 3286 1299 3355 modestiam,
1346 3288 1402 3342 in
1433 3304 1539 3361 qua
1572 3290 1805 3362 quisque
1838 3299 2018 3363 potest

400 3376 548 3432 illam
576 3378 873 3434 volubilem
906 3377 1138 3435 fortuna:
1170 3379 1447 3452 inspicere
1502 3390 1699 3451 rotam,
1755 3392 1928 3441 totum
1957 3404 2017 3444 se

398 3475 467 3530 ab
524 3476 699 3531 activa
742 3476 810 3530 ad
851 3477 1016 3532 vitam
1074 3477 1354 3533 transtulit
1395 3483 1899 3553 contemplativam.
1960 3487 2019 3542 Et

397 3568 644 3625 monitus
695 3568 882 3625 divina
938 3569 1324 3641 inspiratione,
1370 3573 1662 3630 imminere
1697 3576 1803 3631 sibi
1869 3577 2016 3634 diem

391 3663 478 3719 sui
509 3663 715 3730 obitus,
742 3664 941 3739 agebat
970 3681 1068 3735 pro
1100 3666 1357 3722 omnibus
1384 3667 1509 3723 vita:
1550 3671 1871 3728 excessibus
1919 3674 2003 3728 di-

389 3768 529 3827 gnos
558 3752 900 3824 pmnitentiaa
939 3751 1167 3820 fructus,
1209 3754 1477 3811 festinans
1522 3760 1724 3814 ascribi
1761 3763 2005 3821 caelestis

390 3849 555 3903 curiae
606 3848 987 3922 dignitatibus.
1023 3850 1270 3906 Ponebat
1306 3853 1580 3924 siquidem
1628 3865 1754 3912 ante
1811 3860 2004 3916 oculos

391 3937 594 3991 mentis
626 3936 685 3990 id
707 3937 851 4008 quod
881 3937 935 3991 in
968 3939 1195 3994 exordio
1236 3940 1720 4000 inthronizationis
1759 3948 1880 4017 ejus
1907 3949 2006 4005 de-

392 4028 738 4098 scripsimus,
771 4028 1004 4083 litteram
1043 4030 1304 4088 videlicet
1332 4033 1417 4087 sui
1453 4036 1694 4091 nominis
1724 4038 1869 4094 inter
1906 4057 2007 4097 no-

393 4118 544 4174 mina
572 4119 917 4176 Mettensium
943 4122 1267 4192 pontiﬁcum
1290 4133 1551 4201 argenteo
1582 4129 1764 4186 colore
1790 4134 2007 4190 caelitus

387 4212 800 4283 prmtitulatam,
838 4230 939 4285 pro
972 4231 1079 4287 qua
1126 4218 1453 4288 promiserat
1500 4236 1561 4276 se
1588 4226 1737 4279 tanta
1776 4225 1921 4282 bona
1950 4227 2007 4282 in

386 4304 711 4376 episCOpatu
772 4304 1064 4371 facturum,
1124 4309 1272 4379 quod
1331 4296 1449 4380 ipsa
1493 4320 1753 4385 argentea
1803 4316 2002 4384 littera,

386 4398 496 4454 Deo
527 4397 773 4467 favente,
805 4399 1288 4457 transformaretur
1319 4403 1373 4457 in
1413 4420 1627 4460 aurum.
1670 4407 1780 4463 Nec
1811 4408 2005 4467 fefellit

387 4505 513 4545 eum
553 4488 789 4545 animus.
820 4486 955 4545 Nam
988 4489 1147 4546 boum
1178 4492 1443 4548 voluntati
1472 4493 1743 4551 bonorum
1772 4513 2000 4569 Operum

386 4578 600 4633 addens
639 4578 1065 4647 incrementum,
1094 4581 1442 4638 memorabili
1468 4583 1729 4658 justoque
1762 4585 1870 4643 ﬁne
1900 4588 2003 4644 bo-

383 4683 469 4722 na
498 4667 623 4722 vitae
654 4668 1003 4726 conﬁrmavit
1026 4669 1267 4727 initium.

455 4758 546 4813 Sic
577 4758 759 4815 bonus
788 4761 991 4816 athleta
1023 4762 1240 4819 Domini
1271 4779 1439 4836 super
1463 4767 1603 4822 atria
1635 4767 1757 4825 laeta

455 4847 683 4903 Florens
716 4847 980 4919 perfecte,
1011 4849 1140 4906 dum
1172 4861 1327 4909 curat
1354 4853 1539 4910 vivere
1568 4863 1735 4923 recte,
1776 4865 1785 4889 τ

453 4937 680 4995 Cursum
708 4940 1023 5011 complevit,
1045 4949 1167 5012 post
1189 4943 1307 4998 hinc
1331 4943 1387 4998 in
1427 4961 1561 5015 pace
1589 4946 1817 5018 quievit.

379 5032 480 5099 Qui
509 5034 818 5090 subtractus
844 5034 913 5088 ab
942 5036 1046 5091 hac
1081 5035 1327 5091 instabili
1360 5038 1469 5092 vita
1514 5038 1627 5109 (an.
1683 5041 1807 5108 984,
1847 5042 1992 5112 Sept.

376 5120 454 5192 7),
488 5127 543 5176 et
584 5129 643 5176 ut
664 5121 943 5177 credimus
968 5130 1256 5194 susceptus
1286 5124 1342 5178 in
1370 5125 1581 5181 ccelesti
1626 5128 1797 5195 curia,
1829 5146 1993 5201 quam

376 5229 535 5271 carus
555 5214 721 5272 fuerit
749 5216 976 5285 civitati,
1005 5218 1378 5274 inaestimabili
1400 5237 1634 5278 mcerore
1665 5222 1876 5279 funeris
1900 5241 1995 5296 po-

378 5303 481 5358 tuit
510 5305 791 5362 aestimari.
822 5306 1044 5362 Delatus
1065 5322 1197 5382 ergo
1211 5308 1278 5362 ad
1308 5309 1483 5366 sancti
1505 5310 1775 5368 Vincentii
1804 5329 1995 5370 coeno-

2133 912 2437 969 indictione
2483 916 2568 982 11,
2623 924 2816 986 epacta
2880 919 2963 985 15,
3013 928 3380 978 concurrente
3439 925 3491 993 7,
3552 928 3581 984 7
3633 928 3784 983 Idus

2129 1004 2487 1076 Septembris,
2529 1007 2563 1061 6
2612 1006 2771 1075 feria,
2821 1025 2968 1066 anno
3025 1013 3048 1066 1
3104 1013 3262 1088 regni
3310 1014 3522 1071 Ottonis
3574 1020 3777 1075 tereii.

2128 1094 2243 1160 Quo
2269 1095 2434 1151 etiam
2463 1096 2792 1173 mensis‘die
2822 1100 3174 1157 recolebatur
3202 1104 3616 1163 anniversarius
3672 1108 3778 1164 de-

2128 1184 2418 1255 positionis
2458 1186 2646 1241 matris
2678 1187 2853 1258 ipsius
2906 1190 3205 1246 Amalradaa
3261 1193 3371 1245 ‘0”.
3408 1195 3568 1251 Pater
3627 1214 3772 1256 vero

2126 1278 2301 1350 ipsius
2332 1280 2638 1337 Everardus
2669 1282 2929 1337 Kalendis
2954 1284 3079 1339 Maii
3109 1288 3341 1343 aseculo
3372 1292 3640 1347 excessit.

2694 1389 3015 1428 EPI‘I‘APHIUM
3060 1374 3171 1429 “"3.

2197 1461 2292 1513 Hic
2327 1459 2656 1526 Deodericus,
2694 1476 2940 1529 generoso
2967 1466 3235 1531 sanguine
3271 1472 3436 1522 natus

2268 1552 2468 1617 Regum
2493 1553 2765 1619 progenie,
2798 1566 2994 1606 nomen
3012 1553 3212 1608 habens
3240 1556 3457 1623 celebre,

2196 1644 2416 1696 Caesaris
2446 1645 2648 1698 Ottonis
2679 1646 2852 1712 tetigit
2876 1660 3032 1714 quem
3078 1648 3223 1702 linea
3251 1652 3454 1717 carnis,

2268 1736 2429 1803 Cujus
2457 1737 2692 1791 consiliis
2709 1739 2847 1806 jura
2870 1738 3013 1792 dedit
3032 1741 3262 1808 papillis.

2196 1833 2357 1884 Luxit
2385 1832 2529 1884 enim
2553 1832 2775 1898 mundo,
2809 1848 2905 1888 ceu
2932 1834 3092 1903 sydus
3120 1836 3329 1903 lumine
3352 1839 3530 1908 pleno,

2265 1922 2482 1977 Actibus
2511 1925 2744 1990 eximiis,
2776 1925 3013 1980 moribus
3052 1930 3294 1997 egregiis.

2197 2018 2339 2072 Unde
2374 2021 2679 2072 Mettensem
2715 2022 2916 2074 meruit
2936 2023 3283 2079 conscendere
3309 2026 3503 2095 sedem,

2261 2114 2433 2174 Quam
2456 2114 2597 2165 rexit
2622 2112 2779 2181 digno
2799 2116 3047 2182 praesulis
3070 2117 3267 2183 ofﬁcio.

2191 2201 2394 2256 Aulam
2430 2203 2577 2255 hanc
2600 2203 2796 2257 caelesti
2822 2206 3029 2259 struxit
3052 2220 3150 2274 pro
3171 2222 3397 2263 munere
3423 2214 3558 2279 regi,

2265 2293 2434 2349 Rebus
2462 2310 2630 2363 quam
2666 2297 2821 2350 miris
2840 2300 3061 2366 compsit
3079 2304 3130 2352 et
3159 2301 3485 2358 innumeris.

2193 2387 2371 2441 Idibus
2401 2386 2614 2442 ebdenis
2641 2389 2957 2457 Septembris
2986 2394 3111 2460 jam
3136 2393 3388 2449 revolutis

2262 2483 2507 2534 Decessus
2534 2485 2693 2548 sorte,
2724 2481 3001 2537 clauditur
3019 2484 3121 2538 hac
3147 2484 3310 2540 silice.

2191 2570 2279 2625 23.
2342 2576 2413 2626 De
2498 2573 2829 2629 dedicatione
2904 2578 3134 2632 ecclesia:
3214 2583 3393 2635 sancti
3458 2584 3749 2639 Vincentii.

2119 2665 2238 2719 Jam
2268 2678 2399 2718 vero
2431 2663 2561 2735 quia
2590 2663 2658 2717 de
2704 2664 2815 2719 vita
2857 2666 3310 2723 excellentissimi
3354 2671 3605 2739 praesulis
3663 2688 3754 2728 re-

2121 2753 2384 2809 lationem
2434 2754 2794 2823 explevimus,
2876 2771 3103 2826 operam
3177 2757 3308 2813 dare
3374 2775 3636 2816 curamus
3686 2772 3753 2819 ut

2116 2842 2261 2898 diem
2334 2842 2703 2899 dedicationis
2750 2845 2998 2901 ecclesiae
3051 2848 3226 2905 sancti
3276 2848 3547 2905 Vincentii
3617 2860 3750 2908 ante

2044 2979 2093 3048 Ο
2119 2941 2400 3005 posterum
2429 2936 2621 2991 oculos
2651 2936 3049 3009 relinquamus.
3107 2938 3234 2996 Post
3263 2940 3552 2997 decessum
3584 2943 3751 2999 deni-

2125 3040 2227 3048 -.--
2262 3025 2434 3048 2....2---
2482 3024 2755 3048 ..Α..ι3Ω-ξ-
2815 3043 2912 3048 μ-..
2952 3028 3260 3048 ___---__!_,,
3286 3046 3295 3048 _
3405 3030 3417 3048 1
3494 3031 3506 3042 ο

2121 3040 2229 3096 que
2262 3025 2436 3095 ipsius
2481 3024 2778 3096 pontiﬁcis,
2815 3043 2913 3098 per
2949 3028 3336 3086 successiones
3366 3030 3734 3102 plurimorum

2120 3116 2380 3171 abbatum
2439 3117 2619 3172 eidem
2680 3118 2801 3174 loco
2869 3121 3307 3191 priesidentium,
3365 3138 3523 3194 opus,
3593 3125 3744 3196 quod

2120 3214 2461 3263 remanserat
2521 3206 2927 3279 imperfectum,
2972 3210 3195 3266 tandem
3255 3219 3502 3283 tempore
3551 3213 3742 3269 domni

2119 3296 2387 3352 Heriberti
2418 3298 2755 3354 venerabilis
2793 3299 2914 3355 vitze
2944 3300 3160 3355 abbatis
3189 3308 3273 3356 est
3300 3310 3739 3359 consummatum

2123 3388 2235 3461 (an.
2291 3387 2471 3459 1030).
2506 3388 2604 3453 Qui
2663 3389 2805 3444 inter
2843 3398 3043 3446 cmtera
3080 3406 3202 3462 quae
3235 3391 3480 3446 studiose
3528 3399 3583 3447 et
3610 3393 3737 3447 reli-

2118 3480 2276 3553 giose
2315 3477 2516 3545 effecit,
2548 3478 2853 3534 {ecclesiam
2908 3479 3081 3550 ipsam
3133 3496 3164 3535 a
3191 3480 3395 3536 domno
3433 3481 3738 3538 Deoderico

2113 3571 2334 3641 juniore
2376 3571 2624 3626 dedicari
2662 3571 2964 3647 constituit.
3008 3572 3177 3637 Quam
3234 3572 3448 3628 liberali
3490 3574 3735 3629 omnium

2105 3677 2289 3719 rerum
2314 3666 2603 3730 apparatu,
2637 3677 2799 3733 quam
2843 3661 2934 3733 pio
2974 3662 3287 3718 devotionis
3314 3662 3534 3732 ati‘ectu,
3569 3679 3732 3736 quam

2104 3755 2385 3826 frequenti
2413 3751 2661 3808 omnium
2680 3768 2974 3820 concursu,
2994 3761 3198 3825 quanto
3234 3755 3421 3811 studio
3454 3756 3730 3811 celebrata

2105 3845 2175 3899 sit
2213 3844 2376 3913 hujus
2414 3843 2781 3899 dedicationis
2819 3842 3038 3910 lieticia,
3095 3844 3277 3899 adhuc
3324 3845 3483 3916 quasi
3522 3845 3731 3901 recenti

2107 3953 2297 3993 eorum
2325 3937 2419 4008 qui
2473 3936 2843 3991 interfuerunt
2880 3936 3051 3991 haeret
3080 3936 3137 3990 in
3191 3937 3480 3992 memoria.
3524 3937 3725 3994 Conse-

2108 4033 2313 4082 cratum
2345 4032 2430 4080 est
2454 4025 2621 4101 igitur
2650 4025 2893 4096 primum
2915 4032 2970 4080 et
2994 4024 3298 4096 principale
3319 4026 3489 4081 altare
3520 4027 3575 4081 in
3628 4028 3730 4082 ho-

2107 4135 2245 4175 nore
2275 4119 2449 4174 sancti
2482 4117 2757 4174 Vincentii
2789 4117 3044 4189 martyris
3083 4127 3138 4172 et
3184 4117 3387 4185 levitas,
3420 4119 3721 4175 secundum

2109 4210 2166 4265 in
2207 4211 2415 4265 honore
2455 4208 2627 4263 sancti
2660 4207 2941 4263 Benedicti
2968 4207 3206 4274 abbatis,
3240 4208 3518 4263 Fortunati
3552 4216 3605 4264 et
3635 4210 3724 4264 El-

2110 4299 2245 4371 pidii
2276 4299 2663 4370 episcoporum
2696 4303 2751 4351 et
2780 4296 3161 4353 confessorum
3193 4296 3439 4371 Gregorii
3475 4314 3630 4369 papae
3669 4308 3722 4356 et

2107 4388 2473 4452 confessoris;
2526 4385 2751 4441 tercium
2779 4385 2835 4441 in
2867 4386 3520 4461 ltonorefgloriosissimaa
3551 4395 3605 4443 et
3644 4389 3722 4444 vi-

2104 4479 2512 4537 ctoriosissimae
2544 4478 2722 4533 crucis
2765 4477 2973 4532 domini
3018 4477 3190 4532 nostri
3234 4477 3363 4533 Jesu
3395 4478 3617 4545 Christi,
3664 4490 3720 4536 et

2102 4573 2367 4630 Johannis
2396 4572 2665 4643 baptistae.
2700 4571 2978 4636 Quintiani
3020 4570 3325 4642 presbyteri
3367 4578 3421 4625 et
3450 4574 3718 4643 martyris,

2104 4665 2338 4741 Remigii
2366 4663 2615 4736 episcOpi
2648 4670 2703 4719 et
2749 4663 3109 4719 confessoris.
3153 4661 3439 4718 Celebrata
3481 4673 3564 4720 est
3602 4665 3718 4721 haec

2101 4759 2424 4817 dedicatio:
2457 4757 2584 4813 ldus
2614 4756 2759 4825 Maii,
2801 4772 2947 4812 anno
2978 4757 3272 4815 millesimo
3298 4759 3583 4834 trigesimo
3613 4760 3716 4817 do-

2100 4851 2317 4907 minica:
2344 4847 2760 4913 incarnationis,
2791 4847 3096 4904 indictione
3122 4849 3207 4917 l3,
3236 4857 3429 4921 epacta
3457 4851 3544 4913 M,
3572 4868 3716 4910 anno

2101 4948 2131 5004 7
2162 4945 2383 5018 imperii
2407 4942 2664 5010 Conradi,
2697 4941 3192 5014 pontiﬁcatusvero
3219 4944 3410 4999 domni
3430 4946 3713 5004 Deoderici

2091 5039 2330 5111 junioris
2379 5039 2468 5093 25.
2511 5037 2679 5093 Porro
2709 5036 2879 5091 altare
2917 5036 3093 5091 sancti
3149 5036 3312 5104 Petri,
3344 5044 3407 5093 ut
3451 5039 3709 5096 traditum

2096 5135 2179 5185 est
2207 5128 2371 5185 nobis
2401 5126 2768 5195 amajoribus,
2798 5125 3111 5181 dedicatum
3143 5133 3226 5179 est
3250 5126 3319 5180 ab
3354 5126 3589 5201 Egberto
3620 5146 3706 5184 ar-

2095 5221 2448 5292 chiepiscopo
2497 5217 2816 5274 Treverensi
2865 5217 2922 5272 in
2977 5217 3187 5272 honore
3230 5218 3480 5290 ejusdem
3537 5222 3705 5277 sancti

2096 5312 2238 5369 Petri
2270 5310 2527 5383 apostoli,
2586 5317 2641 5365 et
2685 5308 2946 5365 Feliciani
2984 5307 3234 5380 episcopi
3289 5315 3344 5365 et
3387 5311 3640 5383 martyris
3676 5313 3707 5370 3

1722 5418 1943 5475 VARIIE
1983 5417 2361 5475 LECTIONES.

1938 5561 2126 5617 NOTAE
2139 5606 2149 5618 .

450 5480 538 5515 ¹⁰¹⁷
566 5485 648 5539 ita
675 5485 863 5540 eodem.
952 5485 1043 5520 ¹⁰¹⁸
1074 5486 1448 5543 EPITAPHUM
1470 5504 1521 5543 c.

449 5655 594 5727 (965)
631 5661 674 5715 Ι.
703 5675 748 5712 e.
781 5674 949 5730 scopo
980 5661 1302 5719 mundabat.

2163 5668 2301 5740 (966)
2333 5665 2696 5723 Deodericum
2730 5681 2780 5720 a.
2812 5664 2916 5720 984
2957 5662 3167 5719 obiisse
3194 5670 3433 5721 constat.
