3948 6044
271 272 380 328 725

1411 276 1560 332 νιΤΑ
1601 275 1828 332 SANCTI
1869 277 2216 334 SIGEBERTI
2257 276 2470 336 REGIS.

3498 273 3604 329 726

261 391 385 448 Non
425 390 728 460 Februarii,
763 393 890 450 Haec
915 395 984 450 de
1023 395 1371 455 dedicatione
1410 399 1513 455 ista
1541 399 1747 457 dixisse
1776 400 1888 457 suf-
1910 405 1964 476 A
1987 405 2138 461 omni
2178 405 2323 462 malo
2369 405 2654 474 defendat,
2685 421 2750 461 ac
2809 419 3000 476 preces
3064 403 3309 462 omnium
3351 402 3603 460 ﬁdelium

261 485 486 553 ﬁciant;
529 503 719 544 verum
783 489 968 546 ﬁdelis
1024 491 1200 550 lector
1257 492 1422 551 ﬁnem
1485 495 1740 553 lectionis
1788 498 1891 554 hac
1989 512 2210 568 semper
2238 496 2515 564 exaudiat,
2547 496 2643 570 qui
2671 512 2770 568 per
2807 495 2995 553 secula
3041 503 3240 551 cuncta
3268 492 3403 550 vivit
3428 499 3484 550 et
3523 509 3606 549 re-

262 595 428 651 prece
458 579 773 649 concludat,
804 589 864 638 ut
893 583 1150 642 dominus
1197 587 1344 654 Deus
1394 588 1559 644 istum
1604 590 1786 646 locum
1815 589 1892 645 vi-

259 670 394 728 sitet
423 678 480 728 et
508 671 828 744 benedicat,
883 673 1080 733 fratres
1131 678 1188 734 in
1239 694 1308 736 eo
1345 688 1778 752 commorantes,
1821 681 1890 737 ab

1991 594 2144 663 gnat.
2186 588 2378 644 Amen.

1065 869 1418 934 RHYTHMI
1465 871 1543 936 IN
1589 871 1959 938 HONOREM
2004 869 2405 935 DEODERICI
2450 867 2806 933 EPISCOPI.

267 1031 603 1089 Deodericus
630 1035 924 1108 sanguine,
946 1035 1195 1094 moribus

265 1119 434 1175 Claris
463 1120 711 1192 profecto
737 1123 938 1179 clarior
963 1124 1245 1194 omnibus,

341 1214 384 1267 A
415 1230 546 1290 rege
568 1213 814 1272 clarabat
850 1217 1151 1286 secundus,

403 1305 502 1360 Vix
525 1306 694 1379 aliqui
721 1307 826 1363 sub
853 1323 920 1364 eo
951 1311 1248 1366 secundus.

265 1398 360 1453 llic
389 1399 762 1456 consobrinus
791 1401 1015 1457 caesaris
1044 1402 1234 1473 inclity

263 1487 512 1543 Haerebat
541 1487 620 1544 illi
659 1484 874 1546 militiae
901 1497 956 1546 et
985 1491 1158 1560 domi,

338 1575 512 1651 Regni
551 1576 736 1634 ferens
761 1588 945 1650 partes
967 1581 1259 1649 secundas,

408 1669 632 1727 Caesaris
669 1672 1051 1747 alleviansque
1089 1691 1268 1732 curas.

263 1762 438 1837 Regni
467 1779 566 1834 per
592 1764 746 1820 illum
773 1773 975 1822 cuncta
1000 1769 1246 1844 negotia,

259 1851 324 1906 Et
350 1851 470 1923 jura
490 1853 711 1910 stabant
739 1855 1138 1914 ecclesiastica.

334 1943 510 2013 Miles,
540 1954 786 2022 senatus,
821 1947 965 2021 regis
995 1949 1123 2005 aula

407 2033 755 2105 SuSpiciebat
779 2035 850 2091 ad
875 2036 996 2106 ejus
1025 2053 1142 2094 ora.

263 2122 373 2178 Rex
407 2123 732 2182 Otthoclavo
763 2127 893 2183 dum
923 2129 1322 2186 moderaminis

264 2217 372 2271 Res
400 2215 732 2274 ﬂuctuantes
754 2221 922 2276 Italiae
949 2221 1116 2278 nimis

335 2307 438 2363 Per
454 2309 578 2378 jura
617 2313 974 2385 tranquillare
995 2315 1147 2386 pacis

407 2397 657 2470 Temptat
689 2399 917 2474 ubique,
951 2403 1110 2458 malis
1147 2405 1395 2471 remotis,

267 2491 330 2546 Et
359 2491 450 2547 hic
487 2500 625 2561 erat,
649 2493 739 2548 hic
769 2494 972 2550 multus
1009 2503 1064 2551 et
1094 2495 1344 2564 intimus,

257 2582 339 2636 Ad
366 2598 450 2652 os,
466 2583 535 2638 ad
565 2599 748 2652 aures,
778 2600 1106 2658 corquoque
1123 2587 1376 2655 censeris;

2060 1041 2161 1096 Per
2197 1040 2343 1096 hunc
2371 1038 2623 1111 placebat
2651 1039 2744 1112 qui
2776 1037 3055 1112 placebat;

2133 1128 2247 1184 Hoc
2270 1127 2392 1183 sine
2423 1129 2511 1183 vix
2537 1128 2738 1200 aliquis
2765 1127 3004 1184 valebat.

1989 1217 2098 1273 Hac
2126 1215 2546 1288 praeminentem
2567 1216 3000 1292 magnificentia,

1990 1307 2192 1362 Omnes
2223 1307 2499 1362 honorant
2537 1306 2944 1376 munificentia,

2060 1400 2206 1456 Facti
2229 1415 2328 1472 per
2354 1400 2507 1456 illum
2537 1401 2788 1476 gratiosi,

2131 1489 2196 1544 Ut
2225 1505 2324 1544 sua
2352 1498 2478 1546 vota
2507 1498 2712 1562 queant
2749 1490 2972 1546 mereri.

1989 1580 2090 1647 Qui
2121 1596 2236 1637 non
2266 1597 2426 1637 avare
2451 1582 2551 1637 sed
2575 1581 2811 1653 cupidus
2832 1583 2923 1653 pie

1989 1673 2101 1730 Hoc
2141 1673 2399 1749 exigebat
2425 1674 2573 1746 quod
2605 1673 2749 1730 foret
2775 1673 2935 1741 utile,

2060 1762 2309 1834 Notaque
2331 1763 2506 1834 eulpae
2536 1762 2684 1834 quod
2717 1770 2953 1829 careret,

2129 1854 2280 1920 Quod
2305 1853 2414 1909 sibi
2443 1869 2597 1925 spem
2628 1855 2805 1910 venia}
2836 1861 3070 1927 pararet.

1984 1943 2118 1998 Nam
2145 1948 2327 1998 vestra
2355 1942 2532 1998 sancti
2561 1957 2794 2014 corpora
2822 1950 3090 2016 martyres

1985 2037 2278 2104 Quaerebat
2311 2038 2476 2109 hujus
2493 2045 2683 2093 sancta
2711 2037 2814 2092 viri
2852 2037 3012 2105 fides,

2053 2129 2336 2186 Translata
2361 2129 2752 2202 qualicumque
2781 2145 2933 2196 cura,

2127 2219 2192 2274 Ut
2230 2227 2552 2275 reverenter
2580 2219 2808 2276 haberet
2838 2219 2948 2274 illa.

1907 2268 1958 2336 Β
1980 2268 2559 2365 οδυάὲὲεῖίιᾷἷιῖἑιέὲ
2581 2268 3052 2382 Ηέιῖὲέρίξέὸρο.

1981 2403 2179 2460 Fidens
2201 2405 2257 2459 in
2287 2405 2409 2474 ejus
2437 2404 2693 2476 prmsidio
2725 2405 2919 2476 duplo,

2051 2499 2267 2556 Pollens
2298 2517 2397 2572 per
2432 2501 2554 2572 ejus
2579 2501 2948 2571 sanctitatem,

2121 2590 2367 2664 Tutaque
2399 2608 2500 2664 per
2529 2593 2976 2666 generositatem.

398 2813 3579 2843 .—_________.______________________________________

572 3006 974 3131 VITA
1057 3006 1670 3136 SANCTI
1755 3008 2674 3152 SIGEBERTI
2765 3013 3281 3144 REGIS

1308 3243 1608 3300 AUCTORE
1649 3245 2018 3302 SIGEBERTO
2057 3247 2539 3306 GEMBI.ACENSI.

979 3392 1138 3460 (Vide
1175 3394 1498 3462 Patrologim
1525 3397 1650 3450 tom.
1683 3395 1994 3462 LXXXVII,
2021 3396 2122 3452 col.
2155 3394 2280 3464 303,
2312 3398 2374 3452 in
2397 3395 2668 3465 Sigebcrto
2694 3399 2856 3464 rege.)

779 3695 1143 3782 VITA
1195 3777 1207 3789 ,
1257 3695 1925 3783 BREVIOR
2032 3695 2141 3784 S.
2259 3693 3072 3842 SIGEBERTI

1334 3867 1432 3929 AB
1465 3867 1722 3932 EODEM
1758 3867 2179 3934 SIGEBERTO
2209 3870 2522 3936 SCRIPTA

1188 4023 1515 4095 (Ducnasna,
1559 4029 1814 4084 Historia:
1847 4030 2182 4087 Francorum
2217 4031 2537 4103 Scriptores,
2567 4033 2660 4101 ΙΙ.)

1743 4209 1973 4226 _

329 4374 462 4438 Quia
484 4375 553 4429 de
577 4375 695 4431 Vita
713 4377 1010 4452 Sigeberti,
1036 4379 1361 4436 Francorum
1388 4381 1556 4456 regis,
1597 4382 1865 4454 quaeritis,
1893 4384 1944 4455 (ζ
1971 4383 2221 4457 reliquiis
2241 4385 2599 4455 Trojanorum
2631 4383 2701 4438 ad
2732 4386 2947 4438 exteras
2995 4379 3249 4436 nationes
3297 4396 3358 4436 se
3391 4385 3588 4436 contu-

254 4479 489 4535 quaaque
511 4465 581 4519 de
608 4481 696 4531 eo,
728 4467 812 4522 vel
840 4468 910 4523 de
939 4468 1288 4526 ordinatione
1320 4471 1476 4543 regni
1509 4471 1565 4526 in
1598 4471 1866 4540 historiis,

1970 4474 2173 4530 lerunt.
2214 4475 2439 4530 IEneam
2466 4473 2692 4546 quidem
2731 4471 2798 4527 ad
2831 4469 3037 4525 Italiam
3079 4469 3325 4535 venisse,
3393 4475 3450 4525 et
3480 4469 3591 4524 Ro-

251 4553 339 4608 vel
370 4555 439 4610 de
469 4564 672 4614 sanctae
703 4559 988 4633 religionis
1020 4562 1418 4638 propagatione
1464 4563 1519 4618 in
1550 4571 1864 4620 sanctorum
1969 4563 2118 4618 mani
2141 4563 2360 4634 imperii
2391 4562 2749 4617 fundamenta
2765 4559 2970 4629 jecisse
2989 4557 3152 4613 etiam
3183 4574 3214 4612 a
3244 4556 3590 4613 scholaribus

253 4645 492 4718 legimus
521 4650 713 4722 gestis,
768 4652 900 4708 inde
930 4653 1161 4709 collecta
1211 4655 1502 4725 expediam
1535 4655 1747 4725 paucis.
1803 4655 1868 4709 Et
1968 4660 2238 4709 cantatur.
2294 4655 2358 4708 At
2386 4651 2681 4708 duodecim
2720 4649 2896 4704 millia
2937 4649 3324 4720 Trojanorum,
3354 4649 3450 4720 qui
3479 4649 3590 4704 Au-

251 4738 384 4810 quia
430 4746 541 4795 tres
588 4742 751 4812 hujus
789 4745 1032 4800 nominis
1095 4762 1254 4818 reges
1302 4746 1634 4802 Francorum
1693 4745 1866 4802 fuisse

252 4829 462 4885 scimus
497 4832 800 4890 nobilitatis
829 4834 951 4906 ejus
980 4835 1359 4908 antiquitatem
1403 4841 1650 4906 repetam
1684 4835 1868 4902 altius,

252 4931 312 4979 ut
343 4924 467 4996 quis
508 4926 670 4982 fuerit
703 4928 914 5000 primus
945 4945 1042 4986 rex
1067 4929 1398 5004 Sigibertus,
1427 4929 1553 5002 quis
1573 4929 1871 4998 secundus,

251 5016 377 5085 quis
407 5015 530 5085 iste,
562 5015 630 5072 de
660 5032 770 5089 quo
803 5034 951 5074 nunc
981 5020 1181 5094 agitur,
1211 5020 1424 5086 tertius,
1451 5019 1614 5076 vobis
1643 5019 1875 5093 pateﬁat

252 5105 486 5163 clarius:
549 5115 604 5164 et
662 5109 824 5165 simul
877 5112 1090 5168 cunctis
1137 5113 1314 5185 palam
1363 5111 1459 5167 ﬁat
1522 5111 1671 5167 unde
1735 5126 1873 5185 gens

252 5195 585 5253 Francorum
625 5214 829 5255 nomen
864 5199 951 5254 vel
985 5199 1268 5275 .‘originem
1311 5200 1508 5266 trahat,
1541 5208 1597 5257 et
1632 5200 1779 5256 unde
1820 5206 1872 5254 et

251 5286 474 5367 quando
496 5286 706 5342 Gallias
735 5287 1020 5357 invaserit,
1061 5305 1199 5360 quas
1229 5305 1330 5361 per
1362 5304 1539 5345 annos
1560 5289 1673 5359 jam
1699 5289 1872 5344 ferme

250 5385 542 5432 sexcentos
578 5379 776 5448 tenuit,
803 5386 859 5435 et
885 5381 1064 5436 adhuc
1107 5387 1301 5436 tenens
1350 5387 1606 5452 potenter
1643 5379 1786 5454 regit
1817 5387 1872 5436 et

252 5463 506 5522 feliciter.

326 5557 612 5632 Postquam
645 5562 814 5617 Graeci
855 5563 1100 5618 nobilem
1151 5562 1400 5636 Phrygiae
1431 5561 1622 5615 urbem
1657 5567 1870 5616 everte-

252 5656 402 5720 runt,
434 5652 630 5710 Encas
672 5661 727 5710 et
757 5658 996 5712 Antenor
1049 5654 1267 5712 nobiles
1303 5654 1686 5724 Trojanorum,
1746 5670 1867 5709 cum

1972 4751 2222 4798 tenorem
2280 4741 2456 4797 secuti
2495 4748 2642 4805 sunt,
2691 4737 2927 4811 Scythiae
2981 4737 3244 4813 regiones
3283 4739 3588 4814 pervagati,

1973 4831 2120 4888 circa
2162 4829 2474 4886 Meothidas
2514 4827 2746 4900 paludes
2783 4826 3176 4894 consederunt,
3209 4833 3265 4884 et
3302 4826 3372 4882 ab
3420 4829 3590 4884 Ante-

1975 4939 2111 4979 nore
2167 4921 2522 4978 Antenoridae
2551 4921 2729 4978 vocati
2755 4927 2901 4976 sunt.
2959 4919 3097 4976 Hinc
3155 4925 3210 4975 et
3262 4921 3318 4976 in
3359 4919 3587 4995 Virgilio

1976 5011 2201 5086 legitur.

2115 5102 2360 5156 Antenor
2385 5100 2557 5170 potuit
2583 5099 2778 5154 mediis
2799 5099 3015 5170 elapsus
3051 5098 3302 5166 Achivis,

2115 5195 2364 5264 Illyricos
2387 5198 2676 5264 penetrare
2696 5195 2870 5260 sinus,
2902 5198 3066 5264 atque
3095 5195 3297 5248 intima
3325 5195 3472 5248 tutus

2113 5287 2298 5354 Regna
2325 5286 2704 5347 Liburnorum,
2759 5287 2809 5338 et
2837 5284 3038 5351 fontem
3077 5283 3326 5352 superari
3358 5283 3588 5338 Timavi.

2043 5376 2282 5442 Quorum
2344 5377 2546 5448 posteri
2603 5376 2823 5432 condita
2877 5374 3097 5431 civitate
3152 5374 3447 5445 metropoli
3503 5377 3589 5432 sui

1975 5472 2150 5543 regni,
2174 5489 2337 5544 quam
2365 5471 2724 5526 Sicambriam
2750 5471 3195 5536 nominaverunt,
3225 5486 3256 5524 a
3283 5486 3392 5542 qua
3422 5471 3588 5526 etiam

1973 5565 2076 5636 ipsi
2111 5564 2378 5620 Sicambri
2413 5564 2754 5620 denominati
2793 5569 2943 5629 sunt,
2985 5561 3038 5615 in
3077 5567 3298 5635 gentem
3333 5579 3587 5637 magnam

1971 5653 2317 5720 coaluerunt,
2349 5659 2402 5708 ct
2439 5668 2660 5724 semper
2698 5668 2812 5708 suae
2865 5650 3046 5726 gentis
3088 5667 3273 5727 regem
3319 5652 3589 5710 habentes
