3934 6054
373 249 481 305 727

1610 243 1953 300 Sl-GEBERTI
1996 244 2505 303 GEMBLACENSIS.

3631 254 3754 312 728

375 393 660 449 nunquam
707 376 942 444 alicujus
994 377 1176 450 gentis
1225 377 1362 452 jugo
1401 375 1602 445 subjici
1658 374 1805 446 passi
1844 381 1991 441 sunt,
2018 380 2073 451 Α
2107 393 2229 432 cum
2251 392 2471 433 amores
2500 377 2925 449 superducebat.
2950 377 3010 433 Et
3038 380 3291 449 quamvis
3318 380 3460 437 adeo
3481 382 3752 449 deditus,

373 468 470 526 sed
527 464 725 522 vicinis
773 480 995 535 semper
1031 464 1292 540 gentibus
1348 467 1544 520 terrori
1597 465 1837 519 luerunt.
1878 462 1984 518 Sed

372 574 519 624 eum,
552 555 634 610 sic
683 553 1047 626 dispensante
1079 554 1213 621 Deo,
1255 553 1545 609 universus
1573 553 1724 609 orbis
1750 553 1987 625 imperio

372 651 617 706 Romano
673 646 933 702 subactus
989 653 1092 713 est,
1141 656 1197 702 et
1252 646 1624 717 descriptione
1681 645 1821 700 facta
1879 645 1984 700 sub

372 764 542 804 censu
577 745 852 810 redactus,
908 744 1072 799 etiam
1131 743 1235 815 ipsi
1290 744 1659 798 Romanorum
1708 740 1981 797 tributarii

371 835 498 893 facti
538 836 911 891 Romanorum
945 841 1127 887 tamen
1158 832 1470 904 provincias
1498 831 1709 887 crebris
1741 829 1982 886 incursi-

369 926 473 982 bus
510 923 867 989 infestabant,
899 929 953 977 et
979 937 1181 977 nomen
1212 937 1370 976 suum
1410 920 1575 994 longe
1608 921 1825 990 lateque
1856 933 1983 988 pro.-

370 1020 651 1093 palabaut.
704 1018 782 1073 Ab
806 1017 1021 1073 excidio
1044 1015 1219 1084 Trojaa
1253 1031 1428 1088 usque
1468 1015 1535 1070 ad
1568 1016 1685 1070 haec
1733 1022 1981 1084 tempora

367 1109 737 1166 Valentiniani
796 1107 1142 1180 imperatoris
1181 1123 1269 1163 res
1300 1107 1625 1163 Francorum
1669 1105 1745 1161 ita
1795 1121 1855 1160 se
1895 1105 1985 1160 ha-

366 1201 624 1257 buerunt.

440 1287 824 1346 Valentiniano
847 1286 1176 1358 imperante,
1210 1301 1318 1358 quo
1338 1285 1547 1340 scilicet
1576 1292 1826 1355 tempore
1854 1300 1981 1339 san-

374 1390 493 1440 ctus
530 1382 795 1438 Martinus
822 1380 1099 1436 Turonum
1134 1380 1431 1450 episcopus
1486 1395 1583 1450 per
1615 1378 1812 1433 Gallias
1866 1378 1981 1433 cla-

370 1477 526 1534 rebat
552 1476 842 1532 sanctitate
870 1482 926 1530 et
964 1474 1261 1540 miraculis,
1294 1490 1416 1529 cum
1460 1473 1710 1545 quaedam
1746 1473 1980 1545 Scythiae

368 1587 528 1643 gens,
571 1569 665 1641 qui
696 1570 957 1624 dicuntur
984 1566 1162 1632 Alani,
1204 1573 1392 1622 contra
1419 1567 1694 1623 Romanos
1724 1567 1983 1621 rebellas-

365 1667 510 1724 sent,
539 1673 748 1729 eosque
780 1656 1008 1711 Romani
1039 1663 1270 1726 propter
1301 1654 1723 1711 inaccessabiles
1743 1654 1976 1710 Meothis

366 1748 613 1805 ﬂuminis
651 1747 882 1819 paludes
909 1746 1130 1802 vincere
1160 1762 1272 1802 non
1321 1753 1567 1818 possent,
1610 1745 1839 1802 Romani
1883 1764 1981 1818 pa-

366 1850 512 1899 ctum
555 1846 981 1914 proposuerunt,
1036 1846 1096 1895 ut
1133 1840 1180 1895 si
1214 1839 1309 1911 qui
1354 1855 1452 1894 eos
1495 1839 1783 1895 vincerent
1827 1856 1857 1894 a
1894 1839 1979 1895 tri~

364 1932 513 1988 butis
536 1933 727 1987 decem
757 1929 920 1985 annis
960 1927 1118 1984 liberi
1159 1934 1361 1983 essent.
1412 1927 1706 1996 Sicambri,
1748 1944 1979 2001 quorum

369 2030 502 2078 tunc
540 2019 808 2092 temporis
858 2033 952 2073 rex
1009 2025 1126 2072 erat
1155 2017 1422 2072 Priamus.
1466 2016 1667 2072 Alanos
1707 2017 1979 2082 vicerunt,

366 2124 421 2170 et
450 2115 521 2171 ob
555 2115 662 2169 hoc
689 2129 721 2168 a
749 2110 1133 2167 Valentiniano
1155 2109 1491 2181 imperatore
1519 2109 1729 2165 honore
1760 2118 1815 2164 et
1854 2126 1979 2164 mu-

366 2221 497 2261 nere
528 2203 682 2277 digni
711 2202 906 2269 habiti,
938 2200 1006 2255 ab
1039 2217 1105 2256 eo
1138 2200 1327 2275 lingua
1358 2200 1542 2255 Graeca
1573 2200 1784 2267 Franci,
1816 2200 1870 2254 id
1894 2206 1979 2254 est

365 2293 577 2349 feroces
606 2291 865 2362 appellati
906 2299 1053 2345 sunt.
1086 2290 1211 2345 Post
1260 2305 1436 2344 annos
1472 2289 1663 2344 decem
1694 2305 1816 2344 cum
1859 2288 1978 2343 exi-

362 2384 620 2456 gentibus
654 2380 915 2437 Romanis
956 2380 1159 2434 tributa
1200 2378 1414 2434 solvere
1460 2379 1689 2444 nollent,
1722 2386 1777 2433 et
1821 2380 1977 2434 insu-

363 2489 464 2545 per
506 2473 767 2527 audacter
813 2469 1165 2533 rebellarant,
1223 2468 1640 2523 Valentinianus
1693 2484 1791 2523 eos
1832 2469 1900 2522 be
1929 2469 1979 2525 lo

363 2564 534 2618 victos
562 2559 840 2626 contrivit,
884 2569 937 2612 et
977 2575 1163 2630 regem
1196 2574 1383 2614 eorum
1417 2559 1687 2614 Priamum
1720 2562 1974 2631 peremit.

364 2656 492 2712 Post
564 2655 836 2709 Priamum
922 2650 1035 2706 ﬁlio
1111 2652 1231 2721 ejus
1288 2652 1609 2709 Marcomiro
1692 2661 1976 2728 regnante,

364 2747 555 2803 Franci
577 2745 879 2802 Sicambria
918 2744 1125 2818 egressi
1162 2744 1214 2798 in
1246 2728 1553 2819 Thoringia'
1585 2746 1975 2802 Germanorum

365 2838 646 2910 provincia
677 2837 1051 2893 consederunt
1096 2836 1222 2891 Post
1258 2836 1639 2891 Marcomirum
1690 2837 1834 2893 ﬁlius
1861 2840 1978 2904 ejus

364 2928 737 2983 Faramundus
770 2925 887 2991 fuit,
931 2941 1021 2979 rex
1064 2925 1315 2990 crinitus,
1357 2942 1386 2979 a
1412 2941 1522 2997 quo
1582 2926 1771 2982 Franci
1803 2928 1976 2983 crini-

364 3028 448 3075 tos
478 3034 638 3091 reges
667 3016 868 3071 habere
896 3022 1205 3086 ceperunt.
1248 3015 1373 3070 Post
1399 3031 1560 3087 quem
1593 3015 1852 3072 Claudius
1898 3017 1932 3072 ﬁ

2089 476 2240 525 esset
2280 466 2484 521 carnali
2518 466 2874 532 commercio,
2907 467 3114 522 nullam
3174 477 3355 523 tamen
3404 487 3563 541 spem
3601 487 3752 542 pro-

2089 557 2358 631 pagandae
2401 555 2742 627 posteritatis
2782 554 3043 621 habebat,
3077 572 3141 612 ex
3183 556 3332 611 nulla
3374 565 3451 613 tot
3489 575 3743 615 uxorum

2091 646 2204 704 ﬁlio
2244 654 2529 717 suscepto.
2566 646 2908 702 Permaximc
2939 663 3073 722 ergo
3105 647 3350 716 dolebat,
3376 650 3506 721 quia
3536 667 3599 705 se
3631 651 3739 706 Dei

2086 742 2352 799 offensam
2416 741 2716 796 incurrisse
2758 741 3060 810 sentiebat,
3112 744 3413 813 praesertim
3456 745 3609 815 quod
3661 760 3737 800 ex

2086 832 2237 906 regio
2305 836 2515 901 patrum
2577 844 2803 884 suorum
2870 829 3086 884 semine
3151 830 3363 885 nullum
3419 848 3737 902 superesse

2083 926 2292 981 sciebat
2347 931 2547 996 praeter
2598 939 2679 991 se,
2731 932 2785 979 et
2836 923 3060 979 fratrem
3114 941 3273 980 suum
3306 924 3728 983 Charibertum.

2085 1018 2185 1083 Qui
2232 1018 2584 1073 Charibertus
2622 1023 2849 1089 propter
2878 1018 3293 1090 simplicitatem
3348 1020 3574 1075 nimiam
3612 1022 3732 1076 mi-

2085 1129 2191 1168 nus
2237 1112 2474 1167 idoneus
2541 1118 2660 1167 erat
2718 1111 2785 1166 ad
2849 1111 3007 1183 regni
3085 1112 3540 1185 gubernaculum.
3604 1115 3726 1171 Sed

2087 1204 2336 1277 quamvis
2363 1203 2688 1275 desperaret
2707 1203 2777 1259 de
2800 1203 2971 1274 prolis
3000 1204 3349 1275 posteritate.
3383 1221 3496 1261 non
3523 1213 3724 1263 tamen

2082 1298 2384 1370 desperans
2435 1299 2504 1354 de
2543 1299 2637 1354 Dei
2670 1299 3050 1365 miseratione,
3101 1301 3533 1371 praecordialiter
3581 1320 3718 1359 eum

2082 1389 2483 1459 deprecabatur
2513 1397 2571 1445 ut
2593 1390 2699 1445 sibi
2734 1407 2798 1446 ex
2830 1391 2955 1459 ejus
2988 1399 3127 1447 nutu
3157 1390 3304 1447 ﬁlius
3335 1394 3578 1460 daretur,
3613 1396 3721 1468 qui

2080 1481 2184 1537 sibi
2218 1482 2272 1536 in
2313 1482 2584 1557 regimine
2616 1483 2771 1556 regni
2814 1483 3232 1558 subrogaretur.
3275 1485 3463 1541 Justus
3492 1495 3549 1542 et
3583 1487 3722 1559 pius

2083 1570 2367 1633 Dominus,
2401 1570 2492 1642 qui
2544 1571 2827 1626 hominum
2873 1572 3145 1627 erratibus
3197 1573 3264 1627 ad
3300 1573 3436 1627 iram
3478 1574 3722 1630 attrahi—

2036 1696 2050 1731 ._
2081 1672 2187 1724 'ur,
2223 1660 2483 1731 precibus
2512 1660 2677 1714 etiam
2723 1661 3012 1717 humilium
3044 1663 3111 1718 ad
3153 1663 3589 1721 misericordiam
3627 1682 3722 1721 re—

2082 1752 2318 1806 ducitur.
2380 1752 2490 1807 Rex
2527 1752 2804 1823 siquidem
2871 1755 3214 1827 Dagobertus
3262 1755 3392 1810 dum
3452 1756 3717 1814 circuiret

2082 1841 2417 1897 Austrasiam
2453 1857 2600 1896 nono
2632 1858 2778 1898 anno
2800 1843 2957 1916 regni
2991 1844 3098 1911 sui,
3135 1846 3375 1916 puellam
3409 1847 3712 1918 quamdam

2086 1927 2493 2000 Ragnetrudem
2536 1931 2782 1999 nomine,
2815 1932 2999 1987 vultus
3037 1934 3312 2009 elegantia
3341 1934 3706 2003 laudabilem,

2082 2037 2291 2093 genere
2332 2023 2494 2077 etiam
2529 2023 2674 2078 inter
2713 2025 3020 2081 Austrasios
3060 2042 3170 2082 non
3204 2027 3534 2097 ignobilem,
3573 2045 3701 2085 cum

2082 2110 2217 2182 regii
2243 2112 2423 2166 cultus
2456 2112 2666 2168 honore
2692 2130 2918 2170 uxorem
2947 2115 3049 2171 sibi
3085 2117 3273 2187 junxit
3321 2118 3452 2183 Quae
3485 2118 3596 2173 Deo
3626 2118 3704 2173 ita

2076 2204 2294 2258 volente
2325 2205 2521 2259 eodem
2555 2222 2702 2261 anno
2758 2206 2810 2261 ei
2856 2206 3030 2262 ﬁlium
3062 2210 3275 2281 genuit,
3329 2226 3492 2282 quem
3544 2226 3706 2267 sacro

2075 2296 2225 2352 fonte
2258 2305 2641 2371 regeneratum
2667 2298 3020 2374 Sigebertum
3063 2302 3384 2358 nominavit.

2148 2387 2373 2443 Peracto
2413 2387 2697 2460 aliquanto
2749 2395 2998 2460 tempore
3048 2408 3140 2446 rex
3196 2392 3536 2463 Dagobertus
3573 2409 3701 2449 cum

2080 2478 2229 2533 omni
2281 2478 2520 2532 exercitu
2547 2494 2648 2533 suo
2689 2494 2890 2551 magno
2946 2479 3254 2551 tripudians
3303 2482 3507 2554 gaudio
3552 2499 3704 2538 anno

2081 2567 2237 2640 regni
2266 2566 2349 2621 sui
2379 2584 2429 2620 xi
2460 2566 2662 2621 Mettim
2694 2567 2849 2635 adiit,
2904 2568 3095 2640 ibique
3126 2585 3415 2640 procerum
3462 2580 3518 2627 et
3559 2589 3702 2643 pon-

2080 2655 2285 2711 titicum
2318 2663 2647 2711 conventum
2699 2658 2899 2713 adesse
2941 2658 3125 2727 jussit,
3165 2675 3471 2733 eorumque
3515 2663 3704 2718 consi-

2081 2747 2154 2802 lio
2184 2754 2238 2801 et
2267 2763 2539 2802 consensu
2574 2748 2745 2803 ﬁlium
2795 2766 2955 2804 suum
2988 2750 3324 2823 Sigibertum
3364 2753 3418 2807 in
3464 2771 3699 2829 regnum

2081 2835 2478 2891 Austrasiorum
2551 2837 2886 2903 sublimavit,
2943 2840 3246 2911 sedemque
3313 2844 3467 2916 regni
3519 2844 3702 2899 Mettis

2082 2926 2281 2981 habere
2322 2928 2589 2998 permisit,
2644 2935 2851 2998 partem
2901 2930 3066 2985 etiam
3101 2932 3479 2989 thesaurorum
3540 2935 3702 2990 sufﬁ-

2021 3066 2042 3086 η
2075 3016 2310 3073 cientem
2356 3019 2598 3074 tradidit.
2643 3020 2771 3075 Post
2814 3037 3019 3076 annum
3060 3024 3303 3077 nascitur
3343 3027 3458 3101 regi
3514 3028 3695 3102 Dago-

363 3115 471 3169 lius
516 3114 636 3185 ejus
680 3127 915 3185 regnans
993 3111 1219 3165 Francis
1266 3127 1297 3165 a
1374 3111 1673 3188 'l'horingia
1729 3114 1971 3169 advectis
1998 3106 2043 3134 υ
2074 3107 2229 3162 δϐηο
2278 3106 2443 3172 ﬁlius.
2509 3109 2604 3180 qui
2662 3109 2969 3165 CIOdOVCUS
3025 3119 3109 3166 est
3161 3124 3528 3184 ηυηουρτιῑυε.
3585 3118 3688 3181 Qui

362 3206 562 3262 Gallias
591 3205 811 3272 invasit,
857 3210 912 3259 et
952 3211 1111 3275 capta
1141 3204 1279 3259 urbe
1327 3203 1572 3260 Tornaco
1614 3204 1967 3261 Cameracum

360 3312 537 3368 usque
564 3310 888 3368 progressus
911 3295 1110 3351 multos
1142 3296 1510 3351 Romanorum
1553 3296 1608 3351 in
1636 3297 1821 3353 Galliis
1850 3316 1969 3369 per-

356 3389 509 3444 emit.
566 3387 751 3443 Gallize
814 3386 1091 3458 siquidem
1143 3404 1174 3442 a
1231 3395 1479 3459 tempore
1535 3388 1664 3443 Julii
1717 3388 1963 3454 Caesaris,

355 3480 448 3552 qui
467 3496 560 3535 eas
580 3478 871 3535 decennali
902 3477 1050 3537 bello
1065 3478 1301 3547 domuit,
1329 3480 1433 3533 sub
1463 3479 1697 3550 imperio
1723 3480 1966 3538 Romano

355 3581 534 3639 erant,
585 3581 640 3628 et
681 3572 750 3627 ab
793 3573 875 3627 eis
924 3570 1201 3642 principes
1238 3571 1604 3642 recipiebant.
1663 3573 1769 3627 Sed
1810 3575 1962 3630 omni

349 3667 556 3723 auxilio
586 3665 883 3731 destitutae,
931 3664 1211 3719 Wandalis
1261 3671 1316 3719 et
1361 3664 1572 3732 Gothis,
1631 3666 1961 3738 cazterisquc

350 3754 671 3811 nationibus
717 3753 965 3808 barbaris
1020 3753 1281 3824 expositas
1324 3753 1623 3825 direptioni
1675 3756 1957 3827 patebant.

349 3850 475 3905 Post
523 3848 769 3903 Clodium
824 3846 1142 3901 Merovecus
1193 3846 1337 3901 ﬁlius
1385 3848 1505 3916 ejus
1550 3849 1818 3922 regnavit,
1869 3849 1962 3922 qui

348 3941 478 4012 quia
501 3940 635 3994 satis
672 3938 827 3993 utilis
858 3937 958 3993 fuit
988 3938 1226 3993 Francos
1255 3955 1287 3993 a
1316 3955 1377 3994 se
1416 3939 1764 4012 Merovingos
1787 3942 1961 3998 deno-

347 4025 592 4083 minavit.
660 4026 828 4096 Hujus
865 4032 1116 4096 tempore
1164 4026 1326 4081 Attila
1385 4043 1477 4082 rex
1521 4029 1847 4086 Hunnorum
1903 4042 1962 4088 ut

342 4117 458 4172 fera
505 4123 807 4187 tempestas
850 4116 919 4170 ab
974 4115 1246 4187 Aquilone
1291 4116 1510 4173 irruens
1565 4126 1702 4175 totas
1759 4121 1959 4178 Gallias

341 4206 650 4273 inundavit,
691 4212 747 4261 et
784 4205 961 4273 Metis,
1017 4206 1287 4262 Treveris.
1339 4207 1592 4283 Tungris,
1636 4210 1841 4278 Remis,
1902 4221 1957 4268 et

339 4313 535 4355 omnes
563 4313 708 4370 pene
737 4298 923 4364 urbes,
956 4304 1132 4353 castra
1183 4298 1268 4352 vel
1313 4299 1541 4370 oppida,
1582 4318 1756 4375 usque
1786 4305 1955 4362 Aure-

2074 3198 2266 3253 iterum
2294 3199 2512 3254 eunetis
2544 3200 2870 3269 primatibus
2927 3206 3214 3261 Austrasize
3246 3215 3301 3262 et
3329 3209 3597 3265 Neustriaa
3633 3211 3690 3266 in

2068 3293 2315 3369 generali
2354 3301 2627 3349 conventu
2681 3297 3048 3370 congregatis,
3107 3298 3307 3356 iterum
3356 3303 3688 3360 divisionem

2070 3387 2224 3461 regni
2257 3387 2401 3441 inter
2450 3386 2591 3441 duos
2622 3386 2767 3442 ﬁlios
2795 3388 3096 3456 ordinavit,
3151 3407 3343 3447 eorum
3372 3395 3606 3451 consilio
3641 3404 3695 3452 et

2067 3494 2296 3533 assensu
2365 3477 2731 3544 conﬁrmavit,
2805 3480 2946 3534 datis
3022 3489 3078 3537 et
3142 3485 3384 3555 acceptis
3452 3485 3686 3542 invicem

2068 3568 2241 3638 pactis
2268 3576 2321 3622 et
2346 3568 2725 3634 sacramentis,
2755 3579 2814 3624 ut
2844 3569 3057 3627 scilicet
3087 3572 3455 3630 determinato
3482 3576 3685 3631 utrius-

2063 3675 2171 3731 que
2219 3660 2373 3732 regni
2424 3668 2575 3715 certo
2625 3659 2818 3729 limite,
2859 3661 3167 3735 Sigibertus
3217 3674 3474 3738 regnaret
3517 3682 3689 3738 super

2063 3753 2414 3819 Austrasiam,
2490 3751 2797 3807 Clodoveus
2864 3768 2996 3808 vero
3060 3765 3277 3829 regeret
3348 3755 3679 3815 Neustriam.

2067 3845 2191 3900 Eam
2226 3851 2434 3916 partem
2488 3844 2727 3899 Francia:
2772 3860 2893 3916 quae
2941 3853 3152 3916 spectat
3192 3847 3260 3901 ad
3314 3848 3600 3904 meridiem
3631 3861 3687 3907 et

2062 3936 2329 3991 orientem
2389 3935 2659 3991 vocabant
2722 3935 3077 4002 Austrasiam,
3138 3953 3259 3991 eam
3325 3954 3448 4009 quas
3505 3941 3685 4016 vergit

2060 4027 2129 4080 ad
2208 4024 2528 4097 aquilonem
2613 4032 2668 4080 et
2753 4025 3097 4081 occidentem
3184 4028 3454 4084 vocabant
3528 4030 3679 4087 Neu-

2059 4115 2270 4170 striam.

2132 4206 2239 4261 Rex
2274 4204 2633 4281 Dagobertus,
2669 4211 2776 4259 tam
2808 4204 2956 4275 juste
2995 4213 3049 4262 et
3092 4211 3200 4260 tam
3243 4208 3552 4278 prudenter
3590 4227 3681 4266 rc-

2055 4316 2166 4375 gno
2197 4309 2431 4371 utroque
2480 4298 2758 4367 ordinato,
2804 4316 2875 4355 ne
2930 4299 3227 4372 aliquando
3277 4302 3464 4374 aliquo
3511 4305 3677 4361 modo

339 4390 521 4458 lienis,
578 4390 698 4446 diro
738 4388 953 4445 excidio
1010 4389 1414 4447 exterminavit.
1469 4392 1574 4447 Sed
1618 4395 1836 4450 tandem
1878 4397 1946 4452 ab
1974 4393 2140 4461 Dvel
2198 4392 2390 4447 fratres
2428 4392 2573 4447 inter
2609 4408 2671 4447 se
2714 4396 2955 4448 traterno
2994 4392 3124 4449 odio
3165 4393 3525 4463 dissiderent,
3586 4400 3677 4453 vel

339 4484 497 4541 Ethio
527 4483 896 4540 Romanorum
940 4482 1101 4548 duce,
1123 4483 1319 4555 eisque
1357 4485 1754 4542 auxiliantibus
1782 4489 1952 4545 Fran-

338 4582 438 4649 cis,
467 4579 614 4636 bello
644 4580 817 4635 victus
845 4577 1181 4650 repatriavit.
1219 4580 1373 4636 Anno
1404 4590 1529 4653 post
1558 4591 1788 4639 mortem
1821 4603 1949 4642 san-

337 4674 411 4730 cti
478 4671 690 4727 Martini
741 4688 825 4727 LIV
883 4671 1081 4728 factum
1133 4674 1238 4730 hoc
1277 4675 1553 4730 excidium
1621 4676 1947 4736 Gallicarum

334 4761 581 4830 urbium,
606 4761 917 4819 Merovechi
945 4778 1090 4817 anno
1121 4764 1335 4836 quinto.

716 4853 869 4906 Deest
892 4852 977 4906 hic
1002 4854 1197 4919 folium
1225 4856 1282 4908 in
1311 4855 1426 4909 cod.
1459 4870 1559 4910 ms.

402 4941 535 4997 Nam
566 4941 818 5014 quamvis
855 4941 1200 5015 Dagobertus
1232 4960 1325 4999 rex
1354 4952 1502 5000 esset
1530 4948 1788 5022 egregius
1813 4948 1940 5004 bel-

328 5035 489 5102 lator,
521 5032 867 5089 sacerdotum
921 5033 1017 5089 Dei
1060 5041 1114 5090 et
1155 5034 1516 5091 Ecclesiarum
1551 5038 1673 5108 pius
1710 5048 1939 5108 amator,

328 5139 633 5195 pauperum
674 5122 870 5178 Christi
922 5123 1106 5198 largus
1160 5124 1495 5195 sublevator,
1552 5138 1607 5182 et
1652 5130 1943 5185 multarum

327 5218 525 5274 artium
558 5218 827 5275 bonorum
869 5226 1174 5286 exsecutor,
1217 5226 1398 5276 tamen
1429 5222 1666 5278 carnalis
1697 5225 1941 5281 inconti-

327 5309 532 5364 nentis:
587 5309 780 5365 morbo
832 5309 1001 5363 nimis
1032 5309 1335 5376 laborabat,
1369 5318 1423 5366 et
1477 5313 1607 5368 inde
1640 5313 1954 5389 claritudini

326 5399 567 5454 nominis
596 5398 680 5454 sui
738 5398 941 5454 fredam
982 5398 1222 5454 infamiae
1268 5407 1451 5455 notam
1491 5408 1857 5472 contraxerat,
1899 5416 1953 5463 ct

325 5487 474 5557 quod
504 5489 724 5562 gravius
753 5498 874 5544 erat
916 5489 1077 5563 Regis
1121 5505 1310 5562 regum
1358 5491 1491 5545 iram
1522 5500 1712 5548 contra
1741 5510 1802 5550 se
1847 5511 1946 5549 ac-

324 5577 605 5632 cenderat.
638 5580 878 5654 Reginas
922 5581 1072 5637 enim
1122 5598 1252 5637 suas
1282 5579 1424 5637 ﬁctis
1467 5599 1534 5637 ex
1572 5585 1753 5640 causis
1808 5587 1944 5643 alias

327 5683 427 5741 pro
453 5668 577 5724 aliis
605 5671 957 5744 repudiabat,
989 5673 1125 5746 ipsis
1155 5689 1377 5749 quoque
1407 5676 1758 5747 desponsatis
1777 5679 1940 5750 pelli-

2054 4499 2283 4558 regnum
2325 4483 2378 4538 in
2410 4500 2470 4538 se
2501 4484 2620 4554 ipso
2659 4483 2893 4538 divisum
2935 4483 3113 4539 civilis
3156 4484 3285 4540 belli
3325 4486 3673 4545 desolaretur

2050 4575 2333 4642 scandalo,
2383 4590 2527 4629 anno
2561 4574 2718 4649 regni
2778 4574 2863 4629 sui
2903 4591 3009 4628 xvn
3040 4581 3312 4642 mortuus,
3354 4583 3408 4631 et
3440 4577 3678 4635 Parisius

2051 4667 2108 4721 in
2139 4666 2367 4723 basilica
2411 4667 2597 4721 Sancti
2629 4665 2858 4722 Dionisii
2884 4666 3155 4738 sepultus,
3216 4684 3448 4742 regnum
3471 4670 3679 4728 dimisit

2050 4758 2118 4812 ab
2147 4757 2350 4813 exteris
2382 4763 2632 4828 pacatum
2664 4755 2949 4831 gentibus,
2990 4762 3046 4810 et
3076 4755 3133 4810 in
3166 4756 3318 4813 nullo
3340 4757 3671 4816 diminutum

2047 4866 2078 4905 a
2116 4850 2233 4906 suis
2264 4849 2485 4904 ﬁnibus.
2530 4848 2656 4903 Post
2693 4848 2851 4919 cujus
2890 4846 3101 4902 obitum
3153 4847 3263 4903 duo
3294 4865 3455 4922 reges
3487 4856 3542 4905 et
3567 4850 3675 4906 fra-

2045 4951 2155 4998 tres
2193 4942 2501 5017 Sigibertus
2547 4948 2603 4997 et
2661 4940 2970 4996 Clodoveus
3009 4956 3068 4996 se
3110 4941 3350 5014 quisque
3396 4942 3450 4997 in
3503 4961 3672 5020 regno

2047 5054 2148 5094 suo
2182 5038 2420 5111 agebant
2449 5037 2768 5108 prudenter,
2813 5043 2869 5092 et
2916 5037 3062 5092 inter
3098 5053 3231 5093 suos
3287 5038 3549 5095 valebant
3577 5056 3671 5112 po-

2045 5138 2245 5187 tenter.
2299 5132 2514 5186 Interea
2556 5129 2782 5200 Pipinus
2834 5128 3010 5198 major
3047 5129 3246 5185 domus
3283 5132 3361 5199 lex
3393 5132 3495 5187 hac
3549 5133 3670 5189 luce

2047 5228 2131 5277 est
2161 5220 2494 5287 subtractus,
2555 5220 2649 5292 qui
2698 5219 2875 5291 ipsum
2928 5218 3265 5294 Sigibertum
3311 5231 3541 5292 paterne
3574 5240 3673 5278 nu-

2060 5315 2250 5369 trierat
2290 5330 2319 5368 a
2359 5328 2554 5385 puero,
2599 5319 2655 5367 et
2705 5311 2886 5367 valido
2913 5311 2996 5366 sui
3038 5311 3225 5366 auxilii
3268 5319 3673 5371 sustentaverat

2058 5402 2304 5458 brachio.
2363 5402 2454 5456 Hic
2485 5400 2821 5456 omnimodis
2861 5415 3032 5472 regno
3072 5399 3242 5468 utilis,
3292 5418 3519 5474 genere.
3564 5418 3667 5474 po-

2053 5499 2241 5563 tentia,
2287 5495 2599 5568 prudentia,
2633 5503 2687 5550 et
2717 5494 3042 5551 fortitudine
3070 5510 3238 5567 super
3262 5511 3457 5552 omnes
3488 5498 3667 5554 nomi-

2050 5590 2270 5657 nabilis,
2332 5588 2713 5644 Grimoardnm
2772 5586 2944 5642 ﬁlium
2996 5604 3155 5643 suum
3215 5605 3396 5643 rerum
3439 5606 3662 5648 suarum

2045 5680 2321 5737 haerede
2373 5678 2531 5736 fecit:
2564 5679 2702 5734 duas
2742 5694 2969 5752 quoque
3003 5677 3148 5734 ﬁlias
3176 5695 3306 5735 suas
3334 5679 3656 5739 Gertrudem
