3934 6054
266 287 370 344 729

1617 284 1767 339 νιΤΑ
1809 283 1862 338 S.
1907 283 2237 339 MACLOVII.

3491 285 3598 340 730

251 423 310 473 et
337 419 574 492 Beggam
618 417 686 471 ad
739 415 962 470 laudem
1013 421 1069 470 et
1111 414 1342 486 gloriam
1377 415 1602 492 generis
1626 415 1714 472 sui
1745 423 1867 488 post
1895 419 1943 486 Α
1974 413 2320 469 seminarent
2343 413 2668 483 spiritualia.
2715 412 2861 466 Inter
2885 427 3008 484 quae
3035 411 3286 466 eminent
3323 411 3376 464 in
3408 417 3597 467 nostra

247 522 312 562 se
361 507 622 579 reliquit:
669 523 902 579 quarum
939 521 1049 561 una
1103 505 1404 571 Gertrudis,
1449 506 1658 562 Christo
1703 522 1868 578 quam

249 611 457 667 sponso
535 597 740 652 carnali
783 598 992 651 malens
1045 595 1276 662 nubere,
1333 603 1537 652 sanctae
1582 599 1870 673 religionis

253 692 540 764 proposito
587 693 914 758 inserviens;
971 692 1026 746 in
1074 691 1350 747 Nivalensi
1381 693 1660 760 ccenobio,
1693 710 1724 749 a
1770 711 1873 750 sua

253 790 428 838 matre
457 783 703 848 fundato,
756 783 1098 857 spiritualem
1131 785 1336 854 prolem
1369 785 1552 840 adhuc
1582 801 1692 842 non
1721 787 1872 842 desi-

253 874 335 928 nit
365 876 470 930 Deo
509 875 760 950 gignere.
805 876 971 930 Soror
999 874 1120 945 ejus
1150 875 1353 948 Begga,
1395 883 1568 946 nupta
1599 876 1870 949 Ansigiso,

246 967 423 1022 sancti
465 967 668 1022 Arnulii
713 967 996 1023 Mettensis
1025 967 1272 1038 episcopi
1323 965 1454 1030 ﬁlio,
1491 969 1657 1043 regiae
1689 969 1875 1044 digni-

246 1059 379 1114 tatis
440 1059 630 1126 decus,
679 1061 826 1133 quod
888 1059 1110 1132 peditus
1151 1060 1490 1130 disperserat
1545 1076 1644 1131 per
1682 1077 1872 1134 regum

247 1150 585 1208 Francorum
620 1152 922 1208 inauditam
952 1152 1244 1218 desidiam,
1278 1169 1377 1224 per
1405 1169 1556 1208 suam
1601 1153 1877 1224 reparavit

248 1240 588 1312 prosapiam.
635 1242 756 1313 lpsa
795 1242 1068 1312 siquidem
1109 1242 1304 1316 genuit
1333 1241 1610 1313 Pipinum,
1646 1241 1876 1313 Pipinus

246 1332 525 1402 Carolum,
569 1334 663 1406 qui
691 1333 950 1401 Tudetes,
1005 1334 1059 1390 id
1117 1343 1199 1390 est
1253 1335 1550 1401 Martellus,
1579 1341 1664 1390 est
1702 1350 1874 1408 agno-

250 1423 516 1490 minatus,
558 1423 782 1479 Carolus
814 1424 1066 1496 Pipinum
1121 1426 1357 1496 primum
1408 1441 1616 1497 regem,
1648 1424 1874 1496 Pipinus

249 1511 527 1579 Carolum,
581 1520 950 1588 cognomento
984 1514 1262 1588 Magnum,
1312 1514 1643 1568 Francorum
1683 1531 1869 1587 regem

1971 503 2173 558 vicinia
2197 501 2508 561 Stabulaus,
2535 507 2590 557 et
2644 499 3123 567 Malmundarium,
3165 499 3426 556 coenobia
3456 499 3598 555 infra

1971 597 2165 653 silvam
2200 597 2510 653 Ardennam
2541 596 2667 662 sita,
2723 611 2844 668 quae
2877 595 3022 650 idem
3077 612 3171 650 rex
3220 611 3251 650 a
3300 611 3360 650 se
3391 609 3599 666 coope-

1971 700 2126 749 rante
2197 693 2304 748 sibi
2359 693 2570 761 majore
2622 692 2820 747 domus
2887 691 3201 748 Grimoaldo
3258 695 3595 757 constructa,

1973 786 2022 841 S.
2083 787 2338 842 Remaclo
2385 785 2689 856 Tungrensi
2739 785 3001 856 episcopo
3052 785 3218 840 tradit
3268 783 3593 839 ordinanda:

1976 875 2220 946 Expletis
2259 884 2442 930 autem
2485 874 2661 930 aatatis
2700 890 2814 930 sum
2846 874 3008 929 annis
3049 891 3198 938 xxxr,
3231 873 3382 946 regni
3411 878 3594 928 autem

1975 984 2164 1033 xxvnr,
2197 982 2343 1022 anno
2374 966 2441 1021 ab
2498 967 2882 1022 lncarnatione
2921 966 3136 1022 Domini
3169 965 3275 1022 6i2
3301 981 3331 1018 a
3362 964 3594 1020 transitu

1978 1057 2032 1111 S.
2068 1057 2282 1112 Martini
2321 1072 2468 1112 anno
2511 1073 2722 1113 ccxun.
2778 1059 2889 1113 Rex
2922 1057 3182 1112 terribilis
3219 1055 3363 1128 apud
3403 1069 3597 1111 omnes

1979 1163 2138 1222 reges
2166 1156 2346 1212 terrae,
2378 1149 2471 1212 qui
2497 1150 2674 1204 aufert
2703 1149 2961 1222 spiritum
3005 1149 3338 1222 principum,
3372 1147 3426 1202 in
3461 1147 3595 1202 ﬂore

1971 1247 2237 1317 juvenilis
2276 1247 2452 1302 aetatis
2507 1263 2632 1301 eum
2669 1247 2866 1302 acerba
2898 1255 3073 1302 morte
3122 1247 3304 1318 rapuit
3345 1245 3414 1300 de
3444 1260 3593 1316 prte-

1975 1339 2115 1394 scnti
2157 1339 2360 1394 saeculo
2393 1355 2655 1410 nequam,
2692 1345 2747 1394 et
2787 1339 2839 1392 in
2868 1339 3076 1393 caelesti
3105 1339 3254 1394 curia
3283 1338 3333 1393 ei
3363 1337 3596 1393 contulit

1974 1444 2118 1482 verae
2149 1427 2435 1502 dignitatis
2459 1428 2712 1501 gloriam.
2751 1426 2895 1482 Obiit
2927 1427 3184 1482 Kalendis
3213 1427 3508 1491 Februarii,
3537 1433 3594 1482 et

1975 1520 2223 1592 sepultus
2253 1528 2336 1575 est
2366 1519 2419 1574 in
2478 1519 2616 1574 urbe
2667 1519 2868 1585 Mettis,
2922 1535 3044 1590 quae
3104 1519 3257 1590 regni
3299 1520 3382 1573 sui
3424 1519 3592 1574 sedes

250 1607 307 1654 et
356 1599 748 1670 imperatorem
814 1601 1206 1666 Romanorum,
1263 1603 1356 1674 qui
1404 1617 1470 1657 eo
1534 1603 1760 1658 honoris
1826 1611 1882 1660 et
1981 1610 2176 1676 fuerat,
2211 1609 2267 1663 in
2308 1608 2535 1663 basilica
2579 1623 2742 1679 quam
2799 1607 2865 1660 ad
2896 1607 3111 1661 laudem
3146 1616 3199 1660 et
3234 1606 3463 1680 gloriam
3499 1607 3591 1660 Dei

243 1688 507 1758 polentiaa
547 1689 842 1760 processit,
872 1699 931 1744 ut
970 1690 1152 1744 nullus
1183 1691 1252 1745 de
1285 1691 1510 1765 regibus
1541 1691 1864 1747 Francorum

239 1780 329 1835 vel
385 1789 517 1836 ante
581 1797 707 1836 eum
758 1781 846 1836 vel
926 1791 1052 1854 post
1099 1799 1226 1837 eum
1305 1783 1610 1856 comparari
1668 1791 1866 1856 potue-

243 1872 337 1928 rit.

313 1961 660 2018 Grimoaldus
691 1977 791 2034 pro
824 1968 978 2034 patre
1008 1977 1112 2018 suo
1148 1962 1348 2032 Pipino
1392 1963 1724 2019 constitutus
1754 1982 1864 2020 ma-

230 2057 326 2126 jor
351 2057 548 2112 domus
578 2063 838 2128 potenter
867 2058 923 2112 in
955 2058 1080 2113 aula
1111 2057 1373 2129 Sigiberti
1407 2057 1554 2131 regis
1581 2059 1860 2130 principa-

238 2147 422 2213 batur,
448 2152 504 2202 et
543 2146 691 2202 domi
733 2146 1057 2219 militiaeque
1094 2163 1326 2220 regnum
1373 2147 1606 2204 viriliter
1643 2150 1860 2204 tutaba-

238 2243 348 2292 tur.
383 2235 521 2300 Quia
549 2251 680 2291 vero
709 2235 1018 2310 Sigibertus
1056 2251 1150 2291 rex
1189 2236 1562 2293 Grimoaldum
1596 2239 1857 2308 majorem

239 2328 442 2384 domus
463 2327 567 2382 sibi
590 2327 644 2382 in
671 2327 932 2382 omnibus
955 2326 1200 2396 fidelem,
1225 2330 1564 2404 morigerum
1585 2338 1640 2386 et
1657 2347 1851 2402 coope-

241 2426 476 2476 ratorem
537 2427 769 2474 eatenus
803 2426 922 2474 erat
971 2427 1250 2490 expertus,
1311 2420 1481 2476 ﬁlium
1547 2423 1669 2490 ejus
1707 2421 1860 2478 Chil-

237 2508 529 2564 debertum
593 2508 750 2582 regni
825 2509 1226 2564 Austrasiorum
1303 2510 1579 2566 haeredem
1636 2511 1865 2584 delege-

237 2604 341 2662 rat,
374 2597 480 2652 hoc
511 2607 691 2653 tamen
713 2598 998 2669 proposito
1029 2599 1368 2654 conditionis
1393 2607 1582 2656 tenore
1612 2601 1658 2655 si
1683 2601 1859 2672 ipsum

235 2691 588 2766 contingeret
638 2691 758 2746 sine
802 2691 997 2745 liberis
1025 2691 1202 2746 obire.
1238 2693 1350 2748 Rex
1397 2693 1642 2764 quidem,
1675 2700 1862 2764 utpote

235 2779 544 2836 futurorum
597 2780 839 2845 nescius,
908 2780 1058 2851 quod
1115 2787 1248 2836 tunc
1305 2780 1414 2836 sibi
1451 2781 1742 2837 videbatur
1799 2799 1862 2837 ex

234 2871 502 2942 temporis
535 2871 925 2927 convenientia
957 2871 1124 2938 fecit;
1159 2880 1352 2943 postea
1389 2889 1521 2928 vero
1569 2872 1739 2929 filium
1771 2890 1864 2948 ge-

235 2966 377 3032 nuit,
407 2982 571 3038 quem
605 2965 832 3022 nomine
861 2965 1032 3037 patris
1079 2966 1163 3021 sui
1209 2967 1578 3038 Dagobertum
1628 2967 1858 3024 vocavit.

1967 1716 2025 1772 in
2057 1700 2268 1753 honore
2310 1697 2487 1753 sancti
2523 1697 2740 1752 Martini
2795 1696 3022 1770 gloriosi
3056 1695 3388 1750 confessoris
3441 1695 3593 1769 regia

1969 1789 2300 1844 liberalitate
2355 1795 2754 1856 construxerat,
2797 1805 2923 1860 quae
2979 1788 3087 1843 sita
3145 1795 3226 1842 est
3272 1786 3339 1841 ad
3373 1786 3589 1842 radices

1965 1885 2188 1948 montis,
2235 1884 2328 1956 qui
2380 1885 2652 1953 plurimus
2705 1882 2959 1938 imminet
3013 1883 3154 1947 urbi,
3212 1881 3586 1954 adversusque

1963 1979 2213 2043 aspectat
2241 1972 2481 2042 desuper
2511 1987 2682 2027 arces.

2031 2063 2070 2118 Ο
2115 2081 2280 2136 quam
2334 2063 2536 2119 multos
2590 2079 2739 2134 saepe
2777 2063 3007 2118 ambitio
3035 2061 3288 2133 decepit!
3352 2079 3384 2118 ο
3419 2077 3583 2133 quam

1962 2154 2167 2208 multos
2209 2152 2460 2224 perfidos.
2507 2153 2692 2208 divina
2744 2152 2880 2208 ultio
2937 2169 3086 2224 saepe
3143 2167 3360 2224 pessum
3399 2145 3580 2206 dedit!

1961 2242 2169 2297 Mortuo
2227 2242 2504 2314 Sigiberto
2560 2257 2712 2315 rege,
2765 2241 3108 2296 Grimoaldus
3171 2239 3347 2308 major
3384 2239 3584 2296 domus

1965 2334 2328 2408 Dagobertum
2358 2333 2531 2387 tilium
2561 2333 2682 2401 ejus
2719 2349 2831 2388 suae
2859 2331 2987 2386 tidei
3011 2331 3479 2398 commendatum,
3522 2337 3582 2385 ut

1965 2422 2364 2478 Austrasiorum
2422 2423 2693 2494 potiretur
2737 2437 2932 2495 regno,
2985 2419 3290 2476 tonsoravit
3330 2421 3386 2474 in
3424 2419 3582 2474 cleri-

1963 2527 2108 2576 cum,
2139 2511 2374 2568 consilio
2403 2512 2631 2566 Didonis
2663 2512 3018 2567 Pictaviensis
3044 2511 3318 2582 episcOpi,
3351 2510 3442 2582 qui
3479 2509 3580 2564 fuit

1963 2603 2265 2658 avunculus
2289 2604 2463 2660 sancti
2495 2605 2750 2676 martyris
2781 2603 3124 2676 Leodegarii,
3155 2611 3326 2674 etper
3355 2617 3576 2658 manum

1965 2695 2141 2766 ipsius
2168 2695 2394 2750 Didonis
2445 2695 2721 2750 insontem
2780 2698 3070 2764 puerulum
3123 2695 3179 2748 in
3228 2693 3462 2749 Scotiam
3495 2692 3580 2746 di-

1964 2783 2102 2838 rexit
2131 2784 2323 2840 exsilio
2352 2783 2721 2839 irrevocabili.
2769 2783 2960 2838 Filium
2999 2799 3129 2838 vero
3161 2799 3319 2838 suum
3362 2781 3577 2836 Childe-

1963 2878 2176 2933 bertum
2196 2879 2598 2934 Austrasiorum
2625 2894 2796 2953 regno
2819 2877 3107 2934 constituit
3125 2892 3330 2950 regem.
3362 2874 3576 2940 Franci,

1963 2987 2107 3046 aegre
2135 2971 2376 3027 ferentes
2407 2971 2692 3042 perﬁdiam
2725 2971 3046 3036 Grimoaldi,
3081 2977 3298 3041 captum
3331 2985 3455 3024 eum
3487 2967 3580 3024 de-

234 3055 296 3110 Et
324 3055 496 3126 priori
541 3061 872 3111 testamento
911 3055 981 3110 ad
1027 3055 1239 3111 irritum
1299 3065 1496 3122 tracto,
1553 3057 1700 3111 hunc
1757 3072 1860 3111 nu-
1885 3047 1934 3115 C
1962 3063 2167 3118 stinant
2199 3063 2438 3116 Parisius
2467 3063 2534 3118 ad
2563 3062 2834 3131 judicium
2867 3062 3014 3136 regis
3043 3061 3324 3127 Clotlovei,
3347 3059 3440 3132 qui
3479 3059 3580 3115 fuit

234 3147 512 3202 triendum
560 3147 838 3203 commisit
890 3147 1083 3218 majori
1153 3148 1351 3204 domus
1401 3147 1738 3215 Grimoaldo,
1797 3159 1857 3204 ut

228 3239 352 3308 ejus
383 3239 628 3310 potentia
683 3249 876 3296 contra
918 3254 1114 3294 omnes
1153 3246 1302 3294 tutus
1348 3239 1742 3295 sublimaretur
1800 3238 1856 3294 in

227 3328 635 3384 Austrasiorum
683 3343 876 3401 regno.
918 3327 1045 3398 Ipse
1073 3334 1256 3382 autem
1309 3327 1619 3399 Sigibertus
1645 3327 1859 3382 duode-

227 3421 335 3474 cim
366 3419 704 3476 monasteria
729 3419 786 3472 in
835 3418 1073 3473 diversis
1112 3417 1266 3492 regni
1317 3419 1404 3472 sui
1446 3419 1692 3489 partibus
1721 3419 1858 3473 aedi-

227 3511 430 3578 ficavit,
453 3513 644 3582 eisque
677 3526 742 3566 ex
773 3510 889 3565 suis
915 3509 1188 3565 reditibus
1217 3509 1367 3582 regia
1391 3509 1722 3564 liberalitate
1754 3526 1857 3564 ne—

227 3603 472 3660 cessaria
521 3601 928 3674 suppeditavit:
970 3610 1032 3658 ut
1060 3601 1174 3657 illic
1232 3602 1336 3656 sub
1373 3601 1690 3672 apostolicae
1728 3601 1855 3656 vitae

227 3695 421 3769 regula
477 3694 746 3761 viventes,
803 3694 934 3750 dum
967 3709 1077 3750 sua
1134 3700 1406 3750 meterent
1449 3693 1712 3760 carnalia,
1744 3693 1852 3750 sibi

1957 3153 2124 3208 frater
2164 3153 2450 3228 Sigiberti.
2493 3154 2663 3219 Quem
2721 3153 3026 3209 Clodoveus
3074 3153 3411 3208 vinculatum
3465 3168 3580 3207 car-

1959 3242 2068 3297 ceri
2097 3242 2448 3313 mancipavit,
2489 3253 2545 3297 et
2573 3243 2890 3310 crudeliter,
2923 3250 2985 3297 ut
3008 3243 3210 3314 dignus
3232 3249 3368 3306 erat,
3403 3258 3576 3314 usque

1958 3335 2026 3390 ad
2063 3343 2295 3390 mortem
2325 3335 2697 3390 tormentavit.
2757 3336 3016 3390 Austrasii
3072 3335 3367 3389 Hildricum
3404 3333 3574 3388 filium

1961 3423 2220 3478 Clodovei
2248 3431 2554 3488 assumunt,
2585 3431 2640 3478 et
2673 3423 2726 3476 in
2775 3439 2946 3497 regno
2975 3423 3398 3487 Austrasiorum,
3427 3423 3576 3492 quod

1960 3515 2270 3587 Sigibertus
2296 3521 2522 3586 patruus
2553 3515 2670 3582 ejus
2696 3522 2968 3579 tenuerat,
2991 3531 3175 3588 regem
3210 3513 3574 3570 constituunt.

1959 3605 2057 3662 Hic
2077 3613 2159 3661 est
2195 3606 2464 3660 Hildricus
2487 3621 2600 3670 rex,
2651 3605 2717 3660 ad
2767 3605 2926 3674 cujus
2965 3613 3182 3676 tempus
3223 3604 3324 3660 fuit
3351 3615 3577 3661 sanctus

1955 3695 2279 3750 Lambertus
2300 3701 2504 3766 martyr
2532 3702 2587 3750 et
2609 3696 2925 3766 episc0pus.
2973 3735 2984 3748 .
3031 3735 3045 3749 .

385 4029 789 4156 VITA
873 4029 1018 4155 S.
1112 4027 1968 4158 MACLOVII
2057 4031 2448 4158 SIVE
2531 4031 3410 4162 MACHUTII

1375 4233 1717 4298 EPISCOPI
1765 4235 1862 4296 ET
1911 4234 2419 4300 CONFESSORIS

827 4376 1386 4467 AUCTORE
1451 4377 2101 4470 SIGEBERTO
2169 4381 2987 4476 GEMBLACENSI

1161 4549 1340 4621 (Apud
1380 4550 1622 4620 Surium,
1662 4556 1815 4620 Acta,
1855 4557 2198 4624 Sanctorum,
2242 4557 2374 4612 Nov.
2418 4557 2507 4613 dic
2548 4560 2659 4627 xv.)

689 4850 1005 4906 EPISTOLA
1049 4851 1395 4908 AUPTORIS.

429 4959 499 4997 AD
529 4959 890 5000 THIETIARUI
929 4963 1169 5002 ABBATBM
1213 4963 1649 5003 GEMBLACBNSEI.

303 5031 422 5088 Vita
484 5032 717 5104 piissimi
773 5035 1112 5092 confessoris
1187 5035 1383 5092 Christi
1437 5037 1706 5105 Maclovii,
1759 5036 1854 5110 qui

229 5123 396 5180 etiam
431 5123 708 5180 Machutes
733 5125 913 5181 dictus
967 5132 1072 5193 est,
1109 5126 1425 5200 diligenter,
1475 5136 1742 5200 quantum
1779 5127 1848 5181 ad

227 5215 516 5271 veritatem
549 5215 814 5284 historia),
847 5217 1198 5290 antiquorum
1237 5219 1376 5290 stylo
1431 5226 1550 5274 erat
1587 5227 1847 5274 exarata:

224 5303 324 5360 sed
353 5303 485 5376 quia
527 5305 709 5360 minus
748 5306 1000 5362 ordinate
1047 5307 1282 5382 digesta,
1334 5308 1516 5364 minus
1543 5307 1852 5380 composite

225 5395 526 5467 descripta,
559 5397 628 5452 ad
678 5396 796 5453 haec
821 5396 1180 5454 barbarismis
1223 5407 1278 5454 et
1323 5399 1654 5456 solmcismis
1685 5401 1851 5457 nimis

222 5492 341 5540 erat
387 5486 644 5554 confusa,
676 5485 843 5560 longo
893 5486 1192 5544 oblivionis
1247 5495 1302 5543 et
1341 5488 1693 5564 negligentiae
1735 5490 1848 5546 situ

224 5575 368 5632 adeo
399 5575 604 5632 latebat
628 5576 888 5644 obducta,
912 5584 969 5632 ut
990 5578 1144 5648 quasi
1172 5577 1378 5634 nullius
1401 5579 1629 5634 auribus
1655 5581 1842 5654 digna,

217 5669 333 5739 jam
365 5671 434 5726 ab
466 5670 752 5728 hominum
789 5672 1083 5728 recesserit
1113 5673 1394 5731 memoria.
1427 5667 1556 5742 Sed;
1579 5675 1842 5733 conside-

1877 4859 1935 4928 D
1958 4865 2074 4915 rato
2102 4860 2234 4932 quia
2287 4876 2396 4916 non
2427 4861 2662 4918 omnino
2714 4861 2894 4932 perdit
2933 4860 3353 4917 aestimationem
3409 4860 3572 4931 pretii

1958 4950 2256 5020 pretiosum
2297 4950 2603 5014 metallum,
2643 4949 2894 5022 quamvis
2942 4949 3125 5020 jaceat
3173 4949 3374 5005 rudere
3413 4957 3573 5005 terrae

1957 5036 2247 5104 infossum,
2309 5037 2394 5094 vel
2444 5037 2774 5092 scabredine
2821 5037 3109 5110 rubigenis
3147 5036 3568 5093 decoloratum:

1957 5128 2184 5200 placuit,
2218 5128 2554 5185 venerabilis
2580 5129 2738 5186 Pater
2766 5129 3058 5197 Tietmare,
3093 5137 3199 5186 tuae
3231 5127 3571 5200 paternitati,

1953 5229 2013 5277 ut
2062 5223 2288 5292 juberes
2328 5238 2464 5278 mea:
2514 5222 2822 5294 pusillitati,
2878 5231 2956 5289 ut,
3023 5222 3271 5292 inspecto
3323 5219 3571 5275 historia:

1950 5319 2123 5378 textu,
2152 5322 2208 5368 et
2235 5329 2333 5385 pro
2363 5328 2529 5385 posse
2559 5329 2716 5371 eraso
2737 5314 3000 5371 vitiorum
3034 5317 3342 5379 contractu,
3374 5309 3568 5366 melio-

1952 5419 2128 5458 rarem
2183 5402 2332 5457 illam
2383 5403 2875 5476 quantulocunque
2924 5400 3200 5458 sermonis
3230 5400 3399 5454 cultu.
3458 5398 3570 5474 Ego

1950 5496 2044 5568 qui
2065 5494 2305 5565 jussioni
2334 5497 2714 5552 contravenire
2747 5511 2858 5551 non
2880 5494 3070 5560 debui,
3089 5507 3230 5564 opus
3260 5491 3570 5562 injunctum

1949 5593 2242 5644 exsecutus
2271 5603 2414 5653 sum,
2457 5603 2570 5642 non
2605 5587 2829 5662 quidem
2859 5596 2918 5643 ut
2947 5586 3118 5651 volui,
3151 5583 3251 5640 sed
3290 5585 3572 5656 quomodo

1949 5690 2046 5746 pro
2079 5674 2286 5750 ingenii
2319 5674 2589 5732 tenuitate
2618 5675 2787 5734 valui.
2824 5675 2968 5734 More
3007 5675 3156 5732 enim
3189 5672 3452 5730 rusticani
3483 5672 3566 5728 ia-
