3948 6044
346 275 442 331 731

1555 269 1739 322 SIGEB
1755 268 1906 322 ERTl
1951 267 2081 321 GEM
2093 266 2460 320 BLACENSIS.

3583 260 3691 318 732

349 405 430 460 bri
489 417 628 473 Opus
673 400 978 469 injunctum
1024 414 1318 472 aggressus
1373 413 1526 453 sum:
1583 396 1679 469 qui
1740 395 1962 452 follibus
1990 396 2037 467 Α
2065 408 2186 464 quae
2219 391 2442 446 inimica
2495 397 2577 446 est
2604 391 2823 456 adimae,
2849 388 3188 460 reprimitur,
3244 387 3300 441 in
3330 386 3487 455 cujus
3517 387 3696 443 medi-

348 497 644 562 sufllando,
669 503 720 550 et
747 495 958 549 malleis
979 495 1286 560 tundendo,
1318 494 1468 549 elicit
1489 493 1720 549 scoriam
1746 492 1816 547 de
1840 491 1961 546 rudi

348 603 526 642 massa
564 585 791 656 pretiosi
823 584 1051 650 metalli,
1087 593 1146 638 ut
1175 583 1414 654 paratior
1454 583 1714 637 reddatur
1744 581 1963 652 operosi

347 681 575 739 artiﬁcis
612 681 819 747 manui,
854 679 1198 734 ostendendo
1239 679 1361 733 aliis
1399 679 1752 749 splendorem
1794 683 1962 732 mate-

348 775 480 830 riei:
513 781 590 839 ut,
622 773 667 826 si
698 773 822 844 quis
850 773 979 826 velit
1009 787 1267 826 exercere
1297 771 1405 826 vim
1420 770 1502 824 sui
1536 769 1772 832 artificii,
1810 769 1964 824 inve-

348 869 462 922 niat
501 866 783 921 materiam
829 871 1068 935 paratam
1116 879 1216 918 suo
1273 863 1414 918 usui.
1447 864 1584 936 Ergo
1616 862 1763 934 quod
1806 861 1965 916 facile

348 960 492 1014 factu
543 957 780 1023 videtur,
840 956 1060 1021 faciam,
1101 955 1360 1010 nimirum
1422 962 1478 1010 ut
1525 953 1804 1024 superﬂua
1863 953 1964 1007 de-

349 1070 490 1107 mam
544 1051 742 1106 viliosa
799 1051 1093 1123 corrigam,
1153 1049 1380 1104 confusa
1437 1048 1618 1103 ordini
1660 1047 1967 1112 reddam,a

349 1143 579 1197 veritate
628 1149 810 1197 tamen
853 1140 1096 1195 historiae
1139 1139 1290 1193 nullo
1347 1137 1514 1192 modo
1573 1136 1851 1202 recedam,
1901 1145 1959 1190 ut

353 1233 523 1286 nihile
543 1231 669 1286 novi
696 1230 897 1284 fecisse
921 1228 1131 1294 videar,
1157 1244 1281 1282 cum
1313 1234 1697 1282 vetustantum
1727 1226 1970 1281 limando

351 1332 406 1379 et
435 1323 681 1379 fricando
713 1337 1008 1377 renovasse
1039 1320 1248 1375 videar.

977 1416 1344 1472 PROLOGUS.

424 1509 702 1564 Praeconia
754 1514 1091 1570 sanctorum,
1149 1522 1270 1577 quae
1338 1504 1494 1559 valde
1534 1513 1667 1559 sunt
1704 1505 1758 1559 in
1797 1505 1974 1560 oculis

355 1601 567 1656 Domini
612 1601 872 1671 pretiosa,
928 1599 1245 1653 nullatenus
1270 1604 1400 1653 sunt
1450 1597 1749 1661 reticenda,
1783 1613 1971 1652 verum

353 1691 503 1746 omni
550 1691 828 1746 memorim
883 1690 1167 1745 tradenda.
1220 1689 1590 1744 Nihilominus
1629 1689 1966 1743 credendum
2000 1723 2048 1789 Β

355 1795 457 1848 est,
491 1783 886 1852 omnipotentis
939 1782 1034 1836 Dei
1063 1782 1263 1836 virtute
1316 1781 1454 1835 facta
1497 1796 1619 1835 esse
1653 1787 1966 1836 sanctorum

355 1875 614 1930 miracula
647 1891 743 1945 pro
801 1875 947 1930 felici
980 1890 1167 1929 eorum
1203 1873 1330 1938 vita,
1362 1873 1514 1943 prius
1571 1873 1834 1928 cordibus
1873 1889 1966 1928 eo-

357 1987 472 2025 rum
506 1969 717 2024 ccnlesti
769 1968 1150 2023 munificentia
1202 1968 1396 2023 indita.
1445 1968 1584 2040 Ergo
1615 1969 1850 2038 primum
1886 1969 1969 2022 in-

355 2061 606 2134 daganda
646 2066 730 2114 est
773 2059 1072 2113 amicorum
1133 2057 1325 2112 Christi
1360 2058 1487 2122 vita,
1540 2065 1620 2124 ut,
1667 2058 1795 2112 dum
1855 2074 1972 2112 eam

355 2149 640 2204 studemus
699 2146 922 2213 imitari,
967 2145 1222 2217 proficiat
1279 2145 1437 2201 nobis
1493 2147 1723 2201 virtutes
1783 2163 1974 2202 eorum

355 2236 563 2291 mirari.
598 2236 885 2308 Siquidem
939 2236 1073 2290 nihil
1111 2252 1212 2291 nos
1253 2237 1408 2304 juvat
1439 2242 1663 2308 stupere
1691 2238 1975 2306 miracula,

354 2328 474 2382 sine
498 2327 670 2382 felicis
698 2328 823 2383 vitae
857 2328 1164 2384 imitatione
1198 2327 1464 2398 proficua.
1499 2328 1618 2382 Jam
1652 2345 1798 2384 nunc
1828 2330 1975 2385 beati

357 2419 458 2476 viri
488 2419 600 2473 vita
630 2419 695 2472 ad
729 2419 970 2474 medium
998 2419 1322 2482 deducatur,
1357 2425 1435 2482 ut,
1459 2418 1588 2473 dum
1629 2419 1748 2488 ejus
1780 2420 1977 2475 merita

360 2507 658 2562 recolendo
681 2507 747 2561 ad
782 2508 900 2578 ejus
931 2507 1292 2562 imitationem
1339 2507 1668 2572 animamur,
1702 2508 1973 2563 interces-

359 2595 534 2650 sionis
591 2595 818 2666 gratiam
882 2596 938 2649 in
987 2595 1455 2666 oportunitatibus
1510 2595 1716 2650 habere
1767 2612 1978 2652 merea-

362 2701 503 2740 lﬂlll‘.

906 2775 1114 2830 CAPUT
1144 2774 1425 2830 PRIMUM.

434 2865 667 2921 Sanctus
697 2864 862 2936 igitur
884 2863 1179 2919 Maclovius
1207 2863 1490 2918 nobilitate
1515 2871 1802 2932 parentum
1831 2863 1978 2933 apud

363 2954 616 3008 homines
641 2953 825 3007 saeculi
861 2953 1004 3006 inter
1026 2968 1157 3006 suos
1190 2968 1299 3006 non
1333 2951 1692 3006 mediocriter
1721 2953 1976 3024 inclytus,

363 3045 496 3099 citra
532 3060 679 3099 oram
717 3044 1011 3098 Britannici
1060 3044 1226 3098 maris
1266 3043 1366 3097 fuit
1396 3044 1598 3098 editus.
1650 3045 1807 3098 Pater
1839 3045 1982 3112 ejus,

364 3137 542 3190 Guent
571 3135 817 3203 nomine,
846 3151 1032 3191 comes
1082 3136 1202 3202 fuit,
1257 3137 1350 3208 qui
1401 3136 1552 3191 urbis
1601 3136 1980 3191 Gimicastrum

364 3233 588 3291 vocatae,
619 3225 872 3281 conditor
893 3225 1116 3280 exstitit.
1138 3225 1555 3296 Matremipsius
1572 3227 1760 3280 Darual
1792 3228 1986 3298 appel-

365 3315 527 3368 latam
580 3313 916 3384 accepimus.
961 3314 1023 3368 Et
1081 3313 1212 3385 quia
1252 3313 1307 3368 in
1348 3314 1498 3368 omni
1551 3331 1731 3369 rerum
1782 3324 1982 3370 eventu

365 3422 644 3478 nunquam
678 3406 835 3461 abest
869 3406 966 3460 Dei
993 3406 1360 3477 dispensatio,
1390 3407 1562 3477 patuit
1591 3407 1755 3463 etiam
1799 3409 1852 3462 in
1887 3409 1984 3464 hu-

359 3499 450 3569 jus
487 3498 661 3553 sancti
703 3498 805 3552 viri
857 3498 1158 3554 nativitatis
1207 3498 1457 3554 exordio.
1493 3500 1662 3555 Natus
1701 3511 1784 3556 est
1832 3501 1979 3556 enim

366 3591 422 3645 in
449 3590 538 3645 dic
570 3599 782 3657 sancto,
817 3606 928 3662 quo
953 3591 1134 3646 omnis
1181 3591 1421 3646 mundus
1447 3591 1722 3647 Paschalis
1773 3594 1982 3649 solem-

369 3679 554 3734 nitatis
582 3681 902 3736 celebrabat
931 3682 1158 3754 gaudia:
1195 3689 1251 3736 ut
1282 3681 1337 3735 in
1371 3681 1483 3747 die,
1516 3700 1678 3754 quam
1721 3684 1849 3739 fecit
1886 3686 1992 3741 Do-

368 3772 555 3826 minus
592 3779 650 3826 ut
686 3773 1040 3827 'exsultemus
1081 3779 1136 3827 et
1167 3773 1415 3828 laetemur
1461 3774 1515 3828 in
1565 3792 1650 3842 ea,
1689 3777 1853 3831 etiam
1888 3777 1991 3833 hoc

367 3863 552 3936 gaudii
581 3863 905 3918 mortalibus
949 3864 1179 3919 adderet
1209 3865 1411 3920 divinae
1451 3867 1673 3936 pietatis
1702 3869 1893 3939 gratia.
1932 3870 1989 3923 ln

369 3952 534 4019 hujus
567 3954 773 4024 quippe
799 3954 1028 4010 articulo
1069 3955 1179 4010 diei
1227 3958 1339 4012 nati
1386 3966 1515 4012 sunt
1551 3958 1605 4012 in
1640 3960 1757 4030 ipsa
1786 3962 1994 4018 vicinia

369 4044 531 4098 etiam
557 4043 649 4098 alii
680 4044 903 4118 triginta
935 4053 1045 4100 tres
1073 4047 1253 4116 pueri.
1287 4049 1438 4113 Quod
1463 4067 1591 4121 quia
1621 4053 1887 4109 creditum
1913 4048 1997 4111 est

370 4132 742 4204 dispensativa
766 4135 858 4189 Dei
890 4136 1241 4193 ordinatione
1283 4139 1506 4206 factum,
1550 4141 1755 4212 placuit
1782 4161 1988 4216 paren-

371 4223 518 4278 tibus
543 4225 813 4293 omnium,
842 4234 902 4281 ut
932 4227 1027 4299 qui
1056 4229 1337 4285 nascendo
1375 4231 1554 4286 sortiti
1585 4232 1802 4291 fuerant
1827 4237 1991 4293 unius

370 4318 896 4389 contemporalitatis
941 4321 1250 4388 exordium,
1283 4339 1451 4378 unum
1487 4325 1540 4378 in
1589 4326 1801 4383 Christo
1830 4337 1989 4384 tene-

2068 485 2276 540 tatione
2308 485 2452 538 Deus
2481 482 2817 556 agnoscitur,
2876 481 2932 534 in
2975 479 3132 550 cujus
3172 480 3530 534 exsecutione
3582 479 3695 533 vita

2065 582 2270 630 aeterna
2329 574 2653 646 acquiritur.
2714 571 3026 644 Appetebat
3076 569 3360 625 scientiam
3413 586 3536 640 quae
3595 586 3697 640 per

2067 667 2346 723 charitatis
2419 666 2782 720 humilitatem
2844 662 3114 719 aedificat:
3178 663 3486 735 refugiebat
3542 662 3694 716 illam

2067 775 2189 830 quae
2222 774 2322 830 per
2364 757 2620 812 vanitatis
2648 756 2944 811 elationem
2993 754 3165 809 inflat.
3207 754 3484 825 Incipiens
3525 753 3691 807 etiam

2066 867 2268 923 corpus
2288 867 2448 906 suum
2489 849 2778 921 castigare,
2835 857 2889 902 et
2918 847 3052 901 illud
3085 847 3140 900 in
3181 847 3500 901 servitutem
3528 845 3697 916 spiri-

2068 951 2155 997 tus
2179 940 2430 1014 redigere
2481 939 2527 1009 (l
2553 940 2672 996 Cor.
2705 939 2844 1001 vnal,
2885 935 3244 990 assueseebat
3272 934 3511 1006 simplici
3550 934 3696 988 victu

2067 1038 2123 1086 et
2153 1029 2355 1084 vestitu
2395 1035 2690 1084 contentus
2729 1041 2871 1090 esse,
2915 1025 3264 1096 vilipendens
3312 1024 3561 1095 corporis
3597 1023 3699 1077 fri-

2070 1135 2222 1192 gora,
2249 1118 2539 1192 indignum
2574 1117 2785 1171 ducens
2816 1113 3058 1169 distendi
3124 1113 3372 1168 ciborum
3413 1113 3592 1184 capia,
3627 1128 3698 1166 ne

2071 1211 2260 1281 aliquo
2287 1209 2451 1264 modo
2478 1207 2857 1263 dominaretur
2887 1205 3084 1260 animae
3117 1222 3232 1260 suae
3264 1221 3362 1274 per
3392 1204 3696 1278 indulgen-

2075 1300 2201 1354 tiam
2242 1297 2546 1370 eorporalis
2597 1294 2945 1350 necessitatis
2985 1294 3168 1349 carnis
3200 1293 3522 1365 petulantia.
3567 1293 3699 1348 Ideo

2075 1392 2324 1464 exceptis
2355 1393 2440 1446 his
2467 1407 2591 1463 quae
2633 1390 2931 1462 expetebat
2979 1389 3214 1460 simplex
3247 1388 3548 1443 necessitas
3606 1405 3702 1442 na-

2075 1491 2211 1539 turae
2241 1482 2456 1553 reliqua
2494 1479 2680 1536 omnia
2735 1479 3083 1550 expendebat
3133 1478 3187 1533 in
3229 1494 3397 1549 opera
3455 1478 3707 1534 eleemo-

2077 1591 2247 1646 synm.

2726 1665 2932 1720 CAPUT
2965 1665 3054 1720 Ill.

2145 1764 2290 1817 Deus
2313 1777 2466 1835 ergo,
2501 1760 2592 1832 qui
2625 1775 2816 1814 servos
2839 1768 2894 1813 et
2923 1759 3224 1829 prophetas
3254 1773 3386 1813 suos
3401 1757 3706 1829 aliquando

2071 1851 2234 1906 etiam
2282 1850 2335 1904 in
2373 1849 2494 1920 ipso
2538 1848 2724 1902 matris
2775 1854 2933 1902 utero
2984 1847 3135 1902 novit
3192 1845 3538 1902 sanctificare
3570 1847 3703 1916 (Jer.

2074 1943 2135 2013 ι),
2194 1957 2304 1997 non
2338 1941 2804 1996 distulitservum
2850 1955 3009 1994 suum
3067 1939 3122 1993 in
3170 1940 3434 2010 primaeva
3482 1939 3704 1993 aetatula

2076 2049 2174 2088 sua
2204 2032 2496 2087 virtutibus
2531 2040 2584 2086 et
2615 2031 2790 2105 signis
2844 2030 3140 2084 mirificare
3172 2031 3316 2100 (Luc.
3367 2030 3424 2102 ι),
3465 2031 3557 2100 qui
3587 2030 3704 2098 jam

2078 2124 2133 2177 in
2168 2123 2283 2193 ipsa
2324 2121 2590 2177 infantilis
2621 2121 2800 2176 aetatis
2841 2121 3192 2192 simplicitate
3224 2137 3335 2176 non
3359 2121 3573 2175 destitit
3602 2136 3707 2191 per

2079 2214 2278 2269 bonam
2339 2214 2702 2268 intentionem
2756 2214 3001 2284 seipsum
3055 2213 3124 2268 ad
3173 2213 3532 2268 serviendum
3591 2213 3702 2267 Deo

2080 2323 2412 2378 praeparare.
2447 2307 2580 2360 Dum
2613 2307 2850 2377 quodam
2885 2307 2972 2361 die
3002 2323 3126 2361 cum
3156 2306 3358 2362 coaevis
3389 2306 3494 2360 sibi
3519 2305 3709 2376 pueris

2080 2399 2307 2455 ludendi
2335 2399 2509 2471 gratia
2558 2399 2922 2469 processisset
2971 2399 3039 2454 ad
3072 2400 3220 2454 littus
3248 2398 3432 2465 maris,
3465 2397 3587 2452 aliis
3650 2398 3705 2450 in

2081 2490 2258 2544 otioso
2305 2488 2531 2542 ludendi
2583 2489 2807 2562 negotio
2841 2488 3089 2556 intentis,
3129 2488 3218 2543 hic
3258 2487 3407 2542 humi
3444 2488 3708 2543 reclinato

2079 2585 2282 2655 capite,
2326 2599 2523 2639 somno
2555 2584 2722 2654 ccepit
2776 2583 3088 2658 indulgere.
3134 2583 3262 2638 Cum
3307 2581 3488 2638 subito
3541 2584 3708 2637 inun-

2079 2673 2263 2728 dando
2313 2671 2602 2728 redeuntis
2632 2673 2800 2726 maris
2830 2681 2964 2727 aestu
3014 2671 3368 2740 adveniente,
3419 2673 3563 2744 quod
3619 2689 3712 2726 se-

2080 2765 2321 2818 cundum
2363 2764 2506 2819 luna:
2558 2779 2777 2819 cursum
2809 2764 2864 2818 in
2913 2765 3045 2818 mari
3099 2764 3394 2818 Britanniae
3449 2763 3567 2818 fieri
3626 2772 3711 2820 est

2081 2859 2355 2925 solemne,
2411 2858 2610 2930 reliqui
2666 2858 2824 2930 pueri
2883 2859 3009 2931 fuga
3048 2859 3347 2915 consulunt
3392 2859 3514 2913 vitae
3569 2875 3706 2924 suae,

2085 2949 2237 3004 illum
2269 2951 2637 3006 dormientem
2671 2951 2725 3004 in
2760 2958 2908 3005 tanto
2938 2951 3184 3022 periculo
3219 2968 3319 3006 nos
3355 2959 3712 3007 occurrentes

2085 3043 2324 3098 excitare
2373 3043 2481 3097 Sed
2506 3059 2677 3113 puero
2707 3043 2776 3097 ad
2816 3043 3051 3098 salutem
3086 3044 3381 3099 multorum
3411 3052 3559 3110 nato,
3593 3060 3708 3100 non

2086 3134 2249 3207 longe
2280 3133 2454 3188 abfuit
2508 3133 2759 3205 [abstitit]
2798 3135 2892 3189 Dei
2926 3135 3217 3205 prolectio,
3270 3143 3560 3206 procurata
3592 3152 3710 3189 ma-

2085 3241 2194 3299 gno
2224 3242 2404 3280 rerum
2437 3225 2726 3281 miraculo.
2769 3227 2926 3295 Nam,
2953 3243 3076 3281 cum
3107 3227 3353 3298 undique
3384 3243 3540 3299 aquae
3590 3227 3710 3282 cir-

2085 3315 2473 3382 cumﬂuerent,
2506 3322 2560 3370 et
2587 3316 2749 3370 unda
2775 3316 2940 3370 undis
2965 3317 3420 3387 supervenientes
3449 3332 3572 3370 cum
3604 3314 3717 3370 fer-

2084 3419 2214 3460 vore
2269 3403 2533 3458 tumendo
2562 3404 3105 3475 circumstreperent,
3161 3413 3215 3460 et
3246 3413 3428 3459 tamen
3474 3405 3715 3459 circum-

2085 3495 2248 3549 ducto
2274 3493 2520 3566 undique
2561 3493 2790 3560 circulo,
2825 3494 3003 3550 locum
3046 3495 3102 3547 in
3142 3510 3252 3565 quo
3316 3510 3454 3564 puer
3489 3495 3713 3563 jacebat

2085 3584 2356 3656 attingere
2389 3599 2500 3640 non
2542 3583 2831 3651 auderent,
2867 3583 3273 3654 omnipotentia
3317 3584 3411 3638 Dei
3443 3583 3570 3639 fecit
3601 3583 3716 3639 illic

2094 3675 2328 3729 insulam
2347 3691 2684 3742 excrescere,
2717 3691 2840 3746 quae
2869 3691 3046 3746 usque
3073 3675 3141 3729 ad
3165 3692 3440 3730 summum
3466 3675 3712 3747 aequoris

2094 3777 2344 3841 porrecta
2393 3771 2476 3825 sui
2509 3771 2828 3837 altitudine,
2880 3769 3122 3826 futurum
3174 3771 3364 3826 Christi
3413 3770 3716 3825 antistitem

2092 3861 2238 3916 eruit
2287 3877 2316 3915 a
2358 3860 2548 3916 mortis
2575 3860 2919 3916 discrimine.
2973 3861 3102 3915 Tam
3145 3876 3276 3916 vero
3323 3861 3608 3932 in0pinato
3657 3860 3716 3914 in

2099 3950 2276 4006 oculis
2295 3949 2544 4006 omnium
2572 3960 2876 4021 apparente
2914 3951 3206 4017 miraculo,
3237 3966 3406 4023 Opera
3429 3958 3719 4022 parentum

2098 4065 2320 4104 suorum
2375 4049 2536 4103 citius
2568 4055 2860 4119 procurato
2918 4049 3161 4119 navigio,
3213 4049 3444 4104 eductus
3475 4056 3559 4103 est
3598 4049 3723 4118 pla-

2095 4141 2238 4196 citus
2277 4141 2386 4194 Deo
2430 4156 2568 4210 puer
2605 4139 2675 4194 de
2739 4139 2900 4193 maris
2945 4140 3209 4210 periculo.
3251 4139 3330 4193 Ne
3385 4148 3566 4194 autem
3607 4155 3717 4194 un-

2092 4246 2253 4300 quam
2313 4245 2345 4283 a
2373 4228 2637 4283 memoria
2670 4227 2953 4283 excideret
2992 4228 3156 4296 hujus
3217 4226 3344 4282 facti
3387 4228 3621 4293 novitas,
3657 4236 3715 4282 et

2092 4329 2151 4376 ut
2194 4337 2290 4391 per
2349 4321 2453 4376 hoc
2510 4320 2684 4393 magis
2723 4320 3052 4375 claresceret
3097 4320 3243 4374 beati
3297 4319 3397 4374 viri
3427 4320 3714 4386 sanctitas,

369 4419 490 4466 rem
517 4411 733 4466 vivendi
768 4413 1214 4470 contubernium.
1263 4416 1392 4470 Nam
1435 4433 1629 4474 omnes
1667 4420 1827 4475 simul
1860 4437 1981 4476 cum
2008 4415 2062 4483 D
2089 4415 2339 4470 eamdem
2373 4414 2602 4469 insulam
2637 4430 2816 4484 usque
2862 4414 2917 4466 in
2960 4413 3288 4468 hodiernum
3321 4413 3464 4467 diem
3493 4430 3718 4484 perma-

369 4503 424 4556 S.
453 4501 716 4559 Maclovio
746 4505 1093 4562 scholaribus
1121 4508 1318 4563 studiis
1347 4511 1572 4579 eruditi,
1606 4527 1801 4568 omnes
1827 4512 1990 4568 simul

371 4590 572 4645 divinae
597 4592 847 4648 servituti
879 4601 1007 4650 sunt
1028 4597 1347 4668 mancipati.

1025 4684 1231 4740 CAPUT
1264 4689 1328 4742 ll.

442 4769 605 4823 Bonae
640 4770 822 4842 itaque
849 4772 1052 4828 indolis
1101 4791 1272 4845 puero
1304 4777 1478 4833 electo
1515 4795 1546 4833 a
1581 4778 1684 4835 Deo
1717 4781 1785 4834 ab
1817 4781 1994 4836 beati-

373 4859 581 4915 tudinis
609 4877 776 4933 opera
808 4868 1186 4937 exsequendo,
1219 4868 1330 4937 jam
1366 4879 1496 4926 tunc
1519 4871 1784 4927 divinitus
1815 4872 1991 4944 inspi-

372 4947 616 5013 rabatur,
658 4952 804 5022 quod
845 4953 922 5009 ait
969 4964 1156 5011 sancta
1205 4958 1512 5029 Scriptura:
1582 4982 1599 5008 ι
1664 4961 1737 5015 Ex
1797 4963 1993 5018 studiis

371 5039 488 5094 suis
519 5043 872 5114 cognoscitur
927 5062 1084 5116 puer,
1131 5048 1176 5102 si
1226 5051 1429 5105 munda
1474 5051 1585 5105 sint
1639 5068 1806 5123 Opera
1873 5055 1994 5124 ejus

371 5131 550 5196 (Prov.
593 5133 714 5200 xx):
761 5154 781 5181 ε
827 5140 910 5188 et:
957 5156 980 5184 α
1025 5137 1220 5191 Beatus
1251 5139 1343 5210 qui
1369 5142 1884 5217 portaveritjugum
1917 5143 1984 5198 ab

372 5221 746 5278 adolescentia
782 5241 880 5280 sua
912 5227 1132 5296 (Thren.
1193 5231 1292 5299 ιιι).
1350 5250 1380 5280 η
1435 5232 1514 5285 Ab
1553 5233 1687 5304 ipsis
1717 5235 1863 5288 enim
1897 5233 1986 5288 iu-

371 5312 557 5368 fantiae
588 5317 749 5370 annis
792 5319 1141 5389 occupationi
1182 5322 1461 5378 saecularis
1513 5325 1768 5380 vanitatis
1815 5327 1983 5383 abre-

371 5403 662 5470 nuntiavit,
709 5415 764 5459 et
801 5404 1048 5462 libertati
1082 5407 1280 5463 divinae
1312 5412 1596 5467 servitutis
1632 5430 1690 5467 se
1733 5415 1981 5470 sociavit.

371 5489 492 5557 Qui,
517 5499 574 5545 ut
601 5493 820 5562 plenius
851 5495 1081 5552 haberet
1111 5498 1396 5555 scientiam
1428 5501 1691 5558 doctrinae
1723 5510 1775 5558 et
1800 5503 1987 5578 cogni-

371 5580 578 5636 tionem
637 5585 753 5651 Dei,
787 5589 1028 5644 arctibus
1072 5607 1130 5644 se
1163 5591 1370 5647 addixit
1399 5602 1710 5650 sanctarum
1741 5597 1987 5667 Scriptu-

372 5689 523 5727 arum
555 5676 883 5745 eruditioni;
919 5679 973 5734 in
1013 5682 1170 5751 cujus
1218 5684 1295 5739 rei
1354 5685 1662 5743 intentione
1715 5688 1985 5756 otiositas,

2093 4525 2225 4564 nere
2256 4509 2384 4565 fecit
2428 4509 2715 4573 Divinitas,
2741 4516 2815 4575 et,
2839 4516 2895 4562 ut
2925 4509 3220 4572 credimus,
3248 4526 3420 4581 usque
3452 4510 3504 4563 in
3538 4509 3704 4564 finem

2091 4601 2233 4656 hanc
2266 4618 2363 4672 pro
2396 4601 2712 4656 testimonio
2745 4600 2967 4655 habebit
2999 4601 3310 4671 posteritas.

2735 4694 2943 4750 CAPUT
2987 4695 3068 4749 IV.

2168 4785 2312 4852 Post,
2346 4793 2566 4841 sanctus
2587 4783 2883 4839 Maclovius
2937 4783 3006 4838 de
3040 4783 3227 4838 adulta
3267 4783 3495 4837 infantia
3529 4790 3704 4837 trans-

2096 4874 2215 4929 iens
2241 4875 2296 4928 iu
2337 4873 2652 4945 pueritiam,
2681 4881 2888 4944 quanto
2941 4872 3265 4943 ampliorem
3300 4873 3502 4927 divinae
3535 4873 3716 4943 inspi-

2095 4963 2324 5018 rationis
2367 4978 2490 5017 cum
2546 4969 2830 5016 cremento
2889 4962 3064 5017 aetatis
3111 4961 3402 5017 hauriebat
3455 4964 3712 5036 gratiam,

2095 5063 2246 5109 tanto
2275 5053 2491 5108 avidius
2519 5060 2683 5125 atque
2717 5053 3010 5108 instantius
3047 5069 3144 5108 cor
3169 5070 3329 5108 suum
3373 5054 3717 5125 praeparabat

2089 5145 2156 5200 ad
2189 5145 2555 5217 appetendam
2577 5146 2844 5220 angelicae
2871 5145 2997 5200 vitae
3025 5146 3468 5200 sanctimoniam.
3496 5145 3717 5200 Sciens-

2088 5251 2198 5308 que
2245 5251 2310 5288 ex
2363 5250 2456 5290 ore
2516 5235 2729 5290 Domini
2779 5234 3174 5288 beatitudinem
3237 5235 3458 5289 videndi
3530 5236 3702 5288 Deum

2089 5327 2412 5398 promissam
2452 5343 2573 5381 esse
2607 5327 2830 5381 mundis
2865 5325 3031 5380 corde
3083 5327 3297 5396 (Matth.
3348 5328 3425 5396 ν),
3481 5327 3547 5380 ab
3578 5326 3716 5396 ipsis

2090 5416 2345 5487 pueritiae
2387 5416 2714 5470 rudimentis
2745 5433 2804 5470 se
2859 5415 3078 5470 devovit
3105 5416 3370 5487 operibus
3397 5415 3709 5470 munditiae.

2090 5506 2287 5561 Volens
2307 5506 2454 5560 enim
2486 5506 2701 5576 placere
2735 5507 2844 5559 Deo
2905 5519 3137 5574 corpore
3193 5513 3248 5560 et
3277 5506 3495 5576 spiritu,
3555 5504 3714 5579 eligit

2090 5613 2310 5652 omnem
2342 5605 2556 5652 aetatem
2586 5613 2739 5651 suam
2773 5613 2935 5671 agerc
2969 5597 3024 5650 in
3055 5596 3384 5669 virginitatis
3423 5597 3712 5651 caelibatu.

2093 5690 2246 5746 Sicut
2274 5690 2421 5746 enim
2445 5696 2582 5745 testa
2612 5705 2825 5757 recens,
2859 5705 2968 5762 quo
2999 5689 3171 5746 semel
3220 5696 3303 5744 est
3333 5689 3562 5752 imbuta,
3612 5687 3712 5744 diu
