3934 6054
293 274 396 331 733

1653 270 1798 325 VITA
1840 269 1892 322 S.
1935 266 2265 322 MACLOVII.

3515 273 3618 328 734

283 365 468 454 servat
491 399 747 455 odorem:
782 399 857 455 ita
899 404 954 456 et
991 398 1041 455 ei
1083 397 1217 454 utile
1263 398 1440 453 visum
1481 405 1588 464 est,
1636 395 1772 450 rude
1801 408 1898 451 vas
1915 397 1966 466 Α
1993 392 2220 448 reducto
2251 391 2382 447 fune
2405 393 2800 464 temperantiae,
2837 407 3060 464 semper
3087 394 3324 450 mediam
3355 396 3615 453 virtutum

277 488 529 560 corporis
575 489 661 544 sui
700 497 888 560 aptare
937 488 1342 560 quamprimum
1395 485 1464 542 ad
1503 484 1894 542 sanctificatio-

279 591 407 630 nem
457 583 510 630 et
562 576 849 644 honorem,
904 593 973 632 ne
1029 582 1448 648 corumperetur
1501 592 1602 648 per
1656 575 1895 631 carnalis

278 667 543 723 desiderii
576 668 912 740 passionem.
967 669 1121 734 Quod
1153 678 1212 724 ut
1241 669 1474 725 liberius
1513 675 1568 724 et
1598 667 1894 740 perfectius

281 762 731 836 possetexsequi,
746 779 844 835 per
862 770 1146 834 parentum
1169 763 1520 818 devotionem
1545 762 1887 834 etprOpriam

279 857 622 912 voluntatem
673 858 968 930 assumpsit
1024 857 1270 914 habitum
1324 857 1536 914 ordinis
1579 858 1886 915 monastiei.

287 943 389 998 Ubi
420 945 633 1014 positus
671 945 774 1000 sub
803 945 1070 1018 regularis
1093 945 1400 1018 disciplinae
1431 946 1701 1013 custodia,
1735 964 1898 1020 quam

279 1040 564 1088 strenuum
600 1041 654 1089 et
719 1045 1032 1106 promptum
1085 1051 1146 1091 se
1185 1035 1498 1091 exhibuerit
1537 1052 1650 1107 prae.
1688 1036 1901 1092 cateris

279 1121 336 1175 in
377 1121 714 1185 obedientia,
758 1123 950 1178 saltem
991 1138 1056 1178 ex
1107 1125 1212 1180 hoc
1236 1125 1454 1196 probari
1496 1125 1714 1197 poterit,
1748 1124 1894 1196 quod

278 1213 488 1268 invidia
518 1214 888 1287 coaequalium
915 1231 1141 1272 suorum
1174 1232 1360 1273 carere
1391 1233 1502 1274 non
1528 1216 1736 1289 potuit:
1773 1232 1896 1288 quae

274 1321 500 1377 semper
526 1322 589 1361 ex
616 1306 849 1361 aliorum
882 1306 1133 1378 profectu
1161 1314 1215 1363 ct
1243 1307 1416 1380 gloria
1442 1323 1694 1376 nascens,
1728 1307 1784 1362 in
1806 1323 1894 1363 se-

277 1397 403 1469 ipsa
425 1399 785 1456 contabescit.
821 1399 1136 1456 Patiebatur
1153 1400 1300 1455 enim
1330 1401 1472 1454 inter
1500 1415 1718 1456 coaevos
1740 1415 1892 1466 suos,

275 1487 424 1558 quod
456 1487 665 1559 Joseph
713 1488 842 1544 olim
885 1505 1080 1560 passus
1110 1498 1192 1546 est
1230 1489 1373 1545 inter
1403 1488 1594 1544 fratres
1625 1505 1770 1545 suos.
1799 1489 1895 1544 Jo-

274 1579 414 1650 sepll
446 1580 709 1651 polymita
738 1581 923 1636 tunica
960 1598 989 1636 a
1018 1589 1168 1652 patre
1200 1581 1438 1638 donatus
1465 1582 1618 1654 (Gen.
1661 1581 1886 1653 xxxvii),

273 1673 330 1722 et
361 1668 430 1722 ab
451 1683 518 1722 eo
551 1667 676 1740 plus
705 1670 921 1725 cunctis
959 1669 1216 1726 fratribus
1244 1676 1475 1738 amatus,
1503 1671 1632 1742 quia
1661 1670 1886 1728 fratrum

269 1755 406 1812 vitia
433 1758 716 1830 carpebat,
750 1758 1007 1815 invidiam
1040 1759 1144 1816 sibi
1171 1759 1522 1816 conﬂaverat.
1567 1760 1662 1816 Hic
1696 1761 1884 1830 etiam,

269 1847 402 1918 quia
450 1849 676 1904 talarem
709 1849 1068 1922 perfectionis
1099 1850 1364 1921 tunicam,
1416 1858 1470 1905 et
1498 1851 1758 1908 virtutum
1793 1868 1888 1909 co-

269 1923 388 1994 lore
411 1939 674 1995 variatam
725 1954 756 1993 a
789 1939 896 1996 Deo
927 1941 1149 2010 meruit,
1189 1942 1485 2014 aequalium
1515 1959 1741 1998 suorum
1792 1941 1885 1998 in-

265 2035 468 2092 vidiam
510 2033 754 2109 effugere
806 2051 915 2092 non
954 2037 1152 2107 potuit.
1188 2037 1304 2093 Mos
1357 2045 1442 2094 est
1470 2039 1682 2095 ordinis
1711 2037 1881 2102 illius.

269 2143 476 2200 pueros
501 2126 679 2183 fuerre
697 2127 1144 2184 hebdomadatim
1166 2129 1446 2186 lucernam
1470 2147 1594 2187 cum
1618 2131 1738 2187 luce
1755 2138 1883 2188 ante

270 2219 633 2295 paedagogum
669 2235 850 2283 suum,
885 2221 1107 2292 quando
1130 2221 1886 2292 nocturnotemporeintrant

267 2311 357 2368 vel
387 2319 592 2366 exeunt
619 2311 939 2368 oratorium.
973 2312 1316 2370 Adveniente
1369 2330 1500 2389 ergo
1537 2314 1886 2370 hebdomada

269 2406 450 2462 felicis
463 2406 642 2477 pueri,
668 2423 956 2479 compares
982 2407 1102 2478 ejus
1130 2408 1512 2464 exstinxerunt
1539 2409 1744 2483 ignem,
1771 2426 1884 2482 quo

267 2499 512 2555 debebat
541 2501 767 2556 lucerna
822 2501 1078 2556 accendi:
1119 2507 1393 2572 cptantes,
1442 2507 1502 2557 ut
1547 2501 1740 2557 saltem
1782 2518 1880 2572 pro

265 2589 371 2644 hac
407 2587 616 2644 oﬂ‘ensa
645 2587 902 2645 suﬂ'erret
942 2589 1172 2646 verbera
1205 2589 1474 2664 magistri.
1513 2589 1656 2659 Quid
1696 2600 1882 2664 ageret

263 2679 592 2753 simplicitas
611 2681 816 2754 pueri?
841 2682 919 2737 Ad
943 2680 1242 2750 ofﬁcinam,
1262 2683 1355 2737 ubi
1385 2699 1454 2738 ex
1481 2683 1721 2739 annonis
1737 2700 1880 2756 aqua

264 2769 464 2825 infusis
520 2781 684 2842 atque
715 2771 958 2828 decoctis
1011 2770 1408 2828 conficiebatur
1460 2774 1748 2842 cerevisia,
1781 2791 1878 2830 cu-

263 2862 452 2928 currit,
481 2871 535 2918 et
562 2863 745 2938 ignem
777 2864 884 2918 sibi
917 2864 1031 2920 dari
1063 2880 1094 2918 a
1119 2865 1376 2922 ministro
1405 2865 1582 2938 petiit.
1617 2867 1724 2922 Sed
1775 2883 1878 2922 nec

263 2959 321 3012 in
347 2953 518 3009 crudo
568 2954 754 3010 rustici
797 2963 1016 3025 pectore
1065 2955 1351 3012 diabolica
1407 2957 1629 3013 invidiae
1667 2960 1878 3017 malitia

264 3048 458 3106 defuit.
491 3049 823 3118 Aspernatus
842 3047 988 3102 enim
1006 3048 1275 3120 supplicis
1299 3050 1456 3121 pueri
1489 3052 1874 3124 humilitatem,

264 3141 486 3215 negavit
512 3141 796 3212 porrigere
855 3141 1000 3214 ignis
1053 3141 1320 3198 fomitem.
1382 3143 1477 3198 Ille
1532 3147 1876 3219 augustiatus

260 3233 575 3305 praetimere
612 3232 880 3306 magistri,
932 3249 1137 3305 prunas
1167 3250 1198 3289 a
1223 3234 1443 3292 camino
1472 3235 1732 3293 ardentes
1772 3239 1873 3293 im-

1995 483 2142 538 viam
2173 483 2230 538 in
2258 484 2518 540 omnibus
2549 484 2807 550 tenuerit,
2854 485 2986 541 satis
3017 501 3084 540 ex
3124 486 3229 541 hoc
3260 487 3455 556 patuit,
3487 488 3617 560 quia

1995 574 2064 629 ad
2095 590 2373 630 summum
2405 575 2787 630 sanctimoniae
2834 575 3055 631 culmen
3085 575 3318 631 feliciter
3345 577 3614 648 pervenit.

1997 667 2160 740 Cujus
2199 669 2322 726 vitae
2375 669 2708 726 rectitudine
2757 671 2938 726 omnis
2977 671 3216 743 pepulus
3253 671 3322 726 ad
3363 672 3619 728 meliora-

1993 759 2197 816 tionem
2222 777 2433 818 morum
2469 777 2580 818 non
2614 779 2802 834 parum
2835 763 3098 830 directus,
3143 771 3199 819 et
3229 764 3616 820 miraculorum

1991 849 2114 918 ejus
2153 851 2328 925 gloria
2368 851 2917 921 nimisjucundatus,
2954 853 3263 924 promoveri
3306 869 3431 908 eum
3482 853 3614 910 fecit

2001 938 2069 992 ad
2102 939 2352 994 ordinem
2381 939 2754 1012 episcopatus,
2797 948 2856 996 ut
2889 939 3117 996 uberius
3144 941 3474 999 sanctificari
3495 943 3619 1014 ejus

1999 1026 2491 1085 benedictionibus
2512 1036 2876 1086 mererentur.

2641 1120 2848 1176 CAPUT
2890 1121 2974 1177 Vl.

2067 1209 2252 1278 Fama,
2284 1227 2406 1282 quae
2440 1209 2579 1266 facta
2613 1217 2668 1266 et
2696 1211 2920 1281 infecta,
2960 1213 3101 1269 solet
3127 1213 3305 1286 loqui,
3339 1214 3618 1274 referebat

1996 1316 2123 1356 esse
2153 1303 2448 1373 quamdam
2475 1301 2710 1358 insulam
2755 1303 2810 1358 in
2849 1305 3009 1372 mari,
3043 1322 3164 1377 quae
3191 1316 3394 1378 praeter
3419 1315 3616 1364 caetera

1997 1393 2279 1449 felicitatis
2312 1411 2426 1450 suae
2454 1395 2767 1461 commoda,
2807 1396 3010 1468 quibus
3038 1413 3147 1468 prae
3191 1399 3408 1454 caeteris
3449 1400 3612 1456 terris

1996 1491 2050 1540 et
2089 1485 2290 1541 insutis
2341 1487 2659 1542 celebratur
2696 1487 2998 1555 abundare,
3059 1491 3162 1545 hoc
3201 1491 3463 1547 miraculo
3525 1491 3610 1546 di-

1993 1592 2161 1650 gnum
2185 1577 2474 1633 dicebatur
2503 1579 2710 1635 habere
2743 1580 2984 1654 insigne,
3022 1581 3169 1653 quod
3210 1583 3335 1637 caeli
3373 1583 3523 1639 cives
3555 1583 3610 1639 in

1991 1683 2055 1723 ea
2079 1667 2394 1724 ferebantur
2436 1670 2703 1726 habitare.
2737 1672 2911 1744 Super
2944 1673 3047 1730 hoc
3076 1675 3120 1728 si
3163 1673 3242 1728 rei
3275 1672 3604 1730 considere-

1990 1765 2077 1813 tur
2106 1760 2328 1827 veritas,
2361 1778 2426 1814 ex
2449 1777 2515 1816 eo
2539 1761 2648 1817 illis
2680 1763 2949 1819 insulanis
2973 1765 3090 1819 haec
3115 1764 3336 1820 vivendi
3371 1764 3608 1836 imputa-

1989 1854 2148 1909 batur
2184 1841 2437 1924 felicitas,
2489 1857 2584 1929 qui
2623 1859 2772 1930 apud
2823 1875 2920 1915 eos
2958 1860 3014 1914 in
3069 1859 3220 1916 nullo
3261 1859 3606 1916 exorbitabat

1987 1945 2212 2000 moralis
2289 1947 2639 2002 rectitudinis
2707 1949 2992 2020 probitas,
3065 1951 3176 2006 imo
3221 1950 3273 2004 in
3347 1951 3606 2006 omnibus

1986 2045 2246 2110 potenter
2296 2040 2561 2115 regnabat
2612 2042 2877 2098 naturalis
2933 2043 3070 2118 legis
3099 2045 3378 2099 sanctitas.
3437 2043 3602 2099 Dele-

1984 2135 2160 2183 ctatus
2178 2144 2310 2204 ergo
2342 2130 2426 2186 vir
2481 2131 2676 2186 beatus
2712 2137 2819 2186 tam
2863 2130 3148 2186 favorabili
3195 2132 3413 2196 nuntio,
3455 2141 3602 2188 totus

1987 2218 2055 2273 ad
2095 2220 2487 2291 requirendam
2544 2227 2650 2275 tam
2685 2221 3015 2276 laudabilem
3047 2222 3280 2278 insulam
3307 2223 3493 2278 animo
3519 2223 3602 2278 fe-

1987 2307 2228 2364 rebatur.
2265 2309 2400 2374 Quia
2423 2310 2570 2365 enim
2605 2311 2766 2380 hujus
2809 2311 3153 2368 conversatio
3177 2311 3290 2380 jam
3345 2313 3400 2366 in
3445 2311 3600 2368 cmlis

1983 2404 2121 2464 erat,
2153 2404 2207 2452 et
2253 2414 2379 2454 eum
2430 2399 2574 2454 inter
2630 2400 2822 2455 mundi
2852 2401 3110 2456 scandala
3144 2411 3598 2467 commorantem,

1985 2487 2270 2556 injustitize
2318 2491 2574 2545 humanae.
2615 2491 2992 2562 multiplicitas
3031 2489 3366 2559 offendebat,
3405 2491 3598 2547 saltem

1982 2578 2095 2646 illic
2137 2580 2300 2634 vitam
2342 2581 2696 2638 desiderabat
2749 2597 2936 2656 agere,
2978 2582 3071 2638 ubi
3109 2583 3338 2652 justitiaa
3367 2583 3598 2657 vestigia

1979 2671 2312 2728 remansisse
2361 2673 2640 2729 audiebat.
2683 2675 2762 2729 Ad
2805 2675 2909 2731 hoc
2966 2691 3092 2730 eum
3151 2674 3317 2730 etiam
3348 2675 3594 2750 magistri

1977 2765 2061 2819 sui
2090 2773 2143 2822 et
2179 2767 2400 2822 abbatis
2429 2769 2701 2824 Brandani
2733 2769 3046 2840 exemplum
3101 2769 3403 2837 animabat,
3437 2770 3598 2840 cujus

1979 2861 2090 2910 tota
2119 2855 2354 2912 intentio
2393 2858 2462 2912 ad
2509 2857 2720 2914 felicem
2780 2858 3015 2913 insulam
3075 2859 3432 2930 quaerendam
3480 2873 3591 2914 non

1977 2944 2164 3001 minus
2193 2945 2488 3022 ﬂagrabat:
2518 2949 2724 3020 quippe
2745 2948 2839 3020 qui
2869 2949 3032 3016 hujus
3061 2963 3216 3004 novae
3250 2949 3588 3024 peregrina—

1981 3037 2146 3094 tionis
2171 3038 2423 3094 incentor
2450 3040 2721 3096 existebat
2751 3046 2807 3095 et
2828 3047 3040 3109 auctor,
3069 3047 3128 3096 ut
3169 3040 3439 3112 scriptura
3471 3041 3596 3097 vitae

1977 3131 2098 3200 ejus
2143 3131 2506 3188 demonstrat.
2568 3132 2740 3196 Quam
2793 3132 2838 3186 si
2877 3132 3006 3204 quis
3060 3132 3338 3188 desiderat
3390 3133 3596 3208 legere,

1977 3222 2108 3294 quid
2175 3223 2243 3278 de
2285 3239 2348 3278 ea
2395 3222 2668 3278 aestimare
2719 3222 2944 3290 debeat,
3001 3223 3334 3293 sapientium
3385 3223 3598 3278 ediscat

262 3323 450 3394 posuit
476 3322 636 3389 vesti,
667 3331 722 3377 et
750 3322 820 3376 ad
860 3321 1140 3378 lucernam
1172 3324 1583 3380 accendendam
1616 3343 1873 3384 recurre-
1970 3317 2206 3387 indiCiO-
2236 3318 2274 3372 Ρ
2279 3317 2646 3374 οεῐιιδδθηιθε
2673 3317 2840 3389 igitur
2879 3318 3093 3372 du'cem
3119 3319 3306 3388 Patriae
3326 3333 3594 3386 amorem:

257 3414 353 3469 bat
377 3430 567 3490 gressu
597 3413 784 3470 celeri.
815 3413 923 3468 Sed
956 3413 1247 3471 inveniens
1281 3431 1402 3471 eam
1440 3418 1552 3487 jam
1585 3435 1875 3475 accensam

256 3507 546 3574 divinitus,
579 3522 786 3576 prunas
828 3506 1067 3561 excussit
1111 3507 1376 3574 vestibus,
1406 3525 1528 3580 qua:
1581 3518 1763 3566 tamen
1810 3512 1876 3566 il-

257 3599 406 3654 laesae
458 3597 718 3652 omnibus
768 3603 1156 3668 apparuerunt.
1207 3597 1546 3672 Paedagogus
1594 3601 1874 3675 geminato

259 3685 530 3742 miraculo
559 3684 919 3757 stupefactus,
961 3685 1171 3740 alumni
1219 3702 1278 3742 se
1310 3686 1584 3758 provoluit
1613 3688 1868 3763 genibus.

260 3779 321 3834 Et
351 3779 619 3850 deinceps
647 3777 852 3834 debitae
883 3778 1230 3834 venerationi
1263 3779 1498 3848 habitus,
1532 3795 1654 3836 cum
1683 3797 1877 3837 omnes

262 3873 500 3929 anteiret
529 3871 724 3946 gloria,
769 3880 950 3927 tamen
979 3873 1179 3928 charus
1208 3881 1326 3930 erat
1353 3873 1633 3930 omnibus.

911 3964 1119 4020 CAPUT
1172 3967 1228 4020 V.

335 4057 426 4111 Vir
470 4063 711 4124 sanctus,
753 4057 884 4129 quia
931 4057 1128 4114 Christi
1168 4059 1429 4115 sacerdos
1475 4067 1592 4114 erat
1640 4059 1871 4125 futurus,

259 4159 317 4207 et
342 4159 508 4224 caput
535 4161 591 4208 et
619 4153 848 4208 caudam
883 4154 1074 4210 hostia:
1105 4153 1160 4208 in
1191 4153 1525 4210 sacriﬁcium
1559 4154 1654 4210 Dei
1692 4153 1878 4212 offerri

262 4245 469 4300 debere
489 4243 719 4312 sciebat,
749 4245 820 4300 de
850 4246 940 4301 die
973 4246 1028 4301 in
1053 4246 1199 4301 diem
1229 4247 1298 4301 de
1318 4247 1520 4302 virtute
1541 4247 1595 4302 in
1619 4248 1874 4303 virtutem

261 4334 608 4406 proﬁciebat,
649 4345 701 4392 et
755 4353 854 4408 per
881 4337 1084 4393 scalam
1114 4338 1386 4394 bonorum
1417 4353 1646 4410 operum
1677 4339 1872 4414 grada-

261 4428 357 4482 tim
411 4427 478 4482 ad
509 4443 783 4484 summum
827 4429 1184 4502 perfectionis
1239 4432 1507 4488 scandere
1567 4433 1949 4519 laborabat.D

261 4518 532 4590 Quicquid
568 4520 714 4574 enim
749 4521 802 4574 in
857 4529 1048 4577 tenera
1079 4528 1238 4577 aetate
1270 4523 1380 4578 Deo
1439 4521 1681 4581 ﬁdeliter
1701 4525 1866 4590 vovit,

259 4607 312 4662 id
343 4615 658 4680 opportuno
684 4615 930 4680 tempore
981 4611 1272 4667 sinceriter
1299 4611 1480 4668 solvit.
1515 4612 1652 4668 Ante
1681 4615 1867 4669 omnia

258 4700 529 4756 castitatis
580 4701 801 4771 puritati
860 4719 1083 4776 operam
1142 4705 1316 4773 dedit,
1353 4706 1538 4762 sciens
1594 4707 1723 4780 quia
1760 4707 1865 4763 nisi

253 4792 532 4848 sincerum
559 4809 654 4848 vas
684 4793 872 4863 fuerit,
915 4797 1288 4869 quodcunque
1325 4797 1656 4868 infunditur,
1688 4814 1870 4856 acces-

253 4884 342 4940 sit.
402 4883 621 4940 Habens
675 4901 808 4962 ergo
861 4889 1187 4959 praecinctos
1233 4887 1453 4946 lumbos
1514 4890 1618 4947 hac
1665 4891 1868 4948 virtute

251 4975 538 5041 castitatis,
579 4977 742 5032 etiam
776 4978 1057 5034 lucernam
1087 4980 1376 5036 ardentem
1415 4981 1640 5038 tenebat
1671 4982 1728 5037 in
1750 4999 1870 5038 ma-

254 5067 423 5123 nibus
449 5068 587 5134 suis,
617 5085 742 5124 eum
776 5086 876 5142 per
905 5071 1051 5126 bona
1072 5085 1242 5142 Opera
1272 5072 1410 5127 lucis
1425 5073 1679 5145 exempla
1708 5090 1868 5130 mon-

250 5156 462 5212 strabat
492 5158 774 5229 proximis.
804 5159 879 5213 lta
907 5156 1142 5214 ﬁdeliter
1169 5167 1224 5214 et
1250 5161 1552 5230 prudenter
1571 5163 1867 5234 geminans

251 5264 282 5304 a
313 5249 424 5304 Deo
469 5249 575 5304 sibi
601 5250 809 5305 credita
844 5251 1046 5306 talenta
1082 5251 1399 5307 intellectus
1445 5258 1500 5307 et
1529 5255 1870 5324 operationis

247 5341 398 5407 (Luc.
443 5343 563 5409 xu),
592 5356 954 5412 quoscunque
980 5340 1160 5412 potuit
1188 5340 1359 5397 verbo
1399 5343 1726 5415 etexemplo
1747 5345 1870 5400 alli-

247 5445 374 5487 cere
413 5431 480 5486 ad
537 5432 877 5504 propositum
925 5439 1128 5489 sanctis
1185 5433 1644 5504 conversationis,
1699 5437 1870 5508 parti-

247 5520 402 5592 cipes
427 5529 483 5576 et
505 5520 690 5577 socios
720 5521 826 5576 sibi
855 5521 1120 5578 conscivit
1148 5522 1217 5577 ad
1232 5521 1572 5578 scandedum
1607 5523 1712 5580 iter
1739 5541 1870 5596 per-

244 5609 526 5666 fectionis.
552 5609 674 5666 Jam
711 5625 846 5666 vero
875 5627 1040 5682 quam
1073 5611 1124 5666 ei
1156 5611 1443 5686 frugalitas
1473 5612 1649 5669 amica
1681 5612 1870 5683 fuerit,

243 5719 411 5777 quam
465 5703 516 5759 ei
556 5701 899 5776 parcimonia
941 5701 1229 5776 placuerit,
1274 5704 1556 5777 quomodo
1604 5705 1872 5780 utrinque

1977 3417 2266 3464 assumunt
2300 3410 2570 3464 incertum
2599 3415 2804 3480 optata).
2837 3409 3299 3481 peregrinationis
3326 3409 3590 3465 laborem.

1979 3501 2128 3556 lianc
2156 3501 2300 3556 viam
2347 3499 2624 3566 insistere,
2679 3506 2862 3554 utrum
2905 3488 3243 3570 persuaserit
3285 3501 3402 3556 sola
3452 3516 3595 3572 quaa-

1978 3592 2164 3647 rcndae
2210 3591 2386 3646 felicis
2417 3589 2774 3646 habitationis
2829 3589 3107 3658 voluntas,
3172 3606 3244 3645 an
3300 3589 3485 3663 aliqua
3525 3607 3592 3646 ex

1978 3687 2134 3752 parte
2175 3679 2516 3750 subrepserit
2572 3679 2772 3734 animis
2829 3693 3020 3736 eorum
3063 3679 3318 3734 humanae
3355 3677 3591 3734 curiosi-

1975 3769 2104 3825 tatis
2126 3770 2398 3841 voluptas,
2439 3785 2549 3826 non
2567 3769 2732 3825 habet
2758 3769 3035 3826 discutere
3067 3779 3256 3825 nostra
3285 3769 3588 3826 temeritas.

1980 3861 2126 3916 Hanc
2187 3871 2372 3917 tamen
2407 3861 2550 3916 viam
2609 3862 2722 3917 Deo
2780 3877 2892 3918 non
2941 3859 3311 3932 displicuisse,
3346 3877 3444 3933 per
3486 3861 3592 3918 hoc

1975 3953 2110 4010 satis
2158 3952 2540 4028 intelligimus,
2603 3952 2732 4025 quia
2783 3952 2948 4008 etiam
2977 3952 3081 4008 hoc
3128 3950 3592 4027 peregrinationis

1980 4054 2228 4116 tempore
2264 4045 2411 4099 hunc
2438 4059 2655 4100 servum
2715 4059 2876 4098 suum
2909 4057 3020 4098 non
3059 4041 3269 4098 destitit
3296 4041 3452 4097 miris
3491 4040 3592 4098 de-

1977 4152 2166 4192 corare
2197 4135 2494 4192 miraculis.

2606 4225 2823 4280 CAPUT
2854 4225 2964 4280 Vll.

2048 4321 2326 4377 Paschalis
2389 4321 2756 4377 solemnitatis
2792 4319 3032 4374 mundus
3069 4321 3270 4392 agebat
3317 4316 3586 4386 laetitiam,

1983 4413 2206 4486 quando
2243 4414 2384 4470 solet
2407 4423 2595 4468 sancta
2635 4411 2875 4467 Ecclesia
2903 4409 3180 4465 eelcbrius
3209 4409 3455 4464 recolere
3477 4423 3586 4464 no-

1973 4511 2100 4560 strae
2132 4505 2532 4576 redemptionis
2561 4503 2908 4568 memoriam,
2948 4517 3071 4572 quae
3105 4500 3188 4554 his
3209 4499 3410 4554 diebus
3429 4515 3584 4554 com-

1973 4599 2119 4672 plcta
2143 4607 2227 4656 est
2254 4615 2351 4670 per
2391 4599 2702 4670 passionem
2742 4603 2798 4651 et
2835 4594 3298 4650 resurrectionem
3335 4592 3584 4649 Domini-

1967 4711 2106 4750 cam.
2145 4695 2276 4765 Cum
2305 4695 2486 4750 caeteri
2533 4695 2662 4748 inde
2701 4708 2762 4746 se
2794 4696 3024 4766 agerent
3061 4688 3341 4754 festivius,
3377 4689 3431 4744 S.
3466 4688 3583 4746 Μει-

1966 4784 2177 4842 clovius
2203 4801 2263 4840 se
2291 4785 2489 4858 agebat
2524 4783 2799 4848 devotius,
2842 4797 3044 4836 vacans
3083 4780 3332 4852 psalmis,
3363 4780 3583 4854 hymnis

1967 4882 2024 4929 et
2060 4873 2426 4941 orationibus,
2458 4878 2650 4944 utpote
2693 4871 2786 4944 qui
2827 4869 3070 4926 debebat
3100 4869 3269 4926 Deum
3318 4869 3586 4942 interpel-

1965 4967 2078 5024 lare
2109 4983 2220 5024 non
2250 4967 2427 5024 solum
2461 4982 2559 5039 pro
2585 4966 2721 5034 suis,
2778 4965 2875 5020 sed
2905 4965 3073 5021 etiam
3114 4981 3212 5037 pro
3258 4963 3448 5036 populi
3478 4979 3583 5018 ex-

1967 5062 2236 5120 cessibus.
2262 5062 2462 5118 Volens
2493 5077 2624 5136 ergo
2654 5059 2937 5117 celebrare
2967 5059 3237 5116 solemnia
3269 5059 3582 5124 missarum,

1968 5170 2092 5211 cum
2137 5169 2246 5209 non
2303 5153 2534 5208 haberet
2591 5153 2770 5209 locum
2811 5152 2880 5208 ad
2931 5151 2984 5206 id
3043 5151 3308 5207 idoneum
3361 5148 3586 5220 (quippe

1968 5249 2062 5322 qui
2100 5248 2498 5305 circumferens
2531 5248 2732 5316 visum,
2780 5256 3047 5320 quantum
3092 5242 3444 5317 permittebat
3483 5243 3586 5299 bo-

1969 5342 2120 5398 rizon
2153 5342 2290 5397 nihil
2340 5341 2584 5408 videbat,
2627 5342 2732 5398 nisi
2773 5340 3028 5412 superius
3083 5339 3307 5403 cmlum,
3347 5343 3403 5392 et
3445 5335 3586 5392 infe-

1973 5433 2086 5488 rius
2113 5433 2384 5504 liquorem
2433 5438 2723 5504 aquarum)
2782 5436 2896 5486 toto
2934 5428 3101 5484 corde
3155 5441 3456 5482 conversus
3515 5426 3584 5480 ad

1973 5526 2168 5593 Deum,
2222 5525 2412 5580 orabat
2466 5523 2728 5580 obnixius
2767 5523 2836 5578 ab
2889 5537 2956 5577 eo
3021 5517 3205 5576 offerri
3249 5517 3360 5572 sibi
3402 5517 3583 5574 locum

1973 5621 2182 5687 aptum.
2229 5611 2568 5668 Exaudibilis
2619 5613 2770 5670 auris
2813 5611 2911 5666 Dei
2968 5607 3369 5681 omnipotentis
3408 5607 3588 5662 afﬂuit

1977 5712 2178 5778 praesto
2218 5703 2454 5762 orationi
2484 5703 2640 5761 utilia
2667 5701 2936 5777 petentis:
2979 5707 3034 5758 et
3062 5699 3157 5775 qui
3184 5697 3314 5757 olim
3355 5696 3584 5772 pericli-
