  <div class='ocr_page' id='page_1' title='image "/cluster/home/n/w/nwhite01/storage/ocr_20150623/160/hvd.32044054760186/373.png"; bbox 0 0 3948 6044; ppageno 0'>
   <div class='ocr_carea' id='block_1_1' title="bbox 309 216 3645 284">
    <p class='ocr_par' dir='ltr' id='par_1_1' title="bbox 309 216 3645 284">
     <span class='ocr_line' id='line_1_1' title="bbox 309 216 3645 284; baseline 0.004 -14"><span class='ocrx_word' id='word_1_1' title='bbox 309 216 415 271; x_wconf 79' lang='grc'><strong>735</strong></span> <span class='ocrx_word' id='word_1_2' title='bbox 1062 228 1072 237; x_wconf 84' lang='grc'><strong><em>“</em></strong></span> <span class='ocrx_word' id='word_1_3' title='bbox 1527 218 1873 277; x_wconf 78' lang='lat' dir='ltr'><strong>SIGEBERTI</strong></span> <span class='ocrx_word' id='word_1_4' title='bbox 1913 221 2427 282; x_wconf 81' lang='lat' dir='ltr'><strong>GEMBLACENSIS.</strong></span> <span class='ocrx_word' id='word_1_5' title='bbox 3535 227 3645 284; x_wconf 86' lang='lat'><strong>736</strong></span> 
     </span>
    </p>
   </div>
   <div class='ocr_carea' id='block_1_2' title="bbox 310 345 3659 426">
    <p class='ocr_par' dir='ltr' id='par_1_2' title="bbox 310 345 3659 426">
     <span class='ocr_line' id='line_1_2' title="bbox 310 345 3659 426; baseline 0.003 -24"><span class='ocrx_word' id='word_1_6' title='bbox 310 346 445 402; x_wconf 89' lang='lat' dir='ltr'><strong>tanti</strong></span> <span class='ocrx_word' id='word_1_7' title='bbox 472 345 625 401; x_wconf 63' lang='lat' dir='ltr'><strong>Jonas</strong></span> <span class='ocrx_word' id='word_1_8' title='bbox 673 351 881 400; x_wconf 91' lang='lat' dir='ltr'><strong>certum</strong></span> <span class='ocrx_word' id='word_1_9' title='bbox 916 347 983 401; x_wconf 91' lang='lat' dir='ltr'><strong>ad</strong></span> <span class='ocrx_word' id='word_1_10' title='bbox 1030 347 1392 403; x_wconf 86' lang='lat' dir='ltr'><strong>salvationem</strong></span> <span class='ocrx_word' id='word_1_11' title='bbox 1442 349 1563 418; x_wconf 85' lang='lat' dir='ltr'><strong>ejus</strong></span> <span class='ocrx_word' id='word_1_12' title='bbox 1600 352 1927 422; x_wconf 74' lang='lat' dir='ltr'><strong>praeparavit</strong></span> <span class='ocrx_word' id='word_1_13' title='bbox 1950 358 2001 425; x_wconf 81' lang='grc' dir='ltr'><strong>Α</strong></span> <span class='ocrx_word' id='word_1_14' title='bbox 2025 353 2104 409; x_wconf 89' lang='lat' dir='ltr'><strong>vit</strong></span> <span class='ocrx_word' id='word_1_15' title='bbox 2133 353 2394 426; x_wconf 81' lang='lat' dir='ltr'><strong>baptismi</strong></span> <span class='ocrx_word' id='word_1_16' title='bbox 2438 356 2814 421; x_wconf 77' lang='lat' dir='ltr'><strong>sacramentis,</strong></span> <span class='ocrx_word' id='word_1_17' title='bbox 2847 362 2902 412; x_wconf 91' lang='lat' dir='ltr'><strong>et</strong></span> <span class='ocrx_word' id='word_1_18' title='bbox 2950 355 3188 411; x_wconf 80' lang='lat' dir='ltr'><strong>munivit</strong></span> <span class='ocrx_word' id='word_1_19' title='bbox 3218 356 3418 413; x_wconf 90' lang='lat' dir='ltr'><strong>viatico</strong></span> <span class='ocrx_word' id='word_1_20' title='bbox 3465 357 3659 413; x_wconf 88' lang='lat' dir='ltr'><strong>Domi-</strong></span> 
     </span>
    </p>
   </div>
   <div class='ocr_carea' id='block_1_3' title="bbox 310 436 3658 525">
    <p class='ocr_par' dir='ltr' id='par_1_3' title="bbox 310 436 3658 525">
     <span class='ocr_line' id='line_1_3' title="bbox 310 436 3658 525; baseline 0.005 -34"><span class='ocrx_word' id='word_1_21' title='bbox 310 439 480 504; x_wconf 73' lang='lat' dir='ltr'><strong>(Jonaz</strong></span> <span class='ocrx_word' id='word_1_22' title='bbox 507 438 587 503; x_wconf 88' lang='grc' dir='ltr'>ιι),</span> <span class='ocrx_word' id='word_1_23' title='bbox 616 436 707 491; x_wconf 89' lang='lat' dir='ltr'><strong>hic</strong></span> <span class='ocrx_word' id='word_1_24' title='bbox 757 436 920 492; x_wconf 83' lang='lat' dir='ltr'><strong>etiam</strong></span> <span class='ocrx_word' id='word_1_25' title='bbox 970 440 1137 494; x_wconf 89' lang='lat' dir='ltr'><strong>modo</strong></span> <span class='ocrx_word' id='word_1_26' title='bbox 1177 440 1444 495; x_wconf 67' lang='lat' dir='ltr'><strong>balaenam</strong></span> <span class='ocrx_word' id='word_1_27' title='bbox 1486 452 1683 513; x_wconf 81' lang='lat' dir='ltr'><strong>praesto</strong></span> <span class='ocrx_word' id='word_1_28' title='bbox 1730 443 1924 499; x_wconf 83' lang='lat' dir='ltr'><strong>adesse</strong></span> <span class='ocrx_word' id='word_1_29' title='bbox 2026 448 2136 504; x_wconf 92' lang='lat' dir='ltr'><strong>niei</strong></span> <span class='ocrx_word' id='word_1_30' title='bbox 2166 451 2413 521; x_wconf 91' lang='lat' dir='ltr'><strong>corporis</strong></span> <span class='ocrx_word' id='word_1_31' title='bbox 2461 457 2517 506; x_wconf 89' lang='lat' dir='ltr'><strong>et</strong></span> <span class='ocrx_word' id='word_1_32' title='bbox 2543 451 2852 525; x_wconf 89' lang='lat' dir='ltr'><strong>sanguinis.</strong></span> <span class='ocrx_word' id='word_1_33' title='bbox 2919 450 3230 522; x_wconf 85' lang='lat' dir='ltr'><strong>Supervixit</strong></span> <span class='ocrx_word' id='word_1_34' title='bbox 3273 457 3456 506; x_wconf 88' lang='lat' dir='ltr'><strong>autem</strong></span> <span class='ocrx_word' id='word_1_35' title='bbox 3489 452 3658 523; x_wconf 81' lang='lat' dir='ltr'><strong>quin-</strong></span> 
     </span>
    </p>
   </div>
   <div class='ocr_carea' id='block_1_4' title="bbox 313 527 3659 609">
    <p class='ocr_par' dir='ltr' id='par_1_4' title="bbox 313 527 3659 609">
     <span class='ocr_line' id='line_1_4' title="bbox 313 527 3659 609; baseline 0.005 -26"><span class='ocrx_word' id='word_1_36' title='bbox 313 527 455 583; x_wconf 89' lang='lat' dir='ltr'><strong>fecit.</strong></span> <span class='ocrx_word' id='word_1_37' title='bbox 491 527 584 583; x_wconf 93' lang='lat' dir='ltr'><strong>Cui</strong></span> <span class='ocrx_word' id='word_1_38' title='bbox 616 534 765 583; x_wconf 85' lang='lat' dir='ltr'><strong>tanta</strong></span> <span class='ocrx_word' id='word_1_39' title='bbox 796 531 1046 600; x_wconf 90' lang='lat' dir='ltr'><strong>corporis</strong></span> <span class='ocrx_word' id='word_1_40' title='bbox 1078 532 1306 587; x_wconf 79' lang='lat' dir='ltr'><strong>vastitas</strong></span> <span class='ocrx_word' id='word_1_41' title='bbox 1330 541 1467 597; x_wconf 88' lang='lat' dir='ltr'><strong>erat,</strong></span> <span class='ocrx_word' id='word_1_42' title='bbox 1522 540 1583 588; x_wconf 92' lang='lat' dir='ltr'><strong>ut</strong></span> <span class='ocrx_word' id='word_1_43' title='bbox 1608 550 1773 606; x_wconf 90' lang='lat' dir='ltr'><strong>rupes</strong></span> <span class='ocrx_word' id='word_1_44' title='bbox 1801 551 1924 591; x_wconf 90' lang='lat' dir='ltr'><strong>esse</strong></span> <span class='ocrx_word' id='word_1_45' title='bbox 2024 539 2202 597; x_wconf 87' lang='lat' dir='ltr'><strong>decim</strong></span> <span class='ocrx_word' id='word_1_46' title='bbox 2238 541 2456 609; x_wconf 89' lang='lat' dir='ltr'><strong>diebus,</strong></span> <span class='ocrx_word' id='word_1_47' title='bbox 2489 550 2545 598; x_wconf 93' lang='lat' dir='ltr'><strong>et</strong></span> <span class='ocrx_word' id='word_1_48' title='bbox 2590 559 2622 598; x_wconf 90' lang='lat' dir='ltr'><strong>a</strong></span> <span class='ocrx_word' id='word_1_49' title='bbox 2652 550 2826 599; x_wconf 84' lang='lat' dir='ltr'><strong>merte</strong></span> <span class='ocrx_word' id='word_1_50' title='bbox 2859 543 3057 599; x_wconf 68' lang='lat' dir='ltr'><strong>animae</strong></span> <span class='ocrx_word' id='word_1_51' title='bbox 3087 549 3297 605; x_wconf 88' lang='lat' dir='ltr'><strong>erutus,</strong></span> <span class='ocrx_word' id='word_1_52' title='bbox 3340 544 3500 599; x_wconf 83' lang='lat' dir='ltr'><strong>morti</strong></span> <span class='ocrx_word' id='word_1_53' title='bbox 3534 559 3659 600; x_wconf 83' lang='lat' dir='ltr'><strong>eor-</strong></span> 
     </span>
    </p>
   </div>
   <div class='ocr_carea' id='block_1_5' title="bbox 312 620 3657 704">
    <p class='ocr_par' dir='ltr' id='par_1_5' title="bbox 312 620 3657 704">
     <span class='ocr_line' id='line_1_5' title="bbox 312 620 3657 704; baseline 0.003 -28"><span class='ocrx_word' id='word_1_54' title='bbox 312 620 729 676; x_wconf 85' lang='lat' dir='ltr'><strong>ab.hominibus</strong></span> <span class='ocrx_word' id='word_1_55' title='bbox 769 628 1081 692; x_wconf 78' lang='lat' dir='ltr'><strong>putaretur:</strong></span> <span class='ocrx_word' id='word_1_56' title='bbox 1117 639 1280 694; x_wconf 89' lang='lat' dir='ltr'><strong>porro</strong></span> <span class='ocrx_word' id='word_1_57' title='bbox 1312 639 1433 679; x_wconf 90' lang='lat' dir='ltr'><strong>eam</strong></span> <span class='ocrx_word' id='word_1_58' title='bbox 1474 632 1624 680; x_wconf 89' lang='lat' dir='ltr'><strong>tanta</strong></span> <span class='ocrx_word' id='word_1_59' title='bbox 1671 625 1925 681; x_wconf 89' lang='lat' dir='ltr'><strong>substra-</strong></span> <span class='ocrx_word' id='word_1_60' title='bbox 2025 629 2199 697; x_wconf 90' lang='lat' dir='ltr'><strong>porali</strong></span> <span class='ocrx_word' id='word_1_61' title='bbox 2239 639 2324 686; x_wconf 91' lang='lat' dir='ltr'><strong>est</strong></span> <span class='ocrx_word' id='word_1_62' title='bbox 2370 631 2640 699; x_wconf 89' lang='lat' dir='ltr'><strong>redditus,</strong></span> <span class='ocrx_word' id='word_1_63' title='bbox 2681 638 2737 687; x_wconf 85' lang='lat' dir='ltr'><strong>et</strong></span> <span class='ocrx_word' id='word_1_64' title='bbox 2767 632 2823 687; x_wconf 90' lang='lat' dir='ltr'><strong>in</strong></span> <span class='ocrx_word' id='word_1_65' title='bbox 2855 632 3054 688; x_wconf 91' lang='lat' dir='ltr'><strong>eodem</strong></span> <span class='ocrx_word' id='word_1_66' title='bbox 3095 632 3309 688; x_wconf 88' lang='lat' dir='ltr'><strong>tumulo</strong></span> <span class='ocrx_word' id='word_1_67' title='bbox 3354 633 3657 704; x_wconf 87' lang='lat' dir='ltr'><strong>repositus,</strong></span> 
     </span>
    </p>
   </div>
   <div class='ocr_carea' id='block_1_6' title="bbox 313 709 1927 774">
    <p class='ocr_par' dir='ltr' id='par_1_6' title="bbox 313 709 1927 774">
     <span class='ocr_line' id='line_1_6' title="bbox 313 709 1927 774; baseline 0.001 -8"><span class='ocrx_word' id='word_1_68' title='bbox 313 715 466 766; x_wconf 90' lang='lat' dir='ltr'><strong>verat</strong></span> <span class='ocrx_word' id='word_1_69' title='bbox 493 709 866 774; x_wconf 88' lang='lat' dir='ltr'><strong>immobilitas,</strong></span> <span class='ocrx_word' id='word_1_70' title='bbox 902 717 959 765; x_wconf 89' lang='lat' dir='ltr'><strong>ut</strong></span> <span class='ocrx_word' id='word_1_71' title='bbox 989 711 1169 766; x_wconf 87' lang='lat' dir='ltr'><strong>insula</strong></span> <span class='ocrx_word' id='word_1_72' title='bbox 1193 712 1406 768; x_wconf 82' lang='lat' dir='ltr'><strong>stabilis</strong></span> <span class='ocrx_word' id='word_1_73' title='bbox 1437 729 1559 768; x_wconf 80' lang='lat' dir='ltr'><strong>esse</strong></span> <span class='ocrx_word' id='word_1_74' title='bbox 1590 714 1927 769; x_wconf 79' lang='lat' dir='ltr'><strong>crederetur.</strong></span> 
     </span>
    </p>
   </div>
   <div class='ocr_carea' id='block_1_7' title="bbox 313 805 1933 881">
    <p class='ocr_par' dir='ltr' id='par_1_7' title="bbox 313 805 1933 881">
     <span class='ocr_line' id='line_1_7' title="bbox 313 805 1933 881; baseline 0.002 -21"><span class='ocrx_word' id='word_1_75' title='bbox 313 805 790 861; x_wconf 89' lang='lat' dir='ltr'><strong>Sacramentorum</strong></span> <span class='ocrx_word' id='word_1_76' title='bbox 823 822 955 881; x_wconf 91' lang='lat' dir='ltr'><strong>ergo</strong></span> <span class='ocrx_word' id='word_1_77' title='bbox 983 808 1175 863; x_wconf 82' lang='lat' dir='ltr'><strong>ordine</strong></span> <span class='ocrx_word' id='word_1_78' title='bbox 1227 825 1259 862; x_wconf 90' lang='lat' dir='ltr'><strong>a</strong></span> <span class='ocrx_word' id='word_1_79' title='bbox 1283 810 1572 865; x_wconf 83' lang='lat' dir='ltr'><strong>sacerdote</strong></span> <span class='ocrx_word' id='word_1_80' title='bbox 1611 810 1933 865; x_wconf 90' lang='lat' dir='ltr'><strong>solemniter</strong></span> 
     </span>
    </p>
   </div>
   <div class='ocr_carea' id='block_1_8' title="bbox 314 897 1932 960">
    <p class='ocr_par' dir='ltr' id='par_1_8' title="bbox 314 897 1932 960">
     <span class='ocr_line' id='line_1_8' title="bbox 314 897 1932 960; baseline 0.002 -6"><span class='ocrx_word' id='word_1_81' title='bbox 314 897 614 960; x_wconf 90' lang='lat' dir='ltr'><strong>celebrato,</strong></span> <span class='ocrx_word' id='word_1_82' title='bbox 645 907 701 953; x_wconf 89' lang='lat' dir='ltr'><strong>et</strong></span> <span class='ocrx_word' id='word_1_83' title='bbox 728 899 929 955; x_wconf 88' lang='lat' dir='ltr'><strong>viatico</strong></span> <span class='ocrx_word' id='word_1_84' title='bbox 962 900 1260 956; x_wconf 84' lang='lat' dir='ltr'><strong>Dominicae</strong></span> <span class='ocrx_word' id='word_1_85' title='bbox 1301 901 1932 957; x_wconf 69' lang='lat' dir='ltr'><strong>Eucharistiaaomnibus</strong></span> 
     </span>
    </p>
   </div>
   <div class='ocr_carea' id='block_1_9' title="bbox 318 987 1931 1064">
    <p class='ocr_par' dir='ltr' id='par_1_9' title="bbox 318 987 1931 1064">
     <span class='ocr_line' id='line_1_9' title="bbox 318 987 1931 1064; baseline 0.004 -23"><span class='ocrx_word' id='word_1_86' title='bbox 318 987 512 1043; x_wconf 78' lang='lat' dir='ltr'><strong>devote</strong></span> <span class='ocrx_word' id='word_1_87' title='bbox 551 988 868 1055; x_wconf 89' lang='lat' dir='ltr'><strong>distributo,</strong></span> <span class='ocrx_word' id='word_1_88' title='bbox 902 1006 1012 1062; x_wconf 90' lang='lat' dir='ltr'><strong>quo</strong></span> <span class='ocrx_word' id='word_1_89' title='bbox 1043 991 1209 1046; x_wconf 92' lang='lat' dir='ltr'><strong>unico</strong></span> <span class='ocrx_word' id='word_1_90' title='bbox 1243 991 1385 1047; x_wconf 90' lang='lat' dir='ltr'><strong>inter</strong></span> <span class='ocrx_word' id='word_1_91' title='bbox 1413 1007 1610 1047; x_wconf 89' lang='lat' dir='ltr'><strong>omnes</strong></span> <span class='ocrx_word' id='word_1_92' title='bbox 1640 992 1931 1064; x_wconf 90' lang='lat' dir='ltr'><strong>utriusque</strong></span> 
     </span>
    </p>
   </div>
   <div class='ocr_carea' id='block_1_10' title="bbox 319 1080 1931 1150">
    <p class='ocr_par' dir='ltr' id='par_1_10' title="bbox 319 1080 1931 1150">
     <span class='ocr_line' id='line_1_10' title="bbox 319 1080 1931 1150; baseline 0.004 -17"><span class='ocrx_word' id='word_1_93' title='bbox 319 1080 556 1135; x_wconf 88' lang='lat' dir='ltr'><strong>hominis</strong></span> <span class='ocrx_word' id='word_1_94' title='bbox 604 1081 965 1137; x_wconf 86' lang='lat' dir='ltr'><strong>adversitates</strong></span> <span class='ocrx_word' id='word_1_95' title='bbox 1022 1082 1371 1138; x_wconf 86' lang='lat' dir='ltr'><strong>munirentur</strong></span> <span class='ocrx_word' id='word_1_96' title='bbox 1416 1084 1687 1150; x_wconf 89' lang='lat' dir='ltr'><strong>subsidio,</strong></span> <span class='ocrx_word' id='word_1_97' title='bbox 1751 1085 1931 1140; x_wconf 92' lang='lat' dir='ltr'><strong>soluto</strong></span> 
     </span>
    </p>
   </div>
   <div class='ocr_carea' id='block_1_11' title="bbox 318 1169 1933 1245">
    <p class='ocr_par' dir='ltr' id='par_1_11' title="bbox 318 1169 1933 1245">
     <span class='ocr_line' id='line_1_11' title="bbox 318 1169 1933 1245; baseline 0.004 -22"><span class='ocrx_word' id='word_1_98' title='bbox 318 1169 572 1224; x_wconf 83' lang='lat' dir='ltr'><strong>alacriter</strong></span> <span class='ocrx_word' id='word_1_99' title='bbox 591 1170 747 1224; x_wconf 89' lang='lat' dir='ltr'><strong>navis</strong></span> <span class='ocrx_word' id='word_1_100' title='bbox 781 1172 1109 1238; x_wconf 87' lang='lat' dir='ltr'><strong>retinaculo,</strong></span> <span class='ocrx_word' id='word_1_101' title='bbox 1135 1173 1373 1228; x_wconf 89' lang='lat' dir='ltr'><strong>reddunt</strong></span> <span class='ocrx_word' id='word_1_102' title='bbox 1402 1189 1459 1228; x_wconf 91' lang='lat' dir='ltr'><strong>se</strong></span> <span class='ocrx_word' id='word_1_103' title='bbox 1490 1180 1746 1245; x_wconf 90' lang='lat' dir='ltr'><strong>suscepto</strong></span> <span class='ocrx_word' id='word_1_104' title='bbox 1775 1174 1933 1229; x_wconf 89' lang='lat' dir='ltr'><strong>navi-</strong></span> 
     </span>
    </p>
   </div>
   <div class='ocr_carea' id='block_1_12' title="bbox 319 1260 1932 1334">
    <p class='ocr_par' dir='ltr' id='par_1_12' title="bbox 319 1260 1932 1334">
     <span class='ocr_line' id='line_1_12' title="bbox 319 1260 1932 1334; baseline 0.006 -22"><span class='ocrx_word' id='word_1_105' title='bbox 319 1260 484 1334; x_wconf 83' lang='lat' dir='ltr'><strong>gandi</strong></span> <span class='ocrx_word' id='word_1_106' title='bbox 535 1261 837 1332; x_wconf 89' lang='lat' dir='ltr'><strong>pr0posito.</strong></span> <span class='ocrx_word' id='word_1_107' title='bbox 892 1263 1056 1318; x_wconf 89' lang='lat' dir='ltr'><strong>Porro</strong></span> <span class='ocrx_word' id='word_1_108' title='bbox 1089 1264 1144 1317; x_wconf 90' lang='lat' dir='ltr'><strong>in</strong></span> <span class='ocrx_word' id='word_1_109' title='bbox 1190 1264 1455 1319; x_wconf 85' lang='lat' dir='ltr'><strong>comitatu</strong></span> <span class='ocrx_word' id='word_1_110' title='bbox 1506 1264 1600 1321; x_wconf 83' lang='lat' dir='ltr'><strong>illo</strong></span> <span class='ocrx_word' id='word_1_111' title='bbox 1632 1272 1786 1320; x_wconf 89' lang='lat' dir='ltr'><strong>erant</strong></span> <span class='ocrx_word' id='word_1_112' title='bbox 1833 1266 1932 1321; x_wconf 88' lang='lat' dir='ltr'><strong>ho-</strong></span> 
     </span>
    </p>
   </div>
   <div class='ocr_carea' id='block_1_13' title="bbox 323 1348 1934 1428">
    <p class='ocr_par' dir='ltr' id='par_1_13' title="bbox 323 1348 1934 1428">
     <span class='ocr_line' id='line_1_13' title="bbox 323 1348 1934 1428; baseline 0.006 -28"><span class='ocrx_word' id='word_1_113' title='bbox 323 1348 499 1403; x_wconf 87' lang='lat' dir='ltr'><strong>mines</strong></span> <span class='ocrx_word' id='word_1_114' title='bbox 528 1366 757 1405; x_wconf 89' lang='lat' dir='ltr'><strong>numero</strong></span> <span class='ocrx_word' id='word_1_115' title='bbox 797 1350 969 1406; x_wconf 85' lang='lat' dir='ltr'><strong>ferme</strong></span> <span class='ocrx_word' id='word_1_116' title='bbox 1016 1361 1235 1406; x_wconf 88' lang='lat' dir='ltr'><strong>centum</strong></span> <span class='ocrx_word' id='word_1_117' title='bbox 1267 1353 1569 1427; x_wconf 82' lang='lat' dir='ltr'><strong>octoginta.</strong></span> <span class='ocrx_word' id='word_1_118' title='bbox 1616 1353 1746 1408; x_wconf 92' lang='lat' dir='ltr'><strong>Cum</strong></span> <span class='ocrx_word' id='word_1_119' title='bbox 1801 1370 1934 1428; x_wconf 86' lang='lat' dir='ltr'><strong>ergo</strong></span> 
     </span>
    </p>
   </div>
   <div class='ocr_carea' id='block_1_14' title="bbox 316 1438 1943 1511">
    <p class='ocr_par' dir='ltr' id='par_1_14' title="bbox 316 1438 1943 1511">
     <span class='ocr_line' id='line_1_14' title="bbox 316 1438 1943 1511; baseline 0.005 -18"><span class='ocrx_word' id='word_1_120' title='bbox 316 1438 427 1505; x_wconf 88' lang='lat' dir='ltr'><strong>jam</strong></span> <span class='ocrx_word' id='word_1_121' title='bbox 497 1442 664 1495; x_wconf 90' lang='lat' dir='ltr'><strong>altum</strong></span> <span class='ocrx_word' id='word_1_122' title='bbox 712 1450 990 1508; x_wconf 83' lang='lat' dir='ltr'><strong>tenerent,</strong></span> <span class='ocrx_word' id='word_1_123' title='bbox 1049 1442 1357 1499; x_wconf 81' lang='lat' dir='ltr'><strong>velificante</strong></span> <span class='ocrx_word' id='word_1_124' title='bbox 1410 1443 1519 1500; x_wconf 87' lang='lat' dir='ltr'><strong>fide</strong></span> <span class='ocrx_word' id='word_1_125' title='bbox 1562 1445 1763 1511; x_wconf 90' lang='lat' dir='ltr'><strong>securi,</strong></span> <span class='ocrx_word' id='word_1_126' title='bbox 1812 1453 1943 1501; x_wconf 89' lang='lat' dir='ltr'><strong>tunc</strong></span> 
     </span>
    </p>
   </div>
   <div class='ocr_carea' id='block_1_15' title="bbox 324 1529 1941 1606">
    <p class='ocr_par' dir='ltr' id='par_1_15' title="bbox 324 1529 1941 1606">
     <span class='ocr_line' id='line_1_15' title="bbox 324 1529 1941 1606; baseline 0.006 -24"><span class='ocrx_word' id='word_1_127' title='bbox 324 1530 543 1583; x_wconf 89' lang='lat' dir='ltr'><strong>demum</strong></span> <span class='ocrx_word' id='word_1_128' title='bbox 579 1529 802 1584; x_wconf 89' lang='lat' dir='ltr'><strong>reducto</strong></span> <span class='ocrx_word' id='word_1_129' title='bbox 833 1529 974 1597; x_wconf 89' lang='lat' dir='ltr'><strong>visu,</strong></span> <span class='ocrx_word' id='word_1_130' title='bbox 1008 1531 1325 1587; x_wconf 88' lang='lat' dir='ltr'><strong>intellexere</strong></span> <span class='ocrx_word' id='word_1_131' title='bbox 1359 1533 1429 1588; x_wconf 91' lang='lat' dir='ltr'><strong>de</strong></span> <span class='ocrx_word' id='word_1_132' title='bbox 1457 1542 1662 1605; x_wconf 88' lang='lat' dir='ltr'><strong>quanto</strong></span> <span class='ocrx_word' id='word_1_133' title='bbox 1694 1536 1941 1606; x_wconf 90' lang='lat' dir='ltr'><strong>periculo</strong></span> 
     </span>
    </p>
   </div>
   <div class='ocr_carea' id='block_1_16' title="bbox 323 1618 1934 1696">
    <p class='ocr_par' dir='ltr' id='par_1_16' title="bbox 323 1618 1934 1696">
     <span class='ocr_line' id='line_1_16' title="bbox 323 1618 1934 1696; baseline 0.004 -23"><span class='ocrx_word' id='word_1_134' title='bbox 323 1633 420 1673; x_wconf 91' lang='lat' dir='ltr'><strong>eos</strong></span> <span class='ocrx_word' id='word_1_135' title='bbox 434 1618 638 1672; x_wconf 69' lang='lat' dir='ltr'><strong>eruerit</strong></span> <span class='ocrx_word' id='word_1_136' title='bbox 658 1618 973 1675; x_wconf 81' lang='lat' dir='ltr'><strong>misericors</strong></span> <span class='ocrx_word' id='word_1_137' title='bbox 994 1622 1241 1691; x_wconf 90' lang='lat' dir='ltr'><strong>potentia</strong></span> <span class='ocrx_word' id='word_1_138' title='bbox 1275 1623 1512 1689; x_wconf 91' lang='lat' dir='ltr'><strong>Domini,</strong></span> <span class='ocrx_word' id='word_1_139' title='bbox 1541 1624 1635 1696; x_wconf 87' lang='lat' dir='ltr'><strong>qui</strong></span> <span class='ocrx_word' id='word_1_140' title='bbox 1669 1625 1934 1680; x_wconf 55' lang='lat' dir='ltr'><strong>balanam</strong></span> 
     </span>
    </p>
   </div>
   <div class='ocr_carea' id='block_1_17' title="bbox 326 1711 1941 1782">
    <p class='ocr_par' dir='ltr' id='par_1_17' title="bbox 326 1711 1941 1782">
     <span class='ocr_line' id='line_1_17' title="bbox 326 1711 1941 1782; baseline 0.005 -18"><span class='ocrx_word' id='word_1_141' title='bbox 326 1727 424 1782; x_wconf 92' lang='lat' dir='ltr'><strong>pro</strong></span> <span class='ocrx_word' id='word_1_142' title='bbox 464 1711 644 1765; x_wconf 85' lang='lat' dir='ltr'><strong>insula</strong></span> <span class='ocrx_word' id='word_1_143' title='bbox 676 1718 961 1781; x_wconf 88' lang='lat' dir='ltr'><strong>paraverat</strong></span> <span class='ocrx_word' id='word_1_144' title='bbox 988 1711 1068 1766; x_wconf 91' lang='lat' dir='ltr'><strong>eis</strong></span> <span class='ocrx_word' id='word_1_145' title='bbox 1101 1712 1156 1767; x_wconf 91' lang='lat' dir='ltr'><strong>in</strong></span> <span class='ocrx_word' id='word_1_146' title='bbox 1178 1714 1362 1769; x_wconf 87' lang='lat' dir='ltr'><strong>medio</strong></span> <span class='ocrx_word' id='word_1_147' title='bbox 1390 1716 1549 1781; x_wconf 89' lang='lat' dir='ltr'><strong>mari,</strong></span> <span class='ocrx_word' id='word_1_148' title='bbox 1579 1724 1634 1771; x_wconf 91' lang='lat' dir='ltr'><strong>et</strong></span> <span class='ocrx_word' id='word_1_149' title='bbox 1659 1732 1779 1771; x_wconf 89' lang='lat' dir='ltr'><strong>eam</strong></span> <span class='ocrx_word' id='word_1_150' title='bbox 1803 1717 1941 1772; x_wconf 91' lang='lat' dir='ltr'><strong>sub-</strong></span> 
     </span>
    </p>
   </div>
   <div class='ocr_carea' id='block_1_18' title="bbox 325 1799 1938 1877">
    <p class='ocr_par' dir='ltr' id='par_1_18' title="bbox 325 1799 1938 1877">
     <span class='ocr_line' id='line_1_18' title="bbox 325 1799 1938 1877; baseline 0.004 -23"><span class='ocrx_word' id='word_1_151' title='bbox 325 1806 591 1855; x_wconf 89' lang='lat' dir='ltr'><strong>straverat</strong></span> <span class='ocrx_word' id='word_1_152' title='bbox 619 1799 1004 1855; x_wconf 85' lang='lat' dir='ltr'><strong>immobilitate</strong></span> <span class='ocrx_word' id='word_1_153' title='bbox 1037 1807 1142 1855; x_wconf 90' lang='lat' dir='ltr'><strong>tam</strong></span> <span class='ocrx_word' id='word_1_154' title='bbox 1173 1801 1380 1870; x_wconf 84' lang='lat' dir='ltr'><strong>stabili,</strong></span> <span class='ocrx_word' id='word_1_155' title='bbox 1415 1812 1475 1860; x_wconf 95' lang='lat' dir='ltr'><strong>ut</strong></span> <span class='ocrx_word' id='word_1_156' title='bbox 1506 1804 1643 1859; x_wconf 90' lang='lat' dir='ltr'><strong>nihil</strong></span> <span class='ocrx_word' id='word_1_157' title='bbox 1676 1806 1758 1861; x_wconf 89' lang='lat' dir='ltr'><strong>eis</strong></span> <span class='ocrx_word' id='word_1_158' title='bbox 1786 1805 1938 1877; x_wconf 89' lang='lat' dir='ltr'><strong>peri-</strong></span> 
     </span>
    </p>
   </div>
   <div class='ocr_carea' id='block_1_19' title="bbox 325 1888 1938 1966">
    <p class='ocr_par' dir='ltr' id='par_1_19' title="bbox 325 1888 1938 1966">
     <span class='ocr_line' id='line_1_19' title="bbox 325 1888 1938 1966; baseline 0.005 -23"><span class='ocrx_word' id='word_1_159' title='bbox 325 1888 434 1944; x_wconf 89' lang='lat' dir='ltr'><strong>culi</strong></span> <span class='ocrx_word' id='word_1_160' title='bbox 467 1888 758 1943; x_wconf 88' lang='lat' dir='ltr'><strong>incuteret.</strong></span> <span class='ocrx_word' id='word_1_161' title='bbox 805 1888 899 1944; x_wconf 90' lang='lat' dir='ltr'><strong>Cui</strong></span> <span class='ocrx_word' id='word_1_162' title='bbox 942 1896 1053 1944; x_wconf 90' lang='lat' dir='ltr'><strong>tum</strong></span> <span class='ocrx_word' id='word_1_163' title='bbox 1112 1900 1297 1961; x_wconf 87' lang='lat' dir='ltr'><strong>posset</strong></span> <span class='ocrx_word' id='word_1_164' title='bbox 1344 1908 1467 1948; x_wconf 90' lang='lat' dir='ltr'><strong>esse</strong></span> <span class='ocrx_word' id='word_1_165' title='bbox 1503 1894 1758 1963; x_wconf 89' lang='lat' dir='ltr'><strong>dubium,</strong></span> <span class='ocrx_word' id='word_1_166' title='bbox 1791 1896 1938 1966; x_wconf 89' lang='lat' dir='ltr'><strong>quod</strong></span> 
     </span>
    </p>
   </div>
   <div class='ocr_carea' id='block_1_20' title="bbox 326 1977 1938 2054">
    <p class='ocr_par' dir='ltr' id='par_1_20' title="bbox 326 1977 1938 2054">
     <span class='ocr_line' id='line_1_20' title="bbox 326 1977 1938 2054; baseline 0.004 -23"><span class='ocrx_word' id='word_1_167' title='bbox 326 1977 647 2032; x_wconf 87' lang='lat' dir='ltr'><strong>inevitabile</strong></span> <span class='ocrx_word' id='word_1_168' title='bbox 675 1993 869 2033; x_wconf 92' lang='lat' dir='ltr'><strong>omnes</strong></span> <span class='ocrx_word' id='word_1_169' title='bbox 898 1978 1259 2035; x_wconf 89' lang='lat' dir='ltr'><strong>incurrissent</strong></span> <span class='ocrx_word' id='word_1_170' title='bbox 1299 1982 1491 2037; x_wconf 89' lang='lat' dir='ltr'><strong>mortis</strong></span> <span class='ocrx_word' id='word_1_171' title='bbox 1520 1984 1853 2054; x_wconf 90' lang='lat' dir='ltr'><strong>periculum,</strong></span> <span class='ocrx_word' id='word_1_172' title='bbox 1893 1984 1938 2040; x_wconf 90' lang='lat' dir='ltr'><strong>si</strong></span> 
     </span>
    </p>
   </div>
   <div class='ocr_carea' id='block_1_21' title="bbox 326 2072 1943 2147">
    <p class='ocr_par' dir='ltr' id='par_1_21' title="bbox 326 2072 1943 2147">
     <span class='ocr_line' id='line_1_21' title="bbox 326 2072 1943 2147; baseline 0.004 -20"><span class='ocrx_word' id='word_1_173' title='bbox 326 2073 508 2127; x_wconf 80' lang='lat' dir='ltr'><strong>bellua</strong></span> <span class='ocrx_word' id='word_1_174' title='bbox 539 2072 933 2128; x_wconf 81' lang='lat' dir='ltr'><strong>immanissima</strong></span> <span class='ocrx_word' id='word_1_175' title='bbox 989 2074 1235 2130; x_wconf 88' lang='lat' dir='ltr'><strong>dedisset</strong></span> <span class='ocrx_word' id='word_1_176' title='bbox 1286 2077 1535 2147; x_wconf 89' lang='lat' dir='ltr'><strong>corporis</strong></span> <span class='ocrx_word' id='word_1_177' title='bbox 1576 2079 1663 2133; x_wconf 91' lang='lat' dir='ltr'><strong>sui</strong></span> <span class='ocrx_word' id='word_1_178' title='bbox 1693 2080 1943 2134; x_wconf 80' lang='lat' dir='ltr'><strong>motum?</strong></span> 
     </span>
    </p>
   </div>
   <div class='ocr_carea' id='block_1_22' title="bbox 329 2167 1943 2249">
    <p class='ocr_par' dir='ltr' id='par_1_22' title="bbox 329 2167 1943 2249">
     <span class='ocr_line' id='line_1_22' title="bbox 329 2167 1943 2249; baseline 0.004 -27"><span class='ocrx_word' id='word_1_179' title='bbox 329 2167 482 2222; x_wconf 85' lang='lat' dir='ltr'><strong>Unde</strong></span> <span class='ocrx_word' id='word_1_180' title='bbox 513 2183 705 2223; x_wconf 90' lang='lat' dir='ltr'><strong>omnes</strong></span> <span class='ocrx_word' id='word_1_181' title='bbox 734 2167 918 2223; x_wconf 76' lang='lat' dir='ltr'><strong>laetum</strong></span> <span class='ocrx_word' id='word_1_182' title='bbox 969 2177 1254 2225; x_wconf 87' lang='lat' dir='ltr'><strong>cantantes</strong></span> <span class='ocrx_word' id='word_1_183' title='bbox 1306 2172 1581 2238; x_wconf 88' lang='lat' dir='ltr'><strong>celeuma,</strong></span> <span class='ocrx_word' id='word_1_184' title='bbox 1615 2188 1781 2229; x_wconf 90' lang='lat' dir='ltr'><strong>voces</strong></span> <span class='ocrx_word' id='word_1_185' title='bbox 1817 2191 1943 2249; x_wconf 86' lang='lat' dir='ltr'><strong>gra-</strong></span> 
     </span>
    </p>
   </div>
   <div class='ocr_carea' id='block_1_23' title="bbox 328 2262 1792 2335">
    <p class='ocr_par' dir='ltr' id='par_1_23' title="bbox 328 2262 1792 2335">
     <span class='ocr_line' id='line_1_23' title="bbox 328 2262 1792 2335; baseline 0.004 -18"><span class='ocrx_word' id='word_1_186' title='bbox 328 2262 522 2317; x_wconf 90' lang='lat' dir='ltr'><strong>tiarum</strong></span> <span class='ocrx_word' id='word_1_187' title='bbox 557 2262 793 2318; x_wconf 86' lang='lat' dir='ltr'><strong>actionis</strong></span> <span class='ocrx_word' id='word_1_188' title='bbox 819 2264 1157 2318; x_wconf 85' lang='lat' dir='ltr'><strong>unanimiter</strong></span> <span class='ocrx_word' id='word_1_189' title='bbox 1178 2264 1463 2335; x_wconf 88' lang='lat' dir='ltr'><strong>jactabant</strong></span> <span class='ocrx_word' id='word_1_190' title='bbox 1491 2267 1561 2321; x_wconf 84' lang='lat' dir='ltr'><strong>ad</strong></span> <span class='ocrx_word' id='word_1_191' title='bbox 1588 2268 1792 2323; x_wconf 89' lang='lat' dir='ltr'><strong>sidera.</strong></span> 
     </span>
    </p>
   </div>
   <div class='ocr_carea' id='block_1_24' title="bbox 948 2355 1320 2412">
    <p class='ocr_par' dir='ltr' id='par_1_24' title="bbox 948 2355 1320 2412">
     <span class='ocr_line' id='line_1_24' title="bbox 948 2355 1320 2412; baseline 0.003 -1"><span class='ocrx_word' id='word_1_192' title='bbox 948 2355 1157 2412; x_wconf 85' lang='lat' dir='ltr'>CAPUT</span> <span class='ocrx_word' id='word_1_193' title='bbox 1184 2358 1320 2412; x_wconf 87' lang='lat' dir='ltr'><strong>VIII.</strong></span> 
     </span>
    </p>
   </div>
   <div class='ocr_carea' id='block_1_25' title="bbox 400 2445 1941 2519">
    <p class='ocr_par' dir='ltr' id='par_1_25' title="bbox 400 2445 1941 2519">
     <span class='ocr_line' id='line_1_25' title="bbox 400 2445 1941 2519; baseline 0.005 -19"><span class='ocrx_word' id='word_1_194' title='bbox 400 2446 609 2519; x_wconf 79' lang='lat' dir='ltr'><strong>Magnis</strong></span> <span class='ocrx_word' id='word_1_195' title='bbox 654 2446 861 2516; x_wconf 88' lang='lat' dir='ltr'><strong>majora</strong></span> <span class='ocrx_word' id='word_1_196' title='bbox 908 2445 1172 2501; x_wconf 89' lang='lat' dir='ltr'><strong>miracula</strong></span> <span class='ocrx_word' id='word_1_197' title='bbox 1218 2448 1544 2513; x_wconf 89' lang='lat' dir='ltr'><strong>succedunt,</strong></span> <span class='ocrx_word' id='word_1_198' title='bbox 1604 2458 1659 2504; x_wconf 93' lang='lat' dir='ltr'><strong>et</strong></span> <span class='ocrx_word' id='word_1_199' title='bbox 1698 2451 1941 2507; x_wconf 85' lang='lat' dir='ltr'><strong>novitate</strong></span> 
     </span>
    </p>
   </div>
   <div class='ocr_carea' id='block_1_26' title="bbox 328 2532 1940 2614">
    <p class='ocr_par' dir='ltr' id='par_1_26' title="bbox 328 2532 1940 2614">
     <span class='ocr_line' id='line_1_26' title="bbox 328 2532 1940 2614; baseline 0.004 -26"><span class='ocrx_word' id='word_1_200' title='bbox 328 2535 433 2599; x_wconf 89' lang='lat' dir='ltr'><strong>sui,</strong></span> <span class='ocrx_word' id='word_1_201' title='bbox 476 2535 826 2590; x_wconf 86' lang='lat' dir='ltr'><strong>devotionem</strong></span> <span class='ocrx_word' id='word_1_202' title='bbox 858 2532 1102 2589; x_wconf 86' lang='lat' dir='ltr'><strong>fidelium</strong></span> <span class='ocrx_word' id='word_1_203' title='bbox 1135 2535 1202 2589; x_wconf 93' lang='lat' dir='ltr'><strong>ad</strong></span> <span class='ocrx_word' id='word_1_204' title='bbox 1233 2536 1507 2590; x_wconf 89' lang='lat' dir='ltr'><strong>laudanda</strong></span> <span class='ocrx_word' id='word_1_205' title='bbox 1540 2537 1633 2592; x_wconf 90' lang='lat' dir='ltr'><strong>Dei</strong></span> <span class='ocrx_word' id='word_1_206' title='bbox 1665 2540 1940 2614; x_wconf 89' lang='lat' dir='ltr'><strong>magnalia</strong></span> 
     </span>
    </p>
   </div>
   <div class='ocr_carea' id='block_1_27' title="bbox 327 2624 1942 2700">
    <p class='ocr_par' dir='ltr' id='par_1_27' title="bbox 327 2624 1942 2700">
     <span class='ocr_line' id='line_1_27' title="bbox 327 2624 1942 2700; baseline 0.003 -19"><span class='ocrx_word' id='word_1_207' title='bbox 327 2626 709 2682; x_wconf 89' lang='lat' dir='ltr'><strong>vehementius</strong></span> <span class='ocrx_word' id='word_1_208' title='bbox 726 2625 997 2680; x_wconf 85' lang='lat' dir='ltr'><strong>accedunt</strong></span> <span class='ocrx_word' id='word_1_209' title='bbox 1045 2624 1172 2680; x_wconf 90' lang='lat' dir='ltr'><strong>Cum</strong></span> <span class='ocrx_word' id='word_1_210' title='bbox 1205 2633 1490 2698; x_wconf 88' lang='lat' dir='ltr'><strong>tantopere</strong></span> <span class='ocrx_word' id='word_1_211' title='bbox 1514 2643 1610 2699; x_wconf 91' lang='lat' dir='ltr'><strong>pro</strong></span> <span class='ocrx_word' id='word_1_212' title='bbox 1641 2631 1942 2700; x_wconf 67' lang='lat' dir='ltr'><strong>quaerenda</strong></span> 
     </span>
    </p>
   </div>
   <div class='ocr_carea' id='block_1_28' title="bbox 330 2716 1947 2787">
    <p class='ocr_par' dir='ltr' id='par_1_28' title="bbox 330 2716 1947 2787">
     <span class='ocr_line' id='line_1_28' title="bbox 330 2716 1947 2787; baseline 0.004 -15"><span class='ocrx_word' id='word_1_213' title='bbox 330 2717 423 2772; x_wconf 90' lang='lat' dir='ltr'><strong>illa</strong></span> <span class='ocrx_word' id='word_1_214' title='bbox 455 2718 748 2773; x_wconf 88' lang='lat' dir='ltr'><strong>laudabilis</strong></span> <span class='ocrx_word' id='word_1_215' title='bbox 802 2716 963 2772; x_wconf 75' lang='lat' dir='ltr'><strong>famae</strong></span> <span class='ocrx_word' id='word_1_216' title='bbox 995 2718 1173 2772; x_wconf 88' lang='lat' dir='ltr'><strong>insula</strong></span> <span class='ocrx_word' id='word_1_217' title='bbox 1228 2718 1563 2787; x_wconf 88' lang='lat' dir='ltr'><strong>laborarent,</strong></span> <span class='ocrx_word' id='word_1_218' title='bbox 1607 2720 1806 2777; x_wconf 89' lang='lat' dir='ltr'><strong>factum</strong></span> <span class='ocrx_word' id='word_1_219' title='bbox 1865 2729 1947 2778; x_wconf 89' lang='lat' dir='ltr'><strong>est</strong></span> 
     </span>
    </p>
   </div>
   <div class='ocr_carea' id='block_1_29' title="bbox 329 2807 1944 2881">
    <p class='ocr_par' dir='ltr' id='par_1_29' title="bbox 329 2807 1944 2881">
     <span class='ocr_line' id='line_1_29' title="bbox 329 2807 1944 2881; baseline 0.002 -18"><span class='ocrx_word' id='word_1_220' title='bbox 329 2814 389 2863; x_wconf 90' lang='lat' dir='ltr'><strong>ut</strong></span> <span class='ocrx_word' id='word_1_221' title='bbox 417 2807 483 2867; x_wconf 90' lang='lat' dir='ltr'><strong>ad</strong></span> <span class='ocrx_word' id='word_1_222' title='bbox 519 2808 678 2862; x_wconf 91' lang='lat' dir='ltr'><strong>aliam</strong></span> <span class='ocrx_word' id='word_1_223' title='bbox 714 2807 970 2870; x_wconf 84' lang='lat' dir='ltr'><strong>insulam,</strong></span> <span class='ocrx_word' id='word_1_224' title='bbox 1019 2807 1349 2878; x_wconf 89' lang='lat' dir='ltr'><strong>disponente</strong></span> <span class='ocrx_word' id='word_1_225' title='bbox 1390 2810 1524 2875; x_wconf 90' lang='lat' dir='ltr'><strong>Deo,</strong></span> <span class='ocrx_word' id='word_1_226' title='bbox 1564 2811 1944 2881; x_wconf 86' lang='lat' dir='ltr'><strong>applicarent:</strong></span> 
     </span>
    </p>
   </div>
   <div class='ocr_carea' id='block_1_30' title="bbox 330 2894 1948 2967">
    <p class='ocr_par' dir='ltr' id='par_1_30' title="bbox 330 2894 1948 2967">
     <span class='ocr_line' id='line_1_30' title="bbox 330 2894 1948 2967; baseline 0.003 -17"><span class='ocrx_word' id='word_1_227' title='bbox 330 2902 384 2950; x_wconf 89' lang='lat' dir='ltr'><strong>et</strong></span> <span class='ocrx_word' id='word_1_228' title='bbox 420 2894 575 2966; x_wconf 91' lang='lat' dir='ltr'><strong>potiti</strong></span> <span class='ocrx_word' id='word_1_229' title='bbox 639 2902 823 2965; x_wconf 87' lang='lat' dir='ltr'><strong>optata</strong></span> <span class='ocrx_word' id='word_1_230' title='bbox 863 2911 1050 2958; x_wconf 88' lang='lat' dir='ltr'><strong>arena,</strong></span> <span class='ocrx_word' id='word_1_231' title='bbox 1112 2896 1241 2950; x_wconf 91' lang='lat' dir='ltr'><strong>dum</strong></span> <span class='ocrx_word' id='word_1_232' title='bbox 1288 2912 1388 2967; x_wconf 90' lang='lat' dir='ltr'><strong>pro</strong></span> <span class='ocrx_word' id='word_1_233' title='bbox 1437 2897 1734 2953; x_wconf 90' lang='lat' dir='ltr'><strong>relevando</strong></span> <span class='ocrx_word' id='word_1_234' title='bbox 1784 2900 1948 2956; x_wconf 68' lang='lat' dir='ltr'><strong>taedio</strong></span> 
     </span>
    </p>
   </div>
   <div class='ocr_carea' id='block_1_31' title="bbox 2033 720 3654 799">
    <p class='ocr_par' dir='ltr' id='par_1_31' title="bbox 2033 720 3654 799">
     <span class='ocr_line' id='line_1_31' title="bbox 2033 720 3654 799; baseline 0.002 -24"><span class='ocrx_word' id='word_1_235' title='bbox 2033 720 2087 774; x_wconf 89' lang='lat' dir='ltr'><strong>in</strong></span> <span class='ocrx_word' id='word_1_236' title='bbox 2108 722 2355 797; x_wconf 83' lang='lat' dir='ltr'><strong>generali</strong></span> <span class='ocrx_word' id='word_1_237' title='bbox 2375 724 2624 778; x_wconf 91' lang='lat' dir='ltr'><strong>omnium</strong></span> <span class='ocrx_word' id='word_1_238' title='bbox 2653 725 3075 799; x_wconf 87' lang='lat' dir='ltr'><strong>regeneratione</strong></span> <span class='ocrx_word' id='word_1_239' title='bbox 3102 732 3508 780; x_wconf 88' lang='lat' dir='ltr'><strong>resurrecturus</strong></span> <span class='ocrx_word' id='word_1_240' title='bbox 3529 741 3654 780; x_wconf 90' lang='lat' dir='ltr'><strong>cum</strong></span> 
     </span>
    </p>
   </div>
   <div class='ocr_carea' id='block_1_32' title="bbox 2032 813 3659 883">
    <p class='ocr_par' dir='ltr' id='par_1_32' title="bbox 2032 813 3659 883">
     <span class='ocr_line' id='line_1_32' title="bbox 2032 813 3659 883; baseline 0.003 -16"><span class='ocrx_word' id='word_1_241' title='bbox 2032 813 2244 871; x_wconf 88' lang='lat' dir='ltr'><strong>Christo</strong></span> <span class='ocrx_word' id='word_1_242' title='bbox 2283 814 2517 871; x_wconf 88' lang='lat' dir='ltr'><strong>felicius.</strong></span> <span class='ocrx_word' id='word_1_243' title='bbox 2555 816 2678 872; x_wconf 68' lang='lat' dir='ltr'><strong>Haec</strong></span> <span class='ocrx_word' id='word_1_244' title='bbox 2705 823 2854 883; x_wconf 88' lang='lat' dir='ltr'><strong>sunt,</strong></span> <span class='ocrx_word' id='word_1_245' title='bbox 2886 816 3034 871; x_wconf 90' lang='lat' dir='ltr'><strong>bone</strong></span> <span class='ocrx_word' id='word_1_246' title='bbox 3085 816 3239 882; x_wconf 82' lang='lat' dir='ltr'><strong>Jesu,</strong></span> <span class='ocrx_word' id='word_1_247' title='bbox 3286 814 3518 871; x_wconf 87' lang='lat' dir='ltr'><strong>miriﬁca</strong></span> <span class='ocrx_word' id='word_1_248' title='bbox 3549 824 3659 872; x_wconf 72' lang='lat' dir='ltr'><strong>tuae</strong></span> 
     </span>
    </p>
   </div>
   <div class='ocr_carea' id='block_1_33' title="bbox 2032 902 3662 978">
    <p class='ocr_par' dir='ltr' id='par_1_33' title="bbox 2032 902 3662 978">
     <span class='ocr_line' id='line_1_33' title="bbox 2032 902 3662 978; baseline 0.002 -22"><span class='ocrx_word' id='word_1_249' title='bbox 2032 902 2334 959; x_wconf 85' lang='lat' dir='ltr'><strong>divinitatis</strong></span> <span class='ocrx_word' id='word_1_250' title='bbox 2377 919 2573 975; x_wconf 88' lang='lat' dir='ltr'><strong>opera:</strong></span> <span class='ocrx_word' id='word_1_251' title='bbox 2608 904 2725 960; x_wconf 65' lang='lat' dir='ltr'><strong>haec</strong></span> <span class='ocrx_word' id='word_1_252' title='bbox 2755 910 2884 959; x_wconf 87' lang='lat' dir='ltr'><strong>sunt</strong></span> <span class='ocrx_word' id='word_1_253' title='bbox 2929 903 3223 978; x_wconf 81' lang='lat' dir='ltr'><strong>magniﬁca</strong></span> <span class='ocrx_word' id='word_1_254' title='bbox 3271 911 3379 959; x_wconf 81' lang='lat' dir='ltr'><strong>tuae</strong></span> <span class='ocrx_word' id='word_1_255' title='bbox 3426 905 3662 975; x_wconf 86' lang='lat' dir='ltr'><strong>promis—</strong></span> 
     </span>
    </p>
   </div>
   <div class='ocr_carea' id='block_1_34' title="bbox 2030 995 3664 1069">
    <p class='ocr_par' dir='ltr' id='par_1_34' title="bbox 2030 995 3664 1069">
     <span class='ocr_line' id='line_1_34' title="bbox 2030 995 3664 1069; baseline 0.001 -20"><span class='ocrx_word' id='word_1_256' title='bbox 2030 995 2204 1051; x_wconf 89' lang='lat' dir='ltr'><strong>sionis</strong></span> <span class='ocrx_word' id='word_1_257' title='bbox 2232 1013 2484 1062; x_wconf 89' lang='lat' dir='ltr'><strong>munera,</strong></span> <span class='ocrx_word' id='word_1_258' title='bbox 2515 997 2719 1069; x_wconf 82' lang='lat' dir='ltr'><strong>quibus</strong></span> <span class='ocrx_word' id='word_1_259' title='bbox 2750 996 2989 1052; x_wconf 81' lang='lat' dir='ltr'><strong>fideliter</strong></span> <span class='ocrx_word' id='word_1_260' title='bbox 3035 996 3091 1051; x_wconf 91' lang='lat' dir='ltr'><strong>in</strong></span> <span class='ocrx_word' id='word_1_261' title='bbox 3122 1005 3175 1052; x_wconf 90' lang='lat' dir='ltr'><strong>te</strong></span> <span class='ocrx_word' id='word_1_262' title='bbox 3202 997 3494 1053; x_wconf 87' lang='lat' dir='ltr'><strong>credentes</strong></span> <span class='ocrx_word' id='word_1_263' title='bbox 3521 1013 3664 1053; x_wconf 87' lang='lat' dir='ltr'><strong>con-</strong></span> 
     </span>
    </p>
   </div>
   <div class='ocr_carea' id='block_1_35' title="bbox 2031 1083 3658 1157">
    <p class='ocr_par' dir='ltr' id='par_1_35' title="bbox 2031 1083 3658 1157">
     <span class='ocr_line' id='line_1_35' title="bbox 2031 1083 3658 1157; baseline 0.001 -19"><span class='ocrx_word' id='word_1_264' title='bbox 2031 1083 2240 1140; x_wconf 87' lang='lat' dir='ltr'><strong>solatur</strong></span> <span class='ocrx_word' id='word_1_265' title='bbox 2265 1092 2356 1140; x_wconf 91' lang='lat' dir='ltr'><strong>tua</strong></span> <span class='ocrx_word' id='word_1_266' title='bbox 2385 1085 2704 1141; x_wconf 88' lang='lat' dir='ltr'><strong>clementia.</strong></span> <span class='ocrx_word' id='word_1_267' title='bbox 2763 1109 2781 1133; x_wconf 77' lang='grc' dir='ltr'><strong>ι</strong></span> <span class='ocrx_word' id='word_1_268' title='bbox 2847 1085 2946 1150; x_wconf 85' lang='lat' dir='ltr'><strong>Qui</strong></span> <span class='ocrx_word' id='word_1_269' title='bbox 2979 1085 3177 1151; x_wconf 90' lang='lat' dir='ltr'><strong>credit,</strong></span> <span class='ocrx_word' id='word_1_270' title='bbox 3208 1086 3413 1157; x_wconf 85' lang='lat' dir='ltr'><strong>inquit,</strong></span> <span class='ocrx_word' id='word_1_271' title='bbox 3457 1086 3512 1140; x_wconf 90' lang='lat' dir='ltr'><strong>in</strong></span> <span class='ocrx_word' id='word_1_272' title='bbox 3544 1102 3658 1149; x_wconf 89' lang='lat' dir='ltr'><strong>me,</strong></span> 
     </span>
    </p>
   </div>
   <div class='ocr_carea' id='block_1_36' title="bbox 2032 1179 3658 1251">
    <p class='ocr_par' dir='ltr' id='par_1_36' title="bbox 2032 1179 3658 1251">
     <span class='ocr_line' id='line_1_36' title="bbox 2032 1179 3658 1251; baseline 0.001 -19"><span class='ocrx_word' id='word_1_273' title='bbox 2032 1192 2202 1248; x_wconf 87' lang='lat' dir='ltr'><strong>opera</strong></span> <span class='ocrx_word' id='word_1_274' title='bbox 2229 1195 2352 1251; x_wconf 76' lang='lat' dir='ltr'><strong>quae</strong></span> <span class='ocrx_word' id='word_1_275' title='bbox 2380 1195 2484 1251; x_wconf 80' lang='lat' dir='ltr'><strong>ego</strong></span> <span class='ocrx_word' id='word_1_276' title='bbox 2515 1179 2750 1246; x_wconf 88' lang='lat' dir='ltr'><strong>facio,et</strong></span> <span class='ocrx_word' id='word_1_277' title='bbox 2775 1179 2894 1250; x_wconf 88' lang='lat' dir='ltr'><strong>ipse</strong></span> <span class='ocrx_word' id='word_1_278' title='bbox 2926 1179 3108 1237; x_wconf 83' lang='lat' dir='ltr'><strong>faciet.</strong></span> <span class='ocrx_word' id='word_1_279' title='bbox 3139 1187 3194 1236; x_wconf 89' lang='lat' dir='ltr'><strong>et</strong></span> <span class='ocrx_word' id='word_1_280' title='bbox 3223 1180 3430 1248; x_wconf 87' lang='lat' dir='ltr'><strong>majora</strong></span> <span class='ocrx_word' id='word_1_281' title='bbox 3461 1181 3658 1235; x_wconf 90' lang='lat' dir='ltr'><strong>horum</strong></span> 
     </span>
    </p>
   </div>
   <div class='ocr_carea' id='block_1_37' title="bbox 2035 1265 3665 1341">
    <p class='ocr_par' dir='ltr' id='par_1_37' title="bbox 2035 1265 3665 1341">
     <span class='ocr_line' id='line_1_37' title="bbox 2035 1265 3665 1341; baseline -0.002 -20"><span class='ocrx_word' id='word_1_282' title='bbox 2035 1267 2198 1322; x_wconf 91' lang='lat' dir='ltr'><strong>faciet</strong></span> <span class='ocrx_word' id='word_1_283' title='bbox 2214 1268 2388 1338; x_wconf 82' lang='lat' dir='ltr'><strong>(Joan.</strong></span> <span class='ocrx_word' id='word_1_284' title='bbox 2410 1269 2541 1338; x_wconf 80' lang='lat' dir='ltr'><strong>xiv).</strong></span> <span class='ocrx_word' id='word_1_285' title='bbox 2569 1289 2594 1321; x_wconf 72' lang='lat' dir='ltr'><strong>in</strong></span> <span class='ocrx_word' id='word_1_286' title='bbox 2615 1269 2746 1334; x_wconf 76' lang='lat' dir='ltr'><strong>Quae</strong></span> <span class='ocrx_word' id='word_1_287' title='bbox 2778 1268 3006 1341; x_wconf 88' lang='lat' dir='ltr'><strong>quidem</strong></span> <span class='ocrx_word' id='word_1_288' title='bbox 3032 1282 3194 1339; x_wconf 88' lang='lat' dir='ltr'><strong>posse</strong></span> <span class='ocrx_word' id='word_1_289' title='bbox 3225 1266 3341 1321; x_wconf 89' lang='lat' dir='ltr'><strong>fieri</strong></span> <span class='ocrx_word' id='word_1_290' title='bbox 3360 1282 3457 1337; x_wconf 91' lang='lat' dir='ltr'><strong>per</strong></span> <span class='ocrx_word' id='word_1_291' title='bbox 3487 1265 3665 1319; x_wconf 88' lang='lat' dir='ltr'><strong>homi—</strong></span> 
     </span>
    </p>
   </div>
   <div class='ocr_carea' id='block_1_38' title="bbox 2036 1357 3667 1432">
    <p class='ocr_par' dir='ltr' id='par_1_38' title="bbox 2036 1357 3667 1432">
     <span class='ocr_line' id='line_1_38' title="bbox 2036 1357 3667 1432; baseline -0.002 -17"><span class='ocrx_word' id='word_1_292' title='bbox 2036 1376 2185 1425; x_wconf 88' lang='lat' dir='ltr'><strong>nem,</strong></span> <span class='ocrx_word' id='word_1_293' title='bbox 2212 1361 2302 1416; x_wconf 82' lang='lat' dir='ltr'><strong>vix</strong></span> <span class='ocrx_word' id='word_1_294' title='bbox 2357 1362 2504 1432; x_wconf 91' lang='lat' dir='ltr'><strong>apud</strong></span> <span class='ocrx_word' id='word_1_295' title='bbox 2545 1362 2798 1417; x_wconf 88' lang='lat' dir='ltr'><strong>homines</strong></span> <span class='ocrx_word' id='word_1_296' title='bbox 2837 1361 3115 1416; x_wconf 88' lang='lat' dir='ltr'><strong>obtineret</strong></span> <span class='ocrx_word' id='word_1_297' title='bbox 3152 1357 3350 1423; x_wconf 85' lang='lat' dir='ltr'><strong>fidem,</strong></span> <span class='ocrx_word' id='word_1_298' title='bbox 3399 1357 3503 1413; x_wconf 88' lang='lat' dir='ltr'><strong>nisi</strong></span> <span class='ocrx_word' id='word_1_299' title='bbox 3537 1373 3667 1428; x_wconf 87' lang='lat' dir='ltr'><strong>pro-</strong></span> 
     </span>
    </p>
   </div>
   <div class='ocr_carea' id='block_1_39' title="bbox 2042 1447 3670 1522">
    <p class='ocr_par' dir='ltr' id='par_1_39' title="bbox 2042 1447 3670 1522">
     <span class='ocr_line' id='line_1_39' title="bbox 2042 1447 3670 1522; baseline -0.001 -18"><span class='ocrx_word' id='word_1_300' title='bbox 2042 1450 2271 1505; x_wconf 90' lang='lat' dir='ltr'><strong>missum</strong></span> <span class='ocrx_word' id='word_1_301' title='bbox 2305 1450 2502 1506; x_wconf 89' lang='lat' dir='ltr'><strong>fuisset</strong></span> <span class='ocrx_word' id='word_1_302' title='bbox 2530 1467 2627 1522; x_wconf 90' lang='lat' dir='ltr'><strong>per</strong></span> <span class='ocrx_word' id='word_1_303' title='bbox 2658 1450 3000 1506; x_wconf 90' lang='lat' dir='ltr'><strong>Dominicum</strong></span> <span class='ocrx_word' id='word_1_304' title='bbox 3032 1448 3313 1505; x_wconf 89' lang='lat' dir='ltr'><strong>hominem</strong></span> <span class='ocrx_word' id='word_1_305' title='bbox 3349 1447 3519 1519; x_wconf 74' lang='lat'><strong>(967),</strong></span> <span class='ocrx_word' id='word_1_306' title='bbox 3546 1448 3670 1503; x_wconf 74' lang='lat' dir='ltr'><strong>haec</strong></span> 
     </span>
    </p>
   </div>
   <div class='ocr_carea' id='block_1_40' title="bbox 2044 1540 3185 1615">
    <p class='ocr_par' dir='ltr' id='par_1_40' title="bbox 2044 1540 3185 1615">
     <span class='ocr_line' id='line_1_40' title="bbox 2044 1540 3185 1615; baseline -0.002 -18"><span class='ocrx_word' id='word_1_307' title='bbox 2044 1540 2295 1598; x_wconf 88' lang='lat' dir='ltr'><strong>facienda</strong></span> <span class='ocrx_word' id='word_1_308' title='bbox 2335 1558 2456 1598; x_wconf 90' lang='lat' dir='ltr'><strong>esse</strong></span> <span class='ocrx_word' id='word_1_309' title='bbox 2489 1560 2589 1615; x_wconf 90' lang='lat' dir='ltr'><strong>per</strong></span> <span class='ocrx_word' id='word_1_310' title='bbox 2619 1541 2838 1597; x_wconf 86' lang='lat' dir='ltr'><strong>fidelem</strong></span> <span class='ocrx_word' id='word_1_311' title='bbox 2877 1541 3185 1597; x_wconf 90' lang='lat' dir='ltr'><strong>hominem.</strong></span> 
     </span>
    </p>
   </div>
   <div class='ocr_carea' id='block_1_41' title="bbox 2692 1630 3015 1687">
    <p class='ocr_par' dir='ltr' id='par_1_41' title="bbox 2692 1630 3015 1687">
     <span class='ocr_line' id='line_1_41' title="bbox 2692 1630 3015 1687; baseline -0.003 -2"><span class='ocrx_word' id='word_1_312' title='bbox 2692 1630 2900 1687; x_wconf 85' lang='lat' dir='ltr'><strong>CAPUT</strong></span> <span class='ocrx_word' id='word_1_313' title='bbox 2931 1630 3015 1685; x_wconf 84' lang='lat' dir='ltr'><strong>IX.</strong></span> 
     </span>
    </p>
   </div>
   <div class='ocr_carea' id='block_1_42' title="bbox 2113 1717 3663 1791">
    <p class='ocr_par' dir='ltr' id='par_1_42' title="bbox 2113 1717 3663 1791">
     <span class='ocr_line' id='line_1_42' title="bbox 2113 1717 3663 1791; baseline 0 -18"><span class='ocrx_word' id='word_1_314' title='bbox 2113 1719 2388 1775; x_wconf 86' lang='lat' dir='ltr'><strong>Exhausto</strong></span> <span class='ocrx_word' id='word_1_315' title='bbox 2440 1718 2713 1773; x_wconf 88' lang='lat' dir='ltr'><strong>incassum</strong></span> <span class='ocrx_word' id='word_1_316' title='bbox 2767 1717 3132 1791; x_wconf 87' lang='lat' dir='ltr'><strong>navigationis</strong></span> <span class='ocrx_word' id='word_1_317' title='bbox 3185 1718 3370 1774; x_wconf 89' lang='lat' dir='ltr'><strong>labore</strong></span> <span class='ocrx_word' id='word_1_318' title='bbox 3424 1717 3663 1779; x_wconf 87' lang='lat' dir='ltr'><strong>diutino,</strong></span> 
     </span>
    </p>
   </div>
   <div class='ocr_carea' id='block_1_43' title="bbox 2041 1805 3665 1878">
    <p class='ocr_par' dir='ltr' id='par_1_43' title="bbox 2041 1805 3665 1878">
     <span class='ocr_line' id='line_1_43' title="bbox 2041 1805 3665 1878; baseline -0.001 -17"><span class='ocrx_word' id='word_1_319' title='bbox 2041 1813 2328 1877; x_wconf 86' lang='lat' dir='ltr'><strong>postquam</strong></span> <span class='ocrx_word' id='word_1_320' title='bbox 2362 1807 2513 1862; x_wconf 91' lang='lat' dir='ltr'><strong>nulla</strong></span> <span class='ocrx_word' id='word_1_321' title='bbox 2533 1822 2663 1878; x_wconf 89' lang='lat' dir='ltr'><strong>spes</strong></span> <span class='ocrx_word' id='word_1_322' title='bbox 2690 1807 3055 1861; x_wconf 88' lang='lat' dir='ltr'><strong>desideratam</strong></span> <span class='ocrx_word' id='word_1_323' title='bbox 3075 1805 3310 1861; x_wconf 89' lang='lat' dir='ltr'><strong>insulam</strong></span> <span class='ocrx_word' id='word_1_324' title='bbox 3341 1806 3665 1861; x_wconf 90' lang='lat' dir='ltr'><strong>inveniendi</strong></span> 
     </span>
    </p>
   </div>
   <div class='ocr_carea' id='block_1_44' title="bbox 2042 1898 3661 1970">
    <p class='ocr_par' dir='ltr' id='par_1_44' title="bbox 2042 1898 3661 1970">
     <span class='ocr_line' id='line_1_44' title="bbox 2042 1898 3661 1970; baseline 0.001 -18"><span class='ocrx_word' id='word_1_325' title='bbox 2042 1899 2322 1965; x_wconf 88' lang='lat' dir='ltr'><strong>aspirabat</strong></span> <span class='ocrx_word' id='word_1_326' title='bbox 2379 1899 2470 1970; x_wconf 93' lang='lat' dir='ltr'><strong>pio</strong></span> <span class='ocrx_word' id='word_1_327' title='bbox 2517 1914 2709 1954; x_wconf 91' lang='lat' dir='ltr'><strong>eorum</strong></span> <span class='ocrx_word' id='word_1_328' title='bbox 2749 1898 3055 1963; x_wconf 87' lang='lat' dir='ltr'><strong>desiderio,</strong></span> <span class='ocrx_word' id='word_1_329' title='bbox 3095 1904 3387 1954; x_wconf 90' lang='lat' dir='ltr'><strong>retractato</strong></span> <span class='ocrx_word' id='word_1_330' title='bbox 3422 1898 3661 1954; x_wconf 84' lang='lat' dir='ltr'><strong>invicem</strong></span> 
     </span>
    </p>
   </div>
   <div class='ocr_carea' id='block_1_45' title="bbox 2042 1985 3667 2061">
    <p class='ocr_par' dir='ltr' id='par_1_45' title="bbox 2042 1985 3667 2061">
     <span class='ocr_line' id='line_1_45' title="bbox 2042 1985 3667 2061; baseline 0 -20"><span class='ocrx_word' id='word_1_331' title='bbox 2042 1986 2299 2051; x_wconf 90' lang='lat' dir='ltr'><strong>consilio,</strong></span> <span class='ocrx_word' id='word_1_332' title='bbox 2331 1986 2781 2043; x_wconf 90' lang='lat' dir='ltr'><strong>deliberaverunt</strong></span> <span class='ocrx_word' id='word_1_333' title='bbox 2803 1985 2973 2042; x_wconf 83' lang='lat' dir='ltr'><strong>finem</strong></span> <span class='ocrx_word' id='word_1_334' title='bbox 2990 1986 3173 2042; x_wconf 91' lang='lat' dir='ltr'><strong>facere</strong></span> <span class='ocrx_word' id='word_1_335' title='bbox 3198 1992 3307 2042; x_wconf 90' lang='lat' dir='ltr'><strong>tam</strong></span> <span class='ocrx_word' id='word_1_336' title='bbox 3329 1987 3497 2061; x_wconf 85' lang='lat' dir='ltr'><strong>longo</strong></span> <span class='ocrx_word' id='word_1_337' title='bbox 3522 1994 3667 2056; x_wconf 88' lang='lat' dir='ltr'><strong>post-</strong></span> 
     </span>
    </p>
   </div>
   <div class='ocr_carea' id='block_1_46' title="bbox 2042 2080 3665 2155">
    <p class='ocr_par' dir='ltr' id='par_1_46' title="bbox 2042 2080 3665 2155">
     <span class='ocr_line' id='line_1_46' title="bbox 2042 2080 3665 2155; baseline 0 -21"><span class='ocrx_word' id='word_1_338' title='bbox 2042 2081 2277 2137; x_wconf 91' lang='lat' dir='ltr'><strong>liminio.</strong></span> <span class='ocrx_word' id='word_1_339' title='bbox 2330 2080 2447 2135; x_wconf 83' lang='lat' dir='ltr'><strong>Jam</strong></span> <span class='ocrx_word' id='word_1_340' title='bbox 2509 2081 2656 2136; x_wconf 89' lang='lat' dir='ltr'><strong>enim</strong></span> <span class='ocrx_word' id='word_1_341' title='bbox 2704 2082 3059 2152; x_wconf 87' lang='lat' dir='ltr'><strong>septennium</strong></span> <span class='ocrx_word' id='word_1_342' title='bbox 3102 2080 3156 2135; x_wconf 92' lang='lat' dir='ltr'><strong>in</strong></span> <span class='ocrx_word' id='word_1_343' title='bbox 3190 2082 3293 2137; x_wconf 91' lang='lat' dir='ltr'><strong>hac</strong></span> <span class='ocrx_word' id='word_1_344' title='bbox 3340 2081 3665 2155; x_wconf 89' lang='lat' dir='ltr'><strong>peregrina-</strong></span> 
     </span>
    </p>
   </div>
   <div class='ocr_carea' id='block_1_47' title="bbox 2044 2171 3667 2243">
    <p class='ocr_par' dir='ltr' id='par_1_47' title="bbox 2044 2171 3667 2243">
     <span class='ocr_line' id='line_1_47' title="bbox 2044 2171 3667 2243; baseline -0.001 -16"><span class='ocrx_word' id='word_1_345' title='bbox 2044 2173 2193 2228; x_wconf 88' lang='lat' dir='ltr'><strong>tione</strong></span> <span class='ocrx_word' id='word_1_346' title='bbox 2222 2172 2602 2243; x_wconf 86' lang='lat' dir='ltr'><strong>expleverant,</strong></span> <span class='ocrx_word' id='word_1_347' title='bbox 2652 2179 2708 2228; x_wconf 87' lang='lat' dir='ltr'><strong>et</strong></span> <span class='ocrx_word' id='word_1_348' title='bbox 2745 2179 2958 2243; x_wconf 87' lang='lat' dir='ltr'><strong>septem</strong></span> <span class='ocrx_word' id='word_1_349' title='bbox 3009 2172 3286 2228; x_wconf 87' lang='lat' dir='ltr'><strong>Paschalis</strong></span> <span class='ocrx_word' id='word_1_350' title='bbox 3326 2171 3667 2228; x_wconf 88' lang='lat' dir='ltr'><strong>celebritatis</strong></span> 
     </span>
    </p>
   </div>
   <div class='ocr_carea' id='block_1_48' title="bbox 2045 2263 3665 2334">
    <p class='ocr_par' dir='ltr' id='par_1_48' title="bbox 2045 2263 3665 2334">
     <span class='ocr_line' id='line_1_48' title="bbox 2045 2263 3665 2334; baseline 0 -17"><span class='ocrx_word' id='word_1_351' title='bbox 2045 2279 2298 2319; x_wconf 90' lang='lat' dir='ltr'><strong>recursus</strong></span> <span class='ocrx_word' id='word_1_352' title='bbox 2350 2263 2870 2328; x_wconf 87' lang='lat' dir='ltr'><strong>solemnizaverant,</strong></span> <span class='ocrx_word' id='word_1_353' title='bbox 2903 2271 2959 2318; x_wconf 90' lang='lat' dir='ltr'><strong>et</strong></span> <span class='ocrx_word' id='word_1_354' title='bbox 3007 2279 3108 2334; x_wconf 88' lang='lat' dir='ltr'><strong>per</strong></span> <span class='ocrx_word' id='word_1_355' title='bbox 3150 2269 3362 2318; x_wconf 88' lang='lat' dir='ltr'><strong>certum</strong></span> <span class='ocrx_word' id='word_1_356' title='bbox 3419 2263 3665 2318; x_wconf 90' lang='lat' dir='ltr'><strong>laborem</strong></span> 
     </span>
    </p>
   </div>
   <div class='ocr_carea' id='block_1_49' title="bbox 2046 2354 3670 2425">
    <p class='ocr_par' dir='ltr' id='par_1_49' title="bbox 2046 2354 3670 2425">
     <span class='ocr_line' id='line_1_49' title="bbox 2046 2354 3670 2425; baseline 0 -16"><span class='ocrx_word' id='word_1_357' title='bbox 2046 2355 2184 2410; x_wconf 88' lang='lat' dir='ltr'><strong>nihil</strong></span> <span class='ocrx_word' id='word_1_358' title='bbox 2215 2355 2396 2410; x_wconf 90' lang='lat' dir='ltr'><strong>adhuc</strong></span> <span class='ocrx_word' id='word_1_359' title='bbox 2435 2355 2567 2409; x_wconf 91' lang='lat' dir='ltr'><strong>certi</strong></span> <span class='ocrx_word' id='word_1_360' title='bbox 2596 2355 2651 2409; x_wconf 93' lang='lat' dir='ltr'><strong>in</strong></span> <span class='ocrx_word' id='word_1_361' title='bbox 2674 2354 2861 2410; x_wconf 91' lang='lat' dir='ltr'><strong>animo</strong></span> <span class='ocrx_word' id='word_1_362' title='bbox 2892 2354 3172 2409; x_wconf 87' lang='lat' dir='ltr'><strong>habebant</strong></span> <span class='ocrx_word' id='word_1_363' title='bbox 3235 2355 3511 2409; x_wconf 84' lang='lat' dir='ltr'><strong>Reversus</strong></span> <span class='ocrx_word' id='word_1_364' title='bbox 3536 2370 3670 2425; x_wconf 76' lang='lat' dir='ltr'><strong>ergo</strong></span> 
     </span>
    </p>
   </div>
   <div class='ocr_carea' id='block_1_50' title="bbox 2044 2442 3672 2514">
    <p class='ocr_par' dir='ltr' id='par_1_50' title="bbox 2044 2442 3672 2514">
     <span class='ocr_line' id='line_1_50' title="bbox 2044 2442 3672 2514; baseline -0.001 -15"><span class='ocrx_word' id='word_1_365' title='bbox 2044 2443 2127 2499; x_wconf 89' lang='lat' dir='ltr'><strong>vir</strong></span> <span class='ocrx_word' id='word_1_366' title='bbox 2154 2450 2380 2498; x_wconf 90' lang='lat' dir='ltr'><strong>sanctus</strong></span> <span class='ocrx_word' id='word_1_367' title='bbox 2409 2443 2477 2496; x_wconf 87' lang='lat' dir='ltr'><strong>ad</strong></span> <span class='ocrx_word' id='word_1_368' title='bbox 2504 2442 2703 2498; x_wconf 88' lang='lat' dir='ltr'><strong>avitam</strong></span> <span class='ocrx_word' id='word_1_369' title='bbox 2746 2443 3001 2513; x_wconf 85' lang='lat' dir='ltr'><strong>patriam,</strong></span> <span class='ocrx_word' id='word_1_370' title='bbox 3044 2442 3288 2498; x_wconf 91' lang='lat' dir='ltr'><strong>reddidit</strong></span> <span class='ocrx_word' id='word_1_371' title='bbox 3342 2442 3672 2514; x_wconf 90' lang='lat' dir='ltr'><strong>parentibus</strong></span> 
     </span>
    </p>
   </div>
   <div class='ocr_carea' id='block_1_51' title="bbox 2041 2526 3673 2606">
    <p class='ocr_par' dir='ltr' id='par_1_51' title="bbox 2041 2526 3673 2606">
     <span class='ocr_line' id='line_1_51' title="bbox 2041 2526 3673 2606; baseline -0.001 -15"><span class='ocrx_word' id='word_1_372' title='bbox 2041 2537 2159 2591; x_wconf 91' lang='lat' dir='ltr'><strong>suis</strong></span> <span class='ocrx_word' id='word_1_373' title='bbox 2188 2526 2559 2590; x_wconf 87' lang='lat' dir='ltr'><strong>desideratam</strong></span> <span class='ocrx_word' id='word_1_374' title='bbox 2592 2534 3003 2590; x_wconf 88' lang='lat' dir='ltr'><strong>diutissimesui</strong></span> <span class='ocrx_word' id='word_1_375' title='bbox 3034 2534 3387 2606; x_wconf 69' lang='lat' dir='ltr'><strong>praesentiam</strong></span> <span class='ocrx_word' id='word_1_376' title='bbox 3409 2554 3427 2589; x_wconf 91' lang='lat'><strong>:</strong></span> <span class='ocrx_word' id='word_1_377' title='bbox 3459 2541 3513 2590; x_wconf 86' lang='lat' dir='ltr'><strong>et</strong></span> <span class='ocrx_word' id='word_1_378' title='bbox 3542 2536 3673 2606; x_wconf 88' lang='lat' dir='ltr'><strong>quia</strong></span> 
     </span>
    </p>
   </div>
   <div class='ocr_carea' id='block_1_52' title="bbox 2044 2623 3673 2695">
    <p class='ocr_par' dir='ltr' id='par_1_52' title="bbox 2044 2623 3673 2695">
     <span class='ocr_line' id='line_1_52' title="bbox 2044 2623 3673 2695; baseline -0.004 -15"><span class='ocrx_word' id='word_1_379' title='bbox 2044 2625 2100 2680; x_wconf 92' lang='lat' dir='ltr'><strong>in</strong></span> <span class='ocrx_word' id='word_1_380' title='bbox 2132 2624 2295 2680; x_wconf 88' lang='lat' dir='ltr'><strong>terris</strong></span> <span class='ocrx_word' id='word_1_381' title='bbox 2323 2623 2571 2694; x_wconf 90' lang='lat' dir='ltr'><strong>nequivit</strong></span> <span class='ocrx_word' id='word_1_382' title='bbox 2601 2623 2853 2678; x_wconf 90' lang='lat' dir='ltr'><strong>invenire</strong></span> <span class='ocrx_word' id='word_1_383' title='bbox 2882 2630 3082 2695; x_wconf 65' lang='lat' dir='ltr'><strong>optatae</strong></span> <span class='ocrx_word' id='word_1_384' title='bbox 3112 2623 3392 2679; x_wconf 89' lang='lat' dir='ltr'><strong>felicitatis</strong></span> <span class='ocrx_word' id='word_1_385' title='bbox 3411 2623 3673 2679; x_wconf 65' lang='lat' dir='ltr'><strong>insulam.</strong></span> 
     </span>
    </p>
   </div>
   <div class='ocr_carea' id='block_1_53' title="bbox 2041 2715 3673 2790">
    <p class='ocr_par' dir='ltr' id='par_1_53' title="bbox 2041 2715 3673 2790">
     <span class='ocr_line' id='line_1_53' title="bbox 2041 2715 3673 2790; baseline -0.001 -18"><span class='ocrx_word' id='word_1_386' title='bbox 2041 2719 2228 2790; x_wconf 91' lang='lat' dir='ltr'><strong>jugem</strong></span> <span class='ocrx_word' id='word_1_387' title='bbox 2271 2724 2434 2772; x_wconf 89' lang='lat' dir='ltr'><strong>noctu</strong></span> <span class='ocrx_word' id='word_1_388' title='bbox 2458 2716 2666 2788; x_wconf 91' lang='lat' dir='ltr'><strong>diuque</strong></span> <span class='ocrx_word' id='word_1_389' title='bbox 2697 2715 2866 2771; x_wconf 90' lang='lat' dir='ltr'><strong>dabat</strong></span> <span class='ocrx_word' id='word_1_390' title='bbox 2895 2731 3143 2786; x_wconf 89' lang='lat' dir='ltr'><strong>operam,</strong></span> <span class='ocrx_word' id='word_1_391' title='bbox 3184 2716 3320 2771; x_wconf 91' lang='lat' dir='ltr'><strong>utin</strong></span> <span class='ocrx_word' id='word_1_392' title='bbox 3352 2715 3508 2771; x_wconf 79' lang='lat' dir='ltr'><strong>ccelis</strong></span> <span class='ocrx_word' id='word_1_393' title='bbox 3539 2732 3673 2786; x_wconf 88' lang='lat' dir='ltr'><strong>per-</strong></span> 
     </span>
    </p>
   </div>
   <div class='ocr_carea' id='block_1_54' title="bbox 2051 2806 3671 2879">
    <p class='ocr_par' dir='ltr' id='par_1_54' title="bbox 2051 2806 3671 2879">
     <span class='ocr_line' id='line_1_54' title="bbox 2051 2806 3671 2879; baseline 0 -17"><span class='ocrx_word' id='word_1_394' title='bbox 2051 2814 2230 2879; x_wconf 66' lang='lat' dir='ltr'><strong>petuae</strong></span> <span class='ocrx_word' id='word_1_395' title='bbox 2259 2806 2619 2861; x_wconf 88' lang='lat' dir='ltr'><strong>beatitudinis</strong></span> <span class='ocrx_word' id='word_1_396' title='bbox 2650 2813 2958 2861; x_wconf 87' lang='lat' dir='ltr'><strong>mereretur</strong></span> <span class='ocrx_word' id='word_1_397' title='bbox 2986 2806 3194 2862; x_wconf 87' lang='lat' dir='ltr'><strong>habere</strong></span> <span class='ocrx_word' id='word_1_398' title='bbox 3225 2806 3476 2877; x_wconf 87' lang='lat' dir='ltr'><strong>patriam.</strong></span> <span class='ocrx_word' id='word_1_399' title='bbox 3499 2807 3671 2875; x_wconf 86' lang='lat' dir='ltr'><strong>Deus,</strong></span> 
     </span>
    </p>
   </div>
   <div class='ocr_carea' id='block_1_55' title="bbox 2052 2896 3674 2971">
    <p class='ocr_par' dir='ltr' id='par_1_55' title="bbox 2052 2896 3674 2971">
     <span class='ocr_line' id='line_1_55' title="bbox 2052 2896 3674 2971; baseline -0.002 -17"><span class='ocrx_word' id='word_1_400' title='bbox 2052 2899 2146 2970; x_wconf 90' lang='lat' dir='ltr'><strong>qui</strong></span> <span class='ocrx_word' id='word_1_401' title='bbox 2179 2898 2461 2953; x_wconf 91' lang='lat' dir='ltr'><strong>hominem</strong></span> <span class='ocrx_word' id='word_1_402' title='bbox 2503 2897 2678 2971; x_wconf 90' lang='lat' dir='ltr'><strong>gratia</strong></span> <span class='ocrx_word' id='word_1_403' title='bbox 2707 2914 2804 2954; x_wconf 91' lang='lat' dir='ltr'><strong>sua</strong></span> <span class='ocrx_word' id='word_1_404' title='bbox 2837 2898 3123 2968; x_wconf 68' lang='lat' dir='ltr'><strong>praevenit,</strong></span> <span class='ocrx_word' id='word_1_405' title='bbox 3165 2906 3225 2953; x_wconf 92' lang='lat' dir='ltr'><strong>ut</strong></span> <span class='ocrx_word' id='word_1_406' title='bbox 3254 2896 3460 2953; x_wconf 91' lang='lat' dir='ltr'><strong>bonum</strong></span> <span class='ocrx_word' id='word_1_407' title='bbox 3503 2898 3674 2953; x_wconf 80' lang='lat' dir='ltr'><strong>velit:</strong></span> 
     </span>
    </p>
   </div>
   <div class='ocr_carea' id='block_1_56' title="bbox 333 2985 3671 3060">
    <p class='ocr_par' dir='ltr' id='par_1_56' title="bbox 333 2985 3671 3060">
     <span class='ocr_line' id='line_1_56' title="bbox 333 2985 3671 3060; baseline 0 -20"><span class='ocrx_word' id='word_1_408' title='bbox 333 2985 700 3059; x_wconf 83' lang='lat' dir='ltr'><strong>navigationis</strong></span> <span class='ocrx_word' id='word_1_409' title='bbox 722 2986 1120 3056; x_wconf 88' lang='lat' dir='ltr'><strong>perlustrarent</strong></span> <span class='ocrx_word' id='word_1_410' title='bbox 1157 2987 1398 3060; x_wconf 81' lang='lat' dir='ltr'><strong>singula,</strong></span> <span class='ocrx_word' id='word_1_411' title='bbox 1432 2987 1724 3044; x_wconf 78' lang='lat' dir='ltr'><strong>offendunt</strong></span> <span class='ocrx_word' id='word_1_412' title='bbox 1757 2997 1942 3046; x_wconf 88' lang='lat' dir='ltr'><strong>tumu-</strong></span> <span class='ocrx_word' id='word_1_413' title='bbox 1974 3022 2019 3060; x_wconf 73' lang='grc' dir='ltr'><strong><em>ρ</em></strong></span> <span class='ocrx_word' id='word_1_414' title='bbox 2051 2996 2105 3041; x_wconf 89' lang='lat' dir='ltr'><strong>et</strong></span> <span class='ocrx_word' id='word_1_415' title='bbox 2161 2986 2539 3057; x_wconf 86' lang='lat' dir='ltr'><strong>subsequitur,</strong></span> <span class='ocrx_word' id='word_1_416' title='bbox 2596 2992 2656 3041; x_wconf 91' lang='lat' dir='ltr'><strong>ut</strong></span> <span class='ocrx_word' id='word_1_417' title='bbox 2707 2986 2939 3057; x_wconf 89' lang='lat' dir='ltr'><strong>implere</strong></span> <span class='ocrx_word' id='word_1_418' title='bbox 3000 2987 3196 3057; x_wconf 89' lang='lat' dir='ltr'><strong>possit,</strong></span> <span class='ocrx_word' id='word_1_419' title='bbox 3256 3002 3381 3041; x_wconf 89' lang='lat' dir='ltr'><strong>eum</strong></span> <span class='ocrx_word' id='word_1_420' title='bbox 3430 2986 3540 3041; x_wconf 90' lang='lat' dir='ltr'><strong>voti</strong></span> <span class='ocrx_word' id='word_1_421' title='bbox 3582 2987 3671 3040; x_wconf 91' lang='lat' dir='ltr'><strong>sui</strong></span> 
     </span>
    </p>
   </div>
   <div class='ocr_carea' id='block_1_57' title="bbox 333 3074 1943 3151">
    <p class='ocr_par' dir='ltr' id='par_1_57' title="bbox 333 3074 1943 3151">
     <span class='ocr_line' id='line_1_57' title="bbox 333 3074 1943 3151; baseline 0.005 -24"><span class='ocrx_word' id='word_1_422' title='bbox 333 3074 443 3128; x_wconf 89' lang='lat' dir='ltr'><strong>lum</strong></span> <span class='ocrx_word' id='word_1_423' title='bbox 501 3074 705 3144; x_wconf 89' lang='lat' dir='ltr'><strong>sepulti</strong></span> <span class='ocrx_word' id='word_1_424' title='bbox 739 3074 995 3136; x_wconf 91' lang='lat' dir='ltr'><strong>hominis,</strong></span> <span class='ocrx_word' id='word_1_425' title='bbox 1052 3090 1215 3146; x_wconf 89' lang='lat' dir='ltr'><strong>quem</strong></span> <span class='ocrx_word' id='word_1_426' title='bbox 1264 3075 1433 3130; x_wconf 89' lang='lat' dir='ltr'><strong>fuisse</strong></span> <span class='ocrx_word' id='word_1_427' title='bbox 1463 3076 1736 3151; x_wconf 65' lang='lat' dir='ltr'><strong>gigantem</strong></span> <span class='ocrx_word' id='word_1_428' title='bbox 1782 3079 1943 3135; x_wconf 83' lang='lat' dir='ltr'><strong>molis</strong></span> 
     </span>
    </p>
   </div>
   <div class='ocr_carea' id='block_1_58' title="bbox 331 3165 1943 3243">
    <p class='ocr_par' dir='ltr' id='par_1_58' title="bbox 331 3165 1943 3243">
     <span class='ocr_line' id='line_1_58' title="bbox 331 3165 1943 3243; baseline 0.004 -22"><span class='ocrx_word' id='word_1_429' title='bbox 331 3173 386 3221; x_wconf 90' lang='lat' dir='ltr'><strong>et</strong></span> <span class='ocrx_word' id='word_1_430' title='bbox 417 3165 783 3236; x_wconf 90' lang='lat' dir='ltr'><strong>proceritatis,</strong></span> <span class='ocrx_word' id='word_1_431' title='bbox 818 3167 1086 3237; x_wconf 88' lang='lat' dir='ltr'><strong>prodebat</strong></span> <span class='ocrx_word' id='word_1_432' title='bbox 1115 3167 1363 3240; x_wconf 82' lang='lat' dir='ltr'><strong>inspecta</strong></span> <span class='ocrx_word' id='word_1_433' title='bbox 1393 3169 1631 3241; x_wconf 89' lang='lat' dir='ltr'><strong>qualitas</strong></span> <span class='ocrx_word' id='word_1_434' title='bbox 1660 3187 1943 3243; x_wconf 57' lang='lat' dir='ltr'><strong>corporea</strong></span> 
     </span>
    </p>
   </div>
   <div class='ocr_carea' id='block_1_59' title="bbox 332 3259 1944 3336">
    <p class='ocr_par' dir='ltr' id='par_1_59' title="bbox 332 3259 1944 3336">
     <span class='ocr_line' id='line_1_59' title="bbox 332 3259 1944 3336; baseline 0.007 -24"><span class='ocrx_word' id='word_1_435' title='bbox 332 3259 749 3334; x_wconf 83' lang='lat' dir='ltr'><strong>magnitudinis.</strong></span> <span class='ocrx_word' id='word_1_436' title='bbox 800 3261 972 3317; x_wconf 86' lang='lat' dir='ltr'><strong>Motus</strong></span> <span class='ocrx_word' id='word_1_437' title='bbox 1005 3278 1138 3336; x_wconf 80' lang='lat' dir='ltr'><strong>ergo</strong></span> <span class='ocrx_word' id='word_1_438' title='bbox 1182 3263 1264 3318; x_wconf 88' lang='lat' dir='ltr'><strong>vir</strong></span> <span class='ocrx_word' id='word_1_439' title='bbox 1299 3264 1424 3335; x_wconf 91' lang='lat' dir='ltr'><strong>pius</strong></span> <span class='ocrx_word' id='word_1_440' title='bbox 1453 3266 1810 3322; x_wconf 80' lang='lat' dir='ltr'><strong>miseratione</strong></span> <span class='ocrx_word' id='word_1_441' title='bbox 1841 3269 1944 3324; x_wconf 81' lang='lat' dir='ltr'><strong>liu-</strong></span> 
     </span>
    </p>
   </div>
   <div class='ocr_carea' id='block_1_60' title="bbox 335 3351 1956 3431">
    <p class='ocr_par' dir='ltr' id='par_1_60' title="bbox 335 3351 1956 3431">
     <span class='ocr_line' id='line_1_60' title="bbox 335 3351 1956 3431; baseline 0.007 -29"><span class='ocrx_word' id='word_1_442' title='bbox 335 3365 510 3417; x_wconf 65' lang='lat' dir='ltr'><strong>nrana:</strong></span> <span class='ocrx_word' id='word_1_443' title='bbox 567 3351 991 3421; x_wconf 88' lang='lat' dir='ltr'><strong>compassionis,</strong></span> <span class='ocrx_word' id='word_1_444' title='bbox 1045 3359 1101 3407; x_wconf 93' lang='lat' dir='ltr'><strong>et</strong></span> <span class='ocrx_word' id='word_1_445' title='bbox 1161 3352 1391 3424; x_wconf 90' lang='lat' dir='ltr'><strong>insuper</strong></span> <span class='ocrx_word' id='word_1_446' title='bbox 1446 3355 1719 3410; x_wconf 88' lang='lat' dir='ltr'><strong>animatus</strong></span> <span class='ocrx_word' id='word_1_447' title='bbox 1764 3357 1956 3431; x_wconf 88' lang='lat' dir='ltr'><strong>vigore</strong></span> 
     </span>
    </p>
   </div>
   <div class='ocr_carea' id='block_1_61' title="bbox 334 3439 1957 3516">
    <p class='ocr_par' dir='ltr' id='par_1_61' title="bbox 334 3439 1957 3516">
     <span class='ocr_line' id='line_1_61' title="bbox 334 3439 1957 3516; baseline 0.007 -23"><span class='ocrx_word' id='word_1_448' title='bbox 334 3455 589 3516; x_wconf 71' lang='lat' dir='ltr'><strong>superna:</strong></span> <span class='ocrx_word' id='word_1_449' title='bbox 646 3439 1045 3511; x_wconf 86' lang='lat' dir='ltr'><strong>inspirationis,</strong></span> <span class='ocrx_word' id='word_1_450' title='bbox 1092 3457 1216 3497; x_wconf 91' lang='lat' dir='ltr'><strong>cum</strong></span> <span class='ocrx_word' id='word_1_451' title='bbox 1260 3441 1388 3497; x_wconf 86' lang='lat' dir='ltr'><strong>ﬁdei</strong></span> <span class='ocrx_word' id='word_1_452' title='bbox 1423 3446 1874 3515; x_wconf 81' lang='lat' dir='ltr'><strong>magnanimitate</strong></span> <span class='ocrx_word' id='word_1_453' title='bbox 1901 3457 1957 3504; x_wconf 91' lang='lat' dir='ltr'><strong>et</strong></span> 
     </span>
    </p>
   </div>
   <div class='ocr_carea' id='block_1_62' title="bbox 332 3530 1954 3603">
    <p class='ocr_par' dir='ltr' id='par_1_62' title="bbox 332 3530 1954 3603">
     <span class='ocr_line' id='line_1_62' title="bbox 332 3530 1954 3603; baseline 0.006 -18"><span class='ocrx_word' id='word_1_454' title='bbox 332 3530 641 3603; x_wconf 84' lang='lat' dir='ltr'><strong>lacrymosa</strong></span> <span class='ocrx_word' id='word_1_455' title='bbox 695 3532 1030 3588; x_wconf 88' lang='lat' dir='ltr'><strong>contritione</strong></span> <span class='ocrx_word' id='word_1_456' title='bbox 1084 3533 1290 3601; x_wconf 90' lang='lat' dir='ltr'><strong>cordis,</strong></span> <span class='ocrx_word' id='word_1_457' title='bbox 1352 3550 1554 3591; x_wconf 87' lang='lat' dir='ltr'><strong>nomen</strong></span> <span class='ocrx_word' id='word_1_458' title='bbox 1611 3548 1665 3592; x_wconf 91' lang='lat' dir='ltr'><strong>et</strong></span> <span class='ocrx_word' id='word_1_459' title='bbox 1698 3538 1954 3595; x_wconf 89' lang='lat' dir='ltr'><strong>virtutem</strong></span> 
     </span>
    </p>
   </div>
   <div class='ocr_carea' id='block_1_63' title="bbox 333 3619 1950 3695">
    <p class='ocr_par' dir='ltr' id='par_1_63' title="bbox 333 3619 1950 3695">
     <span class='ocr_line' id='line_1_63' title="bbox 333 3619 1950 3695; baseline 0.008 -20"><span class='ocrx_word' id='word_1_460' title='bbox 333 3619 550 3676; x_wconf 84' lang='lat' dir='ltr'><strong>invocat</strong></span> <span class='ocrx_word' id='word_1_461' title='bbox 578 3628 780 3677; x_wconf 64' lang='lat' dir='ltr'><strong>sancta:</strong></span> <span class='ocrx_word' id='word_1_462' title='bbox 825 3622 1118 3687; x_wconf 82' lang='lat' dir='ltr'><strong>Trinitatis,</strong></span> <span class='ocrx_word' id='word_1_463' title='bbox 1153 3632 1208 3678; x_wconf 90' lang='lat' dir='ltr'><strong>et</strong></span> <span class='ocrx_word' id='word_1_464' title='bbox 1254 3632 1446 3695; x_wconf 90' lang='lat' dir='ltr'><strong>aperto</strong></span> <span class='ocrx_word' id='word_1_465' title='bbox 1503 3625 1686 3682; x_wconf 91' lang='lat' dir='ltr'><strong>loculo</strong></span> <span class='ocrx_word' id='word_1_466' title='bbox 1735 3630 1950 3689; x_wconf 88' lang='lat' dir='ltr'><strong>tumuli.</strong></span> 
     </span>
    </p>
   </div>
   <div class='ocr_carea' id='block_1_64' title="bbox 331 3711 1953 3786">
    <p class='ocr_par' dir='ltr' id='par_1_64' title="bbox 331 3711 1953 3786">
     <span class='ocr_line' id='line_1_64' title="bbox 331 3711 1953 3786; baseline 0.006 -22"><span class='ocrx_word' id='word_1_467' title='bbox 331 3711 612 3766; x_wconf 85' lang='lat' dir='ltr'><strong>suscitavit</strong></span> <span class='ocrx_word' id='word_1_468' title='bbox 640 3727 766 3766; x_wconf 90' lang='lat' dir='ltr'><strong>eum</strong></span> <span class='ocrx_word' id='word_1_469' title='bbox 793 3728 823 3765; x_wconf 90' lang='lat' dir='ltr'><strong>a</strong></span> <span class='ocrx_word' id='word_1_470' title='bbox 843 3713 1093 3768; x_wconf 89' lang='lat' dir='ltr'><strong>mortuis.</strong></span> <span class='ocrx_word' id='word_1_471' title='bbox 1125 3713 1221 3778; x_wconf 86' lang='lat' dir='ltr'><strong>Qui</strong></span> <span class='ocrx_word' id='word_1_472' title='bbox 1265 3721 1555 3786; x_wconf 88' lang='lat' dir='ltr'><strong>postquam</strong></span> <span class='ocrx_word' id='word_1_473' title='bbox 1583 3724 1669 3771; x_wconf 91' lang='lat' dir='ltr'><strong>est</strong></span> <span class='ocrx_word' id='word_1_474' title='bbox 1701 3718 1953 3774; x_wconf 90' lang='lat' dir='ltr'><strong>redditus</strong></span> 
     </span>
    </p>
   </div>
   <div class='ocr_carea' id='block_1_65' title="bbox 336 3801 1951 3879">
    <p class='ocr_par' dir='ltr' id='par_1_65' title="bbox 336 3801 1951 3879">
     <span class='ocr_line' id='line_1_65' title="bbox 336 3801 1951 3879; baseline 0.005 -23"><span class='ocrx_word' id='word_1_475' title='bbox 336 3801 501 3872; x_wconf 89' lang='lat' dir='ltr'><strong>pleno</strong></span> <span class='ocrx_word' id='word_1_476' title='bbox 522 3802 646 3858; x_wconf 74' lang='lat' dir='ltr'><strong>vita:</strong></span> <span class='ocrx_word' id='word_1_477' title='bbox 667 3802 873 3870; x_wconf 86' lang='lat' dir='ltr'><strong>ofﬁcio,</strong></span> <span class='ocrx_word' id='word_1_478' title='bbox 902 3803 1195 3874; x_wconf 91' lang='lat' dir='ltr'><strong>compellat</strong></span> <span class='ocrx_word' id='word_1_479' title='bbox 1223 3821 1349 3860; x_wconf 91' lang='lat' dir='ltr'><strong>eum</strong></span> <span class='ocrx_word' id='word_1_480' title='bbox 1393 3807 1653 3863; x_wconf 90' lang='lat' dir='ltr'><strong>sacerdos</strong></span> <span class='ocrx_word' id='word_1_481' title='bbox 1686 3809 1777 3879; x_wconf 90' lang='lat' dir='ltr'><strong>pio</strong></span> <span class='ocrx_word' id='word_1_482' title='bbox 1807 3810 1951 3865; x_wconf 90' lang='lat' dir='ltr'><strong>allo-</strong></span> 
     </span>
    </p>
   </div>
   <div class='ocr_carea' id='block_1_66' title="bbox 335 3890 1950 3964">
    <p class='ocr_par' dir='ltr' id='par_1_66' title="bbox 335 3890 1950 3964">
     <span class='ocr_line' id='line_1_66' title="bbox 335 3890 1950 3964; baseline 0.006 -20"><span class='ocrx_word' id='word_1_483' title='bbox 335 3891 487 3961; x_wconf 90' lang='lat' dir='ltr'><strong>quio,</strong></span> <span class='ocrx_word' id='word_1_484' title='bbox 535 3890 821 3947; x_wconf 91' lang='lat' dir='ltr'><strong>sciscitans</strong></span> <span class='ocrx_word' id='word_1_485' title='bbox 850 3908 975 3947; x_wconf 91' lang='lat' dir='ltr'><strong>eum</strong></span> <span class='ocrx_word' id='word_1_486' title='bbox 1018 3892 1144 3964; x_wconf 92' lang='lat' dir='ltr'><strong>quis</strong></span> <span class='ocrx_word' id='word_1_487' title='bbox 1169 3902 1334 3962; x_wconf 88' lang='lat' dir='ltr'><strong>esset,</strong></span> <span class='ocrx_word' id='word_1_488' title='bbox 1390 3894 1541 3950; x_wconf 91' lang='lat' dir='ltr'><strong>unde</strong></span> <span class='ocrx_word' id='word_1_489' title='bbox 1581 3895 1710 3951; x_wconf 93' lang='lat' dir='ltr'><strong>illuc</strong></span> <span class='ocrx_word' id='word_1_490' title='bbox 1756 3897 1950 3953; x_wconf 83' lang='lat' dir='ltr'><strong>venis-</strong></span> 
     </span>
    </p>
   </div>
   <div class='ocr_carea' id='block_1_67' title="bbox 337 3982 1949 4057">
    <p class='ocr_par' dir='ltr' id='par_1_67' title="bbox 337 3982 1949 4057">
     <span class='ocr_line' id='line_1_67' title="bbox 337 3982 1949 4057; baseline 0.004 -22"><span class='ocrx_word' id='word_1_491' title='bbox 337 3987 442 4045; x_wconf 89' lang='lat' dir='ltr'><strong>set,</strong></span> <span class='ocrx_word' id='word_1_492' title='bbox 483 3982 579 4037; x_wconf 90' lang='lat' dir='ltr'><strong>ubi</strong></span> <span class='ocrx_word' id='word_1_493' title='bbox 608 3983 773 4037; x_wconf 93' lang='lat' dir='ltr'><strong>modo</strong></span> <span class='ocrx_word' id='word_1_494' title='bbox 816 3982 1029 4052; x_wconf 89' lang='lat' dir='ltr'><strong>fuisset,</strong></span> <span class='ocrx_word' id='word_1_495' title='bbox 1064 3986 1112 4040; x_wconf 89' lang='lat' dir='ltr'><strong>si</strong></span> <span class='ocrx_word' id='word_1_496' title='bbox 1162 3985 1462 4057; x_wconf 89' lang='lat' dir='ltr'><strong>aliquando</strong></span> <span class='ocrx_word' id='word_1_497' title='bbox 1507 3986 1718 4043; x_wconf 88' lang='lat' dir='ltr'><strong>Christo</strong></span> <span class='ocrx_word' id='word_1_498' title='bbox 1770 3989 1949 4044; x_wconf 87' lang='lat' dir='ltr'><strong>credi-</strong></span> 
     </span>
    </p>
   </div>
   <div class='ocr_carea' id='block_1_68' title="bbox 337 4072 1945 4147">
    <p class='ocr_par' dir='ltr' id='par_1_68' title="bbox 337 4072 1945 4147">
     <span class='ocr_line' id='line_1_68' title="bbox 337 4072 1945 4147; baseline 0.005 -21"><span class='ocrx_word' id='word_1_499' title='bbox 337 4072 531 4127; x_wconf 89' lang='lat' dir='ltr'><strong>disset.</strong></span> <span class='ocrx_word' id='word_1_500' title='bbox 562 4073 864 4144; x_wconf 84' lang='lat' dir='ltr'><strong>Respondit</strong></span> <span class='ocrx_word' id='word_1_501' title='bbox 891 4074 1005 4142; x_wconf 90' lang='lat' dir='ltr'><strong>ille,</strong></span> <span class='ocrx_word' id='word_1_502' title='bbox 1038 4092 1099 4130; x_wconf 92' lang='lat' dir='ltr'><strong>se</strong></span> <span class='ocrx_word' id='word_1_503' title='bbox 1120 4092 1151 4131; x_wconf 90' lang='lat' dir='ltr'><strong>a</strong></span> <span class='ocrx_word' id='word_1_504' title='bbox 1181 4077 1504 4147; x_wconf 87' lang='lat' dir='ltr'><strong>parentibus</strong></span> <span class='ocrx_word' id='word_1_505' title='bbox 1531 4079 1645 4133; x_wconf 84' lang='lat' dir='ltr'><strong>suis</strong></span> <span class='ocrx_word' id='word_1_506' title='bbox 1675 4079 1945 4143; x_wconf 90' lang='lat' dir='ltr'><strong>occisum,</strong></span> 
     </span>
    </p>
   </div>
   <div class='ocr_carea' id='block_1_69' title="bbox 337 4163 1953 4237">
    <p class='ocr_par' dir='ltr' id='par_1_69' title="bbox 337 4163 1953 4237">
     <span class='ocr_line' id='line_1_69' title="bbox 337 4163 1953 4237; baseline 0.006 -19"><span class='ocrx_word' id='word_1_507' title='bbox 337 4163 416 4218; x_wconf 92' lang='lat' dir='ltr'><strong>ibi</strong></span> <span class='ocrx_word' id='word_1_508' title='bbox 448 4165 643 4221; x_wconf 89' lang='lat' dir='ltr'><strong>tumuli</strong></span> <span class='ocrx_word' id='word_1_509' title='bbox 681 4167 963 4237; x_wconf 90' lang='lat' dir='ltr'><strong>accepisse</strong></span> <span class='ocrx_word' id='word_1_510' title='bbox 1002 4168 1202 4224; x_wconf 91' lang='lat' dir='ltr'><strong>locum.</strong></span> <span class='ocrx_word' id='word_1_511' title='bbox 1257 4169 1423 4226; x_wconf 90' lang='lat' dir='ltr'><strong>Porro</strong></span> <span class='ocrx_word' id='word_1_512' title='bbox 1475 4187 1537 4226; x_wconf 92' lang='lat' dir='ltr'><strong>se</strong></span> <span class='ocrx_word' id='word_1_513' title='bbox 1586 4171 1953 4228; x_wconf 89' lang='lat' dir='ltr'><strong>infernalibus</strong></span> 
     </span>
    </p>
   </div>
   <div class='ocr_carea' id='block_1_70' title="bbox 338 4253 1949 4327">
    <p class='ocr_par' dir='ltr' id='par_1_70' title="bbox 338 4253 1949 4327">
     <span class='ocr_line' id='line_1_70' title="bbox 338 4253 1949 4327; baseline 0.005 -18"><span class='ocrx_word' id='word_1_514' title='bbox 338 4253 594 4310; x_wconf 84' lang='lat' dir='ltr'><strong>claustris</strong></span> <span class='ocrx_word' id='word_1_515' title='bbox 647 4256 989 4327; x_wconf 91' lang='lat' dir='ltr'><strong>deputatum,</strong></span> <span class='ocrx_word' id='word_1_516' title='bbox 1023 4258 1201 4313; x_wconf 89' lang='lat' dir='ltr'><strong>dirum</strong></span> <span class='ocrx_word' id='word_1_517' title='bbox 1236 4266 1292 4314; x_wconf 90' lang='lat' dir='ltr'><strong>et</strong></span> <span class='ocrx_word' id='word_1_518' title='bbox 1338 4259 1807 4316; x_wconf 89' lang='lat' dir='ltr'><strong>interminabilem</strong></span> <span class='ocrx_word' id='word_1_519' title='bbox 1864 4270 1949 4317; x_wconf 89' lang='lat' dir='ltr'><strong>tu-</strong></span> 
     </span>
    </p>
   </div>
   <div class='ocr_carea' id='block_1_71' title="bbox 2047 3074 3679 3145">
    <p class='ocr_par' dir='ltr' id='par_1_71' title="bbox 2047 3074 3679 3145">
     <span class='ocr_line' id='line_1_71' title="bbox 2047 3074 3679 3145; baseline -0.001 -15"><span class='ocrx_word' id='word_1_520' title='bbox 2047 3083 2358 3145; x_wconf 91' lang='lat' dir='ltr'><strong>compotem</strong></span> <span class='ocrx_word' id='word_1_521' title='bbox 2400 3074 2547 3129; x_wconf 91' lang='lat' dir='ltr'><strong>fecit.</strong></span> <span class='ocrx_word' id='word_1_522' title='bbox 2594 3074 2724 3130; x_wconf 90' lang='lat' dir='ltr'><strong>Cum</strong></span> <span class='ocrx_word' id='word_1_523' title='bbox 2767 3074 2914 3129; x_wconf 90' lang='lat' dir='ltr'><strong>enim</strong></span> <span class='ocrx_word' id='word_1_524' title='bbox 2970 3074 3026 3129; x_wconf 86' lang='lat' dir='ltr'><strong>in</strong></span> <span class='ocrx_word' id='word_1_525' title='bbox 3079 3075 3181 3130; x_wconf 91' lang='lat' dir='ltr'><strong>hoc</strong></span> <span class='ocrx_word' id='word_1_526' title='bbox 3241 3082 3387 3130; x_wconf 92' lang='lat' dir='ltr'><strong>totus</strong></span> <span class='ocrx_word' id='word_1_527' title='bbox 3416 3081 3584 3140; x_wconf 87' lang='lat' dir='ltr'><strong>esset,</strong></span> <span class='ocrx_word' id='word_1_528' title='bbox 3614 3080 3679 3128; x_wconf 91' lang='lat' dir='ltr'><strong>ut</strong></span> 
     </span>
    </p>
   </div>
   <div class='ocr_carea' id='block_1_72' title="bbox 2037 3162 3670 3235">
    <p class='ocr_par' dir='ltr' id='par_1_72' title="bbox 2037 3162 3670 3235">
     <span class='ocr_line' id='line_1_72' title="bbox 2037 3162 3670 3235; baseline -0.002 -16"><span class='ocrx_word' id='word_1_529' title='bbox 2037 3165 2149 3234; x_wconf 88' lang='lat' dir='ltr'><strong>jam</strong></span> <span class='ocrx_word' id='word_1_530' title='bbox 2178 3165 2399 3235; x_wconf 86' lang='lat' dir='ltr'><strong>jamque</strong></span> <span class='ocrx_word' id='word_1_531' title='bbox 2423 3163 2778 3234; x_wconf 85' lang='lat' dir='ltr'><strong>perfectionis</strong></span> <span class='ocrx_word' id='word_1_532' title='bbox 2806 3163 2910 3217; x_wconf 76' lang='lat' dir='ltr'><strong>iter</strong></span> <span class='ocrx_word' id='word_1_533' title='bbox 2938 3163 3228 3234; x_wconf 87' lang='lat' dir='ltr'><strong>arriperet,</strong></span> <span class='ocrx_word' id='word_1_534' title='bbox 3261 3178 3385 3217; x_wconf 92' lang='lat' dir='ltr'><strong>cum</strong></span> <span class='ocrx_word' id='word_1_535' title='bbox 3417 3162 3487 3217; x_wconf 92' lang='lat' dir='ltr'><strong>de</strong></span> <span class='ocrx_word' id='word_1_536' title='bbox 3512 3177 3670 3217; x_wconf 90' lang='lat' dir='ltr'><strong>more</strong></span> 
     </span>
    </p>
   </div>
   <div class='ocr_carea' id='block_1_73' title="bbox 2046 3250 3676 3324">
    <p class='ocr_par' dir='ltr' id='par_1_73' title="bbox 2046 3250 3676 3324">
     <span class='ocr_line' id='line_1_73' title="bbox 2046 3250 3676 3324; baseline -0.004 -15"><span class='ocrx_word' id='word_1_537' title='bbox 2046 3255 2339 3310; x_wconf 88' lang='lat' dir='ltr'><strong>interesset</strong></span> <span class='ocrx_word' id='word_1_538' title='bbox 2366 3253 2732 3309; x_wconf 85' lang='lat' dir='ltr'><strong>Ecclesiastici</strong></span> <span class='ocrx_word' id='word_1_539' title='bbox 2761 3251 2930 3308; x_wconf 84' lang='lat' dir='ltr'><strong>officii</strong></span> <span class='ocrx_word' id='word_1_540' title='bbox 2956 3252 3240 3324; x_wconf 83' lang='lat' dir='ltr'><strong>mysterio,</strong></span> <span class='ocrx_word' id='word_1_541' title='bbox 3274 3250 3486 3306; x_wconf 90' lang='lat' dir='ltr'><strong>audivit</strong></span> <span class='ocrx_word' id='word_1_542' title='bbox 3506 3265 3676 3305; x_wconf 90' lang='lat' dir='ltr'><strong>evan-</strong></span> 
     </span>
    </p>
   </div>
   <div class='ocr_carea' id='block_1_74' title="bbox 2057 3340 3675 3419">
    <p class='ocr_par' dir='ltr' id='par_1_74' title="bbox 2057 3340 3675 3419">
     <span class='ocr_line' id='line_1_74' title="bbox 2057 3340 3675 3419; baseline -0.004 -18"><span class='ocrx_word' id='word_1_543' title='bbox 2057 3346 2262 3419; x_wconf 84' lang='lat' dir='ltr'><strong>gelium</strong></span> <span class='ocrx_word' id='word_1_544' title='bbox 2306 3344 2655 3416; x_wconf 89' lang='lat' dir='ltr'><strong>pronuntiari</strong></span> <span class='ocrx_word' id='word_1_545' title='bbox 2684 3360 2717 3398; x_wconf 90' lang='lat' dir='ltr'><strong>a</strong></span> <span class='ocrx_word' id='word_1_546' title='bbox 2743 3343 3016 3399; x_wconf 90' lang='lat' dir='ltr'><strong>diacono:</strong></span> <span class='ocrx_word' id='word_1_547' title='bbox 3076 3364 3101 3394; x_wconf 68' lang='grc' dir='ltr'><strong>ι</strong></span> <span class='ocrx_word' id='word_1_548' title='bbox 3152 3342 3209 3396; x_wconf 89' lang='lat' dir='ltr'><strong>Si</strong></span> <span class='ocrx_word' id='word_1_549' title='bbox 3247 3342 3372 3413; x_wconf 90' lang='lat' dir='ltr'><strong>quis</strong></span> <span class='ocrx_word' id='word_1_550' title='bbox 3409 3340 3563 3397; x_wconf 88' lang='lat' dir='ltr'><strong>venit</strong></span> <span class='ocrx_word' id='word_1_551' title='bbox 3603 3340 3675 3395; x_wconf 88' lang='lat' dir='ltr'><strong>ad</strong></span> 
     </span>
    </p>
   </div>
   <div class='ocr_carea' id='block_1_75' title="bbox 2056 3434 3679 3505">
    <p class='ocr_par' dir='ltr' id='par_1_75' title="bbox 2056 3434 3679 3505">
     <span class='ocr_line' id='line_1_75' title="bbox 2056 3434 3679 3505; baseline -0.004 -14"><span class='ocrx_word' id='word_1_552' title='bbox 2056 3453 2167 3501; x_wconf 89' lang='lat' dir='ltr'><strong>me,</strong></span> <span class='ocrx_word' id='word_1_553' title='bbox 2196 3446 2252 3491; x_wconf 92' lang='lat' dir='ltr'><strong>et</strong></span> <span class='ocrx_word' id='word_1_554' title='bbox 2291 3451 2403 3492; x_wconf 89' lang='lat' dir='ltr'><strong>non</strong></span> <span class='ocrx_word' id='word_1_555' title='bbox 2432 3434 2549 3491; x_wconf 88' lang='lat' dir='ltr'><strong>odit</strong></span> <span class='ocrx_word' id='word_1_556' title='bbox 2602 3441 2815 3505; x_wconf 87' lang='lat' dir='ltr'><strong>patrem</strong></span> <span class='ocrx_word' id='word_1_557' title='bbox 2855 3441 2910 3489; x_wconf 91' lang='lat' dir='ltr'><strong>et</strong></span> <span class='ocrx_word' id='word_1_558' title='bbox 2957 3440 3210 3500; x_wconf 89' lang='lat' dir='ltr'><strong>matrem,</strong></span> <span class='ocrx_word' id='word_1_559' title='bbox 3251 3440 3305 3487; x_wconf 91' lang='lat' dir='ltr'><strong>et</strong></span> <span class='ocrx_word' id='word_1_560' title='bbox 3358 3447 3585 3487; x_wconf 83' lang='lat' dir='ltr'><strong>uxorem</strong></span> <span class='ocrx_word' id='word_1_561' title='bbox 3618 3440 3679 3486; x_wconf 91' lang='lat' dir='ltr'><strong>et</strong></span> 
     </span>
    </p>
   </div>
   <div class='ocr_carea' id='block_1_76' title="bbox 2056 3521 3678 3593">
    <p class='ocr_par' dir='ltr' id='par_1_76' title="bbox 2056 3521 3678 3593">
     <span class='ocr_line' id='line_1_76' title="bbox 2056 3521 3678 3593; baseline -0.004 -12"><span class='ocrx_word' id='word_1_562' title='bbox 2056 3526 2219 3593; x_wconf 90' lang='lat' dir='ltr'><strong>filios,</strong></span> <span class='ocrx_word' id='word_1_563' title='bbox 2247 3535 2302 3582; x_wconf 88' lang='lat' dir='ltr'><strong>et</strong></span> <span class='ocrx_word' id='word_1_564' title='bbox 2337 3524 2531 3581; x_wconf 88' lang='lat' dir='ltr'><strong>fratres</strong></span> <span class='ocrx_word' id='word_1_565' title='bbox 2567 3531 2624 3579; x_wconf 89' lang='lat' dir='ltr'><strong>et</strong></span> <span class='ocrx_word' id='word_1_566' title='bbox 2653 3539 2892 3591; x_wconf 87' lang='lat' dir='ltr'><strong>sorores,</strong></span> <span class='ocrx_word' id='word_1_567' title='bbox 2923 3523 3105 3579; x_wconf 89' lang='lat' dir='ltr'><strong>adhuc</strong></span> <span class='ocrx_word' id='word_1_568' title='bbox 3129 3529 3313 3578; x_wconf 89' lang='lat' dir='ltr'><strong>autem</strong></span> <span class='ocrx_word' id='word_1_569' title='bbox 3354 3528 3411 3577; x_wconf 92' lang='lat' dir='ltr'><strong>et</strong></span> <span class='ocrx_word' id='word_1_570' title='bbox 3436 3521 3678 3576; x_wconf 85' lang='lat' dir='ltr'><strong>animam</strong></span> 
     </span>
    </p>
   </div>
   <div class='ocr_carea' id='block_1_77' title="bbox 2054 3611 3674 3685">
    <p class='ocr_par' dir='ltr' id='par_1_77' title="bbox 2054 3611 3674 3685">
     <span class='ocr_line' id='line_1_77' title="bbox 2054 3611 3674 3685; baseline -0.007 -14"><span class='ocrx_word' id='word_1_571' title='bbox 2054 3631 2230 3682; x_wconf 91' lang='lat' dir='ltr'><strong>suam,</strong></span> <span class='ocrx_word' id='word_1_572' title='bbox 2259 3630 2370 3670; x_wconf 93' lang='lat' dir='ltr'><strong>non</strong></span> <span class='ocrx_word' id='word_1_573' title='bbox 2395 3620 2580 3685; x_wconf 84' lang='lat' dir='ltr'><strong>potest</strong></span> <span class='ocrx_word' id='word_1_574' title='bbox 2603 3628 2763 3668; x_wconf 89' lang='lat' dir='ltr'><strong>meus</strong></span> <span class='ocrx_word' id='word_1_575' title='bbox 2793 3628 2917 3667; x_wconf 86' lang='lat' dir='ltr'><strong>esse</strong></span> <span class='ocrx_word' id='word_1_576' title='bbox 2944 3611 3251 3682; x_wconf 88' lang='lat' dir='ltr'><strong>discipulus</strong></span> <span class='ocrx_word' id='word_1_577' title='bbox 3277 3611 3430 3682; x_wconf 85' lang='lat' dir='ltr'><strong>(Luc.</strong></span> <span class='ocrx_word' id='word_1_578' title='bbox 3464 3614 3608 3677; x_wconf 82' lang='lat' dir='ltr'><strong>xw);</strong></span> <span class='ocrx_word' id='word_1_579' title='bbox 3652 3632 3674 3660; x_wconf 78' lang='grc' dir='ltr'><strong>ι</strong></span> 
     </span>
    </p>
   </div>
   <div class='ocr_carea' id='block_1_78' title="bbox 2052 3701 3679 3775">
    <p class='ocr_par' dir='ltr' id='par_1_78' title="bbox 2052 3701 3679 3775">
     <span class='ocr_line' id='line_1_78' title="bbox 2052 3701 3679 3775; baseline -0.004 -13"><span class='ocrx_word' id='word_1_580' title='bbox 2052 3712 2134 3762; x_wconf 87' lang='lat' dir='ltr'><strong>et:</strong></span> <span class='ocrx_word' id='word_1_581' title='bbox 2180 3725 2205 3756; x_wconf 78' lang='grc' dir='ltr'><strong>α</strong></span> <span class='ocrx_word' id='word_1_582' title='bbox 2248 3705 2347 3771; x_wconf 86' lang='lat' dir='ltr'><strong>Qui</strong></span> <span class='ocrx_word' id='word_1_583' title='bbox 2379 3720 2490 3760; x_wconf 91' lang='lat' dir='ltr'><strong>non</strong></span> <span class='ocrx_word' id='word_1_584' title='bbox 2531 3704 2812 3760; x_wconf 87' lang='lat' dir='ltr'><strong>renuntiat</strong></span> <span class='ocrx_word' id='word_1_585' title='bbox 2834 3704 3095 3759; x_wconf 91' lang='lat' dir='ltr'><strong>omnibus</strong></span> <span class='ocrx_word' id='word_1_586' title='bbox 3123 3719 3244 3775; x_wconf 64' lang='lat' dir='ltr'><strong>quae</strong></span> <span class='ocrx_word' id='word_1_587' title='bbox 3269 3701 3539 3774; x_wconf 86' lang='lat' dir='ltr'><strong>possidet,</strong></span> <span class='ocrx_word' id='word_1_588' title='bbox 3563 3717 3679 3757; x_wconf 91' lang='lat' dir='ltr'><strong>non</strong></span> 
     </span>
    </p>
   </div>
   <div class='ocr_carea' id='block_1_79' title="bbox 2053 3794 3683 3871">
    <p class='ocr_par' dir='ltr' id='par_1_79' title="bbox 2053 3794 3683 3871">
     <span class='ocr_line' id='line_1_79' title="bbox 2053 3794 3683 3871; baseline -0.004 -17"><span class='ocrx_word' id='word_1_589' title='bbox 2053 3805 2234 3871; x_wconf 90' lang='lat' dir='ltr'><strong>potest</strong></span> <span class='ocrx_word' id='word_1_590' title='bbox 2274 3813 2433 3854; x_wconf 90' lang='lat' dir='ltr'><strong>meus</strong></span> <span class='ocrx_word' id='word_1_591' title='bbox 2491 3813 2613 3853; x_wconf 89' lang='lat' dir='ltr'><strong>esse</strong></span> <span class='ocrx_word' id='word_1_592' title='bbox 2663 3796 2973 3868; x_wconf 88' lang='lat' dir='ltr'><strong>discipulus</strong></span> <span class='ocrx_word' id='word_1_593' title='bbox 3025 3796 3230 3866; x_wconf 55' lang='lat' dir='ltr'><strong>(ibid).</strong></span> <span class='ocrx_word' id='word_1_594' title='bbox 3277 3814 3302 3846; x_wconf 83' lang='grc'><strong>››</strong></span> <span class='ocrx_word' id='word_1_595' title='bbox 3348 3795 3410 3849; x_wconf 86' lang='lat' dir='ltr'><strong>Et</strong></span> <span class='ocrx_word' id='word_1_596' title='bbox 3457 3794 3683 3865; x_wconf 87' lang='lat' dir='ltr'><strong>rapiens</strong></span> 
     </span>
    </p>
   </div>
   <div class='ocr_carea' id='block_1_80' title="bbox 2052 3884 3685 3956">
    <p class='ocr_par' dir='ltr' id='par_1_80' title="bbox 2052 3884 3685 3956">
     <span class='ocr_line' id='line_1_80' title="bbox 2052 3884 3685 3956; baseline -0.004 -10"><span class='ocrx_word' id='word_1_597' title='bbox 2052 3907 2245 3946; x_wconf 88' lang='lat' dir='ltr'><strong>vocem</strong></span> <span class='ocrx_word' id='word_1_598' title='bbox 2287 3906 2354 3944; x_wconf 88' lang='lat' dir='ltr'><strong>ex</strong></span> <span class='ocrx_word' id='word_1_599' title='bbox 2383 3905 2480 3946; x_wconf 92' lang='lat' dir='ltr'><strong>ore</strong></span> <span class='ocrx_word' id='word_1_600' title='bbox 2537 3888 2780 3956; x_wconf 91' lang='lat' dir='ltr'><strong>diaconi,</strong></span> <span class='ocrx_word' id='word_1_601' title='bbox 2822 3889 3059 3944; x_wconf 91' lang='lat' dir='ltr'><strong>credens</strong></span> <span class='ocrx_word' id='word_1_602' title='bbox 3106 3888 3212 3943; x_wconf 88' lang='lat' dir='ltr'><strong>hoc</strong></span> <span class='ocrx_word' id='word_1_603' title='bbox 3240 3886 3533 3942; x_wconf 92' lang='lat' dir='ltr'><strong>consilium</strong></span> <span class='ocrx_word' id='word_1_604' title='bbox 3572 3884 3685 3940; x_wconf 91' lang='lat' dir='ltr'><strong>sibi</strong></span> 
     </span>
    </p>
   </div>
   <div class='ocr_carea' id='block_1_81' title="bbox 2054 3979 3678 4056">
    <p class='ocr_par' dir='ltr' id='par_1_81' title="bbox 2054 3979 3678 4056">
     <span class='ocr_line' id='line_1_81' title="bbox 2054 3979 3678 4056; baseline -0.005 -15"><span class='ocrx_word' id='word_1_605' title='bbox 2054 3987 2109 4041; x_wconf 90' lang='lat' dir='ltr'><strong>in</strong></span> <span class='ocrx_word' id='word_1_606' title='bbox 2140 3992 2391 4056; x_wconf 90' lang='lat' dir='ltr'><strong>tempore</strong></span> <span class='ocrx_word' id='word_1_607' title='bbox 2451 3984 2768 4039; x_wconf 90' lang='lat' dir='ltr'><strong>mandatum</strong></span> <span class='ocrx_word' id='word_1_608' title='bbox 2809 3999 2932 4038; x_wconf 91' lang='lat' dir='ltr'><strong>esse</strong></span> <span class='ocrx_word' id='word_1_609' title='bbox 2957 3998 3023 4038; x_wconf 88' lang='lat' dir='ltr'><strong>ex</strong></span> <span class='ocrx_word' id='word_1_610' title='bbox 3072 3999 3169 4039; x_wconf 91' lang='lat' dir='ltr'><strong>ore</strong></span> <span class='ocrx_word' id='word_1_611' title='bbox 3202 3982 3378 4053; x_wconf 90' lang='lat' dir='ltr'><strong>ipsius</strong></span> <span class='ocrx_word' id='word_1_612' title='bbox 3434 3979 3678 4047; x_wconf 89' lang='lat' dir='ltr'><strong>Domini,</strong></span> 
     </span>
    </p>
   </div>
   <div class='ocr_carea' id='block_1_82' title="bbox 2049 4072 3680 4146">
    <p class='ocr_par' dir='ltr' id='par_1_82' title="bbox 2049 4072 3680 4146">
     <span class='ocr_line' id='line_1_82' title="bbox 2049 4072 3680 4146; baseline -0.003 -16"><span class='ocrx_word' id='word_1_613' title='bbox 2049 4091 2114 4130; x_wconf 87' lang='lat' dir='ltr'><strong>ex</strong></span> <span class='ocrx_word' id='word_1_614' title='bbox 2173 4075 2292 4146; x_wconf 90' lang='lat' dir='ltr'><strong>ipsa</strong></span> <span class='ocrx_word' id='word_1_615' title='bbox 2320 4073 2577 4129; x_wconf 88' lang='lat' dir='ltr'><strong>lectionis</strong></span> <span class='ocrx_word' id='word_1_616' title='bbox 2615 4072 3028 4144; x_wconf 89' lang='lat' dir='ltr'><strong>opportunitate</strong></span> <span class='ocrx_word' id='word_1_617' title='bbox 3070 4079 3283 4142; x_wconf 68' lang='lat' dir='ltr'><strong>patrem</strong></span> <span class='ocrx_word' id='word_1_618' title='bbox 3331 4087 3492 4127; x_wconf 87' lang='lat' dir='ltr'><strong>suum</strong></span> <span class='ocrx_word' id='word_1_619' title='bbox 3539 4085 3680 4125; x_wconf 90' lang='lat' dir='ltr'><strong>con-</strong></span> 
     </span>
    </p>
   </div>
   <div class='ocr_carea' id='block_1_83' title="bbox 2053 4163 3680 4240">
    <p class='ocr_par' dir='ltr' id='par_1_83' title="bbox 2053 4163 3680 4240">
     <span class='ocr_line' id='line_1_83' title="bbox 2053 4163 3680 4240; baseline -0.003 -19"><span class='ocrx_word' id='word_1_620' title='bbox 2053 4166 2205 4221; x_wconf 91' lang='lat' dir='ltr'><strong>venit</strong></span> <span class='ocrx_word' id='word_1_621' title='bbox 2230 4165 2563 4240; x_wconf 85' lang='lat' dir='ltr'><strong>legationem</strong></span> <span class='ocrx_word' id='word_1_622' title='bbox 2599 4164 2869 4220; x_wconf 79' lang='lat' dir='ltr'><strong>Dominici</strong></span> <span class='ocrx_word' id='word_1_623' title='bbox 2938 4163 3183 4219; x_wconf 89' lang='lat' dir='ltr'><strong>mandati</strong></span> <span class='ocrx_word' id='word_1_624' title='bbox 3233 4179 3333 4236; x_wconf 90' lang='lat' dir='ltr'><strong>per</strong></span> <span class='ocrx_word' id='word_1_625' title='bbox 3384 4163 3680 4218; x_wconf 86' lang='lat' dir='ltr'><strong>diaconum</strong></span> 
     </span>
    </p>
   </div>
   <div class='ocr_carea' id='block_1_84' title="bbox 2052 4256 3684 4327">
    <p class='ocr_par' dir='ltr' id='par_1_84' title="bbox 2052 4256 3684 4327">
     <span class='ocr_line' id='line_1_84' title="bbox 2052 4256 3684 4327; baseline -0.002 -14"><span class='ocrx_word' id='word_1_626' title='bbox 2052 4259 2159 4314; x_wconf 91' lang='lat' dir='ltr'><strong>sibi</strong></span> <span class='ocrx_word' id='word_1_627' title='bbox 2188 4258 2410 4313; x_wconf 89' lang='lat' dir='ltr'><strong>missam</strong></span> <span class='ocrx_word' id='word_1_628' title='bbox 2443 4258 2495 4313; x_wconf 91' lang='lat' dir='ltr'><strong>ei</strong></span> <span class='ocrx_word' id='word_1_629' title='bbox 2524 4258 2752 4327; x_wconf 84' lang='lat' dir='ltr'><strong>objecit,</strong></span> <span class='ocrx_word' id='word_1_630' title='bbox 2807 4267 2863 4314; x_wconf 88' lang='lat' dir='ltr'><strong>et</strong></span> <span class='ocrx_word' id='word_1_631' title='bbox 2917 4259 3197 4315; x_wconf 90' lang='lat' dir='ltr'><strong>licentiam</strong></span> <span class='ocrx_word' id='word_1_632' title='bbox 3251 4256 3684 4313; x_wconf 88' lang='lat' dir='ltr'><strong>abrenuntiandi</strong></span> 
     </span>
    </p>
   </div>
   <div class='ocr_carea' id='block_1_85' title="bbox 337 4331 3684 4427">
    <p class='ocr_par' dir='ltr' id='par_1_85' title="bbox 337 4331 3684 4427">
     <span class='ocr_line' id='line_1_85' title="bbox 337 4331 3684 4427; baseline 0.004 -38"><span class='ocrx_word' id='word_1_633' title='bbox 337 4345 465 4401; x_wconf 72' lang='lat' dir='ltr'><strong>lisse</strong></span> <span class='ocrx_word' id='word_1_634' title='bbox 494 4348 816 4404; x_wconf 48' lang='lat' dir='ltr'><strong>cruciatum,</strong></span> <span class='ocrx_word' id='word_1_635' title='bbox 865 4349 927 4404; x_wconf 80' lang='grc' dir='ltr'>Ει</span> <span class='ocrx_word' id='word_1_636' title='bbox 955 4350 1171 4406; x_wconf 59' lang='lat' dir='ltr'><strong>addidi;</strong></span> <span class='ocrx_word' id='word_1_637' title='bbox 1218 4351 1380 4407; x_wconf 79' lang='lat' dir='ltr'><strong>homo</strong></span> <span class='ocrx_word' id='word_1_638' title='bbox 1412 4352 1534 4407; x_wconf 75' lang='lat' dir='ltr'><strong>Dei;</strong></span> <span class='ocrx_word' id='word_1_639' title='bbox 1577 4352 1745 4408; x_wconf 77' lang='lat' dir='ltr'><strong>vobis</strong></span> <span class='ocrx_word' id='word_1_640' title='bbox 1793 4368 1947 4427; x_wconf 72' lang='lat' dir='ltr'><strong>ergo,</strong></span> <span class='ocrx_word' id='word_1_641' title='bbox 1974 4331 2029 4399; x_wconf 82' lang='lat' dir='ltr'><strong>D</strong></span> <span class='ocrx_word' id='word_1_642' title='bbox 2055 4349 2164 4404; x_wconf 89' lang='lat' dir='ltr'><strong>sibi</strong></span> <span class='ocrx_word' id='word_1_643' title='bbox 2196 4350 2423 4420; x_wconf 88' lang='lat' dir='ltr'><strong>suisque</strong></span> <span class='ocrx_word' id='word_1_644' title='bbox 2463 4348 2744 4417; x_wconf 90' lang='lat' dir='ltr'><strong>omnibus,</strong></span> <span class='ocrx_word' id='word_1_645' title='bbox 2778 4349 2847 4405; x_wconf 88' lang='lat' dir='ltr'><strong>ab</strong></span> <span class='ocrx_word' id='word_1_646' title='bbox 2878 4365 2945 4406; x_wconf 91' lang='lat' dir='ltr'><strong>eo</strong></span> <span class='ocrx_word' id='word_1_647' title='bbox 2977 4349 3263 4404; x_wconf 87' lang='lat' dir='ltr'><strong>humiliter</strong></span> <span class='ocrx_word' id='word_1_648' title='bbox 3300 4349 3485 4420; x_wconf 90' lang='lat' dir='ltr'><strong>petiit,</strong></span> <span class='ocrx_word' id='word_1_649' title='bbox 3508 4363 3684 4420; x_wconf 89' lang='lat' dir='ltr'><strong>seque</strong></span> 
     </span>
    </p>
   </div>
   <div class='ocr_carea' id='block_1_86' title="bbox 336 4443 1952 4523">
    <p class='ocr_par' dir='ltr' id='par_1_86' title="bbox 336 4443 1952 4523">
     <span class='ocr_line' id='line_1_86' title="bbox 336 4443 1952 4523; baseline 0.004 -26"><span class='ocrx_word' id='word_1_650' title='bbox 336 4457 478 4513; x_wconf 92' lang='lat' dir='ltr'><strong>quos</strong></span> <span class='ocrx_word' id='word_1_651' title='bbox 532 4443 890 4500; x_wconf 89' lang='lat' dir='ltr'><strong>incredulitas</strong></span> <span class='ocrx_word' id='word_1_652' title='bbox 941 4445 1227 4517; x_wconf 79' lang='lat' dir='ltr'><strong>deputavit</strong></span> <span class='ocrx_word' id='word_1_653' title='bbox 1274 4447 1507 4518; x_wconf 66' lang='lat' dir='ltr'><strong>poenalis</strong></span> <span class='ocrx_word' id='word_1_654' title='bbox 1559 4447 1767 4503; x_wconf 91' lang='lat' dir='ltr'><strong>inferni</strong></span> <span class='ocrx_word' id='word_1_655' title='bbox 1797 4464 1952 4523; x_wconf 87' lang='lat' dir='ltr'><strong>erga-</strong></span> 
     </span>
    </p>
   </div>
   <div class='ocr_carea' id='block_1_87' title="bbox 339 4535 1950 4611">
    <p class='ocr_par' dir='ltr' id='par_1_87' title="bbox 339 4535 1950 4611">
     <span class='ocr_line' id='line_1_87' title="bbox 339 4535 1950 4611; baseline 0.004 -23"><span class='ocrx_word' id='word_1_656' title='bbox 339 4535 504 4601; x_wconf 89' lang='lat' dir='ltr'><strong>stulo,</strong></span> <span class='ocrx_word' id='word_1_657' title='bbox 553 4544 638 4590; x_wconf 91' lang='lat' dir='ltr'><strong>est</strong></span> <span class='ocrx_word' id='word_1_658' title='bbox 674 4537 860 4608; x_wconf 90' lang='lat' dir='ltr'><strong>aliqua</strong></span> <span class='ocrx_word' id='word_1_659' title='bbox 898 4536 1007 4592; x_wconf 86' lang='lat' dir='ltr'><strong>tide</strong></span> <span class='ocrx_word' id='word_1_660' title='bbox 1047 4537 1343 4601; x_wconf 89' lang='lat' dir='ltr'><strong>confessio,</strong></span> <span class='ocrx_word' id='word_1_661' title='bbox 1398 4545 1484 4594; x_wconf 92' lang='lat' dir='ltr'><strong>est</strong></span> <span class='ocrx_word' id='word_1_662' title='bbox 1536 4539 1722 4611; x_wconf 90' lang='lat' dir='ltr'><strong>aliqua</strong></span> <span class='ocrx_word' id='word_1_663' title='bbox 1750 4548 1950 4595; x_wconf 75' lang='lat' dir='ltr'><strong>sanctae</strong></span> 
     </span>
    </p>
   </div>
   <div class='ocr_carea' id='block_1_88' title="bbox 340 4627 1951 4704">
    <p class='ocr_par' dir='ltr' id='par_1_88' title="bbox 340 4627 1951 4704">
     <span class='ocr_line' id='line_1_88' title="bbox 340 4627 1951 4704; baseline 0.004 -23"><span class='ocrx_word' id='word_1_664' title='bbox 340 4632 396 4682; x_wconf 91' lang='lat' dir='ltr'><strong>et</strong></span> <span class='ocrx_word' id='word_1_665' title='bbox 424 4627 722 4683; x_wconf 71' lang='lat' dir='ltr'><strong>individua:</strong></span> <span class='ocrx_word' id='word_1_666' title='bbox 760 4628 1043 4685; x_wconf 89' lang='lat' dir='ltr'><strong>Trinitatis</strong></span> <span class='ocrx_word' id='word_1_667' title='bbox 1066 4630 1310 4704; x_wconf 85' lang='lat' dir='ltr'><strong>cognitio</strong></span> <span class='ocrx_word' id='word_1_668' title='bbox 1329 4630 1358 4684; x_wconf 83' lang='lat'><strong>?</strong></span> <span class='ocrx_word' id='word_1_669' title='bbox 1382 4630 1442 4686; x_wconf 84' lang='lat' dir='ltr'><strong>Et</strong></span> <span class='ocrx_word' id='word_1_670' title='bbox 1475 4630 1600 4687; x_wconf 88' lang='lat' dir='ltr'><strong>ille:</strong></span> <span class='ocrx_word' id='word_1_671' title='bbox 1644 4632 1833 4699; x_wconf 89' lang='lat' dir='ltr'><strong>Plane,</strong></span> <span class='ocrx_word' id='word_1_672' title='bbox 1863 4632 1951 4687; x_wconf 90' lang='lat' dir='ltr'><strong>in-</strong></span> 
     </span>
    </p>
   </div>
   <div class='ocr_carea' id='block_1_89' title="bbox 341 4718 1955 4796">
    <p class='ocr_par' dir='ltr' id='par_1_89' title="bbox 341 4718 1955 4796">
     <span class='ocr_line' id='line_1_89' title="bbox 341 4718 1955 4796; baseline 0.004 -23"><span class='ocrx_word' id='word_1_673' title='bbox 341 4718 480 4790; x_wconf 88' lang='lat' dir='ltr'><strong>quit,</strong></span> <span class='ocrx_word' id='word_1_674' title='bbox 506 4718 670 4774; x_wconf 85' lang='lat' dir='ltr'><strong>nobis</strong></span> <span class='ocrx_word' id='word_1_675' title='bbox 698 4727 904 4775; x_wconf 63' lang='lat' dir='ltr'><strong>sanctas</strong></span> <span class='ocrx_word' id='word_1_676' title='bbox 931 4721 1212 4777; x_wconf 86' lang='lat' dir='ltr'><strong>Trinitatis</strong></span> <span class='ocrx_word' id='word_1_677' title='bbox 1242 4723 1487 4796; x_wconf 80' lang='lat' dir='ltr'><strong>cognitio</strong></span> <span class='ocrx_word' id='word_1_678' title='bbox 1526 4731 1631 4789; x_wconf 91' lang='lat' dir='ltr'><strong>est,</strong></span> <span class='ocrx_word' id='word_1_679' title='bbox 1664 4724 1762 4779; x_wconf 89' lang='lat' dir='ltr'><strong>sed</strong></span> <span class='ocrx_word' id='word_1_680' title='bbox 1789 4724 1955 4781; x_wconf 90' lang='lat' dir='ltr'><strong>modo</strong></span> 
     </span>
    </p>
   </div>
   <div class='ocr_carea' id='block_1_90' title="bbox 341 4808 1955 4883">
    <p class='ocr_par' dir='ltr' id='par_1_90' title="bbox 341 4808 1955 4883">
     <span class='ocr_line' id='line_1_90' title="bbox 341 4808 1955 4883; baseline 0.004 -21"><span class='ocrx_word' id='word_1_681' title='bbox 341 4822 463 4862; x_wconf 90' lang='lat' dir='ltr'><strong>eam</strong></span> <span class='ocrx_word' id='word_1_682' title='bbox 495 4823 657 4863; x_wconf 90' lang='lat' dir='ltr'><strong>nosse</strong></span> <span class='ocrx_word' id='word_1_683' title='bbox 686 4814 782 4865; x_wconf 90' lang='lat' dir='ltr'><strong>aut</strong></span> <span class='ocrx_word' id='word_1_684' title='bbox 833 4808 1083 4865; x_wconf 85' lang='lat' dir='ltr'><strong>confiteri</strong></span> <span class='ocrx_word' id='word_1_685' title='bbox 1140 4811 1279 4866; x_wconf 87' lang='lat' dir='ltr'><strong>nihil</strong></span> <span class='ocrx_word' id='word_1_686' title='bbox 1332 4813 1493 4868; x_wconf 89' lang='lat' dir='ltr'><strong>nobis</strong></span> <span class='ocrx_word' id='word_1_687' title='bbox 1541 4813 1801 4883; x_wconf 89' lang='lat' dir='ltr'><strong>prodest:</strong></span> <span class='ocrx_word' id='word_1_688' title='bbox 1846 4814 1955 4870; x_wconf 94' lang='lat' dir='ltr'><strong>imo</strong></span> 
     </span>
    </p>
   </div>
   <div class='ocr_carea' id='block_1_91' title="bbox 341 4899 1953 4971">
    <p class='ocr_par' dir='ltr' id='par_1_91' title="bbox 341 4899 1953 4971">
     <span class='ocr_line' id='line_1_91' title="bbox 341 4899 1953 4971; baseline 0.003 -17"><span class='ocrx_word' id='word_1_689' title='bbox 341 4899 471 4971; x_wconf 88' lang='lat' dir='ltr'><strong>quia</strong></span> <span class='ocrx_word' id='word_1_690' title='bbox 494 4899 552 4954; x_wconf 88' lang='lat' dir='ltr'><strong>in</strong></span> <span class='ocrx_word' id='word_1_691' title='bbox 604 4900 714 4956; x_wconf 84' lang='lat' dir='ltr'><strong>vita</strong></span> <span class='ocrx_word' id='word_1_692' title='bbox 754 4916 874 4956; x_wconf 90' lang='lat' dir='ltr'><strong>eam</strong></span> <span class='ocrx_word' id='word_1_693' title='bbox 907 4918 1071 4958; x_wconf 89' lang='lat' dir='ltr'><strong>nosse</strong></span> <span class='ocrx_word' id='word_1_694' title='bbox 1102 4903 1401 4970; x_wconf 88' lang='lat' dir='ltr'><strong>noluimus,</strong></span> <span class='ocrx_word' id='word_1_695' title='bbox 1442 4904 1746 4960; x_wconf 87' lang='lat' dir='ltr'><strong>mortaliter</strong></span> <span class='ocrx_word' id='word_1_696' title='bbox 1774 4906 1953 4961; x_wconf 89' lang='lat' dir='ltr'><strong>obest.</strong></span> 
     </span>
    </p>
   </div>
   <div class='ocr_carea' id='block_1_92' title="bbox 344 4991 1959 5069">
    <p class='ocr_par' dir='ltr' id='par_1_92' title="bbox 344 4991 1959 5069">
     <span class='ocr_line' id='line_1_92' title="bbox 344 4991 1959 5069; baseline 0.004 -23"><span class='ocrx_word' id='word_1_697' title='bbox 344 4991 474 5049; x_wconf 88' lang='lat' dir='ltr'><strong>Ideo</strong></span> <span class='ocrx_word' id='word_1_698' title='bbox 505 5009 721 5064; x_wconf 90' lang='lat' dir='ltr'><strong>precor,</strong></span> <span class='ocrx_word' id='word_1_699' title='bbox 750 5003 810 5049; x_wconf 90' lang='lat' dir='ltr'><strong>ut</strong></span> <span class='ocrx_word' id='word_1_700' title='bbox 838 4994 1028 5050; x_wconf 87' lang='lat' dir='ltr'><strong>saltem</strong></span> <span class='ocrx_word' id='word_1_701' title='bbox 1071 4995 1237 5052; x_wconf 92' lang='lat' dir='ltr'><strong>modo</strong></span> <span class='ocrx_word' id='word_1_702' title='bbox 1275 5011 1493 5051; x_wconf 90' lang='lat' dir='ltr'><strong>merear</strong></span> <span class='ocrx_word' id='word_1_703' title='bbox 1530 4997 1744 5052; x_wconf 89' lang='lat' dir='ltr'><strong>renasci</strong></span> <span class='ocrx_word' id='word_1_704' title='bbox 1774 4996 1959 5069; x_wconf 89' lang='lat' dir='ltr'><strong>bapti-</strong></span> 
     </span>
    </p>
   </div>
   <div class='ocr_carea' id='block_1_93' title="bbox 344 5085 1957 5157">
    <p class='ocr_par' dir='ltr' id='par_1_93' title="bbox 344 5085 1957 5157">
     <span class='ocr_line' id='line_1_93' title="bbox 344 5085 1957 5157; baseline 0.002 -18"><span class='ocrx_word' id='word_1_705' title='bbox 344 5100 464 5140; x_wconf 85' lang='lat' dir='ltr'><strong>smo</strong></span> <span class='ocrx_word' id='word_1_706' title='bbox 490 5085 744 5140; x_wconf 90' lang='lat' dir='ltr'><strong>salutari:</strong></span> <span class='ocrx_word' id='word_1_707' title='bbox 799 5093 858 5141; x_wconf 93' lang='lat' dir='ltr'><strong>ut</strong></span> <span class='ocrx_word' id='word_1_708' title='bbox 887 5085 980 5157; x_wconf 91' lang='lat' dir='ltr'><strong>qui</strong></span> <span class='ocrx_word' id='word_1_709' title='bbox 1034 5086 1303 5141; x_wconf 89' lang='lat' dir='ltr'><strong>hactenus</strong></span> <span class='ocrx_word' id='word_1_710' title='bbox 1329 5086 1622 5142; x_wconf 90' lang='lat' dir='ltr'><strong>damnatus</strong></span> <span class='ocrx_word' id='word_1_711' title='bbox 1669 5086 1749 5141; x_wconf 92' lang='lat' dir='ltr'><strong>fui</strong></span> <span class='ocrx_word' id='word_1_712' title='bbox 1780 5095 1957 5143; x_wconf 89' lang='lat' dir='ltr'><strong>morte</strong></span> 
     </span>
    </p>
   </div>
   <div class='ocr_carea' id='block_1_94' title="bbox 343 5175 1951 5248">
    <p class='ocr_par' dir='ltr' id='par_1_94' title="bbox 343 5175 1951 5248">
     <span class='ocr_line' id='line_1_94' title="bbox 343 5175 1951 5248; baseline 0.002 -19"><span class='ocrx_word' id='word_1_713' title='bbox 343 5175 614 5242; x_wconf 73' lang='lat' dir='ltr'><strong>teternali,</strong></span> <span class='ocrx_word' id='word_1_714' title='bbox 641 5176 750 5247; x_wconf 90' lang='lat' dir='ltr'><strong>jam</strong></span> <span class='ocrx_word' id='word_1_715' title='bbox 769 5192 916 5232; x_wconf 91' lang='lat' dir='ltr'><strong>nunc</strong></span> <span class='ocrx_word' id='word_1_716' title='bbox 948 5176 1154 5248; x_wconf 86' lang='lat' dir='ltr'><strong>possim</strong></span> <span class='ocrx_word' id='word_1_717' title='bbox 1179 5176 1298 5231; x_wconf 91' lang='lat' dir='ltr'><strong>erui</strong></span> <span class='ocrx_word' id='word_1_718' title='bbox 1319 5176 1389 5231; x_wconf 90' lang='lat' dir='ltr'><strong>ab</strong></span> <span class='ocrx_word' id='word_1_719' title='bbox 1423 5177 1647 5233; x_wconf 88' lang='lat' dir='ltr'><strong>interitu</strong></span> <span class='ocrx_word' id='word_1_720' title='bbox 1675 5177 1951 5233; x_wconf 88' lang='lat' dir='ltr'><strong>infernali.</strong></span> 
     </span>
    </p>
   </div>
   <div class='ocr_carea' id='block_1_95' title="bbox 342 5265 1960 5343">
    <p class='ocr_par' dir='ltr' id='par_1_95' title="bbox 342 5265 1960 5343">
     <span class='ocr_line' id='line_1_95' title="bbox 342 5265 1960 5343; baseline 0.004 -24"><span class='ocrx_word' id='word_1_721' title='bbox 342 5265 574 5322; x_wconf 88' lang='lat' dir='ltr'><strong>Sanctus</strong></span> <span class='ocrx_word' id='word_1_722' title='bbox 594 5266 710 5332; x_wconf 90' lang='lat' dir='ltr'><strong>Dei,</strong></span> <span class='ocrx_word' id='word_1_723' title='bbox 745 5267 832 5322; x_wconf 89' lang='lat' dir='ltr'><strong>his</strong></span> <span class='ocrx_word' id='word_1_724' title='bbox 861 5267 1084 5335; x_wconf 88' lang='lat' dir='ltr'><strong>auditis,</strong></span> <span class='ocrx_word' id='word_1_725' title='bbox 1118 5268 1427 5343; x_wconf 87' lang='lat' dir='ltr'><strong>ingreditur</strong></span> <span class='ocrx_word' id='word_1_726' title='bbox 1469 5269 1610 5325; x_wconf 89' lang='lat' dir='ltr'><strong>viam</strong></span> <span class='ocrx_word' id='word_1_727' title='bbox 1638 5269 1960 5340; x_wconf 67' lang='lat' dir='ltr'><strong>apostolica:</strong></span> 
     </span>
    </p>
   </div>
   <div class='ocr_carea' id='block_1_96' title="bbox 344 5354 1959 5424">
    <p class='ocr_par' dir='ltr' id='par_1_96' title="bbox 344 5354 1959 5424">
     <span class='ocr_line' id='line_1_96' title="bbox 344 5354 1959 5424; baseline 0.002 -15"><span class='ocrx_word' id='word_1_728' title='bbox 344 5354 774 5424; x_wconf 59' lang='lat' dir='ltr'><strong>praedicationis,</strong></span> <span class='ocrx_word' id='word_1_729' title='bbox 831 5363 886 5410; x_wconf 89' lang='lat' dir='ltr'><strong>et</strong></span> <span class='ocrx_word' id='word_1_730' title='bbox 930 5372 1054 5410; x_wconf 87' lang='lat' dir='ltr'><strong>eum</strong></span> <span class='ocrx_word' id='word_1_731' title='bbox 1113 5356 1387 5412; x_wconf 87' lang='lat' dir='ltr'><strong>initiatum</strong></span> <span class='ocrx_word' id='word_1_732' title='bbox 1427 5366 1483 5413; x_wconf 92' lang='lat' dir='ltr'><strong>et</strong></span> <span class='ocrx_word' id='word_1_733' title='bbox 1524 5358 1959 5414; x_wconf 86' lang='lat' dir='ltr'><strong>cathechizatum</strong></span> 
     </span>
    </p>
   </div>
   <div class='ocr_carea' id='block_1_97' title="bbox 346 5442 1964 5523">
    <p class='ocr_par' dir='ltr' id='par_1_97' title="bbox 346 5442 1964 5523">
     <span class='ocr_line' id='line_1_97' title="bbox 346 5442 1964 5523; baseline 0.005 -28"><span class='ocrx_word' id='word_1_734' title='bbox 346 5443 631 5499; x_wconf 65' lang='lat' dir='ltr'><strong>catholica:</strong></span> <span class='ocrx_word' id='word_1_735' title='bbox 688 5442 817 5498; x_wconf 85' lang='lat' dir='ltr'><strong>fidei</strong></span> <span class='ocrx_word' id='word_1_736' title='bbox 889 5444 1236 5513; x_wconf 85' lang='lat' dir='ltr'><strong>rudimentis,</strong></span> <span class='ocrx_word' id='word_1_737' title='bbox 1276 5448 1621 5504; x_wconf 87' lang='lat' dir='ltr'><strong>consecravit</strong></span> <span class='ocrx_word' id='word_1_738' title='bbox 1664 5464 1964 5523; x_wconf 81' lang='lat' dir='ltr'><strong>regenera-</strong></span> 
     </span>
    </p>
   </div>
   <div class='ocr_carea' id='block_1_98' title="bbox 2052 4438 3677 4513">
    <p class='ocr_par' dir='ltr' id='par_1_98' title="bbox 2052 4438 3677 4513">
     <span class='ocr_line' id='line_1_98' title="bbox 2052 4438 3677 4513; baseline -0.004 -15"><span class='ocrx_word' id='word_1_739' title='bbox 2052 4450 2206 4498; x_wconf 87' lang='lat' dir='ltr'><strong>trans</strong></span> <span class='ocrx_word' id='word_1_740' title='bbox 2238 4457 2387 4498; x_wconf 91' lang='lat' dir='ltr'><strong>mare</strong></span> <span class='ocrx_word' id='word_1_741' title='bbox 2417 4441 2927 4513; x_wconf 73' lang='lat' dir='ltr'><strong>peregrinationem</strong></span> <span class='ocrx_word' id='word_1_742' title='bbox 2958 4456 3057 4512; x_wconf 90' lang='lat' dir='ltr'><strong>pro</strong></span> <span class='ocrx_word' id='word_1_743' title='bbox 3090 4439 3301 4496; x_wconf 89' lang='lat' dir='ltr'><strong>Christo</strong></span> <span class='ocrx_word' id='word_1_744' title='bbox 3325 4441 3466 4496; x_wconf 89' lang='lat' dir='ltr'><strong>velle</strong></span> <span class='ocrx_word' id='word_1_745' title='bbox 3492 4438 3677 4495; x_wconf 88' lang='lat' dir='ltr'><strong>susci-</strong></span> 
     </span>
    </p>
   </div>
   <div class='ocr_carea' id='block_1_99' title="bbox 2052 4530 3685 4607">
    <p class='ocr_par' dir='ltr' id='par_1_99' title="bbox 2052 4530 3685 4607">
     <span class='ocr_line' id='line_1_99' title="bbox 2052 4530 3685 4607; baseline -0.004 -17"><span class='ocrx_word' id='word_1_746' title='bbox 2052 4551 2182 4607; x_wconf 89' lang='lat' dir='ltr'><strong>pere</strong></span> <span class='ocrx_word' id='word_1_747' title='bbox 2234 4534 2503 4607; x_wconf 73' lang='lat' dir='ltr'><strong>praedixit.</strong></span> <span class='ocrx_word' id='word_1_748' title='bbox 2558 4533 2718 4588; x_wconf 88' lang='lat' dir='ltr'><strong>Pater</strong></span> <span class='ocrx_word' id='word_1_749' title='bbox 2764 4533 3005 4607; x_wconf 88' lang='lat' dir='ltr'><strong>diligens</strong></span> <span class='ocrx_word' id='word_1_750' title='bbox 3045 4531 3234 4587; x_wconf 81' lang='lat' dir='ltr'><strong>filium</strong></span> <span class='ocrx_word' id='word_1_751' title='bbox 3263 4531 3429 4586; x_wconf 89' lang='lat' dir='ltr'><strong>nimis</strong></span> <span class='ocrx_word' id='word_1_752' title='bbox 3474 4530 3685 4587; x_wconf 84' lang='lat' dir='ltr'><strong>carnali</strong></span> 
     </span>
    </p>
   </div>
   <div class='ocr_carea' id='block_1_100' title="bbox 2050 4619 3682 4697">
    <p class='ocr_par' dir='ltr' id='par_1_100' title="bbox 2050 4619 3682 4697">
     <span class='ocr_line' id='line_1_100' title="bbox 2050 4619 3682 4697; baseline -0.004 -19"><span class='ocrx_word' id='word_1_753' title='bbox 2050 4621 2553 4695; x_wconf 69' lang='lat' dir='ltr'><strong>aﬁ‘ectione,quem</strong></span> <span class='ocrx_word' id='word_1_754' title='bbox 2580 4621 2859 4697; x_wconf 88' lang='lat' dir='ltr'><strong>gaudebat</strong></span> <span class='ocrx_word' id='word_1_755' title='bbox 2883 4620 3119 4677; x_wconf 90' lang='lat' dir='ltr'><strong>rediisse</strong></span> <span class='ocrx_word' id='word_1_756' title='bbox 3135 4622 3205 4676; x_wconf 90' lang='lat' dir='ltr'><strong>de</strong></span> <span class='ocrx_word' id='word_1_757' title='bbox 3237 4630 3343 4675; x_wconf 89' lang='lat' dir='ltr'><strong>tam</strong></span> <span class='ocrx_word' id='word_1_758' title='bbox 3376 4619 3682 4694; x_wconf 89' lang='lat' dir='ltr'><strong>longinqua</strong></span> 
     </span>
    </p>
   </div>
   <div class='ocr_carea' id='block_1_101' title="bbox 2058 4710 3679 4790">
    <p class='ocr_par' dir='ltr' id='par_1_101' title="bbox 2058 4710 3679 4790">
     <span class='ocr_line' id='line_1_101' title="bbox 2058 4710 3679 4790; baseline -0.004 -20"><span class='ocrx_word' id='word_1_759' title='bbox 2058 4714 2532 4790; x_wconf 88' lang='lat' dir='ltr'><strong>peregrinatione,</strong></span> <span class='ocrx_word' id='word_1_760' title='bbox 2558 4713 2912 4769; x_wconf 67' lang='lat' dir='ltr'><strong>voluitbonae</strong></span> <span class='ocrx_word' id='word_1_761' title='bbox 2934 4712 3057 4784; x_wconf 91' lang='lat' dir='ltr'><strong>ejus</strong></span> <span class='ocrx_word' id='word_1_762' title='bbox 3087 4711 3360 4769; x_wconf 90' lang='lat' dir='ltr'><strong>voluntati</strong></span> <span class='ocrx_word' id='word_1_763' title='bbox 3379 4710 3679 4767; x_wconf 82' lang='lat' dir='ltr'><strong>contraire.</strong></span> 
     </span>
    </p>
   </div>
   <div class='ocr_carea' id='block_1_102' title="bbox 2056 4805 3687 4879">
    <p class='ocr_par' dir='ltr' id='par_1_102' title="bbox 2056 4805 3687 4879">
     <span class='ocr_line' id='line_1_102' title="bbox 2056 4805 3687 4879; baseline -0.003 -18"><span class='ocrx_word' id='word_1_764' title='bbox 2056 4807 2137 4875; x_wconf 86' lang='lat' dir='ltr'><strong>Et,</strong></span> <span class='ocrx_word' id='word_1_765' title='bbox 2163 4821 2507 4879; x_wconf 82' lang='lat' dir='ltr'><strong>praecurrens</strong></span> <span class='ocrx_word' id='word_1_766' title='bbox 2535 4806 2604 4860; x_wconf 90' lang='lat' dir='ltr'><strong>ad</strong></span> <span class='ocrx_word' id='word_1_767' title='bbox 2635 4805 2803 4861; x_wconf 91' lang='lat' dir='ltr'><strong>maris</strong></span> <span class='ocrx_word' id='word_1_768' title='bbox 2844 4805 3019 4873; x_wconf 88' lang='lat' dir='ltr'><strong>littus,</strong></span> <span class='ocrx_word' id='word_1_769' title='bbox 3048 4806 3246 4862; x_wconf 89' lang='lat' dir='ltr'><strong>amotis</strong></span> <span class='ocrx_word' id='word_1_770' title='bbox 3281 4818 3687 4876; x_wconf 84' lang='lat' dir='ltr'><strong>usquequaque</strong></span> 
     </span>
    </p>
   </div>
   <div class='ocr_carea' id='block_1_103' title="bbox 2058 4895 3686 4969">
    <p class='ocr_par' dir='ltr' id='par_1_103' title="bbox 2058 4895 3686 4969">
     <span class='ocr_line' id='line_1_103' title="bbox 2058 4895 3686 4969; baseline -0.003 -16"><span class='ocrx_word' id='word_1_771' title='bbox 2058 4899 2314 4966; x_wconf 89' lang='lat' dir='ltr'><strong>navibus,</strong></span> <span class='ocrx_word' id='word_1_772' title='bbox 2366 4898 2654 4955; x_wconf 83' lang='lat' dir='ltr'><strong>interdixit</strong></span> <span class='ocrx_word' id='word_1_773' title='bbox 2699 4906 2955 4969; x_wconf 86' lang='lat' dir='ltr'><strong>potenter</strong></span> <span class='ocrx_word' id='word_1_774' title='bbox 3027 4897 3210 4952; x_wconf 89' lang='lat' dir='ltr'><strong>nautis</strong></span> <span class='ocrx_word' id='word_1_775' title='bbox 3265 4895 3557 4962; x_wconf 88' lang='lat' dir='ltr'><strong>omnibus,</strong></span> <span class='ocrx_word' id='word_1_776' title='bbox 3613 4909 3686 4949; x_wconf 90' lang='lat' dir='ltr'><strong>ne</strong></span> 
     </span>
    </p>
   </div>
   <div class='ocr_carea' id='block_1_104' title="bbox 2057 4986 3687 5062">
    <p class='ocr_par' dir='ltr' id='par_1_104' title="bbox 2057 4986 3687 5062">
     <span class='ocr_line' id='line_1_104' title="bbox 2057 4986 3687 5062; baseline -0.004 -17"><span class='ocrx_word' id='word_1_777' title='bbox 2057 4990 2180 5062; x_wconf 91' lang='lat' dir='ltr'><strong>quis</strong></span> <span class='ocrx_word' id='word_1_778' title='bbox 2203 5005 2396 5046; x_wconf 89' lang='lat' dir='ltr'><strong>eorum</strong></span> <span class='ocrx_word' id='word_1_779' title='bbox 2438 4990 2553 5045; x_wconf 83' lang='lat' dir='ltr'><strong>tilio</strong></span> <span class='ocrx_word' id='word_1_780' title='bbox 2606 5004 2711 5044; x_wconf 88' lang='lat' dir='ltr'><strong>suo</strong></span> <span class='ocrx_word' id='word_1_781' title='bbox 2754 4988 3072 5045; x_wconf 83' lang='lat' dir='ltr'><strong>facultatem</strong></span> <span class='ocrx_word' id='word_1_782' title='bbox 3106 4986 3497 5043; x_wconf 85' lang='lat' dir='ltr'><strong>transfretandi</strong></span> <span class='ocrx_word' id='word_1_783' title='bbox 3541 5000 3687 5056; x_wconf 73' lang='lat' dir='ltr'><strong>pra:-</strong></span> 
     </span>
    </p>
   </div>
   <div class='ocr_carea' id='block_1_105' title="bbox 2058 5068 3688 5153">
    <p class='ocr_par' dir='ltr' id='par_1_105' title="bbox 2058 5068 3688 5153">
     <span class='ocr_line' id='line_1_105' title="bbox 2058 5068 3688 5153; baseline -0.004 -15"><span class='ocrx_word' id='word_1_784' title='bbox 2058 5092 2226 5138; x_wconf 89' lang='lat' dir='ltr'><strong>staret</strong></span> <span class='ocrx_word' id='word_1_785' title='bbox 2276 5082 2648 5153; x_wconf 88' lang='lat' dir='ltr'><strong>aliquatenus.</strong></span> <span class='ocrx_word' id='word_1_786' title='bbox 2702 5080 2809 5136; x_wconf 91' lang='lat' dir='ltr'><strong>Sed</strong></span> <span class='ocrx_word' id='word_1_787' title='bbox 2856 5081 2938 5135; x_wconf 91' lang='lat' dir='ltr'><strong>vir</strong></span> <span class='ocrx_word' id='word_1_788' title='bbox 2970 5080 3284 5151; x_wconf 66' lang='lat' dir='ltr'><strong>apostolica:</strong></span> <span class='ocrx_word' id='word_1_789' title='bbox 3314 5068 3459 5143; x_wconf 62' lang='lat' dir='ltr'><strong>vitae,</strong></span> <span class='ocrx_word' id='word_1_790' title='bbox 3501 5076 3688 5133; x_wconf 89' lang='lat' dir='ltr'><strong>sciens</strong></span> 
     </span>
    </p>
   </div>
   <div class='ocr_carea' id='block_1_106' title="bbox 2060 5170 3685 5243">
    <p class='ocr_par' dir='ltr' id='par_1_106' title="bbox 2060 5170 3685 5243">
     <span class='ocr_line' id='line_1_106' title="bbox 2060 5170 3685 5243; baseline -0.004 -15"><span class='ocrx_word' id='word_1_791' title='bbox 2060 5173 2350 5230; x_wconf 91' lang='lat' dir='ltr'><strong>Dominum</strong></span> <span class='ocrx_word' id='word_1_792' title='bbox 2398 5172 2756 5243; x_wconf 85' lang='lat' dir='ltr'><strong>praecepisse:</strong></span> <span class='ocrx_word' id='word_1_793' title='bbox 2793 5193 2815 5219; x_wconf 76' lang='grc' dir='ltr'>κ</span> <span class='ocrx_word' id='word_1_794' title='bbox 2874 5172 3100 5227; x_wconf 81' lang='lat' dir='ltr'><strong>dextera</strong></span> <span class='ocrx_word' id='word_1_795' title='bbox 3156 5186 3371 5233; x_wconf 91' lang='lat' dir='ltr'><strong>manus,</strong></span> <span class='ocrx_word' id='word_1_796' title='bbox 3424 5170 3510 5225; x_wconf 87' lang='lat' dir='ltr'><strong>vel</strong></span> <span class='ocrx_word' id='word_1_797' title='bbox 3560 5182 3685 5239; x_wconf 87' lang='lat' dir='ltr'><strong>pes,</strong></span> 
     </span>
    </p>
   </div>
   <div class='ocr_carea' id='block_1_107' title="bbox 2058 5258 3687 5333">
    <p class='ocr_par' dir='ltr' id='par_1_107' title="bbox 2058 5258 3687 5333">
     <span class='ocr_line' id='line_1_107' title="bbox 2058 5258 3687 5333; baseline -0.006 -10"><span class='ocrx_word' id='word_1_798' title='bbox 2058 5265 2147 5323; x_wconf 90' lang='lat' dir='ltr'><strong>vel</strong></span> <span class='ocrx_word' id='word_1_799' title='bbox 2178 5264 2372 5321; x_wconf 90' lang='lat' dir='ltr'><strong>oculus</strong></span> <span class='ocrx_word' id='word_1_800' title='bbox 2412 5263 2750 5319; x_wconf 87' lang='lat' dir='ltr'><strong>scandalizat</strong></span> <span class='ocrx_word' id='word_1_801' title='bbox 2790 5270 2862 5329; x_wconf 90' lang='lat' dir='ltr'><strong>te,</strong></span> <span class='ocrx_word' id='word_1_802' title='bbox 2906 5279 3037 5319; x_wconf 90' lang='lat' dir='ltr'><strong>erue</strong></span> <span class='ocrx_word' id='word_1_803' title='bbox 3069 5279 3221 5330; x_wconf 91' lang='lat' dir='ltr'><strong>eum,</strong></span> <span class='ocrx_word' id='word_1_804' title='bbox 3262 5270 3318 5318; x_wconf 90' lang='lat' dir='ltr'><strong>et</strong></span> <span class='ocrx_word' id='word_1_805' title='bbox 3346 5260 3556 5333; x_wconf 90' lang='lat' dir='ltr'><strong>projice</strong></span> <span class='ocrx_word' id='word_1_806' title='bbox 3584 5258 3687 5314; x_wconf 90' lang='lat' dir='ltr'><strong>abs</strong></span> 
     </span>
    </p>
   </div>
   <div class='ocr_carea' id='block_1_108' title="bbox 2062 5349 3684 5429">
    <p class='ocr_par' dir='ltr' id='par_1_108' title="bbox 2062 5349 3684 5429">
     <span class='ocr_line' id='line_1_108' title="bbox 2062 5349 3684 5429; baseline -0.006 -16"><span class='ocrx_word' id='word_1_807' title='bbox 2062 5363 2115 5413; x_wconf 88' lang='lat' dir='ltr'><strong>te</strong></span> <span class='ocrx_word' id='word_1_808' title='bbox 2155 5357 2372 5429; x_wconf 76' lang='lat' dir='ltr'><strong>(Matth.</strong></span> <span class='ocrx_word' id='word_1_809' title='bbox 2418 5354 2572 5427; x_wconf 82' lang='lat' dir='ltr'><strong>xvm)</strong></span> <span class='ocrx_word' id='word_1_810' title='bbox 2621 5378 2645 5401; x_wconf 78' lang='grc' dir='ltr'><strong>ιι</strong></span> <span class='ocrx_word' id='word_1_811' title='bbox 2674 5354 2870 5410; x_wconf 91' lang='lat' dir='ltr'><strong>maluit</strong></span> <span class='ocrx_word' id='word_1_812' title='bbox 2897 5354 3050 5411; x_wconf 88' lang='lat' dir='ltr'><strong>solus</strong></span> <span class='ocrx_word' id='word_1_813' title='bbox 3107 5355 3177 5409; x_wconf 93' lang='lat' dir='ltr'><strong>ad</strong></span> <span class='ocrx_word' id='word_1_814' title='bbox 3222 5354 3384 5410; x_wconf 87' lang='lat' dir='ltr'><strong>vitam</strong></span> <span class='ocrx_word' id='word_1_815' title='bbox 3440 5349 3684 5427; x_wconf 84' lang='lat' dir='ltr'><strong>ingredi,</strong></span> 
     </span>
    </p>
   </div>
   <div class='ocr_carea' id='block_1_109' title="bbox 2063 5445 3669 5523">
    <p class='ocr_par' dir='ltr' id='par_1_109' title="bbox 2063 5445 3669 5523">
     <span class='ocr_line' id='line_1_109' title="bbox 2063 5445 3669 5523; baseline -0.004 -17"><span class='ocrx_word' id='word_1_816' title='bbox 2063 5467 2229 5523; x_wconf 89' lang='lat' dir='ltr'><strong>quam</strong></span> <span class='ocrx_word' id='word_1_817' title='bbox 2274 5448 2765 5522; x_wconf 68' lang='lat' dir='ltr'><strong>cum-parentibus</strong></span> <span class='ocrx_word' id='word_1_818' title='bbox 2812 5449 2929 5504; x_wconf 88' lang='lat' dir='ltr'><strong>suis</strong></span> <span class='ocrx_word' id='word_1_819' title='bbox 2975 5448 3287 5520; x_wconf 89' lang='lat' dir='ltr'><strong>perniciose</strong></span> <span class='ocrx_word' id='word_1_820' title='bbox 3332 5445 3572 5512; x_wconf 90' lang='lat' dir='ltr'><strong>dilectis,</strong></span> <span class='ocrx_word' id='word_1_821' title='bbox 3612 5445 3669 5500; x_wconf 91' lang='lat' dir='ltr'><strong>in</strong></span> 
     </span>
    </p>
   </div>
   <div class='ocr_carea' id='block_1_110' title="bbox 418 5547 3684 5632">
    <p class='ocr_par' dir='ltr' id='par_1_110' title="bbox 418 5547 3684 5632">
     <span class='ocr_line' id='line_1_110' title="bbox 418 5547 3684 5632; baseline 0.001 -29"><span class='ocrx_word' id='word_1_822' title='bbox 597 5550 942 5606; x_wconf 90' lang='lat' dir='ltr'><strong>Dominicum</strong></span> <span class='ocrx_word' id='word_1_823' title='bbox 984 5552 1290 5619; x_wconf 91' lang='lat' dir='ltr'><strong>hominem,</strong></span> <span class='ocrx_word' id='word_1_824' title='bbox 1348 5553 1621 5610; x_wconf 85' lang='lat' dir='ltr'><strong>Christum</strong></span> <span class='ocrx_word' id='word_1_825' title='bbox 1682 5554 1837 5621; x_wconf 90' lang='lat' dir='ltr'><strong>dicit,</strong></span> <span class='ocrx_word' id='word_1_826' title='bbox 1880 5557 2029 5627; x_wconf 89' lang='lat' dir='ltr'><strong>quod</strong></span> <span class='ocrx_word' id='word_1_827' title='bbox 2062 5557 2398 5632; x_wconf 83' lang='lat' dir='ltr'><strong>Augustinus</strong></span> <span class='ocrx_word' id='word_1_828' title='bbox 2435 5572 2496 5612; x_wconf 91' lang='lat' dir='ltr'><strong>se</strong></span> <span class='ocrx_word' id='word_1_829' title='bbox 2534 5555 2739 5611; x_wconf 85' lang='lat' dir='ltr'><strong>dixisse</strong></span> <span class='ocrx_word' id='word_1_830' title='bbox 2792 5555 2963 5612; x_wconf 91' lang='lat' dir='ltr'><strong>dolet.</strong></span> <span class='ocrx_word' id='word_1_831' title='bbox 3004 5556 3141 5612; x_wconf 88' lang='lat' dir='ltr'><strong>Vide</strong></span> <span class='ocrx_word' id='word_1_832' title='bbox 3170 5556 3463 5611; x_wconf 83' lang='lat' dir='ltr'><strong>Retractat.</strong></span> <span class='ocrx_word' id='word_1_833' title='bbox 3512 5551 3606 5607; x_wconf 91' lang='lat' dir='ltr'><strong>lib.</strong></span> <span class='ocrx_word' id='word_1_834' title='bbox 3644 5568 3684 5615; x_wconf 89' lang='grc' dir='ltr'><strong>ι,</strong></span> 
     </span>
    </p>
   </div>
   <div class='ocr_carea' id='block_1_111' title="bbox 350 5619 596 5688">
    <p class='ocr_par' dir='ltr' id='par_1_111' title="bbox 350 5619 596 5688">
     <span class='ocr_line' id='line_1_111' title="bbox 350 5619 596 5688; baseline 0 -15"><span class='ocrx_word' id='word_1_835' title='bbox 350 5634 476 5688; x_wconf 86' lang='lat' dir='ltr'><strong>cap.</strong></span> <span class='ocrx_word' id='word_1_836' title='bbox 506 5619 596 5673; x_wconf 85' lang='grc'><strong>19.</strong></span> 
     </span>
    </p>
   </div>
  </div>
