3948 6044
262 234 363 289 737

1610 233 1756 288 VITA
1796 232 1853 288 S.
1896 232 2230 289 MACLOVH.

3490 237 3594 294 73$

259 360 519 434 gehenna
549 360 712 414 mitti.
746 359 974 414 Omnem
1004 373 1134 428 ergo
1175 358 1409 413 carnalis
1453 360 1881 415 necessitudinis
1906 372 1955 439 Α
1987 359 2077 414 Dei
2109 359 2293 433 gladio
2323 359 2475 437 verbi
2517 360 2608 413 Dei
2641 360 2878 414 ostendit
2912 377 3073 431 quam
3108 361 3287 416 fidelis
3317 371 3465 418 esset
3492 380 3594 420 suo

264 450 611 506 affectionem
648 459 992 522 postponens
1023 451 1220 506 Christi
1254 451 1446 518 amori,
1474 452 1883 507 abrenuntiavit

268 541 411 612 patri
446 538 859 594 abrenuntiavit
899 547 1138 610 paternae
1165 539 1446 610 lfacultati,
1478 539 1888 594 abrenuntiavit

267 632 475 688 etenim
507 631 639 698 sibi,
671 639 729 686 ut
754 632 933 686 nudus
959 641 1013 687 et
1043 632 1336 702 expeditus
1372 640 1699 703 sequeretur
1721 631 1884 687 disci-

270 723 434 795 pulus
454 722 689 795 vestigia
721 724 990 796 magistri.

940 810 1147 866 CAPUT
1169 812 1230 866 Χ.

344 905 542 960 Aseitis
589 905 770 978 itaque
802 906 1084 972 omnibus,
1117 906 1210 978 qui
1237 922 1424 960 secum
1470 906 1731 961 tenebant
1763 920 1875 976 pro-

276 998 514 1068 positum
541 998 855 1064 monastiei,
877 999 1088 1053 ordinis
1115 998 1350 1072 allegato
1381 1013 1602 1069 quoque
1633 998 1896 1073 magistro

274 1104 378 1144 suo
410 1090 696 1144 Brendauo
723 1090 947 1156 abbate,
982 1090 1135 1145 socio
1184 1089 1384 1160 prioris
1416 1090 1895 1164 peregrinationis,

276 1179 429 1233 venit
462 1179 528 1231 ad
580 1179 732 1232 littus
765 1177 948 1232 maris.
984 1177 1083 1231 Ubi
1125 1178 1324 1233 amotis
1369 1180 1599 1234 navibus
1628 1186 1683 1234 et
1712 1178 1894 1234 nautis

280 1273 568 1340 omnibus,
606 1272 762 1340 juxta
811 1272 1162 1327 interdictum
1216 1272 1385 1343 patris
1424 1273 1530 1339 sui,
1581 1289 1704 1327 eum
1747 1271 1896 1326 nulla

279 1375 602 1438 suppeteret
622 1367 708 1421 via
739 1366 1152 1432 transfretandi,
1187 1366 1466 1422 recolebat
1498 1367 1630 1420 illud
1660 1365 1894 1420 Psalmi-

279 1470 414 1516 staa:
453 1484 472 1511 ι
508 1462 715 1517 Bonum
759 1468 842 1516 est
871 1459 1149 1516 confidere
1181 1461 1236 1514 in
1276 1461 1530 1528 Domino,
1572 1477 1734 1532 quam
1771 1475 1899 1516 eon-

284 1552 458 1607 fidere
508 1552 563 1606 in
603 1552 826 1607 homine
870 1553 1034 1619 (Psal.
1072 1553 1255 1623 cxvn).
1309 1573 1332 1602 ι)
1398 1552 1640 1624 Cumque
1691 1569 1786 1607 cor
1834 1552 1901 1606 ad

286 1641 455 1694 Deum
487 1640 664 1694 solum
713 1641 1100 1711 suspenderct,
1151 1655 1280 1694 ecce
1329 1641 1508 1695 navim
1545 1656 1769 1695 vacuam
1806 1641 1906 1695 lio-

287 1728 532 1783 minibus
571 1735 772 1799 praesto
803 1697 997 1783 adesse
1037 1697 1207 1795 videt,
1264 1745 1428 1800 quam
1485 1729 1728 1784 Christus
1787 1730 1904 1800 ipse
1931 1697 1979 1764 Β

289 1818 517 1893 regebat
544 1836 556 1871 :
587 1819 668 1874 vir
696 1826 879 1872 tamen
913 1825 1137 1872 sanctus
1168 1834 1402 1888 puerum
1443 1835 1569 1873 eum
1625 1834 1746 1874 esse
1777 1835 1905 1873 ere-

291 1909 478 1963 debat.
512 1908 611 1973 Qui
643 1925 741 1980 per
778 1925 905 1964 mox
950 1909 1100 1963 illum
1136 1909 1202 1964 ad
1236 1911 1602 1982 navigandum
1638 1911 1908 1976 invitavit,

292 2014 354 2059 et
387 2021 653 2076 quorsum
687 2005 790 2059 iter
836 2004 1002 2060 vellet
1050 2004 1309 2080 dirigere,
1355 2022 1479 2060 eum
1533 2005 1904 2080 interrogavit.

293 2092 598 2164 ReSpondit
643 2093 757 2161 ille,
818 2108 930 2164 quo
1005 2093 1257 2148 voluntas
1315 2093 1528 2148 Domini
1589 2095 1693 2148 iter
1749 2110 1909 2148 suum

293 2187 460 2241 vellet
503 2187 769 2259 dirigere,
803 2202 871 2241 eo
921 2202 980 2240 se
1011 2185 1251 2241 libenter
1298 2186 1457 2258 sequi
1492 2188 1650 2241 velle.
1705 2185 1916 2254 Adjecit

294 2295 465 2349 puer:
498 2280 554 2333 1n
605 2279 728 2333 sinu
760 2278 924 2349 hujus
950 2278 1048 2332 sali
1080 2287 1163 2333 est
1207 2279 1458 2350 quaedam
1521 2279 1718 2346 insula,
1751 2295 1914 2350 quam

295 2368 502 2423 habitat
551 2370 632 2424 vir
681 2370 815 2423 satis
872 2369 1135 2440 probatus
1175 2369 1230 2422 in
1283 2370 1587 2425 monastica
1633 2370 1762 2426 vita.
1825 2369 1920 2424 Hic

296 2463 473 2515 Aaron
528 2469 785 2516 vocatur:
818 2477 847 2514 a
894 2476 1004 2532 quo
1034 2461 1200 2515 etiam
1245 2461 1402 2517 locus
1454 2461 1635 2516 insula
1689 2461 1920 2540 Aarenis

299 2553 740 2627 cognominatur.
775 2553 853 2606 Ad
885 2553 1032 2608 hunc
1064 2561 1115 2608 te
1137 2553 1396 2628 dirigam,
1428 2561 1481 2608 et
1515 2563 1567 2610 te
1600 2555 1667 2609 ab
1699 2571 1765 2609 eo
1794 2556 1921 2610 offi-

301 2643 610 2698 ciosissime
643 2641 844 2713 excipi,
887 2651 940 2696 et
981 2643 1221 2697 humane
1275 2643 1492 2697 tractari
1539 2643 1755 2698 faciam.
1816 2645 1922 2700 llac

300 2739 422 2793 vice
469 2753 785 2793 sermonum
833 2736 1106 2792 intellexit
1138 2737 1357 2790 tandem
1416 2737 1500 2792 vir
1529 2738 1650 2802 Dei,
1690 2754 1921 2809 puerum

301 2829 389 2884 cui
428 2827 865 2898 colloquebatur,
924 2825 1074 2880 illum
1119 2841 1266 2893 esse,
1322 2842 1488 2897 quem
1551 2828 1923 2894 invocaverat,

301 2922 497 2975 Deum.
541 2917 786 2989 Cumque
813 2917 1149 2972 acceleraret
1181 2918 1423 2988 provolvi
1457 2918 1736 2990 loquentis
1764 2919 1924 2995 geni-

309 3013 430 3079 bus,
465 3012 612 3067 dicto
640 3010 799 3066 sitius
829 3011 1050 3065 evanuit
1076 3027 1140 3065 ex
1163 3011 1337 3065 oculis
1366 3011 1560 3082 ipsius.

686 3160 692 3164 _
955 3102 1161 3156 CAPUT
1199 3103 1284 3158 XI.

385 3195 554 3266 Igitur
582 3194 842 3250 telicioris
873 3193 1238 3266 navigationis
1263 3209 1425 3264 quam
1457 3209 1768 3268 aggressus,
1803 3210 1929 3265 pro-

309 3284 488 3356 speris
531 3283 710 3339 ventis
760 3291 815 3338 et
861 3290 1010 3338 recto
1061 3288 1253 3336 tenore
1313 3297 1506 3336 cursus
1561 3283 1630 3336 ad
1694 3283 1927 3338 insulam

309 3370 538 3425 Aaronis
577 3378 659 3425 est
685 3370 952 3438 directus,
1009 3377 1064 3425 et
1094 3370 1252 3440 juxta
1296 3371 1627 3440 promissum
1686 3371 1928 3440 Domini,

310 3463 559 3518 officiosa
588 3463 930 3518 humanitate
969 3479 1001 3517 a
1031 3461 1237 3517 famulo
1279 3462 1374 3516 Dei
1409 3469 1491 3517 est
1541 3472 1818 3534 exceptus.
1851 3464 1932 3518 lbi

312 3565 436 3604 cum
487 3556 676 3604 sancto
701 3559 888 3605 sancte
921 3550 1158 3614 vivebat,
1191 3556 1245 3603 et
1275 3565 1396 3604 cum
1427 3549 1722 3605 innocente
1771 3550 1932 3606 inno-

317 3653 506 3700 center
553 3644 770 3718 agebat.
802 3651 857 3699 et
898 3643 1071 3698 faetus
1100 3643 1238 3698 alter
1281 3645 1509 3699 alterius
1538 3645 1846 3716 speculum,
1887 3647 1934 3701 si

312 3733 448 3806 quid
481 3734 534 3788 in
565 3733 879 3804 semetipsis
917 3732 1186 3788 videbant
1232 3750 1356 3789 esse
1385 3735 1796 3804 corrigendum,
1843 3747 1938 3792 aut

318 3829 715 3897 adjiciendum,
798 3829 1120 3884 eharitativa
1191 3829 1541 3885 aemulatione
1617 3831 1942 3887 meliorabat

319 3922 459 3975 alter
489 3936 586 3992 per
615 3923 874 3975 alterum.
907 3920 988 3975 lbi
1019 3936 1151 3995 ergo
1192 3922 1384 3976 mundi
1415 3922 1579 3992 hujus
1616 3924 1942 3998 peregrinus

320 4010 624 4083 permansit
654 4010 1058 4082 aliquantulum
1099 4012 1382 4083 temporis,
1416 4013 1595 4069 donec
1621 4013 1827 4084 placuit
1857 4013 1943 4068 di-

323 4101 465 4155 vinae
497 4101 936 4171 omnipotentiae,
960 4100 1124 4154 etiam
1158 4101 1213 4154 in
1245 4102 1348 4156 hoc
1376 4102 1599 4170 saeculo,
1633 4104 1682 4156 ei
1707 4103 1944 4158 reddere

325 4190 637 4243 mercedem
675 4190 897 4254 laboris,
931 4192 983 4245 in
1017 4190 1197 4246 futuro
1217 4207 1445 4248 servans
1467 4193 1517 4248 ei
1542 4193 1943 4264 plenitudinem

328 4279 811 4336 remunerationis.

943 4372 1151 4428 CAPUT
1191 4375 1303 4430 Xll.

403 4468 520 4524 Jam
571 4470 712 4524 fama
766 4485 970 4524 nomen
1031 4471 1151 4539 ejus
1203 4471 1421 4526 celebre
1470 4472 1674 4528 fecerat
1717 4474 1946 4546 ubique,

329 4561 441 4633 jam
476 4563 626 4618 omni
670 4564 874 4634 populo
906 4571 1023 4619 erat
1067 4564 1124 4618 in
1161 4581 1275 4628 ore,
1309 4565 1453 4636 quod
1497 4567 1824 4642 peregrinus
1862 4569 1950 4622 ille

333 4655 722 4710 miraculorum
756 4656 990 4726 polleret
1030 4666 1324 4728 potestate,
1368 4663 1424 4713 et
1478 4675 1644 4729 supra
1698 4660 1952 4716 homines

337 4752 606 4806 doctrinm
647 4750 901 4806 afﬂueret
940 4751 1212 4808 ubertate.
1243 4751 1362 4807 Jam
1405 4753 1588 4808 omnis
1626 4754 1863 4825 populus
1899 4755 1951 4808 in

331 4839 454 4908 ejus
488 4838 860 4894 declinaverat
890 4855 1154 4905 amorem,
1214 4856 1281 4896 eo
1331 4842 1478 4912 quod
1525 4841 1738 4898 videret
1779 4843 1832 4896 in
1888 4858 1955 4898 eo

335 4945 460 4984 esse
511 4935 564 4984 et
596 4930 672 5000 pii
705 4930 877 5001 patris
932 4929 1306 5003 affectionem,
1363 4940 1418 4988 et
1455 4932 1677 4988 facundi
1719 4934 1958 4990 doctoris

335 5023 742 5079 auctoritatem.
777 5024 1045 5087 Quocirca
1085 5032 1419 5095 coeperante
1458 5026 1562 5081 sibi
1616 5027 1801 5081 divina
1830 5044 1958 5101 gra—

338 5111 437 5179 tia,
469 5111 723 5166 fecerunt
743 5128 869 5167 eum
892 5112 1321 5167 inthronizariin
1351 5114 1653 5186 episcopali
1677 5115 1958 5181 cathedra,

343 5205 399 5258 in
429 5202 567 5258 urbe
608 5219 729 5276 quae
774 5211 999 5259 vocatur
1023 5204 1234 5272 Aletha,
1277 5221 1398 5276 quae
1439 5222 1550 5262 non
1584 5207 1745 5281 longe
1775 5206 1963 5260 aberat

346 5298 414 5352 ab
474 5297 708 5352 Aaronis
761 5298 960 5354 insula.
1004 5298 1152 5354 Hanc
1206 5299 1398 5353 urbem
1458 5299 1678 5367 fluvius,
1738 5299 1965 5355 nomine

349 5387 597 5453 Binetus,
653 5404 720 5443 ex
770 5405 882 5445 uno
930 5390 1121 5456 latere,
1173 5404 1237 5443 ex
1283 5388 1456 5444 altero
1495 5388 1737 5443 alluebat
1792 5404 1964 5443 mare.

350 5479 463 5534 illis
501 5480 557 5534 in
607 5480 858 5551 partibus
899 5481 1080 5536 adhuc
1128 5480 1437 5536 daemonum
1489 5480 1778 5553 squalebat
1816 5497 1969 5552 spur-

352 5573 502 5641 citia,
535 5581 592 5629 et
633 5576 744 5646 jam
779 5576 979 5646 passim
1028 5575 1305 5649 Evangelii
1338 5584 1603 5651 regnante
1649 5576 1842 5651 gratia,
1892 5575 1966 5630 ibi

355 5666 672 5748 restiterant
725 5667 995 5725 idolatriae
1032 5669 1282 5743 vestigia.
1325 5669 1613 5724 Accinctus
1657 5666 1841 5738 itaque
1888 5666 1971 5722 vir

1987 448 2097 518 regi
2118 463 2216 517 pro
2243 448 2362 516 ejus
2391 464 2573 502 amore
2595 465 2888 521 aggressus
2915 449 3196 504 debellare
3230 466 3456 523 regnum
3484 451 3597 506 dia—

1986 535 2136 591 boli:
2171 552 2273 591 nec
2325 546 2451 591 ante
2481 537 2711 600 destitit,
2747 554 2906 608 quam
2943 538 3246 592 infidelium
3278 539 3464 602 corda,
3495 540 3599 594 vir-

1990 634 2166 682 tutum
2197 628 2564 695 mirificentia,
2593 636 2646 683 et
2667 629 2930 684 doctrinae
2963 630 3242 685 affluentia
3273 632 3340 684 ad
3367 632 3598 686 creden-

1991 717 2122 772 dum
2171 717 2406 784 inflexit,
2465 725 2520 772 et
2576 734 2606 771 a
2660 733 2829 791 regno
2881 718 3086 773 diaboli
3137 719 3361 775 abactos
3405 719 3598 774 Christi

1986 813 2121 887 jugo
2151 812 2403 882 subjecit.
2459 813 2518 866 in
2552 813 2653 866 hac
2707 812 2908 867 vicinia
2937 821 3158 868 sanctus
3209 814 3438 869 Samson
3483 831 3602 868 ma-

1995 905 2185 972 nebat,
2227 905 2321 976 qui
2371 905 2514 959 beati
2554 904 2802 959 Maclovii
2840 905 3287 980 consanguineus
3327 915 3461 960 erat.
3508 906 3600 961 Hic

1998 997 2052 1050 in
2085 996 2360 1051 territorio
2393 996 2566 1063 urbis,
2602 997 2656 1050 in
2698 1013 2804 1067 qua
2831 997 3208 1068 episcopatum
3243 998 3599 1052 administra-

1999 1086 2112 1154 bat,
2143 1104 2253 1142 non
2311 1087 2663 1142 mediocriter
2703 1088 2948 1143 laborem
2991 1089 3368 1159 impendebat,
3429 1097 3488 1144 ut
3533 1089 3601 1144 de

1999 1193 2168 1252 regno
2224 1178 2436 1233 Domini
2485 1178 2569 1232 sui
2629 1179 2943 1234 exturbaret
2989 1181 3394 1253 paganismum,
3440 1191 3494 1235 et
3535 1180 3604 1235 ad

1999 1272 2217 1327 laudem
2275 1273 2370 1327 Dei
2426 1273 2714 1344 ampliaret
2756 1274 3247 1330 Christianismum.
3300 1277 3389 1331 Sic
3426 1277 3480 1330 in
3523 1292 3609 1330 rc-

1999 1363 2166 1436 gioue
2210 1364 2297 1418 illa
2346 1380 2444 1435 per
2475 1364 2642 1419 fortes
2687 1366 2893 1419 milites
2951 1365 3166 1426 Christi,
3225 1369 3497 1422 diminuta
3530 1373 3614 1422 est

2000 1456 2244 1510 adversae
2260 1456 2426 1526 partis
2456 1458 2718 1526 potentia,
2751 1465 2804 1511 et
2834 1458 3058 1512 dilatata
3088 1466 3169 1513 est
3195 1460 3356 1533 longe
3395 1459 3614 1530 lateque

2004 1547 2427 1603 Christianitatis
2459 1548 2885 1622 magnificentia.

2624 1638 2828 1693 CAPUT
2857 1639 2993 1693 Xlll.

2077 1729 2331 1803 Vigiliam
2366 1729 2583 1784 Pascha:
2624 1729 2962 1785 Christianus
3002 1732 3243 1801 pepulus
3283 1730 3620 1798 celebrabat,

2009 1831 2063 1877 et
2094 1823 2148 1876 in
2186 1823 2536 1877 celebrandis
2567 1824 2746 1878 missa:
2778 1825 3054 1894 mysteriis
3081 1825 3342 1880 sacerdos
3384 1825 3626 1878 intentus

2011 1918 2143 1965 erat.
2180 1911 2242 1965 Et
2286 1927 2412 1966 ecce
2442 1911 2622 1965 tristes
2678 1910 2922 1966 defuncti
2957 1913 3296 1977 exhibentur
3327 1912 3625 1983 exsequiae,

2012 2014 2066 2060 et
2111 2006 2333 2061 animos
2381 2006 2726 2061 audientium
2783 2007 2853 2060 ad
2907 2007 3351 2077 eompatiendum
3411 2015 3635 2062 moveut

2014 2101 2389 2172 plangentium
2425 2102 2676 2172 lacrymze
2735 2102 2859 2156 Plus
2907 2102 3120 2156 cunctis
3155 2111 3406 2157 movetur
3433 2111 3487 2156 et
3515 2102 3634 2171 ipse

2013 2192 2294 2259 sacerdos,
2327 2193 2421 2263 qui
2451 2201 2598 2248 totus
2624 2204 2741 2248 erat
2779 2195 2835 2248 in
2878 2193 3280 2258 misericordia,
3309 2201 3362 2247 et
3404 2199 3635 2263 praesto-

2016 2284 2319 2354 larijubet,
2381 2285 2509 2339 dum
2554 2284 2774 2340 finiatur
2825 2284 3010 2338 missa.
3071 2283 3464 2337 Circumstante
3526 2281 3635 2335 fre-

2019 2378 2249 2448 quentia
2296 2379 2505 2449 pepuli,
2539 2385 2726 2433 monet
2755 2393 2950 2434 omnes
2980 2375 3257 2448 appellare
3287 2374 3636 2430 clementiam

2023 2472 2272 2527 Domini:
2306 2481 2383 2536 ut,
2436 2474 2530 2545 qui
2570 2473 2885 2528 dominatur
2929 2473 3088 2527 morti
3118 2481 3172 2526 et
3201 2471 3346 2533 vitae,
3382 2470 3638 2541 dignare-

2023 2570 2109 2614 tur
2159 2578 2258 2632 per
2301 2562 2548 2616 membra
2598 2561 2833 2636 rigentia
2882 2562 3102 2615 vitalem
3156 2560 3354 2614 animat
3396 2559 3634 2614 calorem

2023 2652 2336 2708 refundere.
2374 2654 2483 2709 Nec
2530 2655 2750 2726 longum
2784 2653 2910 2717 fuit;
2962 2659 3015 2706 et
3056 2651 3150 2723 qui
3182 2651 3348 2705 dixit:
3385 2675 3410 2697 ιι
3451 2649 3643 2705 Omnia

2026 2742 2311 2812 possibilia
2340 2751 2467 2797 sunt
2497 2742 2744 2797 credenti
2779 2743 2967 2810 (Marc.
3001 2742 3093 2811 ix).
3128 2761 3156 2790 ο
3197 2739 3480 2794 devotioni
3508 2738 3645 2793 fide-

2027 2833 2159 2886 lium
2192 2831 2392 2886 adfuit:
2451 2831 2689 2906 resurgit
2716 2840 2986 2894 mortuus,
3045 2839 3100 2885 et
3132 2830 3415 2884 horrorem
3450 2828 3643 2883 incutit

2028 2920 2308 2987 omnibus,
2342 2927 2395 2974 et
2429 2921 2602 2990 palam
2639 2918 2768 2973 fecit
2807 2919 3036 2973 omnino
3081 2919 3251 2972 Deum
3285 2917 3467 2971 favere
3514 2915 3646 2969 fide-

1953 3037 2002 3105 Ω
2030 3011 2154 3065 liter
2180 3009 2510 3081 petentibus.
2546 3008 2609 3063 Ut
2637 3009 2792 3063 vivus
2833 3008 3022 3075 astitit,
3071 3007 3326 3078 poculum
3369 3006 3480 3061 vini
3536 3006 3641 3060 sibi

2030 3103 2235 3177 porrigi
2263 3101 2610 3173 petiit.‘Quid
2642 3109 2866 3156 sanctus
2891 3101 2973 3155 vir
2998 3099 3241 3155 faceret?
3273 3099 3466 3152 Vinum
3501 3098 3647 3168 quod

2029 3193 2236 3248 sitienti
2283 3192 2608 3266 porrigeret,
2662 3207 2773 3247 non
2814 3191 3094 3246 habebat:
3153 3206 3310 3261 aquae
3366 3189 3649 3259 poculum,

2031 3286 2178 3356 quod
2238 3285 2574 3357 porrigebat,
2628 3291 2856 3356 tangere
2901 3284 3097 3338 sitiens
3147 3281 3388 3337 uolebat.
3451 3283 3650 3335 lterum

2033 3377 2370 3433 confortatus
2426 3379 2478 3431 in
2513 3375 2642 3442 fide,
2700 3377 2932 3430 recurrit
2983 3376 3050 3429 ad
3085 3374 3289 3430 fontem
3340 3374 3651 3428 misericor-

2035 3467 2140 3521 dia:
2192 3474 2408 3537 petens,
2441 3475 2500 3520 ut
2546 3465 2640 3536 qui
2691 3463 2928 3519 orationi
2992 3463 3241 3517 fidelium
3304 3462 3653 3532 impenderat

2036 3555 2232 3624 majus,
2279 3554 2600 3625 dignaretur
2632 3552 2954 3622 impendere
3000 3559 3052 3604 et
3086 3550 3161 3616 id,
3214 3549 3364 3620 quod
3394 3556 3511 3603 erat
3551 3549 3656 3602 mi-

2037 3665 2161 3702 nus.
2194 3647 2314 3702 Mox
2348 3648 2560 3701 habens
2599 3646 2666 3700 ad
2723 3660 2943 3698 manum
2977 3660 3072 3697 vas
3130 3658 3525 3706 marmoreum,
3578 3641 3656 3696 lc-

2037 3745 2160 3794 vata
2195 3754 2359 3792 manu
2395 3737 2530 3791 illud
2577 3735 2937 3800 benedicens,
2973 3733 3135 3788 vertit
3162 3732 3219 3786 in
3251 3749 3345 3786 vas
3393 3732 3658 3787 vitreum:

2042 3838 2097 3885 et
2123 3829 2422 3884 infundens
2462 3829 2573 3882 vasi
2609 3845 2803 3899 aquam
2837 3842 2934 3896 per
2962 3826 3219 3880 virtutem
3253 3833 3456 3879 sanctae
3488 3824 3665 3878 bene-

2043 3922 2306 3977 dictionis
2355 3920 2586 3975 mutavit
2626 3927 2679 3974 et
2709 3919 2854 3973 illam
2902 3919 2957 3972 in
2994 3917 3107 3971 vini
3155 3923 3426 3971 naturam.
3466 3914 3667 3986 Sicque

2015 3999 2022 4002 ﬂ
2044 4013 2099 4067 in
2128 4029 2254 4068 vase
2286 4013 2459 4068 vitreo
2502 4012 2792 4084 porrigens
2853 4009 3064 4065 homini
3124 4007 3368 4064 redivivo
3397 4007 3522 4063 novi
3554 4005 3665 4061 vini

2048 4109 2328 4179 poculum,
2378 4122 2487 4161 non
2548 4107 2833 4160 minimum
2897 4104 3098 4159 divinae
3155 4103 3376 4174 pietatis
3425 4101 3669 4157 ostendit

2046 4201 2308 4256 omnibus
2343 4199 2688 4254 miraculum.
2737 4198 2775 4252 Ο
2837 4213 2965 4252 vere
3028 4197 3176 4266 pium
3217 4203 3272 4250 et
3312 4194 3665 4268 magnificum

2047 4294 2316 4348 cultorem
2366 4297 2568 4346 sanctae
2598 4289 2897 4354 Trinitatis,
2940 4304 3102 4359 quem
3155 4287 3459 4340 secundum
3503 4285 3667 4339 fidem

1974 4383 2024 4448 D
2047 4385 2229 4440 cordis
2254 4384 2339 4439 sui
2368 4383 2422 4437 in
2455 4399 2563 4437 una
2596 4383 2686 4435 die
2718 4381 2901 4434 divina
2949 4379 3123 4433 virtus
3155 4377 3330 4431 tribus
3381 4375 3672 4431 illustravit

2048 4477 2350 4544 miraculis,
2383 4474 2510 4530 dum
2553 4475 2609 4528 in
2640 4473 2864 4528 nomine
2914 4480 2969 4525 et
3021 4469 3221 4524 virtute
3261 4474 3464 4523 sanctae
3491 4467 3673 4521 Trini-

2050 4570 2178 4625 tatis
2236 4567 2520 4623 suseitavit
2557 4572 2852 4631 mortuum,
2907 4571 2964 4617 et
3009 4579 3073 4617 ex
3129 4576 3402 4616 marmore
3449 4560 3671 4625 vitrum,

2051 4667 2106 4716 et
2144 4677 2212 4716 ex
2253 4675 2395 4731 aqua
2425 4657 2554 4714 fecit
2601 4658 2812 4712 vinum.
2852 4657 3043 4725 Itaque
3069 4669 3233 4724 quem
3271 4652 3469 4707 alienis
3497 4650 3677 4705 mani-

2054 4754 2160 4808 bus
2190 4769 2412 4809 carruea
2443 4752 2507 4806 ad
2546 4749 2930 4821 sepeliendum
2962 4747 3090 4802 illuc
3131 4747 3370 4810 advexit,
3405 4745 3522 4816 ipse
3555 4760 3674 4799 eam

2059 4850 2216 4904 laetus
2247 4849 2470 4903 domum
2514 4844 2752 4911 reduxit,
2783 4851 2838 4899 et
2869 4841 3051 4914 quoad
3096 4841 3249 4909 vixit,
3298 4841 3534 4897 idoneus
3564 4854 3677 4894 sua:

2058 4940 2477 4998 resurrectionis
2516 4938 2669 4994 testis
2700 4935 2926 4993 exstitit.

2665 5025 2874 5081 CAPUT
2930 5023 3059 5079 XIV.

2132 5117 2222 5172 Vir
2242 5133 2390 5189 saepe
2419 5115 2752 5181 nominatus,
2781 5115 2833 5169 in
2861 5129 2971 5185 quo
3004 5113 3143 5167 ﬁdes
3175 5127 3275 5181 per
3294 5109 3443 5164 bona
3463 5104 3684 5162 vivebat

2065 5227 2254 5282 opera,
2290 5210 2343 5264 in
2386 5208 2568 5280 parvis
2592 5207 2815 5278 quidem
2849 5205 3013 5259 rebus
3047 5219 3156 5258 non
3199 5217 3365 5272 parva
3395 5199 3548 5254 dedit
3572 5199 3681 5252 mi-

2069 5302 2273 5368 raeula,
2329 5310 2389 5358 ut
2430 5317 2530 5372 per
2577 5316 2706 5354 cum
2756 5299 2810 5352 in
2854 5297 3112 5354 omnibus
3169 5293 3365 5348 Christi
3411 5298 3685 5347 cresceret

2066 5393 2260 5468 gloria.
2304 5392 2439 5445 Dum
2481 5388 2778 5460 aliquando
2821 5385 3190 5440 Britannicam
3217 5381 3476 5437 circuiret
3503 5380 3686 5453 regio-

2070 5500 2217 5549 nem,
2275 5482 2428 5537 utin
2479 5496 2610 5555 agro
2670 5478 2966 5534 Dominieae
3026 5476 3253 5531 culturae
3299 5489 3490 5528 semen
3515 5469 3688 5528 divini

2069 5579 2221 5634 verbi
2253 5585 2482 5642 sereret,
2516 5573 2746 5630 offendit
2765 5572 3057 5628 subulcum
3094 5569 3148 5624 in
3174 5584 3329 5642 agro,
3365 5584 3530 5639 quem
3571 5573 3689 5622 tir-

2073 5667 2273 5738 quebat
2313 5681 2506 5740 magna
2540 5663 2773 5719 tristitiae
2805 5658 3133 5718 amaritudo.
3175 5656 3502 5715 Custodicns
3537 5655 3687 5711 enim
