3930 6052
366 215 473 273 739

1577 210 1920 271 SIGEBEBTI
1972 207 2482 267 GEMBLACENSIS.

3597 204 3721 258 740

366 370 591 429 gregem
633 369 948 426 parcarum,
1002 370 1156 410 suem
1214 355 1372 411 avide
1431 362 1486 412 et
1527 355 1841 428 importune
1884 370 1979 411 va—
2004 356 2056 424 Α
2083 360 2138 409 et
2166 353 2416 429 gaudens
2466 368 2589 409 cum
2618 351 2882 426 magistro
2912 353 2968 405 et
2997 345 3232 404 Domino
3271 361 3370 401 suo
3428 342 3538 399 sibi
3579 360 3716 399 esse

365 454 602 500 stantem
642 453 878 521 segetes,
914 446 1042 502 dum
1096 447 1290 503 nititur
1318 464 1504 503 arcere
1544 465 1575 503 a
1614 448 1816 504 damno
1843 446 1978 503 vici-

366 550 587 602 norum,
618 535 898 590 occiderat
944 551 1063 590 eam
1095 551 1195 606 per
1223 536 1505 591 incautum
1546 536 1745 608 lapidis
1785 536 1975 592 ictum.

366 624 466 678 Pro
508 624 609 679 hac
631 621 839 678 offensa
861 623 1146 678 dominum
1179 640 1337 679 suum
1368 624 1618 692 timebat,
1646 626 1803 694 cujus
1841 624 1976 678 iram

361 714 432 769 ob
471 715 576 769 hoc
643 715 879 768 mixime
947 715 1260 785 exasperari
1323 715 1608 780 credebat,
1673 715 1824 787 quod
1890 730 1977 768 se-

367 810 527 874 ptem
573 803 685 858 nati
717 804 1060 867 aberrantes,
1101 804 1261 859 solita
1305 804 1449 860 circa
1484 805 1655 859 ubera
1703 803 1977 859 defunctae

366 890 555 948 matris
582 892 663 948 lae
685 892 888 948 elicere
927 891 1208 959 volebant,
1239 893 1337 948 sed
1370 894 1576 948 nullam
1628 893 1752 948 vita":
1774 892 1977 947 alimo-

367 982 515 1037 niam
550 981 605 1035 in
638 987 969 1053 praemortua
1009 996 1242 1052 corpore
1274 981 1521 1036 invenire
1562 987 1835 1053 poterant.
1866 980 1979 1036 Ma-

367 1070 597 1136 clavius,
648 1086 813 1141 quem
847 1069 950 1124 sibi
1001 1077 1174 1125 totum
1207 1070 1587 1126 vindicaverat
1639 1071 1837 1141 pietas,
1869 1086 1978 1126 non

370 1160 545 1232 potuit
596 1160 719 1214 sine
775 1160 1033 1231 lacrymis
1085 1160 1277 1215 videre
1316 1160 1532 1215 subulci
1580 1160 1879 1231 lacrymas:
1935 1170 1990 1216 et

370 1248 490 1304 fusa
523 1250 769 1305 oratione
801 1250 867 1305 ad
899 1251 1094 1318 Deum,
1136 1250 1253 1304 auri
1283 1251 1556 1305 defunctae
1583 1251 1698 1306 suis
1724 1251 1990 1323 imposuit

369 1342 627 1396 baculum
659 1358 853 1397 suum:
886 1351 942 1396 et
977 1343 1300 1398 resuscitata
1330 1358 1396 1397 ea
1424 1342 1493 1396 ad
1533 1342 1712 1398 solum
1763 1350 1987 1413 tactum,

370 1433 639 1490 maerendi
671 1433 1211 1505 reddiditgaudium.
1255 1434 1529 1490 Subulcus
1567 1451 1682 1490 rem
1713 1435 1781 1490 ad
1812 1435 1991 1491 domi-

371 1542 501 1581 num
531 1526 740 1593 retulit,
775 1534 830 1580 et
858 1526 1135 1596 praeconia
1178 1526 1324 1583 servi
1352 1527 1447 1583 Dei
1490 1544 1590 1598 per
1618 1542 1713 1583 ora
1742 1528 1989 1583 omnium

373 1617 614 1674 diffudit.
677 1618 944 1674 Dominus
974 1634 1205 1675 ascenso
1257 1635 1424 1691 equo,
1465 1636 1562 1676 ore
1600 1620 1668 1675 ad
1698 1636 1761 1676 os
1789 1621 1992 1696 gratias

2081 443 2417 505 communia.
2471 444 2558 500 cui
2615 443 2850 499 subdola
2898 439 3251 498 confessione
3318 436 3718 523 acclamabant

2079 536 2385 593 daemonia:
2427 556 2451 587 α
2484 535 2621 601 Quid
2662 536 2822 591 nobis
2847 543 2902 589 et
2946 533 3066 600 tibi,
3099 535 3249 598 JeSu,
3282 530 3384 586 Fili
3418 530 3515 585 Dei
3547 527 3716 585 vivi?

2077 628 2279 683 venisti
2321 636 2447 683 ante
2504 636 2720 699 tempus
2761 626 2997 698 perdere
3047 623 3194 681 nos?
3256 648 3269 670 ι
3317 622 3534 694 (Matth.
3584 619 3712 690 vni)

2079 717 2330 788 exemplo
2370 716 2669 773 Dominicae
2700 713 3118 786 increpationis,
3150 711 3553 784 comprimebat
3596 709 3708 765 fal-

2079 804 2258 860 sitatis
2296 804 2631 877 vaniloquia.
2695 804 3000 875 Sciensque
3055 803 3160 859 hoc
3199 801 3534 856 daemonium
3576 814 3710 854 esse

2081 893 2149 948 de
2198 893 2293 949 illo
2333 909 2562 966 genere,
2605 893 2673 948 de
2715 908 2824 965 quo
2864 892 3064 948 dicitur
3118 908 3149 946 a
3203 890 3464 946 Domina:
3502 910 3531 941 (ι
3590 889 3710 943 Hoc

2080 999 2257 1056 genus
2289 998 2400 1039 non
2433 989 2615 1054 potest
2669 983 2816 1052 ejici,
2858 982 2963 1037 nisi
3017 982 3070 1036 in
3101 979 3349 1036 oratione
3389 986 3444 1033 et
3480 977 3711 1049 jejunio

2089 1073 2309 1141 (Matth.
2352 1073 2522 1143 xvn);
2572 1094 2591 1120 ο
2647 1071 2765 1126 fusa
2794 1087 2963 1143 super
3005 1087 3202 1142 aquam
3235 1067 3525 1125 exorcismi
3576 1080 3713 1122 ora-

2091 1164 2262 1232 tione,
2296 1170 2350 1220 et
2371 1163 2871 1236 additaepiscopali
2895 1162 3289 1218 benedictione
3308 1169 3521 1233 potum,
3551 1156 3716 1213 dedit

2090 1253 2309 1325 puellae.
2344 1254 2446 1309 Per
2473 1269 2632 1325 aquae
2660 1253 2965 1308 benedictae
2992 1251 3275 1323 poculum,
3303 1250 3483 1305 infusa
3505 1248 3714 1302 virtute

2090 1345 2502 1402 benedictionis
2540 1362 2640 1418 per
2661 1344 2909 1401 membra
2936 1343 3160 1416 puellae,
3192 1341 3466 1398 diabolica
3491 1340 3714 1396 immis-

2089 1438 2245 1494 sione
2277 1439 2370 1494 diu
2412 1439 2669 1506 contrita,
2722 1438 2925 1495 cecidit
2963 1436 3022 1492 in
3048 1445 3246 1493 terram
3303 1434 3510 1507 puella,
3543 1433 3711 1506 quasi

2089 1541 2322 1590 mortua.
2359 1534 2524 1590 Paulo
2557 1542 2680 1606 post
2728 1539 3011 1605 resumpto
3040 1532 3262 1603 spiritu,
3292 1528 3527 1586 surrexit
3563 1543 3708 1582 sana

2092 1633 2146 1682 et
2175 1628 2317 1696 laata,
2349 1625 2589 1702 eﬂ'ugata
2619 1626 2846 1698 pessimi
2867 1625 3182 1698 pervasaris
3213 1624 3445 1695 impetu,
3477 1628 3533 1677 et
3558 1620 3707 1677 leti-

372 1710 486 1786 egit
512 1718 704 1767 sancto
721 1710 862 1775 viro,
886 1718 939 1766 et
964 1711 1146 1765 villam
1179 1728 1345 1767 unam
1374 1712 1607 1769 contulit
1635 1713 1905 1782 ecclesiae,
1925 1713 1994 1768 ad
2022 1710 2068 1736 "
2092 1717 2275 1774 ﬁcavit
2328 1718 2465 1774 alios
2503 1734 2604 1790 pro
2662 1719 2878 1794 integro
2936 1722 3251 1773 restaurata:
3310 1713 3714 1771 incolumitatis

372 1820 507 1860 usus
533 1818 816 1859 servorum
830 1803 925 1858 Dei
943 1803 1047 1859 sub
1075 1819 1162 1860 eo.

1003 1895 1211 1952 CAPUT
1245 1896 1356 1951 XV.

441 1988 617 2044 Gessit
644 1994 699 2043 et
727 1987 876 2042 aliud
908 1989 1173 2060 quiddam
1203 1989 1409 2057 simile,
1430 1990 1515 2047 vel
1545 2005 1644 2062 pro
1667 1989 1787 2047 solo
1812 1990 1988 2062 pieta-

372 2078 441 2133 tis
468 2078 670 2134 intuitu
697 2079 828 2133 satis
877 2078 1252 2149 praadicabile.
1305 2081 1553 2136 Imitatus
1586 2080 1806 2136 Paulum
1840 2096 1984 2152 apo-

367 2169 569 2226 stolum
621 2170 764 2242 (Act.
816 2172 925 2238 xx),
957 2171 1046 2226 cui
1080 2188 1276 2227 manus
1303 2188 1416 2227 suae
1444 2173 1727 2244 operando
1759 2172 1988 2244 supple-

370 2261 524 2329 bant,
554 2262 601 2316 si
648 2262 783 2334 quid
821 2263 928 2317 sibi
973 2263 1188 2319 deerat:
1231 2272 1286 2319 et
1332 2265 1450 2335 ipse
1483 2265 1672 2321 labore
1726 2282 1987 2320 manuum

369 2374 589 2413 suarum
623 2358 969 2426 intendebat,
999 2359 1222 2431 quando
1252 2359 1321 2414 ab
1352 2359 1771 2433 evangelizandi
1803 2359 1988 2417 ofﬁcio

368 2447 617 2502 vacabat.
671 2446 803 2503 Cum
834 2448 1070 2519 quadam
1122 2448 1213 2503 die
1245 2448 1300 2503 in
1335 2449 1576 2520 putanda
1633 2448 1797 2504 vinea
1829 2448 1987 2505 laba.

2094 1814 2257 1864 statu.
2306 1806 2467 1863 Pater
2497 1807 2695 1863 videns
2719 1806 3058 1863 satisfactum
3088 1805 3380 1862 desideriis
3423 1803 3561 1871 suis,
3608 1817 3711 1874 pra

2091 1899 2392 1974 gratiarum
2448 1901 2664 1957 actione
2721 1900 2915 1956 ditavit
2965 1905 3207 1956 sanctam
3253 1896 3551 1953 Ecclesiam
3614 1894 3713 1949 Dei

2090 1989 2316 2059 praediis
2369 1999 2424 2046 et
2452 1990 2633 2046 xeniis
2684 1989 2961 2062 pretiosis.
3013 1988 3148 2054 Quia
3193 1987 3368 2062 gloria
3420 1994 3515 2041 aut
3561 1998 3708 2048 rara,

2090 2089 2183 2137 aut
2234 2097 2516 2154 nunquam
2548 2091 2699 2137 caret
2751 2080 2981 2148 invidia,
3031 2096 3141 2136 non
3182 2078 3406 2151 pertulit
3443 2077 3538 2132 diu
3582 2085 3711 2132 tan-

2087 2178 2197 2227 tam
2226 2172 2472 2229 Maclovii
2524 2173 2761 2248 gloriam
2789 2171 3002 2244 antiqui
3043 2171 3219 2227 hostis
3275 2170 3546 2227 versutia:
3609 2168 3707 2224 sed

2089 2280 2158 2319 ne
2209 2264 2265 2319 in
2311 2280 2482 2337 regno
2514 2264 2712 2321 Christi
2744 2264 3109 2321 invalesceret
3157 2263 3394 2335 amplius
3431 2261 3565 2317 boni
3592 2261 3707 2316 mi-

2088 2356 2202 2412 litis
2237 2357 2432 2431 gratia,
2464 2357 2748 2413 suscitavit
2802 2364 2995 2412 contra
3033 2373 3162 2412 eum
3222 2356 3411 2412 hostes
3468 2361 3711 2410 armatas

2089 2450 2216 2506 dolo
2247 2450 2535 2520 injustitia,
2586 2451 2814 2522 insuper
2836 2448 3004 2507 fultas
3049 2465 3161 2507 non
3205 2448 3560 2508 mediocriter
3600 2463 3713 2503 sae-

370 2548 667 2595 raretcum
721 2539 1000 2607 fratribus,
1055 2541 1360 2612 depositam
1393 2557 1625 2612 cappam
1657 2542 1904 2612 reposuit
1942 2542 1997 2596 in
2099 2538 2561 2611 cularipotentia.

372 2630 583 2699 abdito,
626 2637 685 2686 ut
715 2631 934 2703 aperari
968 2639 1154 2702 posset
1197 2633 1531 2703 expeditius.
1579 2632 1756 2689 Finito
1806 2649 1996 2705 opere,

373 2740 503 2780 cum
544 2740 774 2795 cappam
822 2724 988 2779 vellet
1028 2725 1298 2795 recipere,
1333 2725 1601 2781 aviculam
1643 2742 1806 2797 quam
1832 2726 1997 2798 vulgo

2707 2629 2913 2686 CAPUT
2948 2630 3107 2686 XVII.

2172 2721 2397 2777 Hailoch
2431 2722 2677 2796 quidam,
2708 2724 2804 2796 qui
2852 2730 3108 2795 potenter
3164 2721 3583 2794 principabatur
3612 2719 3712 2775 tati

372 2814 666 2870 bitrionem
698 2820 918 2881 vacant,
952 2814 1353 2885 invenitsuper
1379 2830 1497 2869 eam
1539 2831 1701 2870 ovum
1743 2814 1995 2886 posuisse
2099 2817 2418 2885 Britanniae,
2466 2818 2781 2873 stimulatus
2821 2818 3087 2874 instinctu
3133 2816 3425 2872 diabolica:
3464 2816 3710 2882 malitiaa,

371 2903 471 2968 QUi
526 2903 711 2958 $036113
764 2919 868 2957 nec
898 2902 1128 2958 aViCllliS
1172 2902 1365 2957 deesse
1415 2903 1511 2957 Πθί
1568 2903 1993 2974 ριόνὶόθῐιιίδῐη,
2096 2910 2263 2981 coepit
2289 2910 2570 2965 basilicam
2603 2911 2910 2977 destruere,
2970 2926 3135 2982 quam
3165 2909 3361 2964 beatus
3415 2908 3710 2963 Maelovius

372 2998 580 3069 quippe
636 3013 867 3068 quarum
917 2996 1069 3051 nulla
1113 2996 1236 3051 sine
1278 2997 1430 3052 Patre
1476 2997 1588 3052 Deo
1635 2996 1783 3052 cadit
1828 3013 1997 3068 super
2018 3038 2068 3108 Ο
2098 3000 2421 3058 fundaverat
2450 3003 2506 3057 in
2548 3003 2755 3073 praedio
2803 3019 2915 3058 suae
2961 3002 3259 3074 parochiie.
3301 3001 3391 3056 Vir
3429 3000 3524 3056 Dei
3558 3004 3705 3072 apud

372 3092 573 3108 .--μμ
625 3086 813 3108 ιιι-.,ι
887 3087 940 3108 --κ
1028 3084 1229 3108 _.:_:-:.
1270 3084 1473 3108 εμελω
1525 3102 1746 3108 an“-
1822 3085 1992 3108 λη--
2210 3107 2215 3108 ,
2370 3092 2380 3102 .
2441 3091 2472 3108 ,.
2522 3092 2532 3102 .
2725 3091 2740 3108 ι
2800 3098 2811 3108 .
2871 3092 2883 3108 .
2940 3107 2943 3108 ν
3079 3092 3089 3102 .
3196 3098 3231 3108 ,.

372 3092 577 3139 terram
624 3086 838 3154 (Matth.
887 3087 963 3155 x),
1024 3084 1233 3139 dimisit
1270 3084 1476 3139 ibidem
1519 3102 1751 3157 cappam
1817 3084 2257 3146 donecuaures
2299 3091 2565 3163 principis
2621 3091 2818 3167 agebat
2871 3092 3124 3162 lacrymis
3183 3098 3239 3146 ct
3300 3090 3577 3162 precibus,
3649 3096 3709 3143 ut

372 3175 499 3231 fatis
529 3175 1202 3246 avibus,pullostempare
1229 3176 1995 3249 excluderetavicula.lnqua
2096 3179 2418 3255 dignaretur
2465 3181 2732 3237 desistere
2789 3198 2819 3235 a
2885 3180 3263 3237 destructione
3318 3179 3704 3237 ecclesiasticae

373 3283 432 3323 re
462 3274 517 3323 et
547 3266 680 3322 illud
713 3267 971 3322 mirabile
1002 3266 1123 3334 fuit,
1166 3268 1313 3339 quod
1354 3273 1560 3340 quanto
1602 3277 1851 3339 tempore
1881 3269 1995 3324 illic
2096 3272 2312 3328 domus.
2361 3273 2468 3327 Sed
2516 3273 2607 3328 ille
2657 3271 2916 3329 eﬁ'eratus
2955 3290 3053 3345 per
3120 3279 3445 3344 conceptam
3506 3271 3713 3344 iniqui-

375 3373 551 3429 cappa
570 3356 765 3426 jacuit,
808 3357 959 3413 nulla
982 3358 1167 3430 pluvia
1205 3357 1354 3412 illam
1401 3357 1643 3413 violavit.
1687 3358 1839 3423 Quod
1871 3358 1987 3431 qui-

2096 3368 2223 3424 tatis
2268 3368 2645 3437 insolentiam,
2691 3385 2803 3425 non
2844 3375 3060 3441 poterat
3116 3368 3355 3444 mitigari
3409 3369 3495 3424 vel
3537 3367 3713 3423 refre—

373 3466 595 3522 cunque
626 3449 942 3518 audierunt,
986 3450 1041 3505 in
1083 3452 1194 3507 Deo
1241 3451 1494 3507 virtutem
1533 3467 1661 3507 cum
1689 3452 1988 3527 gratiarum
2092 3458 2211 3514 nari
2241 3476 2340 3531 per
2367 3458 2607 3532 aliquam
2639 3459 2743 3531 piae
2773 3459 3169 3515 admonitionis
3206 3458 3461 3533 gratiam.
3514 3457 3713 3514 Contra

318 3595 322 3599 ,
381 3541 600 3596 actione
630 3540 1146 3616 magnificaverunt,
1206 3542 1262 3596 in
1304 3542 1529 3599 homine
1587 3543 1681 3599 Dei
1723 3544 1985 3615 pietatem
2090 3551 2408 3620 bujusmodi
2463 3552 2744 3607 saecularis
2809 3550 3204 3607 dominationis
3269 3549 3594 3623 potentiam,
3644 3550 3712 3605 ad

375 3628 758 3709 laudatarum.

999 3719 1207 3775 CAPUT
1231 3720 1366 3775 XVI.

451 3813 511 3866 In
556 3827 699 3885 pago
743 3811 898 3866 urbis
934 3811 1159 3876 Alethae,
1216 3813 1273 3866 in
1311 3829 1420 3884 qua
1453 3815 1751 3873 antistabat
1793 3817 1999 3874 Maclo-

2096 3641 2382 3698 munimen
2409 3649 2464 3698 et
2494 3640 2897 3697 firmamentum
2925 3642 3031 3708 sui,
3082 3640 3255 3698 solam
3287 3641 3582 3697 Maclovius
3622 3656 3712 3696 as-

2095 3731 2330 3801 sumpsit
2379 3732 2718 3801 patientiam.
2780 3731 2890 3786 Sed
2946 3731 3042 3803 qui
3099 3731 3166 3786 ad
3226 3747 3327 3787 nos
3381 3730 3574 3787 ﬁdeles
3632 3732 3711 3787 la-

2101 3820 2291 3891 quitur
2334 3836 2434 3892 per
2484 3824 2817 3893 prophetas:
2878 3847 2904 3871 «
2964 3823 3063 3888 Qui
3122 3824 3296 3896 tangit
3344 3839 3481 3889 vos,
3537 3822 3710 3897 tangit

385 3902 511 3957 vius
551 3901 906 3969 venerabilis,
950 3899 1115 3955 ﬁliam
1147 3903 1388 3959 habebat
1423 3906 1743 3978 virquidam
1774 3926 1996 3980 prmno-
2098 3912 2244 3967 oculi
2274 3913 2382 3968 mei
2436 3913 2703 3985 pupillam
2753 3914 2933 3986 (Zach.
2968 3914 3055 3986 n);
3106 3934 3131 3966 »
3170 3922 3266 3970 et:
3318 3941 3343 3964 α
3378 3915 3503 3969 Mihi
3531 3914 3706 3971 vindi-

378 3988 532 4055 bilis,
565 4004 727 4060 quam
762 3991 1154 4048 miserabiliter
1181 3995 1414 4053 vexabat
1450 3997 1741 4055 diabolicae
1768 4000 2000 4058 infesta—
2099 4009 2262 4068 ctam,
2286 4009 2342 4058 et
2361 4018 2465 4077 ego
2496 4002 2800 4058 retribuam
2845 4003 3019 4075 (Deut.
3050 4002 3257 4075 xxxn);
3309 4025 3334 4055 α
3385 4018 3497 4060 non
3542 4003 3706 4058 dimi-

381 4080 552 4136 tionis
603 4081 786 4151 passio
824 4082 1209 4142 intolerabilis.
1251 4086 1453 4144 Omnes
1490 4090 1639 4145 enim
1671 4107 1731 4147 se
1779 4094 1997 4149 contin-
2097 4091 2168 4146 sit
2222 4092 2446 4147 inultam
2481 4109 2789 4164 pauperum
2828 4109 3061 4150 suorum
3111 4092 3402 4163 injuriam:
3458 4099 3512 4148 et
3569 4092 3706 4150 sicut

379 4181 577 4246 gentes
635 4174 961 4231 attrectabat
1025 4176 1323 4247 morsibus,
1383 4196 1485 4237 nec
1538 4181 1677 4254 ipsis
1734 4186 1995 4256 parcebat
2094 4182 2317 4240 Saulum
2374 4185 2809 4241 recalcitrantem
2851 4187 3122 4257 percussit
3161 4185 3416 4241 triduana
3463 4185 3707 4241 caecitate

378 4265 719 4338 parentibus.
749 4269 861 4326 Nec
901 4271 1190 4343 comprimi
1221 4279 1315 4328 aut
1344 4275 1525 4331 sedari
1571 4285 1787 4348 poterat
1829 4280 1992 4349 hujus
2094 4280 2233 4349 (Act.
2293 4278 2389 4352 IX),
2449 4286 2509 4335 ut
2565 4290 2759 4352 postea
2816 4288 2990 4337 totum
3042 4281 3306 4337 mundum
3367 4280 3709 4336 illuminaret

377 4361 534 4418 malae
586 4363 921 4420 vaietudinis
976 4365 1349 4433 vehementia,
1407 4368 1513 4425 nisi
1556 4369 1753 4427 ferreis
1783 4366 2300 4436 catenisDauerna
2329 4372 2607 4429 claritate:
2637 4374 2910 4446 percussit
2953 4381 3007 4430 et
3060 4375 3209 4431 hunc
3258 4375 3551 4447 temporali
3600 4390 3707 4430 cae-

378 4461 684 4511 arctaretur
713 4464 818 4511 tam
850 4455 1109 4512 immanis
1136 4457 1373 4515 insania.
1415 4460 1575 4517 Pater
1600 4464 1757 4531 cujus
1786 4464 1994 4532 animo,

378 4544 490 4601 tilia
515 4553 838 4621 aegrotante,
867 4546 1005 4602 nihil
1026 4555 1239 4619 poterat
1268 4565 1390 4606 esse
1414 4551 1748 4623 jucundum,
1781 4556 1848 4611 ad
1878 4572 1996 4612 me-

380 4636 623 4693 dendum
655 4638 785 4694 ﬁlia:
811 4654 924 4694 suae
956 4638 1172 4696 felicem
1213 4641 1407 4699 invitat
1437 4644 1782 4714 Maclavium,
1830 4664 1992 4719 quem

374 4728 506 4784 alim
531 4731 782 4785 audierat
820 4731 876 4785 in
927 4733 1273 4790 curationum
1328 4733 1574 4793 efficacia
1625 4753 1750 4794 esse
1788 4740 1996 4813 glorio-

378 4838 524 4877 sum.
566 4823 679 4878 Nec
717 4821 902 4878 diﬂ‘ert
952 4824 1046 4880 ille
1093 4827 1557 4898 misericordiam,
1598 4831 1696 4886 sed
1759 4832 1994 4889 credens

377 4913 509 4986 quia
535 4913 700 4970 facile
732 4921 820 4970 est
868 4915 979 4972 Deo
1029 4925 1287 4988 praestare
1326 4920 1567 4977 ﬁdeliter
1604 4927 1814 4994 petenti
1873 4943 1994 4983 me-

374 5005 580 5074 delam,
614 5005 795 5082 pergit
824 5007 891 5061 ad
924 5007 1164 5078 puellam
1191 5028 1203 5064 :
1238 5017 1292 5065 et
1316 5011 1511 5068 volens
1559 5013 1848 5071 diabolicae
1877 5034 1994 5073 ma-

376 5094 507 5151 litire
534 5096 901 5168 comprimere
933 5097 1143 5165 dolum,
1184 5100 1467 5157 sudarium
1494 5117 1651 5158 suum
1684 5105 1917 5175 projecit
1938 5107 1995 5162 in

377 5182 616 5242 furentis
646 5185 849 5256 puellae
880 5186 1102 5241 collum.
1140 5188 1293 5243 Tunc
1332 5205 1464 5246 vero
1489 5192 1762 5262 potuisses
1789 5197 1982 5252 audire

372 5277 672 5333 horribiles
719 5277 874 5333 vices
899 5278 1238 5348 daemonum,
1268 5297 1429 5339 serva
1458 5285 1553 5340 Dei
1587 5286 1642 5341 in
1673 5288 1797 5344 haec
1822 5291 1990 5348 verba

373 5365 860 5437 exprobrantium:
907 5385 932 5417 α
975 5366 1013 5421 Ο
1043 5370 1629 5439 transmarineineala,
1660 5391 1770 5431 non
1811 5379 1992 5448 potuit

372 5464 433 5511 te
480 5457 761 5512 sustinere
805 5458 983 5529 patria
1042 5466 1154 5527 tua,
1194 5461 1289 5533 qui
1329 5464 1529 5520 venisti
1580 5466 1686 5522 huc
1737 5484 1989 5540 quaerere

369 5541 570 5605 aliena,
605 5547 660 5595 et
692 5557 796 5598 nos
825 5545 1102 5615 expellere
1133 5548 1202 5603 de
1234 5549 1461 5621 regione
1503 5559 1705 5608 nostra.
1739 5576 1762 5605 ››
1804 5556 1987 5613 Disci-

370 5627 531 5701 pulus
557 5629 776 5698 Christi,
826 5635 1183 5706 vilipendens
1215 5640 1333 5695 haec
1392 5640 1599 5697 inimici
1633 5644 1987 5718 improperia,

2097 4463 2286 4532 citate,
2331 4472 2390 4520 ut
2436 4482 2536 4537 per
2598 4466 2854 4522 tenebras
2897 4467 3238 4523 transitarias
3291 4467 3621 4523 liberaretur
3676 4484 3707 4523 a

2096 4563 2445 4626 peccatorum
2475 4558 2828 4614 obscuritate.
2875 4557 3136 4631 Exemplo
3194 4559 3263 4615 ad
3295 4574 3392 4615 ear
3434 4576 3704 4628 reversus,

2095 4655 2151 4704 et
2177 4648 2522 4721 paenitudine
2553 4648 2897 4722 praecordiali
2928 4656 3313 4721 compunctus,
3357 4650 3422 4706 ad
3452 4650 3705 4707 satisfac-

2094 4739 2352 4796 ciéndum
2401 4741 2727 4813 episcopum
2784 4741 3023 4797 cucurrit
3064 4741 3413 4813 quantocius,
3455 4757 3515 4797 se
3554 4756 3704 4796 reum

2094 4847 2216 4888 esse
2268 4840 2553 4905 patestans
2612 4832 2813 4888 amaris
2873 4832 3118 4892 ﬂetibus.
3160 4849 3219 4889 se
3284 4833 3481 4889 merito
3534 4849 3707 4889 excas-

2096 4928 2274 4977 catum
2315 4936 2438 4977 esse
2500 4920 2771 4977 conﬁtens
2833 4920 3157 4993 lacrymosis
3221 4921 3530 4994 questibus.
3587 4922 3703 4990 ille,

2096 5009 2191 5081 qui
2235 5010 2504 5065 didicerat
2545 5026 2576 5064 a
2630 5009 2891 5082 magistro
2924 5025 3154 5065 summae
3217 5010 3501 5079 bonitatis,
3541 5010 3702 5065 etiam

2096 5103 2341 5159 inimicis
2392 5120 2514 5160 esse
2561 5103 3045 5175 benefaciendum,
3087 5114 3142 5161 et
3179 5121 3280 5177 pro
3322 5102 3704 5178 persequenti-

2086 5195 2190 5251 bus
2230 5204 2284 5251 et
2326 5195 2795 5252 calumniantibus
2840 5212 2940 5253 nos
3008 5213 3132 5253 esse
3187 5197 3457 5253 orandum
3494 5196 3701 5269 (Matth.

2089 5287 2163 5358 v),
2198 5288 2307 5345 cito
2331 5296 2385 5345 et
2413 5288 2847 5345 misericorditer
2885 5289 3115 5345 indulsit
3146 5289 3440 5362 paenitenti
3473 5297 3699 5345 reatum.

2092 5379 2173 5448 Et,
2202 5381 2501 5452 providens
2549 5380 2599 5436 ei
2643 5382 2934 5454 utriusque
2979 5382 3223 5438 hominis
3273 5382 3533 5451 salutem,
3565 5398 3703 5454 aqua

2090 5466 2386 5525 benedicta
2428 5485 2556 5526 eum
2604 5468 2871 5540 perfudit,
2921 5477 2977 5525 et
3016 5468 3140 5526 aleo
3185 5486 3341 5526 sacro
3369 5472 3562 5527 oculos
3588 5471 3703 5542 ejus

2091 5563 2364 5634 perunxit,
2398 5570 2454 5621 et
2484 5564 2556 5620 ita
2604 5564 2654 5621 ei
2704 5564 3003 5638 pristinum
3058 5565 3236 5621 visum
3286 5567 3553 5635 restituit,
3611 5582 3703 5639 pro

2092 5651 2332 5710 admissa
2353 5659 2535 5710 tamen
2566 5655 2877 5713 temeritate
2906 5664 3208 5727 congruum
3242 5654 3555 5726 paenitendi
3590 5669 3705 5712 mo-
