3930 6052
248 236 344 289 ’ῖιΗ

1621 237 1764 293 νιΤΑ
1808 238 1859 292 S.
1905 237 2232 292 MACLOVII.

3478 246 3582 300 742

248 364 378 418 dum
414 364 630 419 indixit.
656 367 792 431 Dux,
817 365 1010 421 videns
1039 371 1092 421 et
1121 365 1318 420 animae
1344 372 1398 420 et
1429 366 1643 437 corpori
1666 366 1857 420 utilem
1887 372 1937 436 Α
1963 367 2128 422 maris
2158 409 2170 434 ,
2227 367 2612 423 absorberetur
2687 369 2742 423 in
2821 369 3150 439 profundum
3227 373 3584 432 Abstulerunt

247 471 372 510 esse
404 473 557 510 suam
602 457 1058 524 satisfactionem,
1088 458 1337 514 ecclesiae
1367 459 1462 512 Dei
1498 475 1607 513 non
1640 474 1861 529 parvam

244 547 522 622 delegavit
562 557 828 604 terrarum
872 550 1268 617 haereditatem,
1300 557 1356 604 et
1395 551 1673 621 copiosam
1709 551 1763 603 in
1804 566 1862 604 re

248 641 493 712 mancipi
517 642 748 697 contulit
779 641 1247 698 benedictionem.
1272 643 1479 697 Deinde
1505 642 1684 714 quoad
1709 641 1861 708 vixit,

243 755 462 794 servum
508 741 601 794 Dei
644 740 720 794 uti
765 749 972 812 patrem
1027 740 1176 795 ﬁlius
1207 740 1372 796 unico
1417 755 1602 794 amore
1651 739 1860 801 dilexit,

241 827 406 900 eique
451 829 679 901 suisque
739 836 892 885 tutor
932 840 986 884 ct
1017 830 1236 899 adjutor
1266 838 1612 901 opportunus
1656 828 1754 883 fuit
1807 828 1863 881 in

244 918 523 972 omnibus.

847 1006 1054 1062 CAPUT
1087 989 1296 1062 xvm.’

313 1094 400 1148 Sic
431 1094 696 1166 antiquus
730 1094 904 1148 hostis
945 1096 1048 1151 hoc
1107 1097 1282 1166 primo
1337 1112 1643 1170 congressu
1688 1095 1867 1149 victus

237 1185 514 1252 discessit,
547 1187 642 1240 sed
676 1201 787 1243 non
816 1186 1146 1260 defatigatus
1173 1187 1360 1242 cessit.
1382 1188 1534 1241 Sicut
1559 1186 1704 1241 enim
1733 1186 1863 1240 olim

235 1278 344 1351 ipsi
386 1279 620 1333 Domino
655 1295 991 1352 congressus
1030 1281 1226 1349 (Matth
1309 1279 1412 1350 ιν),
1467 1295 1577 1334 non
1635 1279 1868 1332 recessit

237 1373 412 1442 prima
444 1373 752 1429 tentatione
782 1374 982 1441 victus,
1024 1375 1121 1429 sed
1152 1376 1400 1430 secundo
1432 1383 1484 1430 et
1517 1375 1680 1430 tertio
1707 1389 1856 1428 arma

235 1473 546 1522 restaurare
594 1476 676 1523 est
729 1485 930 1525 ausus:
993 1471 1050 1524 in
1107 1471 1288 1541 prima
1340 1486 1560 1543 quoque
1610 1467 1856 1525 Maclovii

232 1555 464 1611 victoria
497 1571 608 1611 non
661 1557 870 1612 destitit
911 1575 941 1612 a
969 1559 1083 1613 suis
1130 1558 1423 1613 conatibus
1477 1560 1584 1613 dux
1616 1559 1861 1625 llailoch,

230 1645 327 1716 qui
386 1662 446 1699 se
505 1653 680 1700 totum
727 1648 1008 1702 humiliter
1081 1648 1440 1703 inclinaverat
1498 1648 1565 1702 ad
1616 1648 1862 1704 Maclovii

231 1737 617 1808 obsequelam,
675 1745 727 1793 et
759 1755 856 1809 pro
888 1739 1007 1808 ejus
1055 1741 1230 1812 gratia
1281 1756 1341 1794 se
1397 1746 1566 1794 totum
1610 1746 1864 1810 potenter

229 1834 483 1881 erexerat
513 1827 581 1880 ad
615 1827 873 1882 Ecclesiae
904 1829 1000 1882 Dei
1033 1828 1279 1897 tutelam,
1315 1837 1606 1900 postquam
1644 1830 1854 1903 ingres-

231 1935 332 1972 sus
364 1925 447 1972 est
475 1920 747 1974 universae
782 1921 965 1974 carnis
993 1922 1160 1988 viam,
1188 1931 1366 1977 morte
1392 1938 1488 1976 sua
1515 1923 1692 1977 locum
1731 1922 1862 1977 fecit

232 2009 448 2080 iniquis
504 2012 856 2081 opprimendi
902 2013 1216 2069 Ecclesiam.
1262 2014 1510 2069 Surrexit
1548 2015 1695 2069 enim
1737 2020 1858 2084 post

233 2115 359 2154 eum
383 2100 550 2170 impia
570 2101 877 2172 generatio,
897 2118 1020 2171 quae
1047 2118 1238 2156 aversa
1265 2102 1404 2157 facie
1422 2119 1451 2156 a
1476 2104 1606 2170 Deo,
1632 2102 1864 2157 descivit

238 2189 460 2259 penitus
501 2207 529 2244 a
552 2191 900 2245 rectitudinis
927 2191 1180 2246 consilio.
1211 2193 1344 2247 llinc
1375 2200 1569 2247 nactus
1599 2200 1864 2263 Opportu-

236 2277 461 2332 nitatem
496 2279 771 2345 diabolus,
829 2286 882 2334 et
933 2281 1134 2335 talibus
1180 2289 1341 2336 utens
1397 2282 1748 2348 officialibus,
1805 2283 1862 2336 in

235 2372 413 2426 virum
459 2373 551 2426 Dei
615 2374 764 2428 mille
829 2375 1129 2430 insurrexit
1200 2377 1429 2432 artibus.
1501 2377 1620 2431 Filii
1681 2378 1864 2449 itaque

240 2465 411 2519 Belial
457 2465 780 2521 Maclovium
816 2467 1144 2523 infestantes
1172 2469 1495 2524 exsecrabili
1523 2470 1674 2536 odio,
1710 2470 1867 2525 inve-

245 2558 524 2613 hebautur
583 2561 636 2615 in
691 2576 813 2615 eum
857 2562 1170 2630 hujusmodi
1215 2564 1500 2618 convicio:
1571 2564 1721 2630 Quis,
1782 2564 1868 2618 in-

237 2647 463 2717 quiunt,
523 2648 614 2704 hic
657 2665 828 2721 regno
869 2658 1057 2705 nostro
1099 2650 1384 2722 improbus
1441 2651 1712 2705 successit
1768 2653 1866 2705 ad-

237 2755 402 2806 vena,
454 2741 547 2811 qui
603 2757 1004 2813 usquequaque
1057 2742 1218 2798 nobis
1267 2743 1505 2797 concitat
1563 2743 1868 2798 scandala?

240 2833 343 2898 Qui
379 2840 464 2886 est
513 2832 612 2886 iste
648 2833 823 2902 pellax
869 2834 1229 2905 syc0phanta,
1277 2835 1369 2904 qui
1417 2834 1698 2889 blanditiis
1754 2835 1870 2890 suis

245 2923 487 2976 humana
517 2939 547 2975 a
575 2938 634 2976 se
674 2923 878 2977 alienat
915 2923 1179 2993 pectora?
1223 2923 1356 2988 Quis
1389 2924 1488 2978 iste
1519 2933 1605 2978 est
1634 2925 1871 2995 cupidus

247 3013 606 3084 haeredipeta,
631 3015 722 3086 qui
756 3031 820 3068 ex
849 3015 1056 3070 nostris
1085 3016 1452 3072 incommodis
1470 3033 1570 3071 sua
1601 3017 1689 3072 hic
1720 3033 1873 3072 com-
1898 3040 1946 3108 C

247 3109 437 3173 parrat
495 3103 824 3158 commoda?
883 3103 1010 3158 Cum
1072 3105 1338 3175 apostolis
1391 3112 1446 3160 et
1497 3106 1869 3176 apostolorum

249 3195 672 3250 successoribus
719 3197 853 3250 nihil
908 3197 960 3251 in
996 3205 1138 3252 terra
1195 3198 1263 3252 sit
1305 3199 1726 3268 possidendum,
1783 3199 1873 3254 hic

245 3285 352 3338 sub
406 3285 636 3340 obtentu
676 3287 1039 3357 paupertatis,
1088 3287 1234 3341 velat
1270 3288 1594 3358 cupiditatis
1641 3288 1867 3344 vitium:

242 3383 299 3430 et
352 3377 455 3430 sub
497 3385 765 3448 praetextu
814 3377 1314 3449 eleemosynarum,
1373 3381 1612 3436 avaritiae
1653 3389 1873 3436 exercet

246 3467 686 3524 emolumentum
729 3470 832 3523 sub
867 3449 1096 3524 obtehtu
1128 3471 1307 3544 longae
1347 3471 1633 3539 orationis,
1671 3487 1872 3542 exspo-

241 3557 341 3611 liat
369 3557 564 3612 domos
604 3559 914 3612 viduarum.
951 3559 1049 3622 Qui
1081 3560 1266 3614 omnia
1297 3575 1355 3614 se
1391 3575 1487 3630 pro
1542 3560 1754 3616 Christo
1786 3578 1872 3616 re-

244 3643 480 3715 liquisse
530 3647 812 3715 mentitur,
854 3654 908 3702 et
964 3647 1150 3702 omnia
1190 3664 1250 3702 se
1307 3649 1361 3702 in
1422 3647 1632 3704 Christo
1666 3650 1871 3706 habere

250 3735 538 3810 gloriatur,
575 3753 679 3793 nos
713 3746 768 3793 ct
805 3738 949 3793 filios
980 3747 1200 3794 nostros
1229 3740 1562 3807 exhaeredat,
1599 3748 1653 3796 et
1692 3742 1870 3796 haere-

251 3829 456 3885 ditates
510 3840 723 3887 nostras
752 3832 856 3887 sibi
894 3833 1079 3901 avide
1125 3840 1306 3904 captat
1375 3833 1474 3898 Qui
1534 3851 1632 3888 sua
1674 3851 1734 3889 se
1762 3851 1870 3890 non

253 3937 446 3976 curare
500 3923 744 3991 simulat,
813 3940 910 3979 cur
958 3924 1141 3978 aliena
1199 3923 1526 3996 dispensat?
1571 3925 1715 3979 Nihil
1745 3943 1875 4000 ergo

251 4010 414 4065 nobis
455 4012 629 4086 magis
659 4013 815 4083 utile,
847 4031 1009 4085 quam
1053 4014 1165 4082 jam
1193 4014 1420 4086 jamque
1462 4015 1662 4070 nostris
1715 4015 1876 4071 fessis

248 4105 421 4160 rebus
474 4108 763 4163 consulere
803 4110 1034 4164 ethunc
1075 4111 1236 4184 longe
1269 4128 1298 4165 a
1348 4127 1520 4184 regno
1551 4120 1742 4168 nostro
1775 4128 1872 4166 ex-

249 4198 495 4266 turbare,
539 4208 590 4254 et
624 4201 977 4257 haereditates
1014 4203 1216 4271 injuste
1256 4203 1507 4258 ecclesiis
1533 4205 1873 4276 mancipatas

251 4289 449 4342 iterum
490 4306 781 4362 occupare.
837 4292 1119 4364 Siquidem
1156 4295 1319 4349 nobis
1381 4302 1436 4350 et
1488 4295 1616 4350 filiis
1671 4297 1874 4352 nostris

1963 459 2124 512 etiam
2161 475 2334 530 equos
2370 475 2500 514 suos
2528 469 2718 515 sancto
2758 462 2894 525 viro,
2935 479 3002 517 ne
3060 464 3134 516 illi
3168 473 3353 534 posset
3393 466 3584 521 adesse

1965 549 2228 604 subsidio.
2275 551 2454 605 Solam
2489 551 2752 621 episcopo
2803 552 3144 622 reliquerunt
3200 570 3396 625 equam
3431 556 3584 610 aesti—

1967 649 2178 695 mantes
2206 657 2264 695 se
2291 659 2390 713 per
2413 644 2517 696 hoc
2548 643 2596 696 ei
2631 643 2813 697 facere
2837 643 3115 713 injuriam,
3135 645 3179 698 si
3205 645 3365 700 vilem
3387 663 3587 702 ascen-

1966 734 2121 788 deret
2151 751 2371 805 equam.
2407 734 2699 796 Sacerdos,
2733 736 2880 806 quod
2911 737 3085 790 solum
3116 739 3312 807 potuit,
3359 739 3582 810 pericli-

1969 826 2100 880 tanti
2155 826 2357 881 famulo
2433 828 2642 882 orando
2701 827 2903 882 adfuit:
2974 829 3335 900 Omnipotens
3403 833 3583 887 oranti

1967 915 2230 985 episc0po
2259 931 2367 970 non
2391 915 2597 980 abfuit;
2631 917 2788 984 cujus
2830 916 2939 971 ﬁde
2969 927 3023 971 et
3063 920 3311 974 oratione
3353 920 3463 987 ille,
3489 922 3582 992 qui

1969 1000 2025 1056 in
2053 1003 2280 1059 articulo
2320 1005 2512 1059 mortis
2537 1005 2776 1073 jaccbat,
2829 1006 3158 1063 mirabiliter
3203 1009 3374 1063 evasit
3442 1010 3584 1064 Nutu

1967 1093 2113 1146 enim
2155 1094 2296 1162 ejus,
2339 1095 2427 1150 cui
2461 1096 2640 1150 omnis
2697 1103 2891 1152 natura
2925 1098 3113 1163 servit,
3158 1099 3407 1170 undique
3459 1099 3586 1153 mil-

1968 1184 2127 1240 liario
2146 1201 2256 1240 uno
2291 1187 2453 1257 longe
2477 1187 2742 1254 ajacente
2773 1189 2981 1259 pistore
3027 1200 3217 1245 aestum
3244 1191 3410 1245 maris
3452 1191 3584 1247 reti—

1969 1278 2110 1344 nuit,
2134 1285 2188 1332 et
2210 1295 2441 1348 puerum
2477 1279 2801 1335 innocenter
2826 1282 2989 1336 morti
3022 1284 3337 1353 Oppositum
3373 1284 3587 1338 contin-

1957 1379 2089 1437 gere
2122 1365 2322 1420 timuit.
2363 1365 2564 1421 Praesul
2594 1384 2724 1440 ergo
2757 1385 2855 1439 pro
2898 1370 2980 1423 sui
3010 1370 3138 1425 odio
3170 1379 3418 1426 vexatum
3452 1372 3575 1427 sine

1960 1475 2114 1514 mora
2143 1461 2340 1516 adiens
2367 1462 2647 1532 pistorem,
2680 1464 2892 1518 invenit
2941 1482 3065 1519 cum
3106 1466 3448 1534 iucolumcn,
3490 1483 3580 1522 se-

1959 1569 2202 1626 cumque
2227 1556 2444 1610 reduxit
2467 1557 2724 1612 alacrem.

2596 1646 2802 1701 CAPUT
2844 1647 2948 1701 ΧΧ.

2037 1735 2284 1790 Pontifex
2342 1736 2656 1803 Maclovius,
2699 1740 2793 1810 qui
2838 1746 2964 1794 ante
3015 1741 3182 1794 Deum
3227 1747 3281 1795 et
3325 1741 3582 1796 homines

1965 1823 2086 1878 sine
2108 1825 2617 1895 querelajustitiam
2645 1838 2832 1883 tenere
2859 1829 3098 1896 volebat,
3134 1831 3364 1900 pusillos
3387 1831 3586 1888 Christi

1961 1912 2098 1966 adeo
2145 1913 2214 1966 ab
2245 1913 2431 1984 impiis
2461 1916 2824 1970 scandalizari
2857 1919 3078 1992 gravius
3119 1937 3281 1991 quam
3313 1922 3420 1977 diei
3455 1938 3581 1992 pos-

1962 2001 2030 2056 sit
2083 2003 2312 2060 ferebat.
2369 2005 2470 2060 Pro
2536 2007 2642 2061 illis
2693 2007 2856 2062 etiam
2899 2010 3204 2082 sacrilegis,
3265 2022 3371 2066 tam
3431 2021 3592 2068 acuto

1968 2091 2212 2147 avaritiae
2245 2093 2468 2148 stimulo
2498 2095 2792 2170 instigatis,
2827 2097 2990 2152 nimis
3009 2099 3249 2167 dolebat,
3281 2119 3420 2172 quos
3442 2103 3588 2173 apud

1966 2182 2138 2237 Deum
2189 2184 2335 2242 nulla
2377 2186 2700 2260 ignorantiae
2743 2191 3024 2246 excusatio
3072 2191 3414 2260 absolvcbat,
3448 2210 3591 2264 quos

1965 2277 2219 2332 videntes
2248 2285 2300 2332 et
2335 2280 2585 2334 volentes
2627 2283 2898 2351 cupiditas
2930 2283 2983 2337 in
3026 2301 3272 2354 praeceps
3322 2287 3588 2340 trahebat.

1971 2365 2104 2420 Inde
2145 2366 2292 2420 enim
2329 2385 2564 2439 nequam
2591 2379 2645 2423 et
2673 2370 2900 2424 lividum
2934 2372 3139 2426 invidia
3172 2373 3389 2428 oculum
3420 2375 3589 2429 habe-

1968 2458 2118 2525 bant,
2141 2460 2286 2512 unde
2309 2469 2494 2530 patres
2523 2477 2712 2516 corum
2739 2462 2873 2518 boni
2905 2462 3140 2518 fuerant.
3169 2465 3354 2520 Patres
3382 2467 3590 2538 quippe

1969 2562 2159 2601 eorum
2193 2559 2416 2618 peccata
2439 2566 2558 2617 sua,
2595 2550 2976 2623 eleemosynas
3014 2553 3291 2617 faciendo,
3328 2556 3588 2611 redeme-

1969 2646 2124 2694 rant:
2168 2640 2280 2707 isti,
2308 2642 2677 2711 eleemosynis
2709 2645 3052 2718 derogando,
3104 2653 3327 2716 peccata
3363 2663 3463 2702 sua
3495 2664 3594 2703 cu-

1972 2731 2328 2787 mulaverant.
2391 2734 2485 2788 Ille
2526 2735 2721 2789 doctus
2767 2735 2821 2789 in
2864 2737 3130 2807 patientia
3170 2755 3268 2793 sua
3308 2739 3593 2810 possidere

1971 2823 2209 2878 animam
2251 2841 2441 2880 suam:
2485 2847 2514 2876 (ι
2555 2827 2633 2893 Si,
2674 2827 2874 2898 inquit,
2908 2829 3172 2885 Dominus
3225 2848 3381 2886 meus
3435 2833 3593 2887 Jesus

1971 2909 2236 2984 fugiendo
2289 2915 2586 2971 declinavit
2623 2917 2936 2973 Judaeorum
2992 2920 3306 2991 perfidiam,
3352 2939 3448 2978 cur
3491 2939 3594 2996 ego

1971 3005 2342 3062 homunculu
2388 3024 2498 3064 non
2562 3009 2798 3064 devitem
2861 3012 3114 3068 cedendo
3173 3013 3398 3068 istorum
3442 3015 3595 3070 mali-

1974 3093 2146 3147 tiam?
2177 3093 2315 3150 Ecce
2343 3097 2470 3167 quia
2515 3097 2604 3151 isti
2647 3106 2706 3152 ut
2737 3099 2930 3169 vulpes
2964 3099 3151 3155 foveas
3181 3102 3509 3168 dolositatis,
3542 3113 3596 3158 et

1972 3191 2032 3239 ut
2057 3186 2309 3241 volucres
2340 3189 2545 3242 habent
2575 3189 2738 3244 nidos
2761 3191 3039 3262 vanitatis,
3073 3201 3127 3246 et
3175 3209 3276 3248 nos
3305 3210 3427 3248 cum
3459 3195 3595 3249 Filio

1974 3277 2212 3333 hominis
2244 3295 2353 3334 non
2379 3280 2666 3348 habemus,
2694 3281 2788 3336 ubi
2821 3292 2984 3352 caput
3027 3285 3359 3340 reclinemus
3399 3287 3454 3340 in
3487 3287 3595 3341 illis

1972 3369 2146 3438 (Joan.
2206 3387 2297 3424 vin
2338 3376 2387 3426 et
2424 3373 2555 3442 xu);
2604 3399 2614 3417 ι
2674 3374 2956 3441 cedamus,
2985 3383 3041 3430 et
3077 3378 3426 3432 occasionem
3463 3395 3595 3449 pec-

1972 3461 2133 3514 candi
2175 3461 2227 3513 in
2262 3476 2385 3528 nos,
2440 3463 2635 3516 saltem
2689 3462 2952 3536 fugiendo
2985 3466 3261 3521 tollamus.
3296 3468 3592 3523 Excutien-

1973 3555 2076 3608 dus
2115 3564 2198 3610 est
2237 3557 2416 3626 pulvis
2460 3557 2528 3611 de
2581 3557 2818 3628 pedibus
2873 3561 3074 3614 nostris
3108 3561 3162 3614 in
3222 3562 3593 3618 testimonium

1974 3646 2105 3701 illis.
2139 3647 2224 3709 Et,
2259 3648 2390 3718 quia
2419 3663 2526 3703 non
2559 3656 2686 3703 sunt
2719 3649 2809 3705 hic
2830 3648 2927 3704 ﬁlii
2960 3652 3131 3721 pacis,
3157 3653 3300 3723 apud
3323 3669 3462 3724 quos
3490 3671 3596 3726 pax

1975 3735 2168 3792 Christi
2202 3739 2534 3810 requiescat,
2569 3757 2669 3810 pax
2702 3750 2885 3796 nostra
2913 3742 2979 3795 ad
3014 3759 3114 3798 nos
3145 3744 3334 3800 redeat
3376 3748 3591 3816 (Matth.

1974 3828 2042 3888 χ).
2089 3827 2316 3891 Quando
2377 3828 2511 3882 dixit
2563 3829 2830 3884 Dominus
2899 3836 3087 3884 noster
3145 3831 3335 3887 Jesus:
3381 3854 3406 3884 α
3462 3834 3594 3889 Cum

1978 3923 2276 3992 persecuti,
2300 3939 2398 3978 vos
2423 3923 2626 3978 fuerint
2654 3924 2706 3978 in
2741 3925 2960 3979 civitate
2983 3925 3102 3990 ista,
3134 3925 3306 4001 fugite
3347 3928 3402 3982 in
3432 3929 3595 3984 aliam

1975 4011 2187 4078 (ibid);
2223 4037 2244 4057 η
2273 4013 2527 4083 praevidit
2549 4013 2794 4084 profecto
2812 4014 2956 4068 hanc
2981 4013 3223 4088 fugiendi
3242 4019 3589 4074 occasionem

1976 4104 2312 4176 quandoque
2344 4105 2504 4160 nobis
2535 4105 2930 4160 ineutiendam.
2964 4107 3200 4178 Agamus
3232 4108 3442 4181 itaque,
3485 4111 3596 4166 fra-

1976 4199 2106 4261 tres,
2139 4194 2439 4260 instanter;
2471 4195 2750 4263 cedamus,
2810 4212 3018 4267 quaaso,
3066 4197 3355 4266 patienter.
3411 4202 3487 4255 lla
3515 4202 3598 4257 vir

1976 4289 2102 4358 pius
2133 4297 2445 4344 exsecratus
2506 4290 2652 4343 illam
2683 4290 2978 4360 pessimam
3035 4292 3473 4364 generationem,
3508 4294 3595 4346 in-

251 4381 390 4436 nihil
416 4383 613 4454 reliqui
645 4384 796 4452 fecit,
856 4385 948 4456 qui
973 4385 1077 4439 sibi
1110 4387 1295 4441 omnia
1344 4393 1527 4442 nostra
1570 4390 1868 4461 usurpavit.
1900 4366 1958 4434 Ι)
1979 4384 2100 4438 tulit
2131 4384 2238 4438 illis
2263 4386 2516 4440 meritam
2547 4385 3015 4450 maledictionem,
3045 4387 3174 4457 quia
3203 4385 3596 4457 elongaverant

255 4472 438 4526 Solam
471 4491 625 4545 spem
660 4475 970 4532 futurorum
1011 4477 1174 4532 nobis
1199 4478 1375 4548 pretio
1408 4479 1655 4534 omnium
1689 4497 1871 4537 rerum

251 4571 564 4619 nostrarum
631 4568 838 4632 vendit,
892 4584 1121 4640 quarum
1192 4569 1591 4626 usumfructum
1640 4572 1757 4643 ipse
1817 4573 1872 4627 in

250 4658 668 4725 praesentiarum
712 4661 875 4731 capit.
934 4662 1094 4731 Saepe
1121 4660 1459 4717 lacessentes
1500 4672 1746 4718 sanctum
1788 4666 1873 4719 vi-

251 4768 371 4807 rum
405 4761 508 4808 tam
544 4752 826 4822 injuriosis
855 4753 1279 4818 invectionibus,
1330 4755 1478 4810 omni
1512 4771 1718 4830 genere
1746 4772 1872 4827 per-

251 4844 557 4900 secutionis
601 4862 727 4900 eum
761 4853 1106 4918 exasperant,
1141 4854 1198 4901 et
1252 4846 1506 4901 homines
1556 4848 1676 4916 ejus
1713 4849 1874 4904 saevis

251 4936 579 4993 verberibus
609 4944 971 4993 tormentant:
1003 4938 1154 4993 omni
1185 4954 1364 4993 rerum
1398 4938 1709 5010 direptione
1754 4956 1874 4996 om-

251 5030 386 5086 nino
416 5031 711 5088 Eeclesiam
753 5033 848 5088 Dei
879 5033 1182 5088 devastant.

888 5123 1094 5178 CAPUT
1125 5124 1256 5179 XIX.

327 5211 689 5286 Quamgravis
715 5221 770 5270 et
801 5212 1170 5270 intolerabilis
1200 5214 1318 5269 haec
1346 5214 1656 5284 persecutio
1678 5213 1868 5282 fuerit,

255 5315 322 5354 ex
368 5317 480 5357 uno
531 5301 739 5358 adverti
790 5302 1010 5374 poterit.
1080 5301 1348 5357 Pistorem
1408 5302 1549 5370 ejus,
1599 5303 1868 5360 vocabulo

254 5391 485 5462 Riman,
549 5395 752 5463 injuste
800 5395 1303 5468 comprehensum,
1359 5393 1586 5468 indigne
1637 5410 1865 5462 caesum,

250 5484 510 5540 vimineis
567 5487 802 5541 vinculis
854 5487 1268 5559 quadrupedem
1333 5486 1688 5542 constrictum
1721 5529 1733 5548 ,
1810 5496 1868 5542 ut

255 5574 411 5629 nullo
444 5583 631 5645 posset
653 5576 833 5643 juvari
859 5575 1043 5633 ofﬁcio
1091 5575 1487 5638 membrorum,
1521 5591 1691 5647 super
1719 5575 1867 5647 ripas

253 5665 424 5720 maris
476 5667 822 5738 reliquerunt
869 5667 1064 5733 solum,
1125 5676 1206 5734 ut,
1257 5667 1686 5740 superveniente
1730 5673 1863 5723 testu

1975 4490 2004 4527 a
2034 4490 2094 4529 se
2122 4473 2594 4528 benedictionem.
2618 4473 2708 4528 Sic
2736 4473 2948 4542 Moyses
2967 4473 3058 4526 ille
3086 4474 3594 4545 mitissimussupcr

1974 4578 2167 4618 omnes
2221 4563 2474 4619 homines
2540 4563 2632 4633 qui
2675 4561 3035 4616 morabantur
3101 4562 3156 4614 in
3197 4569 3341 4616 terra
3400 4563 3587 4633 (Num.

1973 4653 2152 4719 cxxi);
2203 4651 2284 4706 sic
2327 4651 2516 4717 Isaias,
2572 4649 2653 4704 sic
2706 4649 2993 4714 Jeremias,
3054 4648 3248 4705 offensi
3314 4653 3592 4708 cervicosa

1976 4746 2172 4820 ingrati
2206 4745 2395 4816 pepuli
2424 4745 2650 4812 duritia,
2681 4744 3068 4816 obligaverunt
3094 4761 3192 4801 cos
3238 4747 3589 4804 devotatione

1976 4835 2232 4906 pessima,
2264 4835 2472 4890 scilicet
2513 4835 2876 4904 imprecantes
2904 4842 3128 4905 prepter
3166 4851 3359 4891 eorum
3391 4838 3589 4909 impae-

1979 4927 2288 4993 nitentiam,
2317 4942 2386 4980 ne
2413 4926 2719 4980 attenderet
2760 4926 2900 4980 Deus
2927 4941 3115 4980 eorum
3147 4936 3272 4982 vota
3299 4930 3386 4983 vel
3418 4930 3590 4985 sacri-

1979 5014 2120 5070 ficia.
2155 5015 2366 5070 Eliseus
2395 5014 2598 5085 quippe
2639 5013 2967 5068 insultantes
3020 5014 3126 5070 sibi
3182 5032 3385 5087 pueros
3424 5017 3591 5072 male-

1979 5107 2135 5173 dixit,
2160 5114 2213 5161 et
2234 5105 2642 5160 maledictionis
2669 5122 2849 5177 paenae
2867 5121 2964 5161 eos
2986 5107 3196 5162 addixit
3226 5109 3330 5176 (IV
3347 5111 3472 5176 Reg.
3505 5110 3587 5180 ιι).

1978 5199 2114 5264 Quid
2143 5199 2211 5253 de
2243 5199 2588 5254 dominorum
2629 5199 2858 5254 Domino
2904 5198 3101 5261 dicam,
3139 5199 3231 5270 qui
3265 5199 3321 5252 in
3355 5199 3591 5256 ficulnea

1973 5299 2201 5363 promer
2257 5291 2710 5347 infecunditatem
2741 5291 2861 5361 ejus
2891 5308 2920 5344 a
2951 5307 3009 5345 se
3040 5290 3354 5359 maledicta,
3385 5299 3439 5347 et
3466 5310 3588 5348 are-

1969 5384 2331 5448 facla(Matth
2385 5388 2511 5443 xxrl.
2557 5383 2897 5439 devotationi
2944 5382 3182 5451 subjecit
3213 5382 3435 5456 dignam
3468 5401 3588 5440 ma-

1969 5478 2263 5533 ledictione
2300 5478 2615 5532 Judaeorum
2647 5475 2979 5548 perfidiam?
3021 5475 3129 5530 Hoc
3173 5478 3427 5547 exemplo
3462 5478 3592 5534 bea-

1969 5583 2055 5629 tus
2087 5573 2380 5629 Maclovius
2434 5573 2719 5630 maledixit
2753 5573 2888 5635 suis,
2949 5580 3007 5627 ut
3062 5571 3246 5627 traditi
3294 5579 3499 5629 satanae
3532 5575 3588 5629 in

1968 5667 2242 5722 interitum
2270 5666 2469 5731 carnis,
2515 5665 2807 5721 animabus
2844 5671 3026 5718 tamen
3071 5678 3260 5720 eorum
3316 5671 3589 5721 reservata
