3948 6044
403 209 514 265 743
1597 192 1955 259 SIGEBERTI
1987 199 2507 260 GEMBLACENSIS.
3639 207 3751 263 ’144

402 357 500 413 spe
530 338 745 404 salutis,
778 336 1108 390 desisterent
1151 334 1221 388 ab
1241 348 1409 404 opere
1447 333 1786 405 iniquitatis;
1818 341 1872 387 et
1930 331 2024 403 qui
2053 338 2100 403 Α
2131 332 2256 388 imis
2285 333 2592 390 visceribus
2618 332 2937 405 pestiferum
2969 332 3121 387 virus
3156 331 3307 400 elici,
3361 339 3418 388 et
3455 332 3524 388 ad
3564 333 3751 390 locum

403 434 630 499 pr0pter
687 424 939 480 duritiam
996 423 1178 478 cordis
1233 423 1316 477 sui
1374 424 1883 478 thesaurizaverant
1920 421 2029 483 sibi
2132 421 2263 477 folio
2297 421 2519 477 hederas
2558 422 2859 478 obductum
2889 421 3139 477 contrahi
3203 420 3355 485 Quod
3398 421 3659 477 stillando
3694 422 3752 477 in

406 518 499 573 Dei
519 518 678 579 iram,
709 515 929 570 tandem
962 513 1193 568 emolliti
1216 530 1313 583 per
1343 512 1754 584 pwnitentiam,
1785 513 2030 568 reconci-
2130 516 2328 565 terram
2360 510 2635 585 guttatim,
2664 525 2862 580 corpus
2891 509 3090 580 puellae
3122 509 3366 563 reddidit
3388 509 3643 564 illzesum.
3670 510 3750 564 Ita

406 606 606 662 liarent
631 604 738 660 sibi
769 604 860 659 Dei
895 604 1353 660 misericordiam.
2128 600 2338 654 meritis
2389 599 2635 655 Maclovii
2690 599 3067 672 redintegrata
3123 608 3208 653 est
3247 597 3444 669 puellae
3482 598 3746 668 sospitas,

1018 696 1230 752 CAPUT
1262 697 1393 751 XXI.
2121 696 2278 744 aucta
2295 697 2379 744 est
2409 688 2726 761 parentibus
2771 687 3110 756 jocunditas,
3149 695 3379 744 cunctos
3406 689 3656 743 videntes
3685 696 3745 744 et

474 792 612 864 Ergo
657 807 755 862 per
783 790 1040 846 scandala
1072 789 1367 860 impiorum
1424 790 1688 862 expulsus
1714 806 1745 845 a
1774 805 1874 845 suo
1900 790 2021 861 cpi-
2122 780 2414 835 audientes
2458 778 2785 835 confortavit
2839 778 2894 831 in
2943 778 3051 834 fide
3091 779 3286 835 Christi
3330 780 3581 835 miraculi
3636 793 3745 836 no-‘

403 888 657 954 scopatu,
713 889 979 952 apparato
1029 880 1210 936 omnis
1277 878 1635 951 profectionis
1689 887 2019 946 commeatu,
2122 874 2280 929 vitas.
2313 874 2470 929 Pater
2499 889 2608 929 non
2631 874 2879 948 ingratus
2910 873 3209 941 beneficio,
3239 873 3425 929 villam
3461 891 3573 929 sua:
3599 893 3738 945 pro-

405 975 637 1032 collecto
694 989 917 1045 quoque
977 969 1126 1027 fideli
1185 975 1579 1030 monachorum
1645 971 2017 1044 discipulam,
2124 963 2370 1034 prietatis
2409 964 2688 1035 delegavit
2716 964 2809 1019 Dei
2841 963 3070 1028 famulo,
3112 973 3172 1019 ut
3211 965 3441 1020 haberet
3461 966 3609 1021 unde
3642 967 3746 1020 tri-

406 1070 572 1144 longo
630 1067 1001 1141 navigationis
1053 1074 1243 1122 exacte
1301 1085 1487 1133 cursu,
1544 1067 1765 1121 tandem
1815 1066 1965 1137 potiti

1937 1074 2020 1121 tus
2126 1051 2320 1108 bueret
2348 1052 2736 1108 necessitatem
2770 1054 3109 1124 patientibus
3136 1069 3234 1124 pro
3266 1052 3496 1111 Christo.

403 1141 706 1231 Aquitanize
762 1158 1004 1231 regionis
1044 1166 1226 1228 portu,
1269 1168 1326 1213 et
1364 1158 1668 1213 deveniens
1732 1158 1800 1212 ad
1840 1166 2023 1229 partes
2714 1141 2921 1197 CAPUT
2959 1141 3145 1197 ΧΧΙΙΙ.

407 1251 719 1306 Santonicte
750 1249 921 1313 urbis,
948 1249 1124 1319 primo
1146 1250 1392 1304 omnium
1422 1250 1875 1322 interrogandum
1899 1265 2021 1305 esse
2197 1231 2539 1288 venerabilis
2584 1232 2844 1288 Leontius
2883 1232 3079 1288 Videas
3136 1232 3358 1288 beatum
3419 1232 3748 1291 Μδοίονίῑιηι

406 1340 636 1410 putavit,
678 1339 723 1394 si
757 1338 867 1393 illis
897 1339 951 1392 in
979 1338 1116 1393 locis
1155 1339 1363 1413 vigeret
1392 1339 1527 1393 ritus
1576 1339 2019 1394 Christianitatis.
2124 1326 2337 1383 meritis
2365 1337 2420 1382 εἰ
2444 1328 2741 1383 Virtutibus
2783 1327 3100 1403 εῑοτίῧοᾶτίν
3141 1327 3312 1398 (“BNt
3340 1328 3526 1383 animo
3556 1344 3746 1384 secum

408 1431 751 1503 Responsum
793 1438 879 1486 est
908 1430 959 1486 ei
992 1430 1068 1496 id,
1094 1430 1241 1501 quod
1298 1430 1433 1485 nihil
1467 1431 1643 1502 potuit
1670 1431 1864 1485 audire
1895 1447 2023 1503 gra-
2124 1436 2235 1475 non
2264 1420 2482 1476 modice
2514 1421 2703 1487 laetari,
2733 1420 2880 1493 quod
2922 1421 3108 1476 divina
3132 1420 3309 1492 pietas
3338 1437 3462 1476 eum
3497 1428 3648 1476 tanto
3688 1430 3749 1478 et

403 1524 535 1590 tius,
570 1524 774 1595 passim
804 1522 1109 1577 ibifervere
1137 1522 1463 1597 religionem
1501 1523 1785 1579 Christiani
1818 1522 1962 1578 cultu

2189 1512 2216 1566 li
2249 1512 2464 1583 hospite
2512 1512 2747 1569 voluerit
2800 1512 3097 1569 consolari.
3140 1513 3295 1569 Unde
3326 1529 3480 1569 suam
3532 1513 3748 1569 dicece-

406 1613 651 1668 Perrexit
679 1628 925 1685 quaerere
948 1612 1042 1683 qui
1074 1612 1150 1665 ibi
1179 1612 2025 1683 episc0palipriesideretcathe-
2052 1660 2096 1685 η
2125 1604 2227 1659 sim
2273 1604 2623 1671 lustratUI‘US,
2673 1621 2801 1660 eum
2858 1614 2916 1661 ut
2972 1622 3157 1661 secum
3199 1615 3477 1681 pergeret,
3526 1607 3751 1662 obnixis

407 1704 540 1771 drze,
564 1711 621 1758 et
649 1660 1138 1758 létaaudivijtaure
1162 1660 1448 1758 Leontium
1469 1660 1611 1774 (ὁδε)
1635 1702 2023 1757 ecclesiasticae
2052 1660 2100 1727 Β
2125 1696 2309 1771 coegit
2346 1697 2625 1768 precibus.
2663 1697 2944 1753 Venerunt
2977 1697 3164 1770 itaque
3201 1660 3524 1763 .adtvillam,
3571 1716 3744 1771 quam

412 1792 718 1865 provisioni
764 1792 1247 1864 superintendere,
1294 1792 1467 1846 virum
1510 1792 1712 1847 divinae
1736 1792 2025 1863 sapientia!
2125 1792 2425 1864 antiquitas
2476 1792 2775 1863 appellavit
2821 1794 3039 1861 Bream,
3096 1794 3334 1867 geminis
3382 1793 3635 1849 ecclesiis
3684 1794 3746 1848 in

407 1893 467 1940 et
497 1885 752 1939 humanae
780 1884 1026 1939 scientia:
1051 1882 1340 1953 praeditum
1364 1883 1652 1955 dignitate.
1686 1883 1809 1955 Ipse
1836 1883 2021 1939 cxsul-
2122 1882 2389 1937 honorem
2423 1882 2515 1936 Dei
2543 1882 2803 1938 nobiliter
2833 1883 3183 1958 insignatam.
3212 1884 3496 1950 Leontius,
3530 1893 3592 1939 ut
3628 1884 3743 1939 Ma-

405 1986 549 2044 tans,
598 1979 749 2051 quod
778 1978 1086 2033 arriderent
1115 1977 1220 2032 sibi
1255 1977 1432 2047 prima
1475 1985 1675 2048 optatae
1732 1978 2019 2049 prosperi-
2120 1973 2355 2031 clovium
2388 1974 2594 2029 arctius
2622 1975 2923 2045 applicaret
2968 1976 3095 2042 sibi,
3147 1993 3313 2032 unam
3342 1993 3529 2032 earum
3586 1976 3751 2033 attri-

407 2073 533 2128 tatis
561 2071 827 2142 auspicia,
859 2087 1012 2141 spem
1033 2070 1278 2141 concipit
1307 2087 1370 2125 ex
1403 2086 1581 2126 rerum
1609 2071 2018 2139 convenientia,
2120 2063 2244 2119 buit
2280 2065 2401 2133 ejus
2449 2064 2794 2132 habitationi,
2859 2067 3085 2122 alteram
3146 2068 3374 2123 retinuit
3443 2084 3545 2123 suo
3595 2068 3743 2136 juri.

404 2161 554 2234 quod
583 2162 651 2215 de
680 2168 878 2216 caetero
919 2161 1105 2216 omnia
1143 2161 1250 2215 sibi
1289 2163 1488 2218 cedere
1504 2163 1759 2218 “debeant
1785 2180 1851 2218 ex
1881 2179 2018 2218 sen-
2120 2153 2276 2218 Ωιιοά
2302 2160 2567 2225 quantum
2600 2155 2712 2210 D00
2755 2154 3040 2225 placuerit,
3074 2172 3141 2210 cx
3180 2172 3247 2212 eo
3285 2156 3419 2213 satis
3455 2157 3738 2228 apparuit,

404 2251 595 2307 tentia.
627 2250 843 2307 Electos
868 2250 1052 2322 itaque
1081 2266 1147 2305 ex
1167 2252 1283 2306 suis
1311 2252 1520 2326 legatos
1550 2251 1789 2308 fidenter
1814 2253 1879 2307 ad
1907 2253 2021 2324 epi-
2121 2242 2268 2314 QUOd
2297 2243 2553 2314 Ρτὶεεθῐιιί
2594 2244 2860 2301 miraculo
2893 2246 3098 2301 ibidem
3123 2262 3220 2302 eos
3248 2247 3514 2303 Dominus
3566 2246 3751 2304 laetiti-

401 2361 633 2416 scopum
666 2344 874 2419 dirigit,
916 2360 1137 2399 causam
1190 2360 1303 2399 suae
1337 2345 1796 2418 peregrinationis
1824 2362 1891 2401 ex
1930 2361 2022 2401 οι·-
2121 2338 2282 2394 cavit.
2318 2338 2680 2395 lllucescente
2720 2340 2812 2395 die
2842 2357 2965 2395 cum
2993 2341 3163 2397 lavari
3202 2342 3369 2398 vellet
3418 2343 3747 2414 episcOpus,

402 2435 535 2490 dine
560 2434 782 2509 digerit,
817 2434 995 2488 locum
1028 2433 1130 2488 sibi
1171 2432 1236 2487 ad
1272 2433 1628 2489 habitandum
1662 2434 1732 2489 ab
1763 2451 1830 2491 eo
1883 2451 2021 2491 con-
2122 2444 2261 2500 puer
2282 2427 2572 2483 familiaris
2598 2430 2666 2484 ad
2694 2429 3265 2502 hauriendamaquam
3289 2430 3531 2486 cucurrit
3557 2432 3745 2499 ocius,

402 2522 1053 2593 cedihumiliterexpetit
1102 2522 1419 2578 Plenusille
1442 2523 1640 2594 spiritu
1671 2525 2016 2597 prophetico,
2121 2521 2221 2586 Qui
2273 2520 2404 2576 dum
2454 2519 2673 2577 incaute
2740 2522 2936 2589 haurit,
2985 2522 3173 2594 elapso
3212 2522 3377 2594 pede,
3420 2523 3477 2577 in
3509 2533 3741 2593 puteum

401 2614 679 2688 gaudebat
707 2613 890 2669 animo
921 2630 982 2667 se
1012 2613 1273 2669 divinitus
1319 2614 1550 2681 visitari,
1593 2623 1882 2686 procurato
1910 2616 2019 2671 fra-
2121 2612 2350 2677 corruit,
2392 2620 2446 2667 et
2476 2628 2743 2684 aquarum
2795 2613 2939 2669 mole
3003 2629 3304 2684 oppressus
3348 2614 3578 2670 interiit.
3638 2615 3748 2669 Ex-

399 2710 573 2760 terna:
612 2704 892 2760 societatis
920 2703 1139 2759 solatio.
1197 2705 1506 2777 Exertaque
1548 2706 1797 2762 hilariter
1854 2724 2021 2764 manu
2121 2715 2272 2763 ortus
2303 2717 2386 2764 est
2411 2708 2595 2765 subito
2622 2708 2830 2765 clamor
2860 2718 2913 2765 et
2942 2710 3203 2785 gemitus,
3249 2709 3306 2765 fit
3345 2710 3598 2782 undique
3631 2711 3750 2767 fre-

400 2796 745 2852 liberalitatis
766 2812 902 2863 suis,
953 2796 1143 2851 tribuit
1169 2797 1219 2851 ei
1271 2797 1452 2852 locum
1504 2799 1856 2855 habitationis
1885 2816 2019 2857 con-
2122 2812 2303 2867 quens
2342 2796 2532 2868 populi
2578 2814 2904 2853 concursus.
2967 2799 3214 2854 Accurrit
3262 2808 3421 2870 pater
3465 2799 3751 2874 lugubris,

398 2900 571 2957 grure,
603 2884 908 2939 secundum
952 2885 1194 2955 Apostoli
1236 2894 1570 2957 praeceptum
1629 2891 1698 2955 (Il
1727 2890 1847 2945 Cor.
1881 2891 2015 2957 vni),
2121 2902 2232 2943 non
2273 2894 2517 2943 moratur
2549 2889 2747 2944 adesse
2777 2897 2952 2945 mater
2974 2890 3337 2954 miserabilis,
3360 2891 3568 2947 inculto
3601 2891 3742 2947 facie

403 2982 627 3047 paratus
655 2991 723 3029 ex
749 2990 847 3029 sua
878 2974 1037 3045 copia
1070 2974 1216 3029 illius
1247 2974 1492 3046 inopiam
1523 2978 1805 3048 supplere.
1833 2979 2018 3051 P0pu-
2045 3031 2088 3055 η
2120 2989 2173 3036 et
2191 2980 2413 3043 mudato
2439 2996 2693 3052 corpore,
2715 2982 3035 3055 Sparsisque
3061 2983 3275 3055 capillis
3292 2983 3736 3055 compassionem

403 3031 417 3047 ι
949 3031 961 3045 ι
1347 3031 1358 3046 l
1565 3031 1570 3032 ’
1596 3031 1609 3047 ι
1634 3031 1649 3048 ι
1705 3031 1709 3032 ⁷
1765 3031 1803 3033 "
1834 3031 1849 3033 '
1881 3031 1986 3051 'r"
2126 3031 2407 3043 """7"""
2444 3031 3033 3055 'v'r"‘1‘r"""‘|""
3064 3031 3273 3055 ’“Ί’“”““
3294 3031 3736 3055 ν“’”ἰ”“’⁹””“’“““””“

399 3066 541 3119 lares
568 3079 791 3135 quoque
822 3063 1081 3119 delectati
1109 3063 1282 3119 odore
1312 3064 1433 3131 ejus
1454 3065 1614 3121 bonae
1640 3069 2017 3124 conversatio-
2040 3031 2089 3100 Ο
2119 3074 2401 3129 incutiens
2450 3074 2729 3129 universis
2761 3075 2933 3130 Movet
2976 3084 3226 3143 cunctos,
3258 3085 3313 3132 et
3353 3077 3588 3132 maxime
3637 3093 3743 3149 pa-

398 3153 506 3219 nis,
546 3152 598 3206 ei
655 3151 879 3223 suisque
932 3151 1470 3208 adminiculabantur
1531 3155 1719 3210 multis
1748 3156 2015 3221 donariis,
2117 3176 2324 3232 remes,
2375 3166 2477 3223 ﬂos
2507 3168 2685 3224 magis
2740 3168 3127 3224 delectabilis;
3184 3169 3541 3241 eratquippe
3598 3186 3744 3241 puer

398 3245 650 3300 volentes
680 3244 842 3299 etiam
888 3243 991 3315 ipsi
1035 3244 1350 3316 participari
1391 3245 1661 3303 fructibus
1716 3250 1882 3305 alieni
1924 3250 2011 3306 la-
2114 3260 2227 3329 jam
2274 3260 2569 3317 duodenis,
2604 3261 2777 3334 Augei
2815 3262 3110 3317 ιιιιῃιιιιυιη
3142 3262 3588 3318 concurrentium
3622 3263 3739 3318 fre.

399 3335 573 3392 boris.
2120 3350 2348 3423 quentia
2393 3350 2849 3407 innumerabilis:
2906 3357 3024 3406 erat
3062 3352 3209 3407 enim
3253 3367 3392 3422 puer
3431 3352 3739 3422 parentelte

1006 3425 1213 3482 CAPUT
1254 3428 1413 3483 XXII.
2121 3438 2342 3495 nobilis.
2380 3438 2643 3495 Leontius
2673 3440 2838 3496 corde
2868 3424 3125 3511 premens
3154 3440 3424 3506 dolorem,
3457 3446 3512 3495 et
3539 3440 3595 3494 in
3627 3440 3739 3496 Do-

468 3518 1014 3604 Agebaturnamque
1052 3534 1164 3574 non
1184 3535 1316 3575 casu
1344 3519 1593 3592 fortuito,
1625 3523 1726 3579 sed
1758 3525 2015 3597 dispen--
2119 3532 2271 3588 mino
2303 3532 2551 3589 retinens
2580 3549 2734 3604 spem
2764 3540 2819 3589 et
2848 3532 3050 3589 bonam
3094 3531 3284 3600 fidem,
3325 3533 3492 3602 jussit
3531 3529 3743 3589 deferri

396 3602 899 3698 satit'0_Di\'initalis
926 3605 1183 3671 consilio,
1217 3615 1275 3662 ut
1305 3624 1414 3680 quo
1469 3610 1632 3666 latius
1690 3613 1925 3671 diversis
1956 3617 2013 3672 in
2114 3624 2334 3697 glebam
2355 3602 2689 3681 defuncti—in
2750 3624 3038 3697 templum,
3071 3626 3219 3698 quod
3265 3626 3639 3681 destinaverat
3669 3626 3740 3681 ad

398 3696 536 3752 locis
556 3693 942 3752 diﬂ‘amabatur
998 3698 1132 3752 tanti
1162 3699 1265 3753 viri
1297 3703 1691 3775 peregrinatio,
1720 3721 1787 3762 eo
1840 3707 1957 3763 diﬂ't

2180 3715 2290 3770 ncti
2330 3714 2577 3771 Maclovii
2608 3724 2841 3786 partem.
2878 3715 3060 3787 Usque
3090 3716 3159 3770 ad
3191 3730 3443 3770 auroram
3496 3731 3739 3787 sequen-

396 3786 514 3879 5ill§
552 3783 1001 3879 πιθεῖιίδοατθιλυτ
1037 3785 1277 3879 “ominis
1305 3788 1427 3856 eius
1456 3790 1719 3864 cognitio-
1755 3791 1889 3847 Filia
1918 3808 2010 3848 CO-
2116 3806 2186 3862 tis
2215 3806 2346 3871 diei,
2384 3814 2643 3878 parentes
2673 3807 2818 3863 circa
2848 3822 3051 3879 corpus
3090 3806 3351 3862 excubias
3391 3806 3744 3862 celebrarunt

399 3876 569 3941 mitis,
609 3876 707 3946 qui
737 3891 877 3948 pago
916 3876 1215 3935 Santonico
1247 3878 1679 3951 principabatur.
1714 3900 1812 3954 per
1843 3894 1958 3955 patr

2181 3914 2222 3952 .u
2250 3897 2503 3953 solemni.
2546 3901 2610 3954 At
2637 3898 2780 3953 servi
2829 3899 2923 3954 Dei
2954 3905 3342 3970 pernoctantes
3377 3897 3434 3953 in
3486 3898 3740 3954 oratione

399 3966 485 4022 sui
528 3964 846 4019 viridarium
889 3979 1010 4018 cum
1058 3966 1408 4039 pedisseqnis
1457 3970 1573 4025 suis
1627 3973 1952 4029 exercebatu

2183 4004 2226 4043 in
2240 3987 2567 4045 difﬁdebant
2595 3989 2663 4045 de
2687 3990 2806 4059 ejus
2834 3964 3106 4046 bonitate.
3142 3990 3298 4046 Mane
3327 3989 3488 4054 facto,
3510 3997 3742 4047 sanctus

401 4053 498 4109 ubi
529 4053 658 4153 dum
681 4053 900 4153 incaute
940 4053 1165 4153 incedit,
1200 4070 1481 4112 venenoso
1508 4058 1709 4115 occulti
1740 4062 2016 4132 serpentis
2116 4078 2409 4136 Μδοιονίυε
2447 4096 2641 4137 omnes
2671 4053 2921 4137 ρι’ίηιίηει
2963 4097 2995 4136 a
3050 4083 3279 4153 templo,
3347 4053 3487 4138 duos
3526 4089 3737 4137 tantum

403 4145 516 4202 ictu
543 4143 829 4200 vulnerata
851 4143 1140 4219 ingemuit,
1166 4155 1221 4202 et
1245 4164 1496 4223 magnam
1528 4151 1742 4208 cunctis
1767 4153 1962 4224 ejulanl

2183 4172 2418 4229 anachos
2446 4173 2695 4230 retinens
2740 4190 2953 4243 secum,
2984 4191 3107 4231 cum
3157 4175 3359 4247 quibus
3407 4174 3742 4230 familiarius

401 4234 752 4341 οθίξδδίοηθξη
805 4234 977 4341 dedi“;
1029 4235 1190 4341 alter
1241 4237 1720 4341 ίηθθηδοίδδξίίξθτ
1764 4242 2492 4341 lugfibfftvninterpellaret
2520 4264 2834 4321 Dominum.
2879 4234 3008 4321 cum
3037 4265 3125 4321 his
3155 4234 3287 4339 ergo
3335 4266 3544 4337 septies
3578 4265 3741 4321 ﬂexis

401 4332 850 4430 maternlalerno
880 4325 1058 4382 ἀοιοτί
1100 4334 1407 4430 ίίξῐηῐθθζετθ
1438 4331 1742 4430 ιξθεοίεῧθῦ
1774 4336 2010 4430 (ξιξεελνὺ-
2032 4308 2088 4377 D
2112 4308 2370 4429 genibus,
2399 4357 2574 4413 oravit
2626 4357 2696 4413 ad
2728 4358 2898 4413 Deum
2952 4375 3114 4430 quam
3150 4308 3329 4429 ιιοῗιιίι
3376 4308 3739 4415 arfl‘ectuosius

396 4426 504 4476 tam
543 4417 668 4475 filiae
705 4418 850 4473 inter
885 4435 1041 4490 spem
1097 4426 1151 4474 et
1202 4428 1408 4476 metum
1450 4422 1715 4480 ﬂuctuare
1763 4426 1955 4482 videba

2178 4461 2288 4501 inec
2317 4445 2492 4501 sensit
2529 4447 2768 4502 animam
2799 4448 3115 4503 innocentis
3149 4446 3304 4518 pueri
3328 4446 3544 4502 refundi
3564 4463 3737 4502 mem-

397 4512 583 4611 οξηξιίε
613 4511 818 4611 limini“
865 4512 1293 4611 lamfnlaf’alul‘v
1342 4522 1457 4611 ῑοιὲ
1494 4516 1688 4573 “Vitas
1735 4517 2008 4589 fera'iju-
2110 4534 2224 4589 bris
2262 4533 2587 4606 rigentibus.
2626 4539 2959 4611 .\ssurgente
3026 4511 3225 4607 puero,
3286 4543 3341 4591 et
3398 4543 3616 4591 astante
3660 4536 3736 4591 ad

394 4604 942 4704 stiti9_f‘fﬁ°iebal“rj
974 4605 1214 4704 Τδῖξξίξπξ
1247 4609 1353 4664 hoc
1381 4610 1559 4666 θοίυῖη
1597 4612 1756 4668 (³01οΓ
1784 4614 2006 4671 θάηιίδίί
2113 4604 2492 4686 testimonium
2544 4604 2823 4694 miraculi:
2874 4604 3040 4704 quid—
3062 4630 3360 4686 alacritatis
3427 4629 3739 4685 habuerint

391 4699 703 4792 consilium.
736 4704 793 4792 Ψ
848 4697 1163 4792 (ἰυίίξῄηίῖιίί
1204 4701 1500 4757 humanum
1554 4712 1773 4775 PNerat
1821 4708 2009 4763 valere
2111 4719 2382 4790 episcOpi,
2410 4719 2544 4792 quid
2583 4721 2826 4792 stuporis
2860 4697 3007 4792 passi
3069 4719 3181 4774 sint
3233 4726 3479 4774 astantes
3517 4718 3734 4789 populi,

394 4790 736 4883 Pultiliumié
765 4790 927 4847 δοτιιο
962 4790 1228 4883 Νίκιονίο
1258 4793 1502 4848 (“Vinum
1535 4805 1876 4867 quaereretur
1908 4815 2004 4855 80-
2109 4825 2248 4880 quas
2290 4790 2474 4883 grates
2517 4790 2711 4866 omnes
2745 4790 3037 4866 una'voce'
3073 4807 3423 4865 reddiderint
3468 4807 3736 4879 Omnipo-

393 4880 607 4936 latium.
655 4879 739 4934 Uti
787 4880 1099 4935 consultum
1160 4891 1266 4949 est,
1310 4882 1382 4937 ita
1431 4889 1486 4938 et
1525 4883 1727 4940 factum
1767 4894 1871 4942 est.
1927 4889 1952 4942 Α

2174 4900 2267 4969 nti,
2298 4902 2642 4973 superfluum
2674 4911 2757 4956 est
2785 4901 3062 4957 inculcare
3118 4916 3375 4958 sermone
3415 4898 3733 4970 multiplici.

392 4972 565 5065 Pedes
590 4971 839 5065 μειοῘονίί
872 4978 1093 5027 ventum
1117 4979 1223 5043 θεῖν
1249 4980 1510 5065 (ἓγοίυῐη
1542 4974 1780 5033 ﬁdeliter
1819 4988 2009 5049 Ρθῐθῐι·
2108 4971 2427 5048 Miraculum
2485 4993 2635 5048 enim
2686 4993 2858 5065 quod,
2919 5008 3017 5064 pro
3048 4992 3491 5049 commendanda
3538 4990 3737 5047 famuli

389 5061 525 5117 tium
581 5061 898 5117 frustratum
949 5077 1059 5117 non
1112 5069 1214 5117 est.
1260 5063 1562 5136 Episcopus
1613 5067 1684 5122 ad
1741 5069 1948 5125 oration

2179 5082 2514 5138 isanclitate
2565 5061 2968 5138 monstraverat
3005 5084 3294 5151 Divinitas,
3354 5082 3518 5139 latius
3570 5078 3732 5135 diffa-

386 5154 692 5209 subsidium
721 5154 988 5228 confugit,
1029 5172 1229 5227 aquam
1267 5159 1629 5215 exorcizatam
1684 5162 1944 5219 benedixi

2163 5170 2291 5225 abat
2330 5171 2664 5226 ressuscitati
2705 5172 2861 5243 pueri
2894 5172 3176 5239 nobilitas,
3231 5182 3287 5228 et
3322 5170 3528 5247 gratius
3573 5167 3721 5224 acci-

387 5260 454 5301 ex
483 5260 549 5301 ea
580 5244 769 5301 folium
802 5245 1025 5301 hederae
1064 5245 1326 5317 perfudit,
1375 5247 1565 5305 folium
1608 5251 1727 5307 loco
1760 5253 2004 5309 vulneris
2105 5260 2608 5333 piebataﬂ'eetuosa
2640 5271 2926 5334 parentum
2953 5263 3194 5319 charitas
3268 5262 3306 5317 Ο
3329 5244 3533 5316 ’νὶνιιηπ
3586 5274 3735 5330 prae-

386 5338 760 5409 superposuit.
804 5337 1003 5394 Contra
1058 5340 1167 5394 vim
1222 5356 1392 5396 sacras
1437 5342 1850 5401 benedictionis
1889 5363 1999 5404 non
2102 5351 2398 5407 dicabilem
2431 5368 2530 5423 per
2558 5351 2789 5409 omnia!
2824 5352 2863 5408 Ο
2895 5359 3143 5408 sanctum
3174 5352 3382 5408 sanctis
3430 5347 3733 5406 conferen-

387 5429 564 5499 potuit
612 5429 913 5485 subsistere
960 5429 1043 5486 vis
1088 5446 1382 5488 venenosae
1436 5434 1625 5505 pestis.
1677 5436 1906 5494 Videres
1934 5455 1996 5493 ex
2101 5441 2230 5496 dum
2284 5441 2340 5496 in
2406 5442 2793 5498 miraculorum
2853 5439 3297 5517 magnificential
3353 5438 3445 5513 qui
3498 5443 3553 5493 et
3607 5437 3729 5507 ipse

459 5554 601 5622 1968)
630 5555 906 5621 Leontius,
946 5557 1371 5631 Bur'legalansis
1419 5561 1731 5631 episcopus.
1768 5564 1840 5617 De
1893 5568 1994 5621 hoc
2033 5568 2262 5624 Venant.
2300 5568 2577 5627 Fortunat.
2601 5585 2767 5626 carm.
2808 5568 2907 5626 lib.
2941 5577 3032 5625 tet
3060 5586 3111 5623 iv
3154 5585 3312 5626 novae
3343 5567 3482 5622 edit.
