  <div class='ocr_page' id='page_1' title='image "/cluster/home/n/w/nwhite01/storage/ocr_20150623/160/hvd.32044054760186/378.png"; bbox 0 0 3948 6044; ppageno 0'>
   <div class='ocr_carea' id='block_1_1' title="bbox 236 241 344 295">
    <p class='ocr_par' dir='ltr' id='par_1_1' title="bbox 236 241 344 295">
     <span class='ocr_line' id='line_1_1' title="bbox 236 241 344 295; baseline 0.009 -1"><span class='ocrx_word' id='word_1_1' title='bbox 236 241 344 295; x_wconf 71' lang='grc'>’745</span> 
     </span>
    </p>
   </div>
   <div class='ocr_carea' id='block_1_2' title="bbox 1591 233 2210 293">
    <p class='ocr_par' dir='ltr' id='par_1_2' title="bbox 1591 233 2210 293">
     <span class='ocr_line' id='line_1_2' title="bbox 1591 233 2210 293; baseline 0.01 -6"><span class='ocrx_word' id='word_1_2' title='bbox 1591 235 1735 287; x_wconf 82' lang='lat' dir='ltr'><strong>VITA</strong></span> <span class='ocrx_word' id='word_1_3' title='bbox 1779 235 1831 288; x_wconf 88' lang='lat' dir='ltr'>S.</span> <span class='ocrx_word' id='word_1_4' title='bbox 1878 233 2210 293; x_wconf 80' lang='lat' dir='ltr'><strong>MACLOVII.</strong></span> 
     </span>
    </p>
   </div>
   <div class='ocr_carea' id='block_1_3' title="bbox 3463 257 3568 312">
    <p class='ocr_par' dir='ltr' id='par_1_3' title="bbox 3463 257 3568 312">
     <span class='ocr_line' id='line_1_3' title="bbox 3463 257 3568 312; baseline 0.029 -3"><span class='ocrx_word' id='word_1_5' title='bbox 3463 257 3568 312; x_wconf 77' lang='lat'>746</span> 
     </span>
    </p>
   </div>
   <div class='ocr_carea' id='block_1_4' title="bbox 235 365 3569 450">
    <p class='ocr_par' dir='ltr' id='par_1_4' title="bbox 235 365 3569 450">
     <span class='ocr_line' id='line_1_4' title="bbox 235 365 3569 450; baseline 0.004 -27"><span class='ocrx_word' id='word_1_6' title='bbox 235 367 489 438; x_wconf 84' lang='lat' dir='ltr'>exemplo</span> <span class='ocrx_word' id='word_1_7' title='bbox 535 367 668 423; x_wconf 86' lang='lat' dir='ltr'>Jesu</span> <span class='ocrx_word' id='word_1_8' title='bbox 720 365 938 423; x_wconf 81' lang='lat' dir='ltr'>Domini</span> <span class='ocrx_word' id='word_1_9' title='bbox 979 367 1064 422; x_wconf 93' lang='lat' dir='ltr'>sui</span> <span class='ocrx_word' id='word_1_10' title='bbox 1113 373 1224 423; x_wconf 88' lang='lat' dir='ltr'>tres</span> <span class='ocrx_word' id='word_1_11' title='bbox 1243 365 1526 422; x_wconf 76' lang='lat' dir='ltr'>suscitavit</span> <span class='ocrx_word' id='word_1_12' title='bbox 1582 369 1846 429; x_wconf 91' lang='lat' dir='ltr'>mortuos,</span> <span class='ocrx_word' id='word_1_13' title='bbox 1875 365 1928 434; x_wconf 77' lang='grc' dir='ltr'><strong>Α</strong></span> <span class='ocrx_word' id='word_1_14' title='bbox 1953 366 2141 422; x_wconf 91' lang='lat' dir='ltr'>utilem</span> <span class='ocrx_word' id='word_1_15' title='bbox 2173 370 2482 427; x_wconf 84' lang='lat' dir='ltr'>severitatis</span> <span class='ocrx_word' id='word_1_16' title='bbox 2513 371 2982 446; x_wconf 81' lang='lat' dir='ltr'>benevolentiam,</span> <span class='ocrx_word' id='word_1_17' title='bbox 3039 385 3098 434; x_wconf 93' lang='lat' dir='ltr'>ut</span> <span class='ocrx_word' id='word_1_18' title='bbox 3151 396 3250 450; x_wconf 90' lang='lat' dir='ltr'>per</span> <span class='ocrx_word' id='word_1_19' title='bbox 3291 397 3430 437; x_wconf 86' lang='lat' dir='ltr'>nanc</span> <span class='ocrx_word' id='word_1_20' title='bbox 3463 399 3569 439; x_wconf 89' lang='lat' dir='ltr'>ne-</span> 
     </span>
    </p>
   </div>
   <div class='ocr_carea' id='block_1_5' title="bbox 239 461 1426 520">
    <p class='ocr_par' dir='ltr' id='par_1_5' title="bbox 239 461 1426 520">
     <span class='ocr_line' id='line_1_5' title="bbox 239 461 1426 520; baseline 0.002 -2"><span class='ocrx_word' id='word_1_21' title='bbox 239 465 296 519; x_wconf 91' lang='lat' dir='ltr'>in</span> <span class='ocrx_word' id='word_1_22' title='bbox 325 463 608 519; x_wconf 85' lang='lat' dir='ltr'>Trinitatis</span> <span class='ocrx_word' id='word_1_23' title='bbox 647 463 998 520; x_wconf 84' lang='lat' dir='ltr'>invocatione</span> <span class='ocrx_word' id='word_1_24' title='bbox 1024 461 1426 520; x_wconf 84' lang='lat' dir='ltr'>efﬁcacissima.</span> 
     </span>
    </p>
   </div>
   <div class='ocr_carea' id='block_1_6' title="bbox 849 595 1259 653">
    <p class='ocr_par' dir='ltr' id='par_1_6' title="bbox 849 595 1259 653">
     <span class='ocr_line' id='line_1_6' title="bbox 849 595 1259 653; baseline 0.005 -3"><span class='ocrx_word' id='word_1_25' title='bbox 849 595 1056 653; x_wconf 85' lang='lat' dir='ltr'><strong>CAPUT</strong></span> <span class='ocrx_word' id='word_1_26' title='bbox 1085 598 1259 652; x_wconf 89' lang='lat' dir='ltr'><strong>XXIV.</strong></span> 
     </span>
    </p>
   </div>
   <div class='ocr_carea' id='block_1_7' title="bbox 311 685 1852 766">
    <p class='ocr_par' dir='ltr' id='par_1_7' title="bbox 311 685 1852 766">
     <span class='ocr_line' id='line_1_7' title="bbox 311 685 1852 766; baseline -0.001 -2"><span class='ocrx_word' id='word_1_27' title='bbox 311 709 422 766; x_wconf 88' lang='lat' dir='ltr'>Nec</span> <span class='ocrx_word' id='word_1_28' title='bbox 444 685 581 765; x_wconf 85' lang='lat' dir='ltr'>illud</span> <span class='ocrx_word' id='word_1_29' title='bbox 611 709 926 765; x_wconf 84' lang='lat' dir='ltr'>subtraham</span> <span class='ocrx_word' id='word_1_30' title='bbox 983 710 1051 765; x_wconf 91' lang='lat' dir='ltr'>de</span> <span class='ocrx_word' id='word_1_31' title='bbox 1084 717 1354 765; x_wconf 90' lang='lat' dir='ltr'>tantarum</span> <span class='ocrx_word' id='word_1_32' title='bbox 1407 710 1670 764; x_wconf 87' lang='lat' dir='ltr'>virtutum</span> <span class='ocrx_word' id='word_1_33' title='bbox 1702 714 1852 764; x_wconf 87' lang='lat' dir='ltr'>cata-</span> 
     </span>
    </p>
   </div>
   <div class='ocr_carea' id='block_1_8' title="bbox 239 800 1851 876">
    <p class='ocr_par' dir='ltr' id='par_1_8' title="bbox 239 800 1851 876">
     <span class='ocr_line' id='line_1_8' title="bbox 239 800 1851 876; baseline -0.001 -21"><span class='ocrx_word' id='word_1_34' title='bbox 239 802 390 876; x_wconf 90' lang='lat' dir='ltr'>logo,</span> <span class='ocrx_word' id='word_1_35' title='bbox 429 801 579 872; x_wconf 91' lang='lat' dir='ltr'>quod</span> <span class='ocrx_word' id='word_1_36' title='bbox 635 801 816 856; x_wconf 90' lang='lat' dir='ltr'>adhuc</span> <span class='ocrx_word' id='word_1_37' title='bbox 866 811 1080 873; x_wconf 88' lang='lat' dir='ltr'>gestum</span> <span class='ocrx_word' id='word_1_38' title='bbox 1114 810 1196 856; x_wconf 91' lang='lat' dir='ltr'>est</span> <span class='ocrx_word' id='word_1_39' title='bbox 1234 801 1291 855; x_wconf 91' lang='lat' dir='ltr'>in</span> <span class='ocrx_word' id='word_1_40' title='bbox 1351 815 1492 874; x_wconf 90' lang='lat' dir='ltr'>pago</span> <span class='ocrx_word' id='word_1_41' title='bbox 1534 800 1851 855; x_wconf 89' lang='lat' dir='ltr'>Santonico.</span> 
     </span>
    </p>
   </div>
   <div class='ocr_carea' id='block_1_9' title="bbox 239 895 1858 968">
    <p class='ocr_par' dir='ltr' id='par_1_9' title="bbox 239 895 1858 968">
     <span class='ocr_line' id='line_1_9' title="bbox 239 895 1858 968; baseline -0.001 -17"><span class='ocrx_word' id='word_1_42' title='bbox 239 896 441 951; x_wconf 85' lang='lat' dir='ltr'>Mulier</span> <span class='ocrx_word' id='word_1_43' title='bbox 461 895 734 967; x_wconf 60' lang='lat' dir='ltr'>quaedam,</span> <span class='ocrx_word' id='word_1_44' title='bbox 763 897 990 951; x_wconf 88' lang='lat' dir='ltr'>nomine</span> <span class='ocrx_word' id='word_1_45' title='bbox 1016 897 1190 966; x_wconf 90' lang='lat' dir='ltr'>Bona,</span> <span class='ocrx_word' id='word_1_46' title='bbox 1219 913 1340 968; x_wconf 77' lang='lat' dir='ltr'>quae</span> <span class='ocrx_word' id='word_1_47' title='bbox 1362 897 1528 951; x_wconf 88' lang='lat' dir='ltr'>vitam</span> <span class='ocrx_word' id='word_1_48' title='bbox 1556 912 1708 950; x_wconf 91' lang='lat' dir='ltr'>suam</span> <span class='ocrx_word' id='word_1_49' title='bbox 1738 896 1858 950; x_wconf 91' lang='lat' dir='ltr'>lau-</span> 
     </span>
    </p>
   </div>
   <div class='ocr_carea' id='block_1_10' title="bbox 239 987 1855 1059">
    <p class='ocr_par' dir='ltr' id='par_1_10' title="bbox 239 987 1855 1059">
     <span class='ocr_line' id='line_1_10' title="bbox 239 987 1855 1059; baseline -0.001 -17"><span class='ocrx_word' id='word_1_50' title='bbox 239 988 500 1043; x_wconf 88' lang='lat' dir='ltr'>dabiliter</span> <span class='ocrx_word' id='word_1_51' title='bbox 527 988 725 1059; x_wconf 84' lang='lat' dir='ltr'>agebat</span> <span class='ocrx_word' id='word_1_52' title='bbox 754 988 809 1041; x_wconf 91' lang='lat' dir='ltr'>in</span> <span class='ocrx_word' id='word_1_53' title='bbox 837 988 1118 1044; x_wconf 72' lang='lat' dir='ltr'>viduitatis</span> <span class='ocrx_word' id='word_1_54' title='bbox 1160 988 1500 1045; x_wconf 87' lang='lat' dir='ltr'>continentia</span> <span class='ocrx_word' id='word_1_55' title='bbox 1529 987 1690 1042; x_wconf 89' lang='lat' dir='ltr'>annis</span> <span class='ocrx_word' id='word_1_56' title='bbox 1716 1003 1855 1058; x_wconf 90' lang='lat' dir='ltr'>qua-</span> 
     </span>
    </p>
   </div>
   <div class='ocr_carea' id='block_1_11' title="bbox 243 1076 1857 1143">
    <p class='ocr_par' dir='ltr' id='par_1_11' title="bbox 243 1076 1857 1143">
     <span class='ocr_line' id='line_1_11' title="bbox 243 1076 1857 1143; baseline -0.002 -11"><span class='ocrx_word' id='word_1_57' title='bbox 243 1078 547 1133; x_wconf 88' lang='lat' dir='ltr'>tuordecim</span> <span class='ocrx_word' id='word_1_58' title='bbox 599 1076 776 1132; x_wconf 88' lang='lat' dir='ltr'>fuerat</span> <span class='ocrx_word' id='word_1_59' title='bbox 827 1077 1074 1133; x_wconf 72' lang='lat' dir='ltr'>caecitate</span> <span class='ocrx_word' id='word_1_60' title='bbox 1125 1078 1340 1134; x_wconf 89' lang='lat' dir='ltr'>obruta.</span> <span class='ocrx_word' id='word_1_61' title='bbox 1385 1079 1514 1143; x_wconf 87' lang='lat' dir='ltr'>Quae</span> <span class='ocrx_word' id='word_1_62' title='bbox 1569 1077 1857 1132; x_wconf 82' lang='lat' dir='ltr'>obtutibus</span> 
     </span>
    </p>
   </div>
   <div class='ocr_carea' id='block_1_12' title="bbox 242 1165 1859 1239">
    <p class='ocr_par' dir='ltr' id='par_1_12' title="bbox 242 1165 1859 1239">
     <span class='ocr_line' id='line_1_12' title="bbox 242 1165 1859 1239; baseline -0.001 -18"><span class='ocrx_word' id='word_1_63' title='bbox 242 1167 422 1222; x_wconf 85' lang='lat' dir='ltr'>sancti</span> <span class='ocrx_word' id='word_1_64' title='bbox 455 1167 556 1223; x_wconf 91' lang='lat' dir='ltr'>viri</span> <span class='ocrx_word' id='word_1_65' title='bbox 576 1165 818 1222; x_wconf 79' lang='lat' dir='ltr'>fideliter</span> <span class='ocrx_word' id='word_1_66' title='bbox 839 1175 1188 1238; x_wconf 83' lang='lat' dir='ltr'>praesentala,</span> <span class='ocrx_word' id='word_1_67' title='bbox 1219 1167 1325 1224; x_wconf 91' lang='lat' dir='ltr'>luci</span> <span class='ocrx_word' id='word_1_68' title='bbox 1355 1167 1597 1239; x_wconf 65' lang='lat' dir='ltr'>pristinae</span> <span class='ocrx_word' id='word_1_69' title='bbox 1617 1173 1700 1222; x_wconf 89' lang='lat' dir='ltr'>est</span> <span class='ocrx_word' id='word_1_70' title='bbox 1729 1165 1859 1220; x_wconf 91' lang='lat' dir='ltr'>red-</span> 
     </span>
    </p>
   </div>
   <div class='ocr_carea' id='block_1_13' title="bbox 243 1257 374 1312">
    <p class='ocr_par' dir='ltr' id='par_1_13' title="bbox 243 1257 374 1312">
     <span class='ocr_line' id='line_1_13' title="bbox 243 1257 374 1312; baseline 0 -2"><span class='ocrx_word' id='word_1_71' title='bbox 243 1257 374 1312; x_wconf 88' lang='lat' dir='ltr'>dita.</span> 
     </span>
    </p>
   </div>
   <div class='ocr_carea' id='block_1_14' title="bbox 860 1364 1244 1422">
    <p class='ocr_par' dir='ltr' id='par_1_14' title="bbox 860 1364 1244 1422">
     <span class='ocr_line' id='line_1_14' title="bbox 860 1364 1244 1422; baseline -0.003 -2"><span class='ocrx_word' id='word_1_72' title='bbox 860 1365 1067 1421; x_wconf 74' lang='lat' dir='ltr'>LAPUT</span> <span class='ocrx_word' id='word_1_73' title='bbox 1095 1364 1244 1422; x_wconf 86' lang='lat' dir='ltr'><strong>XXV.</strong></span> 
     </span>
    </p>
   </div>
   <div class='ocr_carea' id='block_1_15' title="bbox 316 1476 1861 1551">
    <p class='ocr_par' dir='ltr' id='par_1_15' title="bbox 316 1476 1861 1551">
     <span class='ocr_line' id='line_1_15' title="bbox 316 1476 1861 1551; baseline -0.001 -19"><span class='ocrx_word' id='word_1_74' title='bbox 316 1478 484 1535; x_wconf 90' lang='lat' dir='ltr'>Porro</span> <span class='ocrx_word' id='word_1_75' title='bbox 517 1478 770 1534; x_wconf 86' lang='lat' dir='ltr'>homines</span> <span class='ocrx_word' id='word_1_76' title='bbox 801 1478 905 1547; x_wconf 89' lang='lat' dir='ltr'>illi,</span> <span class='ocrx_word' id='word_1_77' title='bbox 937 1479 1032 1551; x_wconf 90' lang='lat' dir='ltr'>qui</span> <span class='ocrx_word' id='word_1_78' title='bbox 1086 1481 1142 1535; x_wconf 91' lang='lat' dir='ltr'>in</span> <span class='ocrx_word' id='word_1_79' title='bbox 1200 1478 1478 1534; x_wconf 87' lang='lat' dir='ltr'>Britannia</span> <span class='ocrx_word' id='word_1_80' title='bbox 1525 1477 1709 1532; x_wconf 85' lang='lat' dir='ltr'>virum</span> <span class='ocrx_word' id='word_1_81' title='bbox 1764 1476 1861 1531; x_wconf 91' lang='lat' dir='ltr'>Dei</span> 
     </span>
    </p>
   </div>
   <div class='ocr_carea' id='block_1_16' title="bbox 244 1568 1858 1641">
    <p class='ocr_par' dir='ltr' id='par_1_16' title="bbox 244 1568 1858 1641">
     <span class='ocr_line' id='line_1_16' title="bbox 244 1568 1858 1641; baseline -0.001 -18"><span class='ocrx_word' id='word_1_82' title='bbox 244 1569 735 1638; x_wconf 84' lang='lat' dir='ltr'>exacerbaverunt,</span> <span class='ocrx_word' id='word_1_83' title='bbox 759 1577 812 1625; x_wconf 90' lang='lat' dir='ltr'>et</span> <span class='ocrx_word' id='word_1_84' title='bbox 833 1569 1185 1641; x_wconf 87' lang='lat' dir='ltr'>improbitate</span> <span class='ocrx_word' id='word_1_85' title='bbox 1211 1568 1603 1625; x_wconf 88' lang='lat' dir='ltr'>obstinationis</span> <span class='ocrx_word' id='word_1_86' title='bbox 1626 1583 1858 1634; x_wconf 65' lang='lat' dir='ltr'>suae,se,</span> 
     </span>
    </p>
   </div>
   <div class='ocr_carea' id='block_1_17' title="bbox 1955 459 3568 544">
    <p class='ocr_par' dir='ltr' id='par_1_17' title="bbox 1955 459 3568 544">
     <span class='ocr_line' id='line_1_17' title="bbox 1955 459 3568 544; baseline 0.012 -33"><span class='ocrx_word' id='word_1_87' title='bbox 1955 459 2262 515; x_wconf 89' lang='lat' dir='ltr'>cessitatem</span> <span class='ocrx_word' id='word_1_88' title='bbox 2317 463 2510 517; x_wconf 89' lang='lat' dir='ltr'>saltem</span> <span class='ocrx_word' id='word_1_89' title='bbox 2568 465 2723 521; x_wconf 82' lang='lat' dir='ltr'>inviti</span> <span class='ocrx_word' id='word_1_90' title='bbox 2773 470 3122 525; x_wconf 89' lang='lat' dir='ltr'>traherentur</span> <span class='ocrx_word' id='word_1_91' title='bbox 3158 473 3226 526; x_wconf 92' lang='lat' dir='ltr'>ad</span> <span class='ocrx_word' id='word_1_92' title='bbox 3285 475 3568 544; x_wconf 59' lang='lat' dir='ltr'>paeniten-</span> 
     </span>
    </p>
   </div>
   <div class='ocr_carea' id='block_1_18' title="bbox 1954 549 3568 633">
    <p class='ocr_par' dir='ltr' id='par_1_18' title="bbox 1954 549 3568 633">
     <span class='ocr_line' id='line_1_18' title="bbox 1954 549 3568 633; baseline 0.011 -31"><span class='ocrx_word' id='word_1_93' title='bbox 1954 549 2106 603; x_wconf 86' lang='lat' dir='ltr'>tiam.</span> <span class='ocrx_word' id='word_1_94' title='bbox 2151 550 2394 607; x_wconf 87' lang='lat' dir='ltr'>Britanni</span> <span class='ocrx_word' id='word_1_95' title='bbox 2436 555 2678 628; x_wconf 89' lang='lat' dir='ltr'>denique</span> <span class='ocrx_word' id='word_1_96' title='bbox 2730 566 3016 630; x_wconf 90' lang='lat' dir='ltr'>compotes</span> <span class='ocrx_word' id='word_1_97' title='bbox 3072 563 3182 617; x_wconf 93' lang='lat' dir='ltr'>voti</span> <span class='ocrx_word' id='word_1_98' title='bbox 3226 564 3313 618; x_wconf 91' lang='lat' dir='ltr'>sui</span> <span class='ocrx_word' id='word_1_99' title='bbox 3365 563 3568 633; x_wconf 79' lang='lat' dir='ltr'>eﬂeeti,</span> 
     </span>
    </p>
   </div>
   <div class='ocr_carea' id='block_1_19' title="bbox 1955 640 3570 722">
    <p class='ocr_par' dir='ltr' id='par_1_19' title="bbox 1955 640 3570 722">
     <span class='ocr_line' id='line_1_19' title="bbox 1955 640 3570 722; baseline 0.011 -30"><span class='ocrx_word' id='word_1_100' title='bbox 1955 646 2064 694; x_wconf 91' lang='lat' dir='ltr'>tam</span> <span class='ocrx_word' id='word_1_101' title='bbox 2110 640 2368 713; x_wconf 85' lang='lat' dir='ltr'>princeps</span> <span class='ocrx_word' id='word_1_102' title='bbox 2425 651 2479 698; x_wconf 91' lang='lat' dir='ltr'>et</span> <span class='ocrx_word' id='word_1_103' title='bbox 2523 646 2818 716; x_wconf 90' lang='lat' dir='ltr'>optimates</span> <span class='ocrx_word' id='word_1_104' title='bbox 2849 650 3028 722; x_wconf 91' lang='lat' dir='ltr'>regni,</span> <span class='ocrx_word' id='word_1_105' title='bbox 3085 667 3250 722; x_wconf 89' lang='lat' dir='ltr'>quam</span> <span class='ocrx_word' id='word_1_106' title='bbox 3303 652 3484 708; x_wconf 90' lang='lat' dir='ltr'>clerus</span> <span class='ocrx_word' id='word_1_107' title='bbox 3514 661 3570 709; x_wconf 88' lang='lat' dir='ltr'>et</span> 
     </span>
    </p>
   </div>
   <div class='ocr_carea' id='block_1_20' title="bbox 1957 730 3571 815">
    <p class='ocr_par' dir='ltr' id='par_1_20' title="bbox 1957 730 3571 815">
     <span class='ocr_line' id='line_1_20' title="bbox 1957 730 3571 815; baseline 0.009 -29"><span class='ocrx_word' id='word_1_108' title='bbox 1957 730 2203 803; x_wconf 86' lang='lat' dir='ltr'>episcopi</span> <span class='ocrx_word' id='word_1_109' title='bbox 2253 733 2306 786; x_wconf 91' lang='lat' dir='ltr'>in</span> <span class='ocrx_word' id='word_1_110' title='bbox 2336 750 2508 789; x_wconf 91' lang='lat' dir='ltr'>unum</span> <span class='ocrx_word' id='word_1_111' title='bbox 2561 739 2863 806; x_wconf 85' lang='lat' dir='ltr'>conjuncti,</span> <span class='ocrx_word' id='word_1_112' title='bbox 2924 740 3138 797; x_wconf 89' lang='lat' dir='ltr'>felicem</span> <span class='ocrx_word' id='word_1_113' title='bbox 3171 744 3346 799; x_wconf 88' lang='lat' dir='ltr'>virum</span> <span class='ocrx_word' id='word_1_114' title='bbox 3379 761 3571 815; x_wconf 88' lang='lat' dir='ltr'>posce-</span> 
     </span>
    </p>
   </div>
   <div class='ocr_carea' id='block_1_21' title="bbox 1957 818 3569 904">
    <p class='ocr_par' dir='ltr' id='par_1_21' title="bbox 1957 818 3569 904">
     <span class='ocr_line' id='line_1_21' title="bbox 1957 818 3569 904; baseline 0.01 -31"><span class='ocrx_word' id='word_1_115' title='bbox 1957 818 2089 874; x_wconf 88' lang='lat' dir='ltr'>bant</span> <span class='ocrx_word' id='word_1_116' title='bbox 2116 821 2330 889; x_wconf 87' lang='lat' dir='ltr'>cernui,</span> <span class='ocrx_word' id='word_1_117' title='bbox 2370 832 2429 878; x_wconf 91' lang='lat' dir='ltr'>ut</span> <span class='ocrx_word' id='word_1_118' title='bbox 2474 825 2746 899; x_wconf 91' lang='lat' dir='ltr'>reliquum</span> <span class='ocrx_word' id='word_1_119' title='bbox 2803 829 2929 883; x_wconf 66' lang='lat' dir='ltr'>vitae</span> <span class='ocrx_word' id='word_1_120' title='bbox 2975 845 3087 885; x_wconf 83' lang='lat' dir='ltr'>suae</span> <span class='ocrx_word' id='word_1_121' title='bbox 3139 831 3458 904; x_wconf 83' lang='lat' dir='ltr'>dignaretur</span> <span class='ocrx_word' id='word_1_122' title='bbox 3488 851 3569 889; x_wconf 91' lang='lat' dir='ltr'>se-</span> 
     </span>
    </p>
   </div>
   <div class='ocr_carea' id='block_1_22' title="bbox 1958 918 3571 998">
    <p class='ocr_par' dir='ltr' id='par_1_22' title="bbox 1958 918 3571 998">
     <span class='ocr_line' id='line_1_22' title="bbox 1958 918 3571 998; baseline 0.009 -33"><span class='ocrx_word' id='word_1_123' title='bbox 1958 928 2079 966; x_wconf 92' lang='lat' dir='ltr'>cum</span> <span class='ocrx_word' id='word_1_124' title='bbox 2119 929 2304 987; x_wconf 89' lang='lat' dir='ltr'>agere,</span> <span class='ocrx_word' id='word_1_125' title='bbox 2342 923 2401 971; x_wconf 88' lang='lat' dir='ltr'>ut</span> <span class='ocrx_word' id='word_1_126' title='bbox 2433 933 2533 987; x_wconf 89' lang='lat' dir='ltr'>per</span> <span class='ocrx_word' id='word_1_127' title='bbox 2561 918 2682 987; x_wconf 88' lang='lat' dir='ltr'>ejus</span> <span class='ocrx_word' id='word_1_128' title='bbox 2713 921 3024 976; x_wconf 83' lang='lat' dir='ltr'>convictum</span> <span class='ocrx_word' id='word_1_129' title='bbox 3070 923 3165 976; x_wconf 91' lang='lat' dir='ltr'>Dei</span> <span class='ocrx_word' id='word_1_130' title='bbox 3198 925 3428 998; x_wconf 80' lang='lat' dir='ltr'>gratiam</span> <span class='ocrx_word' id='word_1_131' title='bbox 3460 942 3571 980; x_wconf 86' lang='lat' dir='ltr'>me-</span> 
     </span>
    </p>
   </div>
   <div class='ocr_carea' id='block_1_23' title="bbox 1959 1010 3572 1087">
    <p class='ocr_par' dir='ltr' id='par_1_23' title="bbox 1959 1010 3572 1087">
     <span class='ocr_line' id='line_1_23' title="bbox 1959 1010 3572 1087; baseline 0.008 -27"><span class='ocrx_word' id='word_1_132' title='bbox 1959 1014 2210 1062; x_wconf 88' lang='lat' dir='ltr'>rerentur</span> <span class='ocrx_word' id='word_1_133' title='bbox 2246 1010 2551 1080; x_wconf 90' lang='lat' dir='ltr'>acquirere.</span> <span class='ocrx_word' id='word_1_134' title='bbox 2599 1012 2692 1067; x_wconf 92' lang='lat' dir='ltr'>Ille</span> <span class='ocrx_word' id='word_1_135' title='bbox 2726 1014 2828 1070; x_wconf 88' lang='lat' dir='ltr'>hoc</span> <span class='ocrx_word' id='word_1_136' title='bbox 2884 1013 3003 1070; x_wconf 86' lang='lat' dir='ltr'>ﬁeri</span> <span class='ocrx_word' id='word_1_137' title='bbox 3050 1032 3212 1087; x_wconf 89' lang='lat' dir='ltr'>posse</span> <span class='ocrx_word' id='word_1_138' title='bbox 3266 1019 3474 1084; x_wconf 86' lang='lat' dir='ltr'>abnuit,</span> <span class='ocrx_word' id='word_1_139' title='bbox 3517 1026 3572 1073; x_wconf 91' lang='lat' dir='ltr'>et</span> 
     </span>
    </p>
   </div>
   <div class='ocr_carea' id='block_1_24' title="bbox 1959 1100 3575 1174">
    <p class='ocr_par' dir='ltr' id='par_1_24' title="bbox 1959 1100 3575 1174">
     <span class='ocr_line' id='line_1_24' title="bbox 1959 1100 3575 1174; baseline 0.008 -20"><span class='ocrx_word' id='word_1_140' title='bbox 1959 1100 2120 1156; x_wconf 89' lang='lat' dir='ltr'>simul</span> <span class='ocrx_word' id='word_1_141' title='bbox 2172 1102 2633 1174; x_wconf 89' lang='lat' dir='ltr'>impossibilitatis</span> <span class='ocrx_word' id='word_1_142' title='bbox 2699 1125 2812 1164; x_wconf 62' lang='lat' dir='ltr'>sum</span> <span class='ocrx_word' id='word_1_143' title='bbox 2869 1126 3092 1165; x_wconf 87' lang='lat' dir='ltr'>causam</span> <span class='ocrx_word' id='word_1_144' title='bbox 3150 1112 3231 1166; x_wconf 88' lang='lat' dir='ltr'>eis</span> <span class='ocrx_word' id='word_1_145' title='bbox 3295 1113 3575 1167; x_wconf 85' lang='lat' dir='ltr'>humiliter</span> 
     </span>
    </p>
   </div>
   <div class='ocr_carea' id='block_1_25' title="bbox 1959 1195 3573 1276">
    <p class='ocr_par' dir='ltr' id='par_1_25' title="bbox 1959 1195 3573 1276">
     <span class='ocr_line' id='line_1_25' title="bbox 1959 1195 3573 1276; baseline 0.009 -28"><span class='ocrx_word' id='word_1_146' title='bbox 1959 1195 2196 1266; x_wconf 88' lang='lat' dir='ltr'>aperuit,</span> <span class='ocrx_word' id='word_1_147' title='bbox 2231 1203 2285 1252; x_wconf 88' lang='lat' dir='ltr'>et</span> <span class='ocrx_word' id='word_1_148' title='bbox 2334 1199 2636 1255; x_wconf 84' lang='lat' dir='ltr'>vocationis</span> <span class='ocrx_word' id='word_1_149' title='bbox 2682 1217 2794 1257; x_wconf 83' lang='lat' dir='ltr'>suae</span> <span class='ocrx_word' id='word_1_150' title='bbox 2832 1210 3052 1274; x_wconf 89' lang='lat' dir='ltr'>tempus</span> <span class='ocrx_word' id='word_1_151' title='bbox 3099 1205 3204 1260; x_wconf 90' lang='lat' dir='ltr'>sibi</span> <span class='ocrx_word' id='word_1_152' title='bbox 3254 1205 3573 1276; x_wconf 88' lang='lat' dir='ltr'>impendere</span> 
     </span>
    </p>
   </div>
   <div class='ocr_carea' id='block_1_26' title="bbox 1961 1288 3575 1364">
    <p class='ocr_par' dir='ltr' id='par_1_26' title="bbox 1961 1288 3575 1364">
     <span class='ocr_line' id='line_1_26' title="bbox 1961 1288 3575 1364; baseline 0.009 -21"><span class='ocrx_word' id='word_1_153' title='bbox 1961 1288 2235 1360; x_wconf 60' lang='lat' dir='ltr'>praedixit,</span> <span class='ocrx_word' id='word_1_154' title='bbox 2292 1300 2349 1348; x_wconf 92' lang='lat' dir='ltr'>et</span> <span class='ocrx_word' id='word_1_155' title='bbox 2379 1293 2484 1348; x_wconf 93' lang='lat' dir='ltr'>hoc</span> <span class='ocrx_word' id='word_1_156' title='bbox 2539 1295 2686 1364; x_wconf 88' lang='lat' dir='ltr'>apud</span> <span class='ocrx_word' id='word_1_157' title='bbox 2751 1296 3022 1353; x_wconf 90' lang='lat' dir='ltr'>Santonas</span> <span class='ocrx_word' id='word_1_158' title='bbox 3068 1300 3175 1354; x_wconf 91' lang='lat' dir='ltr'>sibi</span> <span class='ocrx_word' id='word_1_159' title='bbox 3220 1317 3345 1358; x_wconf 91' lang='lat' dir='ltr'>esse</span> <span class='ocrx_word' id='word_1_160' title='bbox 3381 1320 3414 1358; x_wconf 91' lang='lat' dir='ltr'>a</span> <span class='ocrx_word' id='word_1_161' title='bbox 3462 1303 3575 1358; x_wconf 91' lang='lat' dir='ltr'>Deo</span> 
     </span>
    </p>
   </div>
   <div class='ocr_carea' id='block_1_27' title="bbox 1963 1381 3573 1462">
    <p class='ocr_par' dir='ltr' id='par_1_27' title="bbox 1963 1381 3573 1462">
     <span class='ocr_line' id='line_1_27' title="bbox 1963 1381 3573 1462; baseline 0.01 -27"><span class='ocrx_word' id='word_1_162' title='bbox 1963 1381 2412 1452; x_wconf 87' lang='lat' dir='ltr'>determinatum,</span> <span class='ocrx_word' id='word_1_163' title='bbox 2449 1402 2518 1441; x_wconf 91' lang='lat' dir='ltr'>ex</span> <span class='ocrx_word' id='word_1_164' title='bbox 2555 1388 2743 1443; x_wconf 88' lang='lat' dir='ltr'>verbis</span> <span class='ocrx_word' id='word_1_165' title='bbox 2780 1391 2964 1462; x_wconf 79' lang='lat' dir='ltr'>angeli</span> <span class='ocrx_word' id='word_1_166' title='bbox 3002 1407 3064 1447; x_wconf 90' lang='lat' dir='ltr'>se</span> <span class='ocrx_word' id='word_1_167' title='bbox 3113 1392 3373 1450; x_wconf 85' lang='lat' dir='ltr'>didicisse</span> <span class='ocrx_word' id='word_1_168' title='bbox 3416 1394 3573 1450; x_wconf 84' lang='lat' dir='ltr'>dixit.</span> 
     </span>
    </p>
   </div>
   <div class='ocr_carea' id='block_1_28' title="bbox 1965 1465 3634 1542">
    <p class='ocr_par' dir='ltr' id='par_1_28' title="bbox 1965 1465 3634 1542">
     <span class='ocr_line' id='line_1_28' title="bbox 1965 1465 3634 1542; baseline 0.008 -14"><span class='ocrx_word' id='word_1_169' title='bbox 1965 1474 2211 1531; x_wconf 86' lang='lat' dir='ltr'>Britanni</span> <span class='ocrx_word' id='word_1_170' title='bbox 2243 1477 2438 1534; x_wconf 88' lang='lat' dir='ltr'>ﬂentes</span> <span class='ocrx_word' id='word_1_171' title='bbox 2471 1489 2528 1535; x_wconf 92' lang='lat' dir='ltr'>et</span> <span class='ocrx_word' id='word_1_172' title='bbox 2552 1480 2813 1537; x_wconf 88' lang='lat' dir='ltr'>timentes</span> <span class='ocrx_word' id='word_1_173' title='bbox 2859 1483 3040 1539; x_wconf 90' lang='lat' dir='ltr'>adhuc</span> <span class='ocrx_word' id='word_1_174' title='bbox 3067 1486 3310 1540; x_wconf 66' lang='lat' dir='ltr'>caelestis</span> <span class='ocrx_word' id='word_1_175' title='bbox 3360 1485 3455 1542; x_wconf 64' lang='lat' dir='ltr'>iraa</span> <span class='ocrx_word' id='word_1_176' title='bbox 3483 1502 3577 1542; x_wconf 90' lang='lat' dir='ltr'>ve-</span> <span class='ocrx_word' id='word_1_177' title='bbox 3617 1465 3634 1473; x_wconf 57' lang='grc'><em>’</em></span> 
     </span>
    </p>
   </div>
   <div class='ocr_carea' id='block_1_29' title="bbox 1963 1564 3576 1647">
    <p class='ocr_par' dir='ltr' id='par_1_29' title="bbox 1963 1564 3576 1647">
     <span class='ocr_line' id='line_1_29' title="bbox 1963 1564 3576 1647; baseline 0.008 -30"><span class='ocrx_word' id='word_1_178' title='bbox 1963 1564 2126 1637; x_wconf 84' lang='lat' dir='ltr'>stigia</span> <span class='ocrx_word' id='word_1_179' title='bbox 2157 1572 2380 1634; x_wconf 90' lang='lat' dir='ltr'>restare,</span> <span class='ocrx_word' id='word_1_180' title='bbox 2414 1569 2506 1640; x_wconf 89' lang='lat' dir='ltr'>qui</span> <span class='ocrx_word' id='word_1_181' title='bbox 2537 1585 2640 1626; x_wconf 91' lang='lat' dir='ltr'>nec</span> <span class='ocrx_word' id='word_1_182' title='bbox 2671 1570 2727 1625; x_wconf 92' lang='lat' dir='ltr'>in</span> <span class='ocrx_word' id='word_1_183' title='bbox 2766 1571 2897 1639; x_wconf 89' lang='lat' dir='ltr'>vita,</span> <span class='ocrx_word' id='word_1_184' title='bbox 2958 1588 3061 1628; x_wconf 93' lang='lat' dir='ltr'>nec</span> <span class='ocrx_word' id='word_1_185' title='bbox 3102 1575 3157 1628; x_wconf 92' lang='lat' dir='ltr'>in</span> <span class='ocrx_word' id='word_1_186' title='bbox 3215 1582 3390 1630; x_wconf 89' lang='lat' dir='ltr'>morte</span> <span class='ocrx_word' id='word_1_187' title='bbox 3422 1576 3576 1647; x_wconf 83' lang='lat' dir='ltr'>digni</span> 
     </span>
    </p>
   </div>
   <div class='ocr_carea' id='block_1_30' title="bbox 245 1641 3577 1738">
    <p class='ocr_par' dir='ltr' id='par_1_30' title="bbox 245 1641 3577 1738">
     <span class='ocr_line' id='line_1_30' title="bbox 245 1641 3577 1738; baseline 0 -22"><span class='ocrx_word' id='word_1_188' title='bbox 245 1669 560 1733; x_wconf 88' lang='lat' dir='ltr'>terramque</span> <span class='ocrx_word' id='word_1_189' title='bbox 591 1678 768 1729; x_wconf 88' lang='lat' dir='ltr'>suam,</span> <span class='ocrx_word' id='word_1_190' title='bbox 798 1662 866 1716; x_wconf 88' lang='lat' dir='ltr'>ab</span> <span class='ocrx_word' id='word_1_191' title='bbox 897 1678 963 1718; x_wconf 89' lang='lat' dir='ltr'>eo</span> <span class='ocrx_word' id='word_1_192' title='bbox 990 1661 1245 1718; x_wconf 88' lang='lat' dir='ltr'>maledici</span> <span class='ocrx_word' id='word_1_193' title='bbox 1279 1659 1652 1732; x_wconf 87' lang='lat' dir='ltr'>pertulerunt,</span> <span class='ocrx_word' id='word_1_194' title='bbox 1685 1658 1860 1712; x_wconf 88' lang='lat' dir='ltr'>male-</span> <span class='ocrx_word' id='word_1_195' title='bbox 1888 1641 1938 1708; x_wconf 83' lang='grc' dir='ltr'>Β</span> <span class='ocrx_word' id='word_1_196' title='bbox 1964 1662 2152 1710; x_wconf 85' lang='lat' dir='ltr'>essent</span> <span class='ocrx_word' id='word_1_197' title='bbox 2179 1655 2342 1710; x_wconf 84' lang='lat' dir='ltr'>talem</span> <span class='ocrx_word' id='word_1_198' title='bbox 2371 1663 2660 1727; x_wconf 88' lang='lat' dir='ltr'>patronum</span> <span class='ocrx_word' id='word_1_199' title='bbox 2691 1660 2916 1729; x_wconf 89' lang='lat' dir='ltr'>habere,</span> <span class='ocrx_word' id='word_1_200' title='bbox 2949 1678 3072 1717; x_wconf 92' lang='lat' dir='ltr'>cum</span> <span class='ocrx_word' id='word_1_201' title='bbox 3109 1663 3313 1738; x_wconf 89' lang='lat' dir='ltr'>gaudio</span> <span class='ocrx_word' id='word_1_202' title='bbox 3343 1641 3577 1734; x_wconf 42' lang='lat' dir='ltr'>pacisuet</span> 
     </span>
    </p>
   </div>
   <div class='ocr_carea' id='block_1_31' title="bbox 243 1747 1862 1825">
    <p class='ocr_par' dir='ltr' id='par_1_31' title="bbox 243 1747 1862 1825">
     <span class='ocr_line' id='line_1_31' title="bbox 243 1747 1862 1825; baseline -0.002 -22"><span class='ocrx_word' id='word_1_203' title='bbox 243 1749 504 1805; x_wconf 88' lang='lat' dir='ltr'>dictionis</span> <span class='ocrx_word' id='word_1_204' title='bbox 542 1751 840 1806; x_wconf 89' lang='lat' dir='ltr'>vindictam</span> <span class='ocrx_word' id='word_1_205' title='bbox 881 1750 1128 1825; x_wconf 75' lang='lat' dir='ltr'>effugere</span> <span class='ocrx_word' id='word_1_206' title='bbox 1173 1765 1284 1806; x_wconf 92' lang='lat' dir='ltr'>non</span> <span class='ocrx_word' id='word_1_207' title='bbox 1326 1754 1622 1821; x_wconf 88' lang='lat' dir='ltr'>potuerunt</span> <span class='ocrx_word' id='word_1_208' title='bbox 1696 1747 1862 1802; x_wconf 84' lang='lat' dir='ltr'>Terra</span> 
     </span>
    </p>
   </div>
   <div class='ocr_carea' id='block_1_32' title="bbox 244 1839 1858 1914">
    <p class='ocr_par' dir='ltr' id='par_1_32' title="bbox 244 1839 1858 1914">
     <span class='ocr_line' id='line_1_32' title="bbox 244 1839 1858 1914; baseline -0.003 -18"><span class='ocrx_word' id='word_1_209' title='bbox 244 1841 394 1896; x_wconf 91' lang='lat' dir='ltr'>enim</span> <span class='ocrx_word' id='word_1_210' title='bbox 429 1842 482 1896; x_wconf 94' lang='lat' dir='ltr'>in</span> <span class='ocrx_word' id='word_1_211' title='bbox 513 1858 683 1912; x_wconf 89' lang='lat' dir='ltr'>opere</span> <span class='ocrx_word' id='word_1_212' title='bbox 707 1842 1000 1914; x_wconf 89' lang='lat' dir='ltr'>impiorum</span> <span class='ocrx_word' id='word_1_213' title='bbox 1026 1842 1336 1910; x_wconf 89' lang='lat' dir='ltr'>maledicta,</span> <span class='ocrx_word' id='word_1_214' title='bbox 1369 1840 1556 1896; x_wconf 92' lang='lat' dir='ltr'>tamin</span> <span class='ocrx_word' id='word_1_215' title='bbox 1587 1839 1858 1913; x_wconf 77' lang='lat' dir='ltr'>frugibus,</span> 
     </span>
    </p>
   </div>
   <div class='ocr_carea' id='block_1_33' title="bbox 244 1930 1861 2010">
    <p class='ocr_par' dir='ltr' id='par_1_33' title="bbox 244 1930 1861 2010">
     <span class='ocr_line' id='line_1_33' title="bbox 244 1930 1861 2010; baseline -0.002 -21"><span class='ocrx_word' id='word_1_216' title='bbox 244 1952 412 2007; x_wconf 91' lang='lat' dir='ltr'>quam</span> <span class='ocrx_word' id='word_1_217' title='bbox 446 1937 500 1990; x_wconf 91' lang='lat' dir='ltr'>in</span> <span class='ocrx_word' id='word_1_218' title='bbox 541 1937 718 2007; x_wconf 89' lang='lat' dir='ltr'>pomis</span> <span class='ocrx_word' id='word_1_219' title='bbox 743 1938 988 1993; x_wconf 90' lang='lat' dir='ltr'>omnium</span> <span class='ocrx_word' id='word_1_220' title='bbox 1019 1953 1310 2010; x_wconf 88' lang='lat' dir='ltr'>generum,</span> <span class='ocrx_word' id='word_1_221' title='bbox 1362 1935 1568 1990; x_wconf 87' lang='lat' dir='ltr'>sterilis</span> <span class='ocrx_word' id='word_1_222' title='bbox 1598 1939 1652 1988; x_wconf 90' lang='lat' dir='ltr'>et</span> <span class='ocrx_word' id='word_1_223' title='bbox 1683 1930 1861 1986; x_wconf 85' lang='lat' dir='ltr'>infru-</span> 
     </span>
    </p>
   </div>
   <div class='ocr_carea' id='block_1_34' title="bbox 243 2025 1858 2098">
    <p class='ocr_par' dir='ltr' id='par_1_34' title="bbox 243 2025 1858 2098">
     <span class='ocr_line' id='line_1_34' title="bbox 243 2025 1858 2098; baseline -0.004 -13"><span class='ocrx_word' id='word_1_224' title='bbox 243 2038 436 2086; x_wconf 90' lang='lat' dir='ltr'>ctuosa</span> <span class='ocrx_word' id='word_1_225' title='bbox 488 2037 571 2086; x_wconf 89' lang='lat' dir='ltr'>est</span> <span class='ocrx_word' id='word_1_226' title='bbox 620 2032 850 2087; x_wconf 88' lang='lat' dir='ltr'>reddita.</span> <span class='ocrx_word' id='word_1_227' title='bbox 916 2032 1258 2088; x_wconf 87' lang='lat' dir='ltr'>Habitatores</span> <span class='ocrx_word' id='word_1_228' title='bbox 1328 2047 1459 2086; x_wconf 90' lang='lat' dir='ltr'>vero</span> <span class='ocrx_word' id='word_1_229' title='bbox 1536 2029 1656 2098; x_wconf 87' lang='lat' dir='ltr'>ejus</span> <span class='ocrx_word' id='word_1_230' title='bbox 1707 2025 1858 2080; x_wconf 90' lang='lat' dir='ltr'>mille</span> 
     </span>
    </p>
   </div>
   <div class='ocr_carea' id='block_1_35' title="bbox 240 2119 1860 2194">
    <p class='ocr_par' dir='ltr' id='par_1_35' title="bbox 240 2119 1860 2194">
     <span class='ocr_line' id='line_1_35' title="bbox 240 2119 1860 2194; baseline -0.003 -17"><span class='ocrx_word' id='word_1_231' title='bbox 240 2124 426 2178; x_wconf 87' lang='lat' dir='ltr'>modis</span> <span class='ocrx_word' id='word_1_232' title='bbox 458 2125 775 2181; x_wconf 90' lang='lat' dir='ltr'>morborum</span> <span class='ocrx_word' id='word_1_233' title='bbox 809 2126 1078 2194; x_wconf 89' lang='lat' dir='ltr'>devorati,</span> <span class='ocrx_word' id='word_1_234' title='bbox 1122 2126 1216 2182; x_wconf 88' lang='lat' dir='ltr'>alii</span> <span class='ocrx_word' id='word_1_235' title='bbox 1253 2127 1626 2181; x_wconf 85' lang='lat' dir='ltr'>membrorum</span> <span class='ocrx_word' id='word_1_236' title='bbox 1666 2119 1860 2176; x_wconf 91' lang='lat' dir='ltr'>debili-</span> 
     </span>
    </p>
   </div>
   <div class='ocr_carea' id='block_1_36' title="bbox 238 2213 1856 2288">
    <p class='ocr_par' dir='ltr' id='par_1_36' title="bbox 238 2213 1856 2288">
     <span class='ocr_line' id='line_1_36' title="bbox 238 2213 1856 2288; baseline -0.002 -18"><span class='ocrx_word' id='word_1_237' title='bbox 238 2223 350 2271; x_wconf 84' lang='lat' dir='ltr'>tate</span> <span class='ocrx_word' id='word_1_238' title='bbox 397 2223 687 2288; x_wconf 86' lang='lat' dir='ltr'>coeperunt</span> <span class='ocrx_word' id='word_1_239' title='bbox 741 2217 1013 2285; x_wconf 89' lang='lat' dir='ltr'>contrahi,</span> <span class='ocrx_word' id='word_1_240' title='bbox 1068 2217 1158 2272; x_wconf 90' lang='lat' dir='ltr'>alii</span> <span class='ocrx_word' id='word_1_241' title='bbox 1189 2217 1340 2288; x_wconf 88' lang='lat' dir='ltr'>lepra</span> <span class='ocrx_word' id='word_1_242' title='bbox 1380 2215 1730 2288; x_wconf 88' lang='lat' dir='ltr'>squalebant,</span> <span class='ocrx_word' id='word_1_243' title='bbox 1765 2213 1856 2268; x_wconf 89' lang='lat' dir='ltr'>alii</span> 
     </span>
    </p>
   </div>
   <div class='ocr_carea' id='block_1_37' title="bbox 240 2305 1858 2378">
    <p class='ocr_par' dir='ltr' id='par_1_37' title="bbox 240 2305 1858 2378">
     <span class='ocr_line' id='line_1_37' title="bbox 240 2305 1858 2378; baseline -0.001 -18"><span class='ocrx_word' id='word_1_244' title='bbox 240 2306 358 2360; x_wconf 89' lang='lat' dir='ltr'>visu</span> <span class='ocrx_word' id='word_1_245' title='bbox 393 2308 590 2378; x_wconf 89' lang='lat' dir='ltr'>privari</span> <span class='ocrx_word' id='word_1_246' title='bbox 645 2309 942 2364; x_wconf 89' lang='lat' dir='ltr'>dolebant:</span> <span class='ocrx_word' id='word_1_247' title='bbox 1000 2308 1088 2363; x_wconf 90' lang='lat' dir='ltr'>isti</span> <span class='ocrx_word' id='word_1_248' title='bbox 1120 2309 1234 2362; x_wconf 87' lang='lat' dir='ltr'>oris</span> <span class='ocrx_word' id='word_1_249' title='bbox 1285 2307 1469 2364; x_wconf 82' lang='lat' dir='ltr'>ofﬁcio</span> <span class='ocrx_word' id='word_1_250' title='bbox 1509 2323 1568 2362; x_wconf 89' lang='lat' dir='ltr'>se</span> <span class='ocrx_word' id='word_1_251' title='bbox 1609 2305 1858 2372; x_wconf 88' lang='lat' dir='ltr'>destitui,</span> 
     </span>
    </p>
   </div>
   <div class='ocr_carea' id='block_1_38' title="bbox 235 2399 1868 2474">
    <p class='ocr_par' dir='ltr' id='par_1_38' title="bbox 235 2399 1868 2474">
     <span class='ocr_line' id='line_1_38' title="bbox 235 2399 1868 2474; baseline 0 -22"><span class='ocrx_word' id='word_1_252' title='bbox 235 2400 328 2452; x_wconf 88' lang='lat' dir='ltr'>alii</span> <span class='ocrx_word' id='word_1_253' title='bbox 362 2416 422 2454; x_wconf 91' lang='lat' dir='ltr'>se</span> <span class='ocrx_word' id='word_1_254' title='bbox 449 2401 639 2454; x_wconf 86' lang='lat' dir='ltr'>auditu</span> <span class='ocrx_word' id='word_1_255' title='bbox 670 2400 1012 2474; x_wconf 87' lang='lat' dir='ltr'>plangebant</span> <span class='ocrx_word' id='word_1_256' title='bbox 1051 2399 1312 2455; x_wconf 89' lang='lat' dir='ltr'>diminui.</span> <span class='ocrx_word' id='word_1_257' title='bbox 1344 2400 1456 2454; x_wconf 90' lang='lat' dir='ltr'>Nec</span> <span class='ocrx_word' id='word_1_258' title='bbox 1505 2399 1704 2470; x_wconf 89' lang='lat' dir='ltr'>aliquis</span> <span class='ocrx_word' id='word_1_259' title='bbox 1751 2404 1868 2453; x_wconf 88' lang='lat' dir='ltr'>erat</span> 
     </span>
    </p>
   </div>
   <div class='ocr_carea' id='block_1_39' title="bbox 243 2487 1860 2561">
    <p class='ocr_par' dir='ltr' id='par_1_39' title="bbox 243 2487 1860 2561">
     <span class='ocr_line' id='line_1_39' title="bbox 243 2487 1860 2561; baseline 0.001 -21"><span class='ocrx_word' id='word_1_260' title='bbox 243 2488 514 2555; x_wconf 89' lang='lat' dir='ltr'>omnium,</span> <span class='ocrx_word' id='word_1_261' title='bbox 548 2489 640 2560; x_wconf 90' lang='lat' dir='ltr'>qui</span> <span class='ocrx_word' id='word_1_262' title='bbox 669 2489 912 2544; x_wconf 70' lang='lat' dir='ltr'>caelestis</span> <span class='ocrx_word' id='word_1_263' title='bbox 941 2489 1233 2543; x_wconf 59' lang='lat' dir='ltr'>vindicatae</span> <span class='ocrx_word' id='word_1_264' title='bbox 1273 2487 1542 2561; x_wconf 78' lang='lat' dir='ltr'>effugeret</span> <span class='ocrx_word' id='word_1_265' title='bbox 1570 2488 1860 2556; x_wconf 79' lang='lat' dir='ltr'>judicium,</span> 
     </span>
    </p>
   </div>
   <div class='ocr_carea' id='block_1_40' title="bbox 240 2583 1862 2656">
    <p class='ocr_par' dir='ltr' id='par_1_40' title="bbox 240 2583 1862 2656">
     <span class='ocr_line' id='line_1_40' title="bbox 240 2583 1862 2656; baseline 0.002 -20"><span class='ocrx_word' id='word_1_266' title='bbox 240 2583 486 2637; x_wconf 85' lang='lat' dir='ltr'>Tandem</span> <span class='ocrx_word' id='word_1_267' title='bbox 514 2600 611 2653; x_wconf 89' lang='lat' dir='ltr'>per</span> <span class='ocrx_word' id='word_1_268' title='bbox 639 2585 816 2654; x_wconf 85' lang='lat' dir='ltr'>culpae</span> <span class='ocrx_word' id='word_1_269' title='bbox 843 2583 1140 2638; x_wconf 86' lang='lat' dir='ltr'>vindictam</span> <span class='ocrx_word' id='word_1_270' title='bbox 1177 2591 1575 2656; x_wconf 88' lang='lat' dir='ltr'>cognoscentes</span> <span class='ocrx_word' id='word_1_271' title='bbox 1592 2600 1714 2640; x_wconf 90' lang='lat' dir='ltr'>sero</span> <span class='ocrx_word' id='word_1_272' title='bbox 1743 2585 1862 2640; x_wconf 94' lang='lat' dir='ltr'>cul-</span> 
     </span>
    </p>
   </div>
   <div class='ocr_carea' id='block_1_41' title="bbox 244 2675 1862 2746">
    <p class='ocr_par' dir='ltr' id='par_1_41' title="bbox 244 2675 1862 2746">
     <span class='ocr_line' id='line_1_41' title="bbox 244 2675 1862 2746; baseline 0.002 -18"><span class='ocrx_word' id='word_1_273' title='bbox 244 2692 370 2746; x_wconf 88' lang='lat' dir='ltr'>pam</span> <span class='ocrx_word' id='word_1_274' title='bbox 411 2691 588 2741; x_wconf 79' lang='lat' dir='ltr'>suam,</span> <span class='ocrx_word' id='word_1_275' title='bbox 624 2692 725 2732; x_wconf 91' lang='lat' dir='ltr'>nec</span> <span class='ocrx_word' id='word_1_276' title='bbox 752 2676 1022 2743; x_wconf 88' lang='lat' dir='ltr'>volentes,</span> <span class='ocrx_word' id='word_1_277' title='bbox 1056 2692 1160 2731; x_wconf 92' lang='lat' dir='ltr'>nec</span> <span class='ocrx_word' id='word_1_278' title='bbox 1188 2677 1436 2732; x_wconf 88' lang='lat' dir='ltr'>valentes</span> <span class='ocrx_word' id='word_1_279' title='bbox 1470 2677 1612 2731; x_wconf 89' lang='lat' dir='ltr'>ultra</span> <span class='ocrx_word' id='word_1_280' title='bbox 1634 2675 1862 2731; x_wconf 69' lang='lat' dir='ltr'>sufferre</span> 
     </span>
    </p>
   </div>
   <div class='ocr_carea' id='block_1_42' title="bbox 242 2765 1860 2832">
    <p class='ocr_par' dir='ltr' id='par_1_42' title="bbox 242 2765 1860 2832">
     <span class='ocr_line' id='line_1_42' title="bbox 242 2765 1860 2832; baseline 0.002 -15"><span class='ocrx_word' id='word_1_281' title='bbox 242 2765 651 2820; x_wconf 89' lang='lat' dir='ltr'>maledictionis</span> <span class='ocrx_word' id='word_1_282' title='bbox 699 2772 754 2820; x_wconf 88' lang='lat' dir='ltr'>et</span> <span class='ocrx_word' id='word_1_283' title='bbox 800 2765 1029 2820; x_wconf 89' lang='lat' dir='ltr'>ultionis</span> <span class='ocrx_word' id='word_1_284' title='bbox 1084 2766 1411 2832; x_wconf 91' lang='lat' dir='ltr'>molestiam,</span> <span class='ocrx_word' id='word_1_285' title='bbox 1453 2767 1860 2821; x_wconf 89' lang='lat' dir='ltr'>communicato</span> 
     </span>
    </p>
   </div>
   <div class='ocr_carea' id='block_1_43' title="bbox 241 2856 1862 2913">
    <p class='ocr_par' dir='ltr' id='par_1_43' title="bbox 241 2856 1862 2913">
     <span class='ocr_line' id='line_1_43' title="bbox 241 2856 1862 2913; baseline -0.001 -1"><span class='ocrx_word' id='word_1_286' title='bbox 241 2856 475 2912; x_wconf 89' lang='lat' dir='ltr'>consilio</span> <span class='ocrx_word' id='word_1_287' title='bbox 507 2856 956 2911; x_wconf 80' lang='lat' dir='ltr'>deliberaverunt</span> <span class='ocrx_word' id='word_1_288' title='bbox 995 2873 1025 2910; x_wconf 91' lang='lat' dir='ltr'>a</span> <span class='ocrx_word' id='word_1_289' title='bbox 1055 2866 1244 2912; x_wconf 84' lang='lat' dir='ltr'>sancto</span> <span class='ocrx_word' id='word_1_290' title='bbox 1285 2857 1402 2913; x_wconf 92' lang='lat' dir='ltr'>viro</span> <span class='ocrx_word' id='word_1_291' title='bbox 1435 2857 1718 2912; x_wconf 91' lang='lat' dir='ltr'>humiliter</span> <span class='ocrx_word' id='word_1_292' title='bbox 1759 2857 1862 2910; x_wconf 91' lang='lat' dir='ltr'>im-</span> 
     </span>
    </p>
   </div>
   <div class='ocr_carea' id='block_1_44' title="bbox 241 2945 1860 3021">
    <p class='ocr_par' dir='ltr' id='par_1_44' title="bbox 241 2945 1860 3021">
     <span class='ocr_line' id='line_1_44' title="bbox 241 2945 1860 3021; baseline 0.001 -21"><span class='ocrx_word' id='word_1_293' title='bbox 241 2946 457 3016; x_wconf 89' lang='lat' dir='ltr'>plorare</span> <span class='ocrx_word' id='word_1_294' title='bbox 487 2946 728 3002; x_wconf 85' lang='lat' dir='ltr'>veniam.</span> <span class='ocrx_word' id='word_1_295' title='bbox 761 2945 921 3001; x_wconf 82' lang='lat' dir='ltr'>Missa</span> <span class='ocrx_word' id='word_1_296' title='bbox 959 2947 1145 3019; x_wconf 90' lang='lat' dir='ltr'>itaque</span> <span class='ocrx_word' id='word_1_297' title='bbox 1173 2948 1240 3001; x_wconf 91' lang='lat' dir='ltr'>ad</span> <span class='ocrx_word' id='word_1_298' title='bbox 1265 2964 1390 3003; x_wconf 92' lang='lat' dir='ltr'>eum</span> <span class='ocrx_word' id='word_1_299' title='bbox 1420 2947 1722 3021; x_wconf 86' lang='lat' dir='ltr'>legatione,</span> <span class='ocrx_word' id='word_1_300' title='bbox 1757 2962 1860 3018; x_wconf 88' lang='lat' dir='ltr'>po-</span> 
     </span>
    </p>
   </div>
   <div class='ocr_carea' id='block_1_45' title="bbox 238 3039 1859 3096">
    <p class='ocr_par' dir='ltr' id='par_1_45' title="bbox 238 3039 1859 3096">
     <span class='ocr_line' id='line_1_45' title="bbox 238 3039 1859 3096; baseline 0.001 -3"><span class='ocrx_word' id='word_1_301' title='bbox 238 3048 399 3094; x_wconf 87' lang='lat' dir='ltr'>scunt</span> <span class='ocrx_word' id='word_1_302' title='bbox 429 3055 552 3094; x_wconf 91' lang='lat' dir='ltr'>cum</span> <span class='ocrx_word' id='word_1_303' title='bbox 581 3039 765 3095; x_wconf 90' lang='lat' dir='ltr'>cordis</span> <span class='ocrx_word' id='word_1_304' title='bbox 814 3040 1144 3096; x_wconf 88' lang='lat' dir='ltr'>contritione</span> <span class='ocrx_word' id='word_1_305' title='bbox 1175 3048 1234 3095; x_wconf 91' lang='lat' dir='ltr'>ut</span> <span class='ocrx_word' id='word_1_306' title='bbox 1283 3039 1638 3095; x_wconf 79' lang='lat' dir='ltr'>absolvantur</span> <span class='ocrx_word' id='word_1_307' title='bbox 1665 3039 1734 3093; x_wconf 91' lang='lat' dir='ltr'>ab</span> <span class='ocrx_word' id='word_1_308' title='bbox 1766 3039 1859 3094; x_wconf 90' lang='lat' dir='ltr'>illa</span> 
     </span>
    </p>
   </div>
   <div class='ocr_carea' id='block_1_46' title="bbox 242 3132 1858 3207">
    <p class='ocr_par' dir='ltr' id='par_1_46' title="bbox 242 3132 1858 3207">
     <span class='ocr_line' id='line_1_46' title="bbox 242 3132 1858 3207; baseline 0 -21"><span class='ocrx_word' id='word_1_309' title='bbox 242 3132 659 3201; x_wconf 89' lang='lat' dir='ltr'>maledictione,</span> <span class='ocrx_word' id='word_1_310' title='bbox 689 3134 1050 3205; x_wconf 88' lang='lat' dir='ltr'>spondentes,</span> <span class='ocrx_word' id='word_1_311' title='bbox 1078 3135 1123 3189; x_wconf 91' lang='lat' dir='ltr'>si</span> <span class='ocrx_word' id='word_1_312' title='bbox 1170 3150 1266 3189; x_wconf 88' lang='lat' dir='ltr'>eos</span> <span class='ocrx_word' id='word_1_313' title='bbox 1291 3133 1612 3207; x_wconf 86' lang='lat' dir='ltr'>dignaretur</span> <span class='ocrx_word' id='word_1_314' title='bbox 1640 3149 1740 3187; x_wconf 89' lang='lat' dir='ltr'>sua</span> <span class='ocrx_word' id='word_1_315' title='bbox 1768 3148 1858 3187; x_wconf 90' lang='lat' dir='ltr'>re-</span> 
     </span>
    </p>
   </div>
   <div class='ocr_carea' id='block_1_47' title="bbox 238 3221 1859 3294">
    <p class='ocr_par' dir='ltr' id='par_1_47' title="bbox 238 3221 1859 3294">
     <span class='ocr_line' id='line_1_47' title="bbox 238 3221 1859 3294; baseline -0.002 -17"><span class='ocrx_word' id='word_1_316' title='bbox 238 3222 514 3290; x_wconf 88' lang='lat' dir='ltr'>versione,</span> <span class='ocrx_word' id='word_1_317' title='bbox 547 3223 813 3294; x_wconf 89' lang='lat' dir='ltr'>deinceps</span> <span class='ocrx_word' id='word_1_318' title='bbox 848 3239 907 3278; x_wconf 91' lang='lat' dir='ltr'>se</span> <span class='ocrx_word' id='word_1_319' title='bbox 935 3224 987 3278; x_wconf 91' lang='lat' dir='ltr'>ei</span> <span class='ocrx_word' id='word_1_320' title='bbox 1014 3223 1495 3293; x_wconf 89' lang='lat' dir='ltr'>obtemperaturos</span> <span class='ocrx_word' id='word_1_321' title='bbox 1523 3237 1643 3276; x_wconf 88' lang='lat' dir='ltr'>sme</span> <span class='ocrx_word' id='word_1_322' title='bbox 1675 3221 1859 3292; x_wconf 88' lang='lat' dir='ltr'>aliqua</span> 
     </span>
    </p>
   </div>
   <div class='ocr_carea' id='block_1_48' title="bbox 241 3309 1852 3382">
    <p class='ocr_par' dir='ltr' id='par_1_48' title="bbox 241 3309 1852 3382">
     <span class='ocr_line' id='line_1_48' title="bbox 241 3309 1852 3382; baseline -0.001 -18"><span class='ocrx_word' id='word_1_323' title='bbox 241 3309 702 3366; x_wconf 87' lang='lat' dir='ltr'>contradictione.</span> <span class='ocrx_word' id='word_1_324' title='bbox 731 3312 953 3366; x_wconf 88' lang='lat' dir='ltr'>Amator</span> <span class='ocrx_word' id='word_1_325' title='bbox 979 3311 1199 3382; x_wconf 91' lang='lat' dir='ltr'>pietatis</span> <span class='ocrx_word' id='word_1_326' title='bbox 1223 3317 1279 3366; x_wconf 90' lang='lat' dir='ltr'>et</span> <span class='ocrx_word' id='word_1_327' title='bbox 1317 3309 1713 3365; x_wconf 82' lang='lat' dir='ltr'>misericordiae</span> <span class='ocrx_word' id='word_1_328' title='bbox 1745 3309 1852 3363; x_wconf 81' lang='lat' dir='ltr'>Ma-</span> 
     </span>
    </p>
   </div>
   <div class='ocr_carea' id='block_1_49' title="bbox 240 3402 1858 3474">
    <p class='ocr_par' dir='ltr' id='par_1_49' title="bbox 240 3402 1858 3474">
     <span class='ocr_line' id='line_1_49' title="bbox 240 3402 1858 3474; baseline -0.001 -18"><span class='ocrx_word' id='word_1_329' title='bbox 240 3402 471 3469; x_wconf 88' lang='lat' dir='ltr'>clovius,</span> <span class='ocrx_word' id='word_1_330' title='bbox 505 3404 598 3457; x_wconf 92' lang='lat' dir='ltr'>ubi</span> <span class='ocrx_word' id='word_1_331' title='bbox 639 3404 1021 3474; x_wconf 78' lang='lat' dir='ltr'>paenitentiam</span> <span class='ocrx_word' id='word_1_332' title='bbox 1053 3403 1408 3474; x_wconf 90' lang='lat' dir='ltr'>patriotarum</span> <span class='ocrx_word' id='word_1_333' title='bbox 1439 3403 1672 3474; x_wconf 89' lang='lat' dir='ltr'>accepit,</span> <span class='ocrx_word' id='word_1_334' title='bbox 1705 3418 1858 3456; x_wconf 90' lang='lat' dir='ltr'>sum-</span> 
     </span>
    </p>
   </div>
   <div class='ocr_carea' id='block_1_50' title="bbox 247 3491 1853 3550">
    <p class='ocr_par' dir='ltr' id='par_1_50' title="bbox 247 3491 1853 3550">
     <span class='ocr_line' id='line_1_50' title="bbox 247 3491 1853 3550; baseline 0.001 -5"><span class='ocrx_word' id='word_1_335' title='bbox 247 3509 389 3546; x_wconf 92' lang='lat' dir='ltr'>mam</span> <span class='ocrx_word' id='word_1_336' title='bbox 448 3493 667 3548; x_wconf 90' lang='lat' dir='ltr'>consilii</span> <span class='ocrx_word' id='word_1_337' title='bbox 723 3494 791 3548; x_wconf 91' lang='lat' dir='ltr'>ad</span> <span class='ocrx_word' id='word_1_338' title='bbox 850 3494 1137 3550; x_wconf 90' lang='lat' dir='ltr'>Leontium</span> <span class='ocrx_word' id='word_1_339' title='bbox 1191 3491 1566 3548; x_wconf 89' lang='lat' dir='ltr'>venerabilem</span> <span class='ocrx_word' id='word_1_340' title='bbox 1626 3491 1853 3547; x_wconf 87' lang='lat' dir='ltr'>detulit:</span> 
     </span>
    </p>
   </div>
   <div class='ocr_carea' id='block_1_51' title="bbox 249 3583 1854 3657">
    <p class='ocr_par' dir='ltr' id='par_1_51' title="bbox 249 3583 1854 3657">
     <span class='ocr_line' id='line_1_51' title="bbox 249 3583 1854 3657; baseline -0.001 -18"><span class='ocrx_word' id='word_1_341' title='bbox 249 3585 514 3640; x_wconf 88' lang='lat' dir='ltr'>Leontius</span> <span class='ocrx_word' id='word_1_342' title='bbox 541 3586 684 3642; x_wconf 92' lang='lat' dir='ltr'>hanc</span> <span class='ocrx_word' id='word_1_343' title='bbox 713 3587 780 3640; x_wconf 91' lang='lat' dir='ltr'>ad</span> <span class='ocrx_word' id='word_1_344' title='bbox 822 3587 1003 3657; x_wconf 89' lang='lat' dir='ltr'>ipsum</span> <span class='ocrx_word' id='word_1_345' title='bbox 1038 3588 1208 3641; x_wconf 91' lang='lat' dir='ltr'>Deum</span> <span class='ocrx_word' id='word_1_346' title='bbox 1246 3586 1598 3641; x_wconf 88' lang='lat' dir='ltr'>referendum</span> <span class='ocrx_word' id='word_1_347' title='bbox 1620 3583 1854 3639; x_wconf 79' lang='lat' dir='ltr'>censuit.</span> 
     </span>
    </p>
   </div>
   <div class='ocr_carea' id='block_1_52' title="bbox 251 3676 1860 3749">
    <p class='ocr_par' dir='ltr' id='par_1_52' title="bbox 251 3676 1860 3749">
     <span class='ocr_line' id='line_1_52' title="bbox 251 3676 1860 3749; baseline -0.001 -18"><span class='ocrx_word' id='word_1_348' title='bbox 251 3676 511 3748; x_wconf 86' lang='lat' dir='ltr'>Uterque,</span> <span class='ocrx_word' id='word_1_349' title='bbox 543 3677 752 3734; x_wconf 91' lang='lat' dir='ltr'>indicto</span> <span class='ocrx_word' id='word_1_350' title='bbox 790 3678 895 3733; x_wconf 90' lang='lat' dir='ltr'>sibi</span> <span class='ocrx_word' id='word_1_351' title='bbox 927 3679 1184 3734; x_wconf 89' lang='lat' dir='ltr'>triduano</span> <span class='ocrx_word' id='word_1_352' title='bbox 1228 3678 1466 3749; x_wconf 89' lang='lat' dir='ltr'>jejunio,</span> <span class='ocrx_word' id='word_1_353' title='bbox 1500 3682 1726 3732; x_wconf 86' lang='lat' dir='ltr'>exorant</span> <span class='ocrx_word' id='word_1_354' title='bbox 1753 3676 1860 3730; x_wconf 91' lang='lat' dir='ltr'>sibi</span> 
     </span>
    </p>
   </div>
   <div class='ocr_carea' id='block_1_53' title="bbox 249 3766 1864 3838">
    <p class='ocr_par' dir='ltr' id='par_1_53' title="bbox 249 3766 1864 3838">
     <span class='ocr_line' id='line_1_53' title="bbox 249 3766 1864 3838; baseline -0.001 -18"><span class='ocrx_word' id='word_1_355' title='bbox 249 3766 479 3821; x_wconf 87' lang='lat' dir='ltr'>revelari</span> <span class='ocrx_word' id='word_1_356' title='bbox 511 3782 542 3820; x_wconf 91' lang='lat' dir='ltr'>a</span> <span class='ocrx_word' id='word_1_357' title='bbox 595 3766 832 3822; x_wconf 91' lang='lat' dir='ltr'>Domino</span> <span class='ocrx_word' id='word_1_358' title='bbox 869 3767 1001 3838; x_wconf 90' lang='lat' dir='ltr'>quid</span> <span class='ocrx_word' id='word_1_359' title='bbox 1049 3784 1215 3838; x_wconf 89' lang='lat' dir='ltr'>super</span> <span class='ocrx_word' id='word_1_360' title='bbox 1267 3769 1371 3822; x_wconf 90' lang='lat' dir='ltr'>hoc</span> <span class='ocrx_word' id='word_1_361' title='bbox 1404 3766 1511 3820; x_wconf 86' lang='lat' dir='ltr'>sibi</span> <span class='ocrx_word' id='word_1_362' title='bbox 1549 3771 1694 3820; x_wconf 88' lang='lat' dir='ltr'>esset</span> <span class='ocrx_word' id='word_1_363' title='bbox 1723 3781 1864 3836; x_wconf 91' lang='lat' dir='ltr'>opus</span> 
     </span>
    </p>
   </div>
   <div class='ocr_carea' id='block_1_54' title="bbox 163 3860 1863 3936">
    <p class='ocr_par' dir='ltr' id='par_1_54' title="bbox 163 3860 1863 3936">
     <span class='ocr_line' id='line_1_54' title="bbox 163 3860 1863 3936; baseline 0 -22"><span class='ocrx_word' id='word_1_364' title='bbox 163 3885 172 3892; x_wconf 85' lang='lat'><strong>-</strong></span> <span class='ocrx_word' id='word_1_365' title='bbox 250 3860 412 3916; x_wconf 86' lang='lat' dir='ltr'>facto.</span> <span class='ocrx_word' id='word_1_366' title='bbox 449 3861 597 3916; x_wconf 90' lang='lat' dir='ltr'>Inter</span> <span class='ocrx_word' id='word_1_367' title='bbox 626 3861 892 3917; x_wconf 89' lang='lat' dir='ltr'>orandum</span> <span class='ocrx_word' id='word_1_368' title='bbox 932 3862 1162 3936; x_wconf 85' lang='lat' dir='ltr'>angelus</span> <span class='ocrx_word' id='word_1_369' title='bbox 1207 3862 1423 3918; x_wconf 90' lang='lat' dir='ltr'>Domini</span> <span class='ocrx_word' id='word_1_370' title='bbox 1468 3860 1734 3917; x_wconf 82' lang='lat' dir='ltr'>Maclovio</span> <span class='ocrx_word' id='word_1_371' title='bbox 1767 3860 1863 3914; x_wconf 87' lang='lat' dir='ltr'>ad-</span> 
     </span>
    </p>
   </div>
   <div class='ocr_carea' id='block_1_55' title="bbox 247 3952 1866 4030">
    <p class='ocr_par' dir='ltr' id='par_1_55' title="bbox 247 3952 1866 4030">
     <span class='ocr_line' id='line_1_55' title="bbox 247 3952 1866 4030; baseline 0.001 -24"><span class='ocrx_word' id='word_1_372' title='bbox 247 3952 410 4018; x_wconf 90' lang='lat' dir='ltr'>stitit,</span> <span class='ocrx_word' id='word_1_373' title='bbox 442 3953 606 4024; x_wconf 90' lang='lat' dir='ltr'>eique</span> <span class='ocrx_word' id='word_1_374' title='bbox 657 3969 721 4008; x_wconf 89' lang='lat' dir='ltr'>ex</span> <span class='ocrx_word' id='word_1_375' title='bbox 752 3969 849 4010; x_wconf 91' lang='lat' dir='ltr'>ore</span> <span class='ocrx_word' id='word_1_376' title='bbox 888 3954 983 4009; x_wconf 92' lang='lat' dir='ltr'>Dei</span> <span class='ocrx_word' id='word_1_377' title='bbox 1025 3955 1143 4010; x_wconf 72' lang='lat' dir='ltr'>haec</span> <span class='ocrx_word' id='word_1_378' title='bbox 1195 3954 1500 4030; x_wconf 85' lang='lat' dir='ltr'>suggessit:</span> <span class='ocrx_word' id='word_1_379' title='bbox 1541 3954 1784 4024; x_wconf 89' lang='lat' dir='ltr'>Oportet,</span> <span class='ocrx_word' id='word_1_380' title='bbox 1833 3968 1866 4007; x_wconf 88' lang='grc' dir='ltr'>ο</span> 
     </span>
    </p>
   </div>
   <div class='ocr_carea' id='block_1_56' title="bbox 247 4041 1868 4114">
    <p class='ocr_par' dir='ltr' id='par_1_56' title="bbox 247 4041 1868 4114">
     <span class='ocr_line' id='line_1_56' title="bbox 247 4041 1868 4114; baseline 0.001 -18"><span class='ocrx_word' id='word_1_381' title='bbox 247 4042 422 4096; x_wconf 86' lang='lat' dir='ltr'>amice</span> <span class='ocrx_word' id='word_1_382' title='bbox 452 4041 566 4110; x_wconf 89' lang='lat' dir='ltr'>Dei,</span> <span class='ocrx_word' id='word_1_383' title='bbox 597 4043 930 4098; x_wconf 88' lang='lat' dir='ltr'>Britanniam</span> <span class='ocrx_word' id='word_1_384' title='bbox 959 4045 1215 4114; x_wconf 90' lang='lat' dir='ltr'>revisere,</span> <span class='ocrx_word' id='word_1_385' title='bbox 1275 4061 1497 4100; x_wconf 91' lang='lat' dir='ltr'>omnem</span> <span class='ocrx_word' id='word_1_386' title='bbox 1529 4043 1868 4099; x_wconf 85' lang='lat' dir='ltr'>maledictio-</span> 
     </span>
    </p>
   </div>
   <div class='ocr_carea' id='block_1_57' title="bbox 252 4129 1868 4199">
    <p class='ocr_par' dir='ltr' id='par_1_57' title="bbox 252 4129 1868 4199">
     <span class='ocr_line' id='line_1_57' title="bbox 252 4129 1868 4199; baseline 0.002 -16"><span class='ocrx_word' id='word_1_387' title='bbox 252 4145 378 4184; x_wconf 91' lang='lat' dir='ltr'>nem</span> <span class='ocrx_word' id='word_1_388' title='bbox 432 4129 670 4199; x_wconf 89' lang='lat' dir='ltr'>auferre,</span> <span class='ocrx_word' id='word_1_389' title='bbox 722 4132 978 4188; x_wconf 88' lang='lat' dir='ltr'>homines</span> <span class='ocrx_word' id='word_1_390' title='bbox 1024 4133 1305 4189; x_wconf 86' lang='lat' dir='ltr'>salutifera</span> <span class='ocrx_word' id='word_1_391' title='bbox 1360 4133 1750 4190; x_wconf 88' lang='lat' dir='ltr'>benedictione</span> <span class='ocrx_word' id='word_1_392' title='bbox 1781 4148 1868 4187; x_wconf 89' lang='lat' dir='ltr'>sa-</span> 
     </span>
    </p>
   </div>
   <div class='ocr_carea' id='block_1_58' title="bbox 253 4221 1872 4294">
    <p class='ocr_par' dir='ltr' id='par_1_58' title="bbox 253 4221 1872 4294">
     <span class='ocr_line' id='line_1_58' title="bbox 253 4221 1872 4294; baseline 0.001 -20"><span class='ocrx_word' id='word_1_393' title='bbox 253 4236 414 4287; x_wconf 89' lang='lat' dir='ltr'>nare,</span> <span class='ocrx_word' id='word_1_394' title='bbox 463 4231 620 4277; x_wconf 64' lang='lat' dir='ltr'>terrm</span> <span class='ocrx_word' id='word_1_395' title='bbox 662 4221 967 4278; x_wconf 88' lang='lat' dir='ltr'>ubertatem</span> <span class='ocrx_word' id='word_1_396' title='bbox 1024 4224 1340 4280; x_wconf 88' lang='lat' dir='ltr'>restituere.</span> <span class='ocrx_word' id='word_1_397' title='bbox 1385 4225 1656 4294; x_wconf 88' lang='lat' dir='ltr'>Deinceps</span> <span class='ocrx_word' id='word_1_398' title='bbox 1697 4223 1872 4278; x_wconf 89' lang='lat' dir='ltr'>debes</span> 
     </span>
    </p>
   </div>
   <div class='ocr_carea' id='block_1_59' title="bbox 1963 1741 3578 1824">
    <p class='ocr_par' dir='ltr' id='par_1_59' title="bbox 1963 1741 3578 1824">
     <span class='ocr_line' id='line_1_59' title="bbox 1963 1741 3578 1824; baseline 0.007 -28"><span class='ocrx_word' id='word_1_399' title='bbox 1963 1741 2276 1800; x_wconf 90' lang='lat' dir='ltr'>dilectionis</span> <span class='ocrx_word' id='word_1_400' title='bbox 2313 1761 2439 1801; x_wconf 88' lang='lat' dir='ltr'>eum</span> <span class='ocrx_word' id='word_1_401' title='bbox 2468 1750 2768 1820; x_wconf 88' lang='lat' dir='ltr'>prosecuti,</span> <span class='ocrx_word' id='word_1_402' title='bbox 2806 1750 2894 1807; x_wconf 85' lang='lat' dir='ltr'>vix</span> <span class='ocrx_word' id='word_1_403' title='bbox 2921 1753 3142 1810; x_wconf 88' lang='lat' dir='ltr'>tandem</span> <span class='ocrx_word' id='word_1_404' title='bbox 3173 1753 3319 1824; x_wconf 90' lang='lat' dir='ltr'>passi</span> <span class='ocrx_word' id='word_1_405' title='bbox 3351 1761 3479 1808; x_wconf 90' lang='lat' dir='ltr'>sunt</span> <span class='ocrx_word' id='word_1_406' title='bbox 3508 1753 3578 1808; x_wconf 90' lang='lat' dir='ltr'>ab</span> 
     </span>
    </p>
   </div>
   <div class='ocr_carea' id='block_1_60' title="bbox 1964 1842 2312 1912">
    <p class='ocr_par' dir='ltr' id='par_1_60' title="bbox 1964 1842 2312 1912">
     <span class='ocr_line' id='line_1_60' title="bbox 1964 1842 2312 1912; baseline 0.011 -18"><span class='ocrx_word' id='word_1_407' title='bbox 1964 1854 2030 1896; x_wconf 87' lang='lat' dir='ltr'>eo</span> <span class='ocrx_word' id='word_1_408' title='bbox 2047 1842 2312 1912; x_wconf 89' lang='lat' dir='ltr'>separari.</span> 
     </span>
    </p>
   </div>
   <div class='ocr_carea' id='block_1_61' title="bbox 2567 1955 2990 2014">
    <p class='ocr_par' dir='ltr' id='par_1_61' title="bbox 2567 1955 2990 2014">
     <span class='ocr_line' id='line_1_61' title="bbox 2567 1955 2990 2014; baseline 0.012 -6"><span class='ocrx_word' id='word_1_409' title='bbox 2567 1955 2774 2011; x_wconf 84' lang='lat' dir='ltr'>CAPUT</span> <span class='ocrx_word' id='word_1_410' title='bbox 2812 1957 2990 2014; x_wconf 83' lang='lat' dir='ltr'><strong>XXVI.</strong></span> 
     </span>
    </p>
   </div>
   <div class='ocr_carea' id='block_1_62' title="bbox 2030 2055 3573 2134">
    <p class='ocr_par' dir='ltr' id='par_1_62' title="bbox 2030 2055 3573 2134">
     <span class='ocr_line' id='line_1_62' title="bbox 2030 2055 3573 2134; baseline 0.009 -24"><span class='ocrx_word' id='word_1_411' title='bbox 2030 2055 2202 2128; x_wconf 88' lang='lat' dir='ltr'>Igitur</span> <span class='ocrx_word' id='word_1_412' title='bbox 2230 2059 2498 2117; x_wconf 82' lang='lat' dir='ltr'>Santonas</span> <span class='ocrx_word' id='word_1_413' title='bbox 2529 2077 2831 2134; x_wconf 85' lang='lat' dir='ltr'>regressus,</span> <span class='ocrx_word' id='word_1_414' title='bbox 2872 2070 2926 2119; x_wconf 92' lang='lat' dir='ltr'>et</span> <span class='ocrx_word' id='word_1_415' title='bbox 2953 2071 3117 2120; x_wconf 90' lang='lat' dir='ltr'>noctu</span> <span class='ocrx_word' id='word_1_416' title='bbox 3149 2074 3203 2122; x_wconf 91' lang='lat' dir='ltr'>et</span> <span class='ocrx_word' id='word_1_417' title='bbox 3233 2066 3475 2123; x_wconf 89' lang='lat' dir='ltr'>interdiu</span> <span class='ocrx_word' id='word_1_418' title='bbox 3502 2069 3573 2124; x_wconf 90' lang='lat' dir='ltr'>ob</span> 
     </span>
    </p>
   </div>
   <div class='ocr_carea' id='block_1_63' title="bbox 1959 2145 3576 2228">
    <p class='ocr_par' dir='ltr' id='par_1_63' title="bbox 1959 2145 3576 2228">
     <span class='ocr_line' id='line_1_63' title="bbox 1959 2145 3576 2228; baseline 0.007 -30"><span class='ocrx_word' id='word_1_419' title='bbox 1959 2145 2044 2199; x_wconf 90' lang='lat' dir='ltr'>sui</span> <span class='ocrx_word' id='word_1_420' title='bbox 2083 2149 2387 2204; x_wconf 88' lang='lat' dir='ltr'>custodiam</span> <span class='ocrx_word' id='word_1_421' title='bbox 2416 2166 2483 2206; x_wconf 91' lang='lat' dir='ltr'>eo</span> <span class='ocrx_word' id='word_1_422' title='bbox 2531 2150 2823 2208; x_wconf 84' lang='lat' dir='ltr'>laborabat</span> <span class='ocrx_word' id='word_1_423' title='bbox 2854 2153 3196 2226; x_wconf 88' lang='lat' dir='ltr'>vigilantius,</span> <span class='ocrx_word' id='word_1_424' title='bbox 3233 2172 3343 2228; x_wconf 90' lang='lat' dir='ltr'>quo</span> <span class='ocrx_word' id='word_1_425' title='bbox 3387 2158 3576 2212; x_wconf 92' lang='lat' dir='ltr'>Domi-</span> 
     </span>
    </p>
   </div>
   <div class='ocr_carea' id='block_1_64' title="bbox 1961 2237 3570 2316">
    <p class='ocr_par' dir='ltr' id='par_1_64' title="bbox 1961 2237 3570 2316">
     <span class='ocr_line' id='line_1_64' title="bbox 1961 2237 3570 2316; baseline 0.007 -27"><span class='ocrx_word' id='word_1_426' title='bbox 1961 2251 2092 2290; x_wconf 89' lang='lat' dir='ltr'>num</span> <span class='ocrx_word' id='word_1_427' title='bbox 2120 2237 2175 2293; x_wconf 90' lang='lat' dir='ltr'>in</span> <span class='ocrx_word' id='word_1_428' title='bbox 2216 2239 2466 2308; x_wconf 88' lang='lat' dir='ltr'>proximo</span> <span class='ocrx_word' id='word_1_429' title='bbox 2497 2256 2617 2296; x_wconf 91' lang='lat' dir='ltr'>esse</span> <span class='ocrx_word' id='word_1_430' title='bbox 2656 2241 2926 2299; x_wconf 90' lang='lat' dir='ltr'>didicerat</span> <span class='ocrx_word' id='word_1_431' title='bbox 2951 2244 3175 2313; x_wconf 89' lang='lat' dir='ltr'>certius,</span> <span class='ocrx_word' id='word_1_432' title='bbox 3202 2255 3283 2311; x_wconf 90' lang='lat' dir='ltr'>ut,</span> <span class='ocrx_word' id='word_1_433' title='bbox 3318 2261 3570 2316; x_wconf 84' lang='lat' dir='ltr'>quacun-</span> 
     </span>
    </p>
   </div>
   <div class='ocr_carea' id='block_1_65' title="bbox 1968 2328 3574 2406">
    <p class='ocr_par' dir='ltr' id='par_1_65' title="bbox 1968 2328 3574 2406">
     <span class='ocr_line' id='line_1_65' title="bbox 1968 2328 3574 2406; baseline 0.007 -27"><span class='ocrx_word' id='word_1_434' title='bbox 1968 2340 2073 2395; x_wconf 84' lang='lat' dir='ltr'>que</span> <span class='ocrx_word' id='word_1_435' title='bbox 2118 2328 2252 2384; x_wconf 88' lang='lat' dir='ltr'>hora</span> <span class='ocrx_word' id='word_1_436' title='bbox 2291 2329 2522 2393; x_wconf 86' lang='lat' dir='ltr'>veniret,</span> <span class='ocrx_word' id='word_1_437' title='bbox 2555 2330 2791 2406; x_wconf 89' lang='lat' dir='ltr'>vigilans</span> <span class='ocrx_word' id='word_1_438' title='bbox 2820 2341 2875 2387; x_wconf 92' lang='lat' dir='ltr'>et</span> <span class='ocrx_word' id='word_1_439' title='bbox 2915 2341 3136 2403; x_wconf 89' lang='lat' dir='ltr'>paratus</span> <span class='ocrx_word' id='word_1_440' title='bbox 3165 2334 3405 2404; x_wconf 85' lang='lat' dir='ltr'>pulsanti</span> <span class='ocrx_word' id='word_1_441' title='bbox 3436 2350 3574 2404; x_wconf 84' lang='lat' dir='ltr'>ape-</span> 
     </span>
    </p>
   </div>
   <div class='ocr_carea' id='block_1_66' title="bbox 1967 2414 3572 2495">
    <p class='ocr_par' dir='ltr' id='par_1_66' title="bbox 1967 2414 3572 2495">
     <span class='ocr_line' id='line_1_66' title="bbox 1967 2414 3572 2495; baseline 0.005 -27"><span class='ocrx_word' id='word_1_442' title='bbox 1967 2414 2100 2470; x_wconf 90' lang='lat' dir='ltr'>riret</span> <span class='ocrx_word' id='word_1_443' title='bbox 2148 2416 2248 2481; x_wconf 86' lang='lat' dir='ltr'>Qui</span> <span class='ocrx_word' id='word_1_444' title='bbox 2301 2419 2447 2473; x_wconf 91' lang='lat' dir='ltr'>enim</span> <span class='ocrx_word' id='word_1_445' title='bbox 2478 2428 2585 2474; x_wconf 89' lang='lat' dir='ltr'>tam</span> <span class='ocrx_word' id='word_1_446' title='bbox 2630 2421 2796 2495; x_wconf 89' lang='lat' dir='ltr'>longo</span> <span class='ocrx_word' id='word_1_447' title='bbox 2854 2421 3032 2476; x_wconf 82' lang='lat' dir='ltr'>aetatis</span> <span class='ocrx_word' id='word_1_448' title='bbox 3065 2429 3312 2493; x_wconf 88' lang='lat' dir='ltr'>tempore</span> <span class='ocrx_word' id='word_1_449' title='bbox 3366 2423 3572 2478; x_wconf 91' lang='lat' dir='ltr'>bonum</span> 
     </span>
    </p>
   </div>
   <div class='ocr_carea' id='block_1_67' title="bbox 1966 2513 3578 2580">
    <p class='ocr_par' dir='ltr' id='par_1_67' title="bbox 1966 2513 3578 2580">
     <span class='ocr_line' id='line_1_67' title="bbox 1966 2513 3578 2580; baseline 0.004 -18"><span class='ocrx_word' id='word_1_450' title='bbox 1966 2513 2246 2563; x_wconf 88' lang='lat' dir='ltr'>certamen</span> <span class='ocrx_word' id='word_1_451' title='bbox 2269 2518 2591 2580; x_wconf 81' lang='lat' dir='ltr'>certaverat,</span> <span class='ocrx_word' id='word_1_452' title='bbox 2630 2518 2684 2567; x_wconf 90' lang='lat' dir='ltr'>et</span> <span class='ocrx_word' id='word_1_453' title='bbox 2722 2513 2941 2568; x_wconf 90' lang='lat' dir='ltr'>tandem</span> <span class='ocrx_word' id='word_1_454' title='bbox 2978 2530 3197 2569; x_wconf 88' lang='lat' dir='ltr'>cursum</span> <span class='ocrx_word' id='word_1_455' title='bbox 3228 2528 3578 2570; x_wconf 88' lang='lat' dir='ltr'>consumma-</span> 
     </span>
    </p>
   </div>
   <div class='ocr_carea' id='block_1_68' title="bbox 1964 2603 3571 2677">
    <p class='ocr_par' dir='ltr' id='par_1_68' title="bbox 1964 2603 3571 2677">
     <span class='ocr_line' id='line_1_68' title="bbox 1964 2603 3571 2677; baseline 0.004 -22"><span class='ocrx_word' id='word_1_456' title='bbox 1964 2609 2142 2668; x_wconf 90' lang='lat' dir='ltr'>verat,</span> <span class='ocrx_word' id='word_1_457' title='bbox 2195 2603 2265 2657; x_wconf 91' lang='lat' dir='ltr'>de</span> <span class='ocrx_word' id='word_1_458' title='bbox 2331 2604 2600 2675; x_wconf 85' lang='lat' dir='ltr'>religione</span> <span class='ocrx_word' id='word_1_459' title='bbox 2641 2621 2901 2662; x_wconf 90' lang='lat' dir='ltr'>coronam</span> <span class='ocrx_word' id='word_1_460' title='bbox 2947 2606 3180 2677; x_wconf 77' lang='lat' dir='ltr'>justitiae</span> <span class='ocrx_word' id='word_1_461' title='bbox 3225 2606 3571 2676; x_wconf 88' lang='lat' dir='ltr'>reposcebat,</span> 
     </span>
    </p>
   </div>
   <div class='ocr_carea' id='block_1_69' title="bbox 1965 2697 3576 2774">
    <p class='ocr_par' dir='ltr' id='par_1_69' title="bbox 1965 2697 3576 2774">
     <span class='ocr_line' id='line_1_69' title="bbox 1965 2697 3576 2774; baseline 0.004 -25"><span class='ocrx_word' id='word_1_462' title='bbox 1965 2711 2129 2766; x_wconf 91' lang='lat' dir='ltr'>quam</span> <span class='ocrx_word' id='word_1_463' title='bbox 2157 2697 2262 2750; x_wconf 92' lang='lat' dir='ltr'>sibi</span> <span class='ocrx_word' id='word_1_464' title='bbox 2302 2697 2484 2766; x_wconf 88' lang='lat' dir='ltr'>justus</span> <span class='ocrx_word' id='word_1_465' title='bbox 2522 2699 2692 2768; x_wconf 88' lang='lat' dir='ltr'>judex</span> <span class='ocrx_word' id='word_1_466' title='bbox 2742 2707 3083 2771; x_wconf 90' lang='lat' dir='ltr'>reposuerat.</span> <span class='ocrx_word' id='word_1_467' title='bbox 3135 2701 3394 2756; x_wconf 80' lang='lat' dir='ltr'>Reddidit</span> <span class='ocrx_word' id='word_1_468' title='bbox 3443 2715 3576 2774; x_wconf 89' lang='lat' dir='ltr'>ergo</span> 
     </span>
    </p>
   </div>
   <div class='ocr_carea' id='block_1_70' title="bbox 1964 2792 3577 2866">
    <p class='ocr_par' dir='ltr' id='par_1_70' title="bbox 1964 2792 3577 2866">
     <span class='ocr_line' id='line_1_70' title="bbox 1964 2792 3577 2866; baseline 0.003 -23"><span class='ocrx_word' id='word_1_469' title='bbox 1964 2796 2120 2845; x_wconf 66' lang='lat' dir='ltr'>terrm</span> <span class='ocrx_word' id='word_1_470' title='bbox 2169 2792 2318 2862; x_wconf 86' lang='lat' dir='ltr'>quod</span> <span class='ocrx_word' id='word_1_471' title='bbox 2348 2800 2465 2848; x_wconf 90' lang='lat' dir='ltr'>erat</span> <span class='ocrx_word' id='word_1_472' title='bbox 2503 2809 2700 2848; x_wconf 90' lang='lat' dir='ltr'>suum:</span> <span class='ocrx_word' id='word_1_473' title='bbox 2740 2793 2866 2849; x_wconf 88' lang='lat' dir='ltr'>coeli</span> <span class='ocrx_word' id='word_1_474' title='bbox 2911 2811 3032 2850; x_wconf 90' lang='lat' dir='ltr'>cum</span> <span class='ocrx_word' id='word_1_475' title='bbox 3067 2795 3307 2866; x_wconf 90' lang='lat' dir='ltr'>tripudio</span> <span class='ocrx_word' id='word_1_476' title='bbox 3363 2803 3577 2848; x_wconf 85' lang='lat' dir='ltr'>sancto-</span> 
     </span>
    </p>
   </div>
   <div class='ocr_carea' id='block_1_71' title="bbox 1885 2881 3576 2982">
    <p class='ocr_par' dir='ltr' id='par_1_71' title="bbox 1885 2881 3576 2982">
     <span class='ocr_line' id='line_1_71' title="bbox 1885 2881 3576 2982; baseline 0.002 -47"><span class='ocrx_word' id='word_1_477' title='bbox 1885 2913 1933 2982; x_wconf 74' lang='lat' dir='ltr'><strong><em>C</em></strong></span> <span class='ocrx_word' id='word_1_478' title='bbox 1962 2897 2082 2936; x_wconf 93' lang='lat' dir='ltr'>rum</span> <span class='ocrx_word' id='word_1_479' title='bbox 2111 2881 2232 2950; x_wconf 85' lang='lat' dir='ltr'>ejus</span> <span class='ocrx_word' id='word_1_480' title='bbox 2271 2893 2609 2954; x_wconf 83' lang='lat' dir='ltr'>exceperunt</span> <span class='ocrx_word' id='word_1_481' title='bbox 2636 2885 2909 2955; x_wconf 88' lang='lat' dir='ltr'>spiritum.</span> <span class='ocrx_word' id='word_1_482' title='bbox 2962 2886 3308 2957; x_wconf 79' lang='lat' dir='ltr'>Recepturus</span> <span class='ocrx_word' id='word_1_483' title='bbox 3362 2900 3576 2939; x_wconf 89' lang='lat' dir='ltr'>merce-</span> 
     </span>
    </p>
   </div>
   <div class='ocr_carea' id='block_1_72' title="bbox 1960 2970 3576 3042">
    <p class='ocr_par' dir='ltr' id='par_1_72' title="bbox 1960 2970 3576 3042">
     <span class='ocr_line' id='line_1_72' title="bbox 1960 2970 3576 3042; baseline 0.002 -19"><span class='ocrx_word' id='word_1_484' title='bbox 1960 2970 2083 3024; x_wconf 91' lang='lat' dir='ltr'>dem</span> <span class='ocrx_word' id='word_1_485' title='bbox 2111 2970 2384 3042; x_wconf 90' lang='lat' dir='ltr'>laborum,</span> <span class='ocrx_word' id='word_1_486' title='bbox 2417 2973 2688 3029; x_wconf 91' lang='lat' dir='ltr'>deductus</span> <span class='ocrx_word' id='word_1_487' title='bbox 2718 2983 2800 3029; x_wconf 92' lang='lat' dir='ltr'>est</span> <span class='ocrx_word' id='word_1_488' title='bbox 2831 2975 2887 3028; x_wconf 93' lang='lat' dir='ltr'>in</span> <span class='ocrx_word' id='word_1_489' title='bbox 2925 2975 3011 3029; x_wconf 91' lang='lat' dir='ltr'>via</span> <span class='ocrx_word' id='word_1_490' title='bbox 3044 2973 3278 3028; x_wconf 88' lang='lat' dir='ltr'>mirabili</span> <span class='ocrx_word' id='word_1_491' title='bbox 3321 2973 3576 3028; x_wconf 90' lang='lat' dir='ltr'>manibus</span> 
     </span>
    </p>
   </div>
   <div class='ocr_carea' id='block_1_73' title="bbox 1957 3064 3570 3141">
    <p class='ocr_par' dir='ltr' id='par_1_73' title="bbox 1957 3064 3570 3141">
     <span class='ocr_line' id='line_1_73' title="bbox 1957 3064 3570 3141; baseline 0.003 -26"><span class='ocrx_word' id='word_1_492' title='bbox 1957 3065 2296 3136; x_wconf 90' lang='lat' dir='ltr'>angelorum.</span> <span class='ocrx_word' id='word_1_493' title='bbox 2332 3065 2430 3130; x_wconf 85' lang='lat' dir='ltr'>Qui</span> <span class='ocrx_word' id='word_1_494' title='bbox 2465 3065 2611 3119; x_wconf 90' lang='lat' dir='ltr'>enim</span> <span class='ocrx_word' id='word_1_495' title='bbox 2635 3065 2692 3120; x_wconf 91' lang='lat' dir='ltr'>in</span> <span class='ocrx_word' id='word_1_496' title='bbox 2722 3066 2883 3122; x_wconf 90' lang='lat' dir='ltr'>terris</span> <span class='ocrx_word' id='word_1_497' title='bbox 2913 3067 3225 3141; x_wconf 87' lang='lat' dir='ltr'>angelicam</span> <span class='ocrx_word' id='word_1_498' title='bbox 3261 3066 3428 3121; x_wconf 87' lang='lat' dir='ltr'>vitam</span> <span class='ocrx_word' id='word_1_499' title='bbox 3469 3064 3570 3120; x_wconf 90' lang='lat' dir='ltr'>du-</span> 
     </span>
    </p>
   </div>
   <div class='ocr_carea' id='block_1_74' title="bbox 1958 3157 3575 3225">
    <p class='ocr_par' dir='ltr' id='par_1_74' title="bbox 1958 3157 3575 3225">
     <span class='ocr_line' id='line_1_74' title="bbox 1958 3157 3575 3225; baseline -0.001 -13"><span class='ocrx_word' id='word_1_500' title='bbox 1958 3164 2130 3225; x_wconf 88' lang='lat' dir='ltr'>xerat,</span> <span class='ocrx_word' id='word_1_501' title='bbox 2190 3157 2355 3213; x_wconf 93' lang='lat' dir='ltr'>modo</span> <span class='ocrx_word' id='word_1_502' title='bbox 2396 3157 2454 3212; x_wconf 93' lang='lat' dir='ltr'>in</span> <span class='ocrx_word' id='word_1_503' title='bbox 2505 3158 2661 3214; x_wconf 87' lang='lat' dir='ltr'>ceelis</span> <span class='ocrx_word' id='word_1_504' title='bbox 2699 3158 2780 3213; x_wconf 91' lang='lat' dir='ltr'>eis</span> <span class='ocrx_word' id='word_1_505' title='bbox 2838 3158 3184 3214; x_wconf 89' lang='lat' dir='ltr'>convivendo</span> <span class='ocrx_word' id='word_1_506' title='bbox 3240 3157 3575 3212; x_wconf 86' lang='lat' dir='ltr'>aeternaliter</span> 
     </span>
    </p>
   </div>
   <div class='ocr_carea' id='block_1_75' title="bbox 1957 3249 3578 3325">
    <p class='ocr_par' dir='ltr' id='par_1_75' title="bbox 1957 3249 3578 3325">
     <span class='ocr_line' id='line_1_75' title="bbox 1957 3249 3578 3325; baseline -0.002 -19"><span class='ocrx_word' id='word_1_507' title='bbox 1957 3251 2210 3306; x_wconf 88' lang='lat' dir='ltr'>exsultat.</span> <span class='ocrx_word' id='word_1_508' title='bbox 2242 3250 2388 3306; x_wconf 87' lang='lat' dir='ltr'>Vixit</span> <span class='ocrx_word' id='word_1_509' title='bbox 2414 3258 2637 3306; x_wconf 89' lang='lat' dir='ltr'>centum</span> <span class='ocrx_word' id='word_1_510' title='bbox 2663 3251 2883 3325; x_wconf 85' lang='lat' dir='ltr'>triginta</span> <span class='ocrx_word' id='word_1_511' title='bbox 2935 3251 3117 3318; x_wconf 90' lang='lat' dir='ltr'>annis,</span> <span class='ocrx_word' id='word_1_512' title='bbox 3163 3250 3300 3306; x_wconf 89' lang='lat' dir='ltr'>obiit</span> <span class='ocrx_word' id='word_1_513' title='bbox 3327 3266 3439 3305; x_wconf 83' lang='lat' dir='ltr'>xvn</span> <span class='ocrx_word' id='word_1_514' title='bbox 3478 3249 3578 3304; x_wconf 86' lang='lat' dir='ltr'>Ka-</span> 
     </span>
    </p>
   </div>
   <div class='ocr_carea' id='block_1_76' title="bbox 1955 3342 2533 3414">
    <p class='ocr_par' dir='ltr' id='par_1_76' title="bbox 1955 3342 2533 3414">
     <span class='ocr_line' id='line_1_76' title="bbox 1955 3342 2533 3414; baseline 0 -16"><span class='ocrx_word' id='word_1_515' title='bbox 1955 3344 2147 3400; x_wconf 89' lang='lat' dir='ltr'>lendas</span> <span class='ocrx_word' id='word_1_516' title='bbox 2175 3342 2533 3414; x_wconf 90' lang='lat' dir='ltr'>Septembris.</span> 
     </span>
    </p>
   </div>
   <div class='ocr_carea' id='block_1_77' title="bbox 2545 3473 2986 3529">
    <p class='ocr_par' dir='ltr' id='par_1_77' title="bbox 2545 3473 2986 3529">
     <span class='ocr_line' id='line_1_77' title="bbox 2545 3473 2986 3529; baseline 0.002 -1"><span class='ocrx_word' id='word_1_517' title='bbox 2545 3473 2752 3528; x_wconf 85' lang='lat' dir='ltr'>CAPUT</span> <span class='ocrx_word' id='word_1_518' title='bbox 2782 3474 2986 3529; x_wconf 85' lang='lat' dir='ltr'><strong>XXVII.</strong></span> 
     </span>
    </p>
   </div>
   <div class='ocr_carea' id='block_1_78' title="bbox 2031 3583 3574 3661">
    <p class='ocr_par' dir='ltr' id='par_1_78' title="bbox 2031 3583 3574 3661">
     <span class='ocr_line' id='line_1_78' title="bbox 2031 3583 3574 3661; baseline -0.003 -19"><span class='ocrx_word' id='word_1_519' title='bbox 2031 3589 2289 3644; x_wconf 90' lang='lat' dir='ltr'>Leontius</span> <span class='ocrx_word' id='word_1_520' title='bbox 2319 3586 2615 3658; x_wconf 87' lang='lat' dir='ltr'>episeopus</span> <span class='ocrx_word' id='word_1_521' title='bbox 2651 3587 2900 3661; x_wconf 88' lang='lat' dir='ltr'>gaudens</span> <span class='ocrx_word' id='word_1_522' title='bbox 2937 3601 3106 3657; x_wconf 87' lang='lat' dir='ltr'>super</span> <span class='ocrx_word' id='word_1_523' title='bbox 3153 3584 3413 3640; x_wconf 89' lang='lat' dir='ltr'>thesauro</span> <span class='ocrx_word' id='word_1_524' title='bbox 3463 3583 3574 3639; x_wconf 90' lang='lat' dir='ltr'>sibi</span> 
     </span>
    </p>
   </div>
   <div class='ocr_carea' id='block_1_79' title="bbox 1962 3679 3582 3752">
    <p class='ocr_par' dir='ltr' id='par_1_79' title="bbox 1962 3679 3582 3752">
     <span class='ocr_line' id='line_1_79' title="bbox 1962 3679 3582 3752; baseline -0.002 -15"><span class='ocrx_word' id='word_1_525' title='bbox 1962 3682 2177 3737; x_wconf 77' lang='lat' dir='ltr'>caelitus</span> <span class='ocrx_word' id='word_1_526' title='bbox 2207 3681 2505 3746; x_wconf 88' lang='lat' dir='ltr'>destinato,</span> <span class='ocrx_word' id='word_1_527' title='bbox 2545 3687 2600 3735; x_wconf 89' lang='lat' dir='ltr'>et</span> <span class='ocrx_word' id='word_1_528' title='bbox 2642 3681 2884 3752; x_wconf 89' lang='lat' dir='ltr'>posteris</span> <span class='ocrx_word' id='word_1_529' title='bbox 2913 3680 3027 3735; x_wconf 92' lang='lat' dir='ltr'>suis</span> <span class='ocrx_word' id='word_1_530' title='bbox 3079 3679 3412 3734; x_wconf 64' lang='lat' dir='ltr'>mternaliter</span> <span class='ocrx_word' id='word_1_531' title='bbox 3450 3693 3582 3748; x_wconf 89' lang='lat' dir='ltr'>pro-</span> 
     </span>
    </p>
   </div>
   <div class='ocr_carea' id='block_1_80' title="bbox 1964 3770 3582 3846">
    <p class='ocr_par' dir='ltr' id='par_1_80' title="bbox 1964 3770 3582 3846">
     <span class='ocr_line' id='line_1_80' title="bbox 1964 3770 3582 3846; baseline -0.001 -19"><span class='ocrx_word' id='word_1_532' title='bbox 1964 3773 2144 3830; x_wconf 89' lang='lat' dir='ltr'>futuro</span> <span class='ocrx_word' id='word_1_533' title='bbox 2203 3772 2450 3829; x_wconf 88' lang='lat' dir='ltr'>decrevit</span> <span class='ocrx_word' id='word_1_534' title='bbox 2495 3788 2620 3828; x_wconf 93' lang='lat' dir='ltr'>eum</span> <span class='ocrx_word' id='word_1_535' title='bbox 2680 3771 2988 3846; x_wconf 87' lang='lat' dir='ltr'>gloriﬁcare</span> <span class='ocrx_word' id='word_1_536' title='bbox 3054 3770 3358 3829; x_wconf 84' lang='lat' dir='ltr'>honoriﬁco</span> <span class='ocrx_word' id='word_1_537' title='bbox 3416 3785 3582 3841; x_wconf 86' lang='lat' dir='ltr'>sepe-</span> 
     </span>
    </p>
   </div>
   <div class='ocr_carea' id='block_1_81' title="bbox 1965 3864 3583 3937">
    <p class='ocr_par' dir='ltr' id='par_1_81' title="bbox 1965 3864 3583 3937">
     <span class='ocr_line' id='line_1_81' title="bbox 1965 3864 3583 3937; baseline -0.003 -15"><span class='ocrx_word' id='word_1_538' title='bbox 1965 3867 2137 3923; x_wconf 91' lang='lat' dir='ltr'>liendi</span> <span class='ocrx_word' id='word_1_539' title='bbox 2168 3866 2380 3922; x_wconf 82' lang='lat' dir='ltr'>ofﬁcio:</span> <span class='ocrx_word' id='word_1_540' title='bbox 2425 3872 2848 3937; x_wconf 89' lang='lat' dir='ltr'>constructaque</span> <span class='ocrx_word' id='word_1_541' title='bbox 2890 3881 3032 3922; x_wconf 89' lang='lat' dir='ltr'>nova</span> <span class='ocrx_word' id='word_1_542' title='bbox 3070 3864 3323 3930; x_wconf 88' lang='lat' dir='ltr'>ecclesia,</span> <span class='ocrx_word' id='word_1_543' title='bbox 3380 3878 3583 3934; x_wconf 88' lang='lat' dir='ltr'>corpus</span> 
     </span>
    </p>
   </div>
   <div class='ocr_carea' id='block_1_82' title="bbox 1967 3953 3584 4030">
    <p class='ocr_par' dir='ltr' id='par_1_82' title="bbox 1967 3953 3584 4030">
     <span class='ocr_line' id='line_1_82' title="bbox 1967 3953 3584 4030; baseline -0.003 -17"><span class='ocrx_word' id='word_1_544' title='bbox 1967 3959 2109 4028; x_wconf 87' lang='lat' dir='ltr'>ejus,</span> <span class='ocrx_word' id='word_1_545' title='bbox 2141 3963 2201 4013; x_wconf 90' lang='lat' dir='ltr'>ut</span> <span class='ocrx_word' id='word_1_546' title='bbox 2231 3957 2463 4028; x_wconf 90' lang='lat' dir='ltr'>Spiritus</span> <span class='ocrx_word' id='word_1_547' title='bbox 2512 3957 2688 4013; x_wconf 89' lang='lat' dir='ltr'>sancti</span> <span class='ocrx_word' id='word_1_548' title='bbox 2731 3972 3020 4030; x_wconf 88' lang='lat' dir='ltr'>organum,</span> <span class='ocrx_word' id='word_1_549' title='bbox 3077 3957 3132 4011; x_wconf 93' lang='lat' dir='ltr'>in</span> <span class='ocrx_word' id='word_1_550' title='bbox 3172 3956 3266 4010; x_wconf 91' lang='lat' dir='ltr'>illa</span> <span class='ocrx_word' id='word_1_551' title='bbox 3323 3953 3584 4027; x_wconf 90' lang='lat' dir='ltr'>sepelivit</span> 
     </span>
    </p>
   </div>
   <div class='ocr_carea' id='block_1_83' title="bbox 1967 4043 3583 4117">
    <p class='ocr_par' dir='ltr' id='par_1_83' title="bbox 1967 4043 3583 4117">
     <span class='ocr_line' id='line_1_83' title="bbox 1967 4043 3583 4117; baseline -0.003 -15"><span class='ocrx_word' id='word_1_552' title='bbox 1967 4062 2090 4102; x_wconf 92' lang='lat' dir='ltr'>cum</span> <span class='ocrx_word' id='word_1_553' title='bbox 2119 4046 2336 4102; x_wconf 90' lang='lat' dir='ltr'>decenti</span> <span class='ocrx_word' id='word_1_554' title='bbox 2366 4045 2694 4101; x_wconf 88' lang='lat' dir='ltr'>reverentia.</span> <span class='ocrx_word' id='word_1_555' title='bbox 2734 4045 2846 4102; x_wconf 90' lang='lat' dir='ltr'>Nec</span> <span class='ocrx_word' id='word_1_556' title='bbox 2876 4045 3052 4117; x_wconf 88' lang='lat' dir='ltr'>potuit</span> <span class='ocrx_word' id='word_1_557' title='bbox 3080 4043 3349 4100; x_wconf 87' lang='lat' dir='ltr'>abscondi</span> <span class='ocrx_word' id='word_1_558' title='bbox 3381 4043 3438 4098; x_wconf 91' lang='lat' dir='ltr'>in</span> <span class='ocrx_word' id='word_1_559' title='bbox 3470 4049 3583 4098; x_wconf 91' lang='lat' dir='ltr'>ter-</span> 
     </span>
    </p>
   </div>
   <div class='ocr_carea' id='block_1_84' title="bbox 1971 4132 3581 4201">
    <p class='ocr_par' dir='ltr' id='par_1_84' title="bbox 1971 4132 3581 4201">
     <span class='ocr_line' id='line_1_84' title="bbox 1971 4132 3581 4201; baseline -0.003 -10"><span class='ocrx_word' id='word_1_560' title='bbox 1971 4137 2068 4201; x_wconf 89' lang='lat' dir='ltr'>ris,</span> <span class='ocrx_word' id='word_1_561' title='bbox 2119 4137 2206 4192; x_wconf 90' lang='lat' dir='ltr'>cui</span> <span class='ocrx_word' id='word_1_562' title='bbox 2246 4135 2427 4191; x_wconf 89' lang='lat' dir='ltr'>meriti</span> <span class='ocrx_word' id='word_1_563' title='bbox 2459 4136 2625 4192; x_wconf 90' lang='lat' dir='ltr'>modo</span> <span class='ocrx_word' id='word_1_564' title='bbox 2655 4143 2802 4191; x_wconf 91' lang='lat' dir='ltr'>esset</span> <span class='ocrx_word' id='word_1_565' title='bbox 2858 4136 2915 4191; x_wconf 90' lang='lat' dir='ltr'>in</span> <span class='ocrx_word' id='word_1_566' title='bbox 2956 4133 3131 4192; x_wconf 58' lang='lat' dir='ltr'>caelis.</span> <span class='ocrx_word' id='word_1_567' title='bbox 3176 4133 3379 4189; x_wconf 88' lang='lat' dir='ltr'>Eodem</span> <span class='ocrx_word' id='word_1_568' title='bbox 3432 4132 3581 4198; x_wconf 89' lang='lat' dir='ltr'>enim</span> 
     </span>
    </p>
   </div>
   <div class='ocr_carea' id='block_1_85' title="bbox 1973 4220 3588 4298">
    <p class='ocr_par' dir='ltr' id='par_1_85' title="bbox 1973 4220 3588 4298">
     <span class='ocr_line' id='line_1_85' title="bbox 1973 4220 3588 4298; baseline -0.005 -17"><span class='ocrx_word' id='word_1_569' title='bbox 1973 4226 2061 4281; x_wconf 91' lang='lat' dir='ltr'>die</span> <span class='ocrx_word' id='word_1_570' title='bbox 2092 4242 2201 4298; x_wconf 89' lang='lat' dir='ltr'>quo</span> <span class='ocrx_word' id='word_1_571' title='bbox 2247 4227 2304 4280; x_wconf 93' lang='lat' dir='ltr'>in</span> <span class='ocrx_word' id='word_1_572' title='bbox 2341 4227 2628 4282; x_wconf 91' lang='lat' dir='ltr'>mausoleo</span> <span class='ocrx_word' id='word_1_573' title='bbox 2669 4225 2881 4296; x_wconf 89' lang='lat' dir='ltr'>positus</span> <span class='ocrx_word' id='word_1_574' title='bbox 2906 4234 3010 4292; x_wconf 89' lang='lat' dir='ltr'>est,</span> <span class='ocrx_word' id='word_1_575' title='bbox 3043 4222 3264 4278; x_wconf 90' lang='lat' dir='ltr'>duobus</span> <span class='ocrx_word' id='word_1_576' title='bbox 3303 4221 3464 4275; x_wconf 67' lang='lat' dir='ltr'>caecis</span> <span class='ocrx_word' id='word_1_577' title='bbox 3501 4220 3588 4274; x_wconf 89' lang='lat' dir='ltr'>vi-</span> 
     </span>
    </p>
   </div>
   <div class='ocr_carea' id='block_1_86' title="bbox 254 4287 3582 4391">
    <p class='ocr_par' dir='ltr' id='par_1_86' title="bbox 254 4287 3582 4391">
     <span class='ocr_line' id='line_1_86' title="bbox 254 4287 3582 4391; baseline -0.002 -21"><span class='ocrx_word' id='word_1_578' title='bbox 254 4316 528 4372; x_wconf 88' lang='lat' dir='ltr'>Santonas</span> <span class='ocrx_word' id='word_1_579' title='bbox 583 4323 835 4388; x_wconf 89' lang='lat' dir='ltr'>repetere</span> <span class='ocrx_word' id='word_1_580' title='bbox 863 4357 877 4384; x_wconf 97' lang='lat'>,</span> <span class='ocrx_word' id='word_1_581' title='bbox 938 4316 1068 4388; x_wconf 91' lang='lat' dir='ltr'>quia</span> <span class='ocrx_word' id='word_1_582' title='bbox 1131 4316 1244 4371; x_wconf 93' lang='lat' dir='ltr'>illic</span> <span class='ocrx_word' id='word_1_583' title='bbox 1311 4316 1482 4371; x_wconf 87' lang='lat' dir='ltr'>habes</span> <span class='ocrx_word' id='word_1_584' title='bbox 1543 4287 1869 4388; x_wconf 74' lang='lat' dir='ltr'>prepediem</span> <span class='ocrx_word' id='word_1_585' title='bbox 1896 4287 2068 4374; x_wconf 87' lang='lat' dir='ltr'>Dsus</span> <span class='ocrx_word' id='word_1_586' title='bbox 2106 4287 2354 4373; x_wconf 73' lang='lat' dir='ltr'>redditus</span> <span class='ocrx_word' id='word_1_587' title='bbox 2381 4325 2485 4386; x_wconf 90' lang='lat' dir='ltr'>est,</span> <span class='ocrx_word' id='word_1_588' title='bbox 2534 4287 2945 4391; x_wconf 76' lang='lat' dir='ltr'>energumenus</span> <span class='ocrx_word' id='word_1_589' title='bbox 2983 4287 3013 4369; x_wconf 83' lang='lat' dir='ltr'>a</span> <span class='ocrx_word' id='word_1_590' title='bbox 3052 4313 3320 4369; x_wconf 75' lang='lat' dir='ltr'>daemonis</span> <span class='ocrx_word' id='word_1_591' title='bbox 3349 4311 3582 4366; x_wconf 88' lang='lat' dir='ltr'>infesta-</span> 
     </span>
    </p>
   </div>
   <div class='ocr_carea' id='block_1_87' title="bbox 255 4410 1871 4484">
    <p class='ocr_par' dir='ltr' id='par_1_87' title="bbox 255 4410 1871 4484">
     <span class='ocr_line' id='line_1_87' title="bbox 255 4410 1871 4484; baseline -0.001 -18"><span class='ocrx_word' id='word_1_592' title='bbox 255 4410 433 4466; x_wconf 88' lang='lat' dir='ltr'>obire.</span> <span class='ocrx_word' id='word_1_593' title='bbox 501 4411 734 4466; x_wconf 90' lang='lat' dir='ltr'>Sanctus</span> <span class='ocrx_word' id='word_1_594' title='bbox 785 4411 971 4483; x_wconf 88' lang='lat' dir='ltr'>itaque</span> <span class='ocrx_word' id='word_1_595' title='bbox 1040 4411 1124 4466; x_wconf 90' lang='lat' dir='ltr'>vir</span> <span class='ocrx_word' id='word_1_596' title='bbox 1191 4411 1497 4467; x_wconf 91' lang='lat' dir='ltr'>secundum</span> <span class='ocrx_word' id='word_1_597' title='bbox 1565 4411 1871 4484; x_wconf 78' lang='lat' dir='ltr'>angelicam</span> 
     </span>
    </p>
   </div>
   <div class='ocr_carea' id='block_1_88' title="bbox 254 4503 1873 4575">
    <p class='ocr_par' dir='ltr' id='par_1_88' title="bbox 254 4503 1873 4575">
     <span class='ocr_line' id='line_1_88' title="bbox 254 4503 1873 4575; baseline 0 -18"><span class='ocrx_word' id='word_1_598' title='bbox 254 4503 650 4559; x_wconf 80' lang='lat' dir='ltr'>revelationem</span> <span class='ocrx_word' id='word_1_599' title='bbox 692 4503 1029 4574; x_wconf 89' lang='lat' dir='ltr'>repatriavit,</span> <span class='ocrx_word' id='word_1_600' title='bbox 1087 4510 1286 4559; x_wconf 89' lang='lat' dir='ltr'>terram</span> <span class='ocrx_word' id='word_1_601' title='bbox 1349 4504 1716 4575; x_wconf 89' lang='lat' dir='ltr'>hominesque</span> <span class='ocrx_word' id='word_1_602' title='bbox 1773 4519 1873 4558; x_wconf 91' lang='lat' dir='ltr'>sua</span> 
     </span>
    </p>
   </div>
   <div class='ocr_carea' id='block_1_89' title="bbox 253 4591 1866 4666">
    <p class='ocr_par' dir='ltr' id='par_1_89' title="bbox 253 4591 1866 4666">
     <span class='ocr_line' id='line_1_89' title="bbox 253 4591 1866 4666; baseline 0 -20"><span class='ocrx_word' id='word_1_603' title='bbox 253 4592 645 4648; x_wconf 89' lang='lat' dir='ltr'>benedictione</span> <span class='ocrx_word' id='word_1_604' title='bbox 688 4591 1098 4659; x_wconf 83' lang='lat' dir='ltr'>sanctificavit,</span> <span class='ocrx_word' id='word_1_605' title='bbox 1155 4593 1379 4665; x_wconf 88' lang='lat' dir='ltr'>Deoque</span> <span class='ocrx_word' id='word_1_606' title='bbox 1445 4594 1688 4666; x_wconf 80' lang='lat' dir='ltr'>largitori</span> <span class='ocrx_word' id='word_1_607' title='bbox 1744 4608 1866 4648; x_wconf 93' lang='lat' dir='ltr'>om-</span> 
     </span>
    </p>
   </div>
   <div class='ocr_carea' id='block_1_90' title="bbox 253 4684 1867 4755">
    <p class='ocr_par' dir='ltr' id='par_1_90' title="bbox 253 4684 1867 4755">
     <span class='ocr_line' id='line_1_90' title="bbox 253 4684 1867 4755; baseline 0 -17"><span class='ocrx_word' id='word_1_608' title='bbox 253 4684 405 4739; x_wconf 90' lang='lat' dir='ltr'>nium</span> <span class='ocrx_word' id='word_1_609' title='bbox 466 4685 738 4740; x_wconf 91' lang='lat' dir='ltr'>bonorum</span> <span class='ocrx_word' id='word_1_610' title='bbox 788 4700 886 4741; x_wconf 90' lang='lat' dir='ltr'>eos</span> <span class='ocrx_word' id='word_1_611' title='bbox 932 4685 1141 4741; x_wconf 88' lang='lat' dir='ltr'>orando</span> <span class='ocrx_word' id='word_1_612' title='bbox 1198 4685 1622 4740; x_wconf 86' lang='lat' dir='ltr'>commendavit.</span> <span class='ocrx_word' id='word_1_613' title='bbox 1668 4685 1867 4755; x_wconf 92' lang='lat' dir='ltr'>Sicque</span> 
     </span>
    </p>
   </div>
   <div class='ocr_carea' id='block_1_91' title="bbox 253 4776 1871 4849">
    <p class='ocr_par' dir='ltr' id='par_1_91' title="bbox 253 4776 1871 4849">
     <span class='ocr_line' id='line_1_91' title="bbox 253 4776 1871 4849; baseline -0.002 -17"><span class='ocrx_word' id='word_1_614' title='bbox 253 4776 434 4832; x_wconf 88' lang='lat' dir='ltr'>omnis</span> <span class='ocrx_word' id='word_1_615' title='bbox 486 4784 630 4832; x_wconf 90' lang='lat' dir='ltr'>terra</span> <span class='ocrx_word' id='word_1_616' title='bbox 667 4777 878 4848; x_wconf 90' lang='lat' dir='ltr'>repleta</span> <span class='ocrx_word' id='word_1_617' title='bbox 934 4785 1018 4833; x_wconf 90' lang='lat' dir='ltr'>est</span> <span class='ocrx_word' id='word_1_618' title='bbox 1072 4777 1290 4849; x_wconf 90' lang='lat' dir='ltr'>dapsilii</span> <span class='ocrx_word' id='word_1_619' title='bbox 1331 4777 1582 4832; x_wconf 90' lang='lat' dir='ltr'>ubertate</span> <span class='ocrx_word' id='word_1_620' title='bbox 1613 4791 1712 4847; x_wconf 91' lang='lat' dir='ltr'>per</span> <span class='ocrx_word' id='word_1_621' title='bbox 1751 4776 1871 4844; x_wconf 90' lang='lat' dir='ltr'>ejus</span> 
     </span>
    </p>
   </div>
   <div class='ocr_carea' id='block_1_92' title="bbox 253 4867 1871 4943">
    <p class='ocr_par' dir='ltr' id='par_1_92' title="bbox 253 4867 1871 4943">
     <span class='ocr_line' id='line_1_92' title="bbox 253 4867 1871 4943; baseline 0.001 -21"><span class='ocrx_word' id='word_1_622' title='bbox 253 4867 725 4938; x_wconf 89' lang='lat' dir='ltr'>benedictionem,</span> <span class='ocrx_word' id='word_1_623' title='bbox 757 4885 880 4943; x_wconf 72' lang='lat' dir='ltr'>quae</span> <span class='ocrx_word' id='word_1_624' title='bbox 918 4879 1080 4926; x_wconf 88' lang='lat' dir='ltr'>antea</span> <span class='ocrx_word' id='word_1_625' title='bbox 1109 4870 1369 4925; x_wconf 89' lang='lat' dir='ltr'>damnata</span> <span class='ocrx_word' id='word_1_626' title='bbox 1410 4868 1588 4925; x_wconf 91' lang='lat' dir='ltr'>fuerat</span> <span class='ocrx_word' id='word_1_627' title='bbox 1627 4885 1722 4941; x_wconf 89' lang='lat' dir='ltr'>per</span> <span class='ocrx_word' id='word_1_628' title='bbox 1752 4869 1871 4939; x_wconf 90' lang='lat' dir='ltr'>ejus</span> 
     </span>
    </p>
   </div>
   <div class='ocr_carea' id='block_1_93' title="bbox 256 4963 1871 5038">
    <p class='ocr_par' dir='ltr' id='par_1_93' title="bbox 256 4963 1871 5038">
     <span class='ocr_line' id='line_1_93' title="bbox 256 4963 1871 5038; baseline 0 -20"><span class='ocrx_word' id='word_1_629' title='bbox 256 4963 727 5021; x_wconf 89' lang='lat' dir='ltr'>maledictionem.</span> <span class='ocrx_word' id='word_1_630' title='bbox 756 4966 835 5022; x_wconf 92' lang='lat' dir='ltr'>Ita</span> <span class='ocrx_word' id='word_1_631' title='bbox 873 4965 1074 5022; x_wconf 88' lang='lat' dir='ltr'>factum</span> <span class='ocrx_word' id='word_1_632' title='bbox 1097 4975 1180 5022; x_wconf 89' lang='lat' dir='ltr'>est</span> <span class='ocrx_word' id='word_1_633' title='bbox 1204 4965 1468 5022; x_wconf 91' lang='lat' dir='ltr'>omnibus</span> <span class='ocrx_word' id='word_1_634' title='bbox 1491 4967 1692 5038; x_wconf 90' lang='lat' dir='ltr'>palam,</span> <span class='ocrx_word' id='word_1_635' title='bbox 1722 4964 1871 5035; x_wconf 88' lang='lat' dir='ltr'>quod</span> 
     </span>
    </p>
   </div>
   <div class='ocr_carea' id='block_1_94' title="bbox 257 5051 1870 5124">
    <p class='ocr_par' dir='ltr' id='par_1_94' title="bbox 257 5051 1870 5124">
     <span class='ocr_line' id='line_1_94' title="bbox 257 5051 1870 5124; baseline 0.002 -21"><span class='ocrx_word' id='word_1_636' title='bbox 257 5051 508 5122; x_wconf 75' lang='lat' dir='ltr'>pontifex</span> <span class='ocrx_word' id='word_1_637' title='bbox 555 5053 680 5123; x_wconf 90' lang='lat' dir='ltr'>pius</span> <span class='ocrx_word' id='word_1_638' title='bbox 724 5054 870 5110; x_wconf 90' lang='lat' dir='ltr'>hanc</span> <span class='ocrx_word' id='word_1_639' title='bbox 921 5055 1367 5111; x_wconf 86' lang='lat' dir='ltr'>maledictionem</span> <span class='ocrx_word' id='word_1_640' title='bbox 1407 5070 1518 5110; x_wconf 91' lang='lat' dir='ltr'>non</span> <span class='ocrx_word' id='word_1_641' title='bbox 1561 5054 1744 5108; x_wconf 90' lang='lat' dir='ltr'>intulit</span> <span class='ocrx_word' id='word_1_642' title='bbox 1774 5067 1870 5124; x_wconf 91' lang='lat' dir='ltr'>per</span> 
     </span>
    </p>
   </div>
   <div class='ocr_carea' id='block_1_95' title="bbox 255 5137 1870 5215">
    <p class='ocr_par' dir='ltr' id='par_1_95' title="bbox 255 5137 1870 5215">
     <span class='ocr_line' id='line_1_95' title="bbox 255 5137 1870 5215; baseline 0.007 -24"><span class='ocrx_word' id='word_1_643' title='bbox 255 5137 498 5208; x_wconf 88' lang='lat' dir='ltr'>aliquam</span> <span class='ocrx_word' id='word_1_644' title='bbox 542 5141 944 5200; x_wconf 67' lang='lat' dir='ltr'>malevolentiae</span> <span class='ocrx_word' id='word_1_645' title='bbox 995 5143 1477 5215; x_wconf 87' lang='lat' dir='ltr'>intemperantiam</span> <span class='ocrx_word' id='word_1_646' title='bbox 1512 5183 1527 5210; x_wconf 94' lang='lat'>,</span> <span class='ocrx_word' id='word_1_647' title='bbox 1601 5143 1711 5198; x_wconf 93' lang='lat' dir='ltr'>imo</span> <span class='ocrx_word' id='word_1_648' title='bbox 1769 5158 1870 5213; x_wconf 89' lang='lat' dir='ltr'>per</span> 
     </span>
    </p>
   </div>
   <div class='ocr_carea' id='block_1_96' title="bbox 647 5755 1189 5819">
    <p class='ocr_par' dir='ltr' id='par_1_96' title="bbox 647 5755 1189 5819">
     <span class='ocr_line' id='line_1_96' title="bbox 647 5755 1189 5819; baseline -0.006 0"><span class='ocrx_word' id='word_1_649' title='bbox 647 5757 942 5819; x_wconf 76' lang='lat' dir='ltr'>PATROL.</span> <span class='ocrx_word' id='word_1_650' title='bbox 991 5755 1189 5818; x_wconf 90' lang='lat' dir='ltr'>CLX.</span> 
     </span>
    </p>
   </div>
   <div class='ocr_carea' id='block_1_97' title="bbox 1972 4405 3588 4481">
    <p class='ocr_par' dir='ltr' id='par_1_97' title="bbox 1972 4405 3588 4481">
     <span class='ocr_line' id='line_1_97' title="bbox 1972 4405 3588 4481; baseline -0.007 -13"><span class='ocrx_word' id='word_1_651' title='bbox 1972 4411 2400 4468; x_wconf 85' lang='lat' dir='ltr'>tioneliberatus</span> <span class='ocrx_word' id='word_1_652' title='bbox 2429 4417 2532 4466; x_wconf 90' lang='lat' dir='ltr'>est.</span> <span class='ocrx_word' id='word_1_653' title='bbox 2553 4410 2650 4466; x_wconf 89' lang='lat' dir='ltr'>Die</span> <span class='ocrx_word' id='word_1_654' title='bbox 2681 4416 2803 4481; x_wconf 90' lang='lat' dir='ltr'>post</span> <span class='ocrx_word' id='word_1_655' title='bbox 2831 4407 3209 4463; x_wconf 86' lang='lat' dir='ltr'>humationem</span> <span class='ocrx_word' id='word_1_656' title='bbox 3247 4405 3425 4469; x_wconf 91' lang='lat' dir='ltr'>tertia,</span> <span class='ocrx_word' id='word_1_657' title='bbox 3452 4419 3588 4459; x_wconf 92' lang='lat' dir='ltr'>eon-</span> 
     </span>
    </p>
   </div>
   <div class='ocr_carea' id='block_1_98' title="bbox 1972 4491 3587 4564">
    <p class='ocr_par' dir='ltr' id='par_1_98' title="bbox 1972 4491 3587 4564">
     <span class='ocr_line' id='line_1_98' title="bbox 1972 4491 3587 4564; baseline -0.007 -9"><span class='ocrx_word' id='word_1_658' title='bbox 1972 4506 2144 4556; x_wconf 76' lang='lat' dir='ltr'>traeto</span> <span class='ocrx_word' id='word_1_659' title='bbox 2157 4500 2374 4555; x_wconf 90' lang='lat' dir='ltr'>cuidam</span> <span class='ocrx_word' id='word_1_660' title='bbox 2389 4499 2638 4554; x_wconf 89' lang='lat' dir='ltr'>restituta</span> <span class='ocrx_word' id='word_1_661' title='bbox 2654 4503 2737 4552; x_wconf 89' lang='lat' dir='ltr'>est</span> <span class='ocrx_word' id='word_1_662' title='bbox 2749 4495 2984 4561; x_wconf 90' lang='lat' dir='ltr'>medela,</span> <span class='ocrx_word' id='word_1_663' title='bbox 3001 4500 3150 4550; x_wconf 88' lang='lat' dir='ltr'>muto</span> <span class='ocrx_word' id='word_1_664' title='bbox 3170 4491 3407 4564; x_wconf 91' lang='lat' dir='ltr'>loquela.</span> <span class='ocrx_word' id='word_1_665' title='bbox 3432 4491 3587 4546; x_wconf 90' lang='lat' dir='ltr'>Post-</span> 
     </span>
    </p>
   </div>
   <div class='ocr_carea' id='block_1_99' title="bbox 1968 4583 3585 4648">
    <p class='ocr_par' dir='ltr' id='par_1_99' title="bbox 1968 4583 3585 4648">
     <span class='ocr_line' id='line_1_99' title="bbox 1968 4583 3585 4648; baseline -0.005 -2"><span class='ocrx_word' id='word_1_666' title='bbox 1968 4594 2191 4648; x_wconf 93' lang='lat' dir='ltr'>modum</span> <span class='ocrx_word' id='word_1_667' title='bbox 2221 4608 2350 4648; x_wconf 91' lang='lat' dir='ltr'>vero</span> <span class='ocrx_word' id='word_1_668' title='bbox 2390 4591 2601 4646; x_wconf 91' lang='lat' dir='ltr'>meritis</span> <span class='ocrx_word' id='word_1_669' title='bbox 2627 4589 2804 4644; x_wconf 91' lang='lat' dir='ltr'>sancti</span> <span class='ocrx_word' id='word_1_670' title='bbox 2842 4585 3094 4643; x_wconf 86' lang='lat' dir='ltr'>Maclovii</span> <span class='ocrx_word' id='word_1_671' title='bbox 3127 4591 3276 4640; x_wconf 89' lang='lat' dir='ltr'>tanta</span> <span class='ocrx_word' id='word_1_672' title='bbox 3316 4583 3585 4638; x_wconf 86' lang='lat' dir='ltr'>Dominus</span> 
     </span>
    </p>
   </div>
   <div class='ocr_carea' id='block_1_100' title="bbox 1967 4675 3583 4759">
    <p class='ocr_par' dir='ltr' id='par_1_100' title="bbox 1967 4675 3583 4759">
     <span class='ocr_line' id='line_1_100' title="bbox 1967 4675 3583 4759; baseline -0.006 -21"><span class='ocrx_word' id='word_1_673' title='bbox 1967 4683 2139 4759; x_wconf 89' lang='lat' dir='ltr'>gessit</span> <span class='ocrx_word' id='word_1_674' title='bbox 2176 4683 2384 4737; x_wconf 90' lang='lat' dir='ltr'>ibidem</span> <span class='ocrx_word' id='word_1_675' title='bbox 2417 4680 2698 4746; x_wconf 89' lang='lat' dir='ltr'>miracula,</span> <span class='ocrx_word' id='word_1_676' title='bbox 2729 4684 2935 4750; x_wconf 88' lang='lat' dir='ltr'>quanta</span> <span class='ocrx_word' id='word_1_677' title='bbox 2984 4692 3090 4732; x_wconf 90' lang='lat' dir='ltr'>nec</span> <span class='ocrx_word' id='word_1_678' title='bbox 3119 4692 3342 4731; x_wconf 89' lang='lat' dir='ltr'>narrare</span> <span class='ocrx_word' id='word_1_679' title='bbox 3372 4675 3583 4750; x_wconf 89' lang='lat' dir='ltr'>lingua,</span> 
     </span>
    </p>
   </div>
   <div class='ocr_carea' id='block_1_101' title="bbox 1971 4768 3589 4841">
    <p class='ocr_par' dir='ltr' id='par_1_101' title="bbox 1971 4768 3589 4841">
     <span class='ocr_line' id='line_1_101' title="bbox 1971 4768 3589 4841; baseline -0.005 -11"><span class='ocrx_word' id='word_1_680' title='bbox 1971 4791 2074 4831; x_wconf 90' lang='lat' dir='ltr'>nec</span> <span class='ocrx_word' id='word_1_681' title='bbox 2099 4775 2385 4832; x_wconf 89' lang='lat' dir='ltr'>continere</span> <span class='ocrx_word' id='word_1_682' title='bbox 2415 4773 2560 4829; x_wconf 90' lang='lat' dir='ltr'>valet</span> <span class='ocrx_word' id='word_1_683' title='bbox 2589 4771 2928 4827; x_wconf 89' lang='lat' dir='ltr'>membrana.</span> <span class='ocrx_word' id='word_1_684' title='bbox 2962 4768 3360 4841; x_wconf 81' lang='lat' dir='ltr'>Multiplicibus</span> <span class='ocrx_word' id='word_1_685' title='bbox 3385 4785 3449 4824; x_wconf 92' lang='lat' dir='ltr'>ac</span> <span class='ocrx_word' id='word_1_686' title='bbox 3478 4768 3589 4823; x_wconf 91' lang='lat' dir='ltr'>fre-</span> 
     </span>
    </p>
   </div>
   <div class='ocr_carea' id='block_1_102' title="bbox 1972 4856 3589 4935">
    <p class='ocr_par' dir='ltr' id='par_1_102' title="bbox 1972 4856 3589 4935">
     <span class='ocr_line' id='line_1_102' title="bbox 1972 4856 3589 4935; baseline -0.006 -15"><span class='ocrx_word' id='word_1_687' title='bbox 1972 4863 2272 4935; x_wconf 88' lang='lat' dir='ltr'>quentibus</span> <span class='ocrx_word' id='word_1_688' title='bbox 2315 4861 2490 4918; x_wconf 89' lang='lat' dir='ltr'>sancti</span> <span class='ocrx_word' id='word_1_689' title='bbox 2567 4861 2730 4932; x_wconf 90' lang='lat' dir='ltr'>hujus</span> <span class='ocrx_word' id='word_1_690' title='bbox 2767 4859 3258 4916; x_wconf 90' lang='lat' dir='ltr'>intercessionibus</span> <span class='ocrx_word' id='word_1_691' title='bbox 3297 4856 3589 4913; x_wconf 88' lang='lat' dir='ltr'>subveniat</span> 
     </span>
    </p>
   </div>
   <div class='ocr_carea' id='block_1_103' title="bbox 1973 4947 3589 5027">
    <p class='ocr_par' dir='ltr' id='par_1_103' title="bbox 1973 4947 3589 5027">
     <span class='ocr_line' id='line_1_103' title="bbox 1973 4947 3589 5027; baseline -0.007 -15"><span class='ocrx_word' id='word_1_692' title='bbox 1973 4955 2136 5012; x_wconf 90' lang='lat' dir='ltr'>nobis</span> <span class='ocrx_word' id='word_1_693' title='bbox 2163 4956 2517 5027; x_wconf 88' lang='lat' dir='ltr'>omnipotens</span> <span class='ocrx_word' id='word_1_694' title='bbox 2569 4957 2730 5022; x_wconf 88' lang='lat' dir='ltr'>Deus,</span> <span class='ocrx_word' id='word_1_695' title='bbox 2772 4953 3095 5026; x_wconf 86' lang='lat' dir='ltr'>cunctisque</span> <span class='ocrx_word' id='word_1_696' title='bbox 3134 4953 3256 5022; x_wconf 91' lang='lat' dir='ltr'>ejus</span> <span class='ocrx_word' id='word_1_697' title='bbox 3307 4947 3589 5021; x_wconf 67' lang='lat' dir='ltr'>prmconia</span> 
     </span>
    </p>
   </div>
   <div class='ocr_carea' id='block_1_104' title="bbox 1972 5044 3586 5118">
    <p class='ocr_par' dir='ltr' id='par_1_104' title="bbox 1972 5044 3586 5118">
     <span class='ocr_line' id='line_1_104' title="bbox 1972 5044 3586 5118; baseline -0.007 -15"><span class='ocrx_word' id='word_1_698' title='bbox 1972 5045 2409 5103; x_wconf 88' lang='lat' dir='ltr'>celebrantibus:</span> <span class='ocrx_word' id='word_1_699' title='bbox 2449 5045 2544 5117; x_wconf 91' lang='lat' dir='ltr'>qui</span> <span class='ocrx_word' id='word_1_700' title='bbox 2573 5044 2704 5100; x_wconf 90' lang='lat' dir='ltr'>vivit</span> <span class='ocrx_word' id='word_1_701' title='bbox 2742 5051 2798 5099; x_wconf 88' lang='lat' dir='ltr'>et</span> <span class='ocrx_word' id='word_1_702' title='bbox 2833 5051 3030 5118; x_wconf 84' lang='lat' dir='ltr'>regnat</span> <span class='ocrx_word' id='word_1_703' title='bbox 3056 5059 3156 5114; x_wconf 90' lang='lat' dir='ltr'>per</span> <span class='ocrx_word' id='word_1_704' title='bbox 3201 5048 3407 5096; x_wconf 69' lang='lat' dir='ltr'>aeterna</span> <span class='ocrx_word' id='word_1_705' title='bbox 3432 5053 3586 5093; x_wconf 88' lang='lat' dir='ltr'>secu-</span> 
     </span>
    </p>
   </div>
   <div class='ocr_carea' id='block_1_105' title="bbox 1971 5140 2622 5199">
    <p class='ocr_par' dir='ltr' id='par_1_105' title="bbox 1971 5140 2622 5199">
     <span class='ocr_line' id='line_1_105' title="bbox 1971 5140 2622 5199; baseline -0.003 -3"><span class='ocrx_word' id='word_1_706' title='bbox 1971 5142 2148 5199; x_wconf 90' lang='lat' dir='ltr'>lorum</span> <span class='ocrx_word' id='word_1_707' title='bbox 2173 5140 2395 5199; x_wconf 67' lang='lat' dir='ltr'>saecula.</span> <span class='ocrx_word' id='word_1_708' title='bbox 2428 5140 2622 5196; x_wconf 80' lang='lat' dir='ltr'>Amen.</span> 
     </span>
    </p>
   </div>
  </div>
