3948 6044
1575 189 1924 245 SIGEBERTI
1966 188 2487 245 GEMBLACENSIS.
3589 192 3694 247 7‘8

357 194 462 249 747

915 534 1320 659 VITA
1405 531 2012 659 SANCTI
2095 531 3131 659 THEODARDI

1427 768 1723 825 EPISCOPI
1769 766 2243 823 TRAJECTENSIS
2291 766 2626 822 MARTYRIS

652 932 1336 1025 AUCTORE
1425 928 2253 1019 SIGEBERTO
2344 926 3395 1021 GEMBLACENSI

1129 1140 1431 1209 (Romam),
1471 1143 1604 1195 Acta
1636 1141 1977 1194 Sanctorum,
2024 1135 2176 1206 Sept.
2220 1141 2261 1189 t.
2305 1134 2398 1201 III,
2440 1134 2533 1189 die
2571 1151 2622 1193 κ.
2665 1151 2721 1204 p.
2764 1134 2913 1203 380.)

1827 1337 2211 1357 -————-L——-

906 1495 1112 1552 CAPUT
1142 1493 1419 1549 PRIMUM.
1999 1497 2047 1563 Α
2074 1490 2114 1544 ti
2148 1490 2290 1560 (974)
2323 1496 2576 1560 tempore
2615 1489 2955 1556 invaserant;
2989 1489 3170 1544 Asiam
3202 1504 3333 1545 vero
3367 1494 3422 1543 et
3463 1487 3705 1544 Africam

364 1597 480 1650 Vita
504 1598 634 1648 ante
653 1593 1017 1661 episcopatum
1050 1592 1464 1658 Trajectensem;
1505 1588 1752 1653 virtutes,
1780 1584 1974 1653 quibus
2075 1583 2240 1638 modo
2273 1582 2471 1649 Persis,
2514 1583 2679 1636 modo
2733 1581 3023 1637 Saracenis
3062 1581 3494 1647 incursantibus,
3544 1582 3702 1648 solae,

408 1718 413 1725 .
794 1663 1067 1718 ecclesiam
1094 1675 1254 1715 suam
1280 1661 1533 1713 illustrat.

2074 1692 2210 1748 quas
2238 1676 2427 1731 Franci
2444 1676 2780 1739 incolebant,
2812 1676 2997 1731 Galliae
3025 1676 3179 1732 ﬁrma
3204 1693 3338 1747 pace
3354 1675 3671 1750 gaudebant
3690 1696 3711 1725 ο

434 1771 633 1825 Beatus
661 1766 1038 1833 Theodardus,
1079 1771 1239 1820 natus
1268 1765 1324 1819 in
1375 1763 1565 1830 Gallia,
1605 1761 1847 1817 clarebal
1876 1776 1972 1833 pro
2075 1775 2131 1823 et
2157 1769 2375 1823 caeteris
2414 1768 2677 1840 gentibus
2716 1785 2814 1839 pro
2844 1769 3021 1823 salute
3053 1768 3445 1842 pugnantibus,
3499 1768 3691 1823 Franci

361 1858 532 1914 nobili
563 1864 851 1928 parentum
899 1853 1176 1926 prosapia,
1224 1852 1378 1925 regni
1408 1852 1579 1907 decus
1622 1859 1677 1906 et
1715 1850 1973 1905 Ecclesiae
2076 1872 2176 1927 pro
2206 1857 2382 1932 gloria
2410 1858 2754 1930 pugnabant,

361 1948 537 2024 gloria
568 1948 781 2003 futurus
855 1947 928 2001 Eo
956 1953 1204 2016 tempore
1244 1960 1474 2018 regnum
1534 1942 1862 1998 Francorum
1894 1958 1975 1996 re-
2144 1944 2197 2000 2.
2242 1946 2350 2000 Sed
2382 1947 2484 2000 hoc
2522 1961 2633 2001 non
2662 1953 2870 2002 tantum
2899 1946 3154 2001 humanae
3184 1946 3395 2012 virtuti,
3429 1954 3698 2017 quantum

361 2041 529 2113 gebat
555 2039 847 2110 Chilperici
879 2037 1026 2092 filius
1058 2037 1344 2092 Lotharius
1371 2035 1641 2107 (969-70),
1672 2035 1895 2090 nomine
1922 2041 1976 2088 et
2076 2034 2280 2089 divine
2308 2036 2496 2105 pietati
2532 2042 2615 2090 est
2650 2036 3063 2101 ascribendum,
3111 2052 3233 2108 quae
3261 2043 3392 2092 tunc
3435 2036 3703 2108 temporis

363 2129 686 2187 fortitudine
712 2128 961 2183 referens
1001 2143 1158 2183 avum
1208 2143 1364 2181 suum
1423 2125 1761 2191 Lotharium,
1801 2123 1972 2177 lilium
2076 2138 2337 2193 proceres
2371 2124 2526 2198 regni
2568 2130 2623 2178 et
2676 2124 2931 2179 Ecclesiae
2961 2133 3267 2180 armaverat
3323 2124 3617 2196 prudentia
3647 2131 3705 2179 et

361 2220 623 2277 Ludovici
664 2221 835 2289 '971),
890 2220 984 2291 qui
1042 2228 1266 2293 gentem
1323 2219 1674 2283 Francorum,
1725 2232 1913 2271 secum
1944 2232 1976 2269 a

362 2313 526 2369 beato
585 2312 837 2387 Remigio
895 2312 1037 2384 (972)
1096 2311 1450 2382 baptizatam,
1484 2310 1615 2364 fecit
1653 2308 1852 2363 ascribi
1907 2307 1974 2362 ad

361 2407 552 2462 aeterni
594 2406 740 2480 regis
768 2404 1040 2459 militiam.
1075 2404 1244 2475 Igitur
1284 2402 1387 2457 sub
1431 2400 1688 2456 Lothario
1728 2399 1975 2455 secundo

359 2496 739 2563 Theodardus,
772 2512 803 2550 a
832 2494 1065 2565 pueritia
1102 2509 1280 2565 usque
1307 2493 1376 2548 ad
1403 2492 1611 2548 bivium
1637 2491 1968 2546 adolescen-

357 2583 448 2639 tia:
480 2590 809 2655 provectus,
827 2582 1159 2653 contempsit
1189 2584 1348 2637 latam
1390 2581 1555 2646 viam,
1590 2581 1645 2634 in
1673 2595 1781 2651 qua
1821 2578 1970 2633 mul-

359 2675 445 2727 tos
473 2679 698 2727 vocatos
735 2672 1107 2727 sinistrorsum
1156 2671 1372 2745 evagari
1413 2670 1670 2734 videbat;
1722 2674 1775 2722 et
1805 2667 1972 2740 elegit

358 2769 563 2817 arctam
587 2761 752 2828 viam,
777 2777 876 2833 per
895 2778 1059 2833 quam
1091 2760 1253 2832 pauci
1284 2760 1442 2816 electi
1482 2760 1831 2815 dextrorsum
1850 2765 1973 2813 ten-

2076 2211 2428 2281 fortitudine,
2453 2214 2742 2269 sanctitate
2775 2220 2829 2268 et
2857 2214 3151 2284 sapientia,
3184 2220 3241 2269 ut
3272 2230 3374 2285 per
3411 2230 3508 2269 eos
3537 2214 3704 2289 longe

2076 2301 2298 2373 lateque
2350 2310 2769 2373 prosperarctur
2840 2318 3070 2376 regnum
3125 2310 3179 2357 et
3229 2302 3490 2357 Ecclesia.
3553 2303 3701 2367 Quos

2077 2395 2267 2465 quanti
2318 2395 2522 2449 faceret
2566 2396 2710 2449 Deus
2764 2401 2908 2450 totus
2938 2410 3080 2465 pene
3146 2395 3384 2448 mundus
3412 2394 3605 2460 sensit,
3640 2394 3697 2448 in

2075 2483 2182 2539 hoc
2214 2488 2447 2541 maxime
2498 2487 2648 2557 quod
2682 2501 2749 2541 eo
2780 2493 3032 2556 tempore
3075 2485 3355 2540 Heraclius
3394 2485 3699 2555 imperator

2076 2571 2467 2643 Romanorum,
2511 2576 2670 2631 victis
2727 2574 2920 2642 Persis,
2978 2591 3199 2630 crucem
3259 2574 3475 2641 Christi,
3519 2591 3687 2646 quam

2070 2670 2246 2725 Persa:
2278 2670 2503 2724 incensa
2546 2669 2882 2725 Hierusalem
2939 2676 3271 2740 asportatam
3319 2685 3495 2725 annos
3522 2671 3686 2741 quin-

2072 2763 2253 2817 decim
2305 2769 2616 2826 tenuerant,
2659 2764 2867 2818 revexit
2927 2763 2983 2816 in
3044 2762 3404 2830 Hierusalem,
3455 2772 3508 2819 et
3547 2764 3694 2818 diem

356 2853 513 2909 dunt.
557 2854 631 2908 Ex
658 2854 952 2910 devotione
981 2853 1189 2926 quippe
1223 2858 1512 2924 parentum
1543 2867 1768 2907 suorum
1816 2866 1977 2904 man-
2002 2851 2046 2860 “’
2078 2852 2432 2907 Exaltationis
2478 2853 2597 2919 ejus
2650 2851 2917 2906 celebrari
2984 2851 3181 2906 indixit
3238 2853 3399 2922 (9'75).
3450 2853 3513 2907 Ut
3546 2853 3697 2909 scia-

354 2943 571 3014 cipatus
599 2942 990 2998 monasteriali'
1018 2942 1349 3012 disciplinae,
1385 2940 1690 2996 voluntarie
1720 2938 1973 3010 portabat
2072 2960 2196 2999 mus
2233 2951 2438 3008 autem,
2465 2943 2574 3015 (qui
2621 2943 2832 2999 fuerint
2872 2944 2974 3012 illi,
3030 2960 3262 3015 quorum
3314 2946 3568 3015 exemplo
3605 2946 3697 3000 vel

353 3032 685 3107 levejugum
714 3034 931 3089 Christi.
983 3034 1046 3087 Et
1072 3033 1201 3104 quia
1224 3033 1378 3102 juxta
1406 3047 1598 3087 vocem
1630 3031 1968 3085 Dominicam
2072 3033 2319 3088 instituto
2350 3033 2710 3088 Theodardus
2738 3032 2969 3087 meliora
3000 3033 3329 3087 charismata
3386 3034 3695 3088 tumulaba-

353 3140 464 3181 non
491 3134 703 3197 poterat
725 3127 886 3182 arbor
923 3127 1059 3199 bona
1093 3128 1307 3194 fructus
1336 3127 1503 3181 malos
1549 3127 1729 3192 facere
1756 3126 1963 3191 (Matth.
2069 3129 2177 3187 tur,
2210 3138 2241 3177 a
2272 3122 2463 3193 paucis
2495 3121 2719 3187 multos,
2763 3138 2794 3175 a
2823 3120 3022 3176 vicinis
3072 3121 3430 3194 longinquos,
3459 3138 3490 3175 a
3543 3123 3695 3177 notis

351 3235 447 3288 vu,
473 3220 584 3288 18),
614 3220 947 3276 ostendebat
979 3221 1034 3275 in
1075 3220 1211 3276 ﬂore
1259 3220 1561 3276 crescentis
1592 3218 1770 3274 aetatis
1800 3235 1962 3290 quam
2065 3213 2391 3287 colligamus
2422 3214 2639 3284 ignotos
2714 3213 2773 3267 In
2814 3212 2882 3266 iis
2924 3212 3325 3282 praeeminebat
3371 3213 3692 3285 Arnulphns

349 3323 572 3364 suavem
603 3314 657 3364 et
688 3325 851 3380 quam
895 3309 1120 3364 uberem
1170 3308 1405 3364 fructum
1435 3308 1588 3363 daret
1618 3308 1672 3361 in
1715 3316 1965 3378 tempore
2066 3320 2130 3360 ex
2171 3305 2377 3375 majore
2410 3306 2608 3360 domus
2639 3305 2961 3360 Metensium
3022 3305 3319 3375 cpiscOpus
3350 3304 3516 3376 (976).
3569 3306 3687 3360 Eli-

348 3415 473 3455 suo.
534 3400 744 3471 Nempe
798 3400 972 3476 gratia
1025 3400 1142 3467 Dei,
1199 3416 1320 3472 quae
1358 3415 1482 3454 eum
1535 3406 1880 3471 praevenerat
1905 3408 1964 3453 ut
2063 3394 2186 3467 gius
2216 3410 2280 3448 ex
2315 3392 2543 3449 aurifice
2573 3401 2700 3464 post
2738 3393 3120 3449 Noviomensis
3149 3395 3466 3465 episc0pus,
3518 3395 3691 3450 Joan-

349 3490 497 3547 bona
526 3492 713 3561 vellet,
743 3492 1192 3564 subsequebatur
1220 3493 1385 3548 etiam
1435 3500 1493 3547 ut
1528 3489 1795 3563 perficere
1833 3506 1961 3561 pos-
2063 3501 2160 3540 nes
2180 3485 2345 3540 etiam
2373 3486 2709 3560 Tungrensis
2737 3501 2801 3540 ex
2829 3486 2969 3541 laico
3018 3486 3074 3539 in
3115 3485 3435 3556 episcopum
3484 3487 3686 3543 eodem

343 3587 445 3636 set.
479 3581 629 3637 Sicut
657 3582 827 3645 enim,
877 3582 1159 3637 arridente
1198 3580 1434 3652 tempori
1465 3581 1609 3635 bona
1648 3580 1795 3634 aeris
1820 3586 1960 3634 tem-
2060 3574 2241 3647 signo,
2275 3590 2387 3645 quo
2419 3574 2630 3645 primus
2657 3576 2855 3641 Aaron,
2887 3590 2919 3628 a
2960 3575 3071 3629 Deo
3115 3575 3361 3639 electus;
3409 3575 3536 3629 dum
3581 3576 3689 3630 hu-

343 3673 517 3745 perie,
548 3675 778 3731 uberius
796 3674 1277 3740 terrafructiﬁcat;
1307 3675 1379 3728 ita
1399 3682 1646 3744 tempore
1682 3674 1826 3747 regis
1856 3673 1958 3728 Lo-
2054 3664 2147 3732 ius
2168 3681 2390 3737 quoque
2441 3665 2612 3739 virga,
2647 3681 2811 3736 quam
2838 3681 3005 3719 manu
3064 3666 3337 3739 gestabat,
3369 3666 3427 3720 in
3473 3674 3678 3721 terram

342 3766 505 3821 tharii
536 3767 703 3837 (973),
745 3768 1023 3822 arridente
1081 3783 1264 3822 rerum
1312 3766 1731 3837 tranquillitate,
1770 3772 1959 3820 sancta
2052 3760 2211 3828 jussu
2250 3761 2431 3835 angeli
2462 3759 2641 3815 deﬁxa
2669 3761 2916 3827 reviruit,
2948 3760 3214 3829 fronduit,
3244 3759 3447 3826 ﬂoruit,
3491 3759 3681 3815 fructi-

342 3854 586 3910 Ecclesia
618 3857 674 3910 in
712 3856 917 3910 sanctis
966 3854 1062 3909 Dei
1116 3854 1346 3909 uberius
1390 3853 1784 3921 i‘ructificabat;
1815 3871 1957 3925 quos
2058 3849 2257 3906 ficavit.
2290 3850 2448 3906 Tales
2466 3852 2822 3907 Theodardus
2860 3852 3129 3907 imitando
3158 3850 3213 3904 in
3244 3851 3467 3924 gemina
3493 3851 3679 3905 scien-

341 3943 581 3997 exterius
612 3943 763 3997 nulla
800 3950 894 3997 aut
937 3958 1057 3997 rara
1095 3959 1278 3997 rerum
1320 3942 1561 4013 procella
1592 3943 1950 4014 inquietabat.
2057 3942 2130 3997 tia
2179 3942 2541 4014 proficiebat;
2599 3944 2792 3999 borum
2834 3943 2993 3998 lateri
3051 3943 3361 4009 adhaerens,
3417 3941 3677 4013 palatinis

340 4030 473 4086 Nam
505 4032 847 4088 ferventibus
884 4033 1046 4087 bellis
1067 4049 1166 4103 per
1204 4040 1375 4088 totum
1402 4049 1545 4104 pene
1562 4035 1751 4089 orbem
1780 4042 1954 4089 terra-
1992 4105 2017 4109 _
2055 4037 2402 4109 principibus
2424 4047 2588 4093 notus
2615 4046 2670 4094 et
2695 4039 2897 4094 charus
2939 4047 3056 4093 erat
3086 4038 3247 4106 (977).

339 4139 483 4191 rum,
507 4123 882 4199 Langobardis
936 4124 1143 4181 Italiam
1180 4124 1526 4191 vexantibus,
1560 4141 1722 4197 quam
1756 4105 2023 4182 recen-C
2055 4105 2070 4108 _
2122 4126 2174 4183 3.
2215 4105 2332 4182 J-am
2373 4126 2519 4181 fama
2547 4127 2618 4182 de
2650 4128 2875 4182 nomine
2933 4127 3053 4196 ejus
3102 4105 3428 4181 ascenderat
3456 4124 3523 4180 ad
3577 4140 3668 4180 so-

406 4292 658 4370 (969-70)
684 4294 871 4370 sancti
891 4295 1019 4370 Acta
1040 4310 1071 4349 a
1099 4294 1386 4370 Sigeberto
1414 4294 1683 4370 monacho
1703 4295 1952 4350 Cembla-
2050 4296 2301 4370 contigit.

339 4365 493 4419 ccusi
533 4365 865 4438 conscripta,
920 4367 1012 4438 qui
1054 4365 1186 4421 sub'
1216 4365 1392 4438 linem,
1438 4367 1625 4421 saeculi
1683 4383 1735 4420 χι
1776 4373 1829 4421 et
1859 4383 1948 4422 se-
2124 4365 2270 4438 (97d)
2301 4368 2407 4422 Seu
2432 4366 2689 4423 Clodevei
2716 4367 2757 4422 I.

337 4438 559 4561 guentis
589 4437 808 4492 initium
841 4437 1048 4501 floruit,
1088 4438 1177 4494 hic
1233 4437 1571 4519 recuduntur
1599 4454 1664 4492 ex
1703 4438 1948 4493 editione
2122 4439 2268 4561 (979i
2298 4439 2525 4492 Dabitur
2548 4440 2579 4520 .1
2610 4438 2879 4494 Octobris.

377 4523 508 4561 um.
542 4524 703 4561 auam
734 4525 798 4561 ex
839 4510 1062 4561 duobus
1092 4524 1205 4561 mss
1275 4510 1404 4561 hinc
1434 4509 1561 4561 inde
1615 4509 1943 4561 emendabo.
2143 4510 2269 4561 973)
2297 4510 2597 4561 Seauenha
2645 4509 2713 4561 ad
2746 4511 2879 4561 Loth

377 4508 508 4581 urii,
542 4524 703 4580 quam
734 4510 1062 4581 exduobus
1092 4524 1205 4563 mss
1275 4508 1404 4581 hinc
1434 4509 1561 4563 inde
1615 4509 1943 4565 emendabo.
2123 4508 2269 4579 (973)
2297 4510 2597 4581 Sequentia
2645 4509 2713 4563 ad
2746 4509 2987 4565 Lotharii
3019 4509 3419 4581 monarchiam,
3461 4523 3560 4581 seu
3592 4508 3662 4563 ad

336 4577 426 4652 Sic
489 4577 576 4633 ex’
597 4596 709 4635 mss
764 4580 872 4635 illis
896 4581 1002 4636 hoc
1034 4582 1153 4635 loco
1187 4580 1344 4650 posui
1371 4582 1650 4650 Chilperici
1680 4582 1829 4652 (ﬁlius
1856 4586 1949 4636 Lo-
2050 4577 2286 4652 tempus,
2329 4577 2480 4652 quod
2509 4581 2578 4635 ab
2608 4597 2754 4636 anno
2793 4582 2897 4636 613
2928 4597 3104 4652 usque
3130 4582 3198 4635 ad
3237 4582 3341 4636 628
3361 4579 3538 4647 ﬂuxit,
3575 4595 3666 4635 re-

337 4650 561 4727 εὴανξιιιξ⁵
605 4667 705 4727 pro
769 4653 1228 4727 Cliitdericiﬁlius
1281 4651 1700 4727 Clotarius,_uti_
1751 4652 1950 4727 legitur
2048 4650 2276 4727 ferenda
2306 4650 2453 4727 sunt.

336 4718 482 4796 apud
531 4718 770 4775 Sui-ium.
812 4722 1097 4796 Imprimis
1140 4732 1363 4796 certum,
1413 4718 1850 4796 est,'Lothar‘io
1904 4724 1945 4778 ll
2050 4723 2260 4796 ((974)
2328 4722 2670 4796 Langobardi
2725 4722 2780 4777 in
2848 4722 3059 4778 Italiam
3129 4722 3449 4794 irruperunt
3514 4737 3664 4779 anno

336 4744 482 4788 upuu
531 4744 770 4775 DUI‘IUIII.
823 4744 898 4776 IIII
947 4744 1097 4777 I'lmIS
1150 4744 1359 4778 CCI‘IUIH
1413 4744 1527 4788 CSl,
1590 4744 1844 4778 LOIIlilI'IO
1904 4744 1945 4778 ιι
2140 4744 2169 4779 υ

335 4787 669 4871 ξτίιηορτιιῐη
710 4792 848 4864 regi,
883 4744 949 4848 die
989 4809 1113 4871 quo_
1139 4794 1230 4848 hic
1252 4795 1482 4871 _ag_itur_,
1526 4803 1733 4863 patrem
1779 4792 1946 4849 fuisse
2046 4744 2169 4871 ὅδὲ.

336 4860 696 4936 Suessionum
728 4860 938 4936 regem,
966 4860 1191 4919 nomine
1246 4860 1632 4936 Chilpericum,
1674 4880 1785 4919 non
1815 4881 1944 4921 vero

337 4880 696 4917 DueSSIODum
728 4880 787 4919 re
829 4880 938 4931 em,
966 4880 1191 4919 nomine
1246 4880 1632 4936 uulpericum,
1674 4880 1785 4919 non
1815 4881 1944 4921 vero

337 4930 726 4989 Childericum.
783 4880 949 4990 ᾖαιυί
995 4944 1175 4991 autem
1223 4952 1287 4990 ex
1314 4937 1476 4992 dictis
1519 4953 1632 4990 mss
1701 4936 1945 4991 scribere

333 5003 616 5078 Lotltarius
645 5022 808 5077 quam
850 5008 1133 5074 Ctotarius,
1194 5008 1322 5078 quia
1362 5009 1510 5077 prior
1556 5007 1719 5062 lectio
1762 5007 1947 5077 primi-

330 5075 494 5198 genia
531 5075 679 5131 mihi
712 5079 948 5141 videtur,
982 5096 1102 5133 cum
1138 5075 1495 5152 in'Sigeberti
1533 5075 1946 5133 Gemblacensis

373 5145 605 5198 hronico
632 5157 687 5198 et
715 5149 837 5198 aliis
865 5151 984 5198 eius
1012 5149 1484 5198 lucubrationibus
1523 5150 1731 5198 ubique.
1788 5150 1942 5198 inve-

373 5145 605 5221 hronico
632 5157 687 5204 et
715 5149 837 5204 aliis
865 5151 984 5218 ejus
1011 5145 1484 5221 lucubrationibus
1523 5150 1731 5221 ubique
1787 5150 1942 5204 inve-

330 5218 845 5292 nerimtotharius.
885 5221 1148 5292 Regnavit
1178 5220 1246 5292 ab
1286 5236 1430 5276 anno
1477 5221 1602 5285 584,
1637 5218 1745 5291 quo
1786 5228 1944 5291 pater

329 5287 450 5363 ejus
478 5289 843 5363 Chilpericusi
875 5287 1197 5363 interfectus
1227 5291 1347 5359 fuit,
1394 5307 1572 5363 usque
1625 5287 1694 5345 ad
1733 5287 1937 5345 annum

328 5356 610 5437 §?8,_non'
628 5378 757 5437 vero
799 5362 867 5437 ab
912 5378 1061 5437 anno
1089 5362 1192 5417 587
1223 5356 1402 5437 usque
1452 5356 1675 5437 adtigi,
1726 5372 1786 5416 ut
1826 5363 1941 5437 vult

327 5428 650 5504 Sigebertuﬁs
698 5433 754 5487 in
810 5433 1109 5499 Chronico;
1160 5434 1251 5504 qui
1311 5428 1473 5488 etiam
1532 5434 1755 5499 fallitur,
1807 5433 1936 5488 dum

326 5500 582 5580 eumdem
615 5503 928 5559 Lotharium
970 5505 1013 5558 II
1042 5500 1193 5580 anno
1208 5505 1314 5580 610
1352 5505 1515 5580 totius
1533 5504 1789 5580 Francia?
1818 5520 1941 5580 mo;

326 5571 613 5626 uarchium
655 5584 1011 5632 consecutum
1035 5574 1205 5633 fuisse
1230 5576 1333 5643 ait;
1365 5576 1421 5631 id
1454 5575 1603 5631 enim
1643 5590 1790 5632 anno
1831 5576 1936 5631 613

2117 4866 2253 4934 (975)
2280 4864 2515 4920 Consule
2546 4864 2740 4921 obvios
2778 4880 2961 4920 rerum
2989 4863 3489 4920 ecclesiasticarum
3521 4864 3665 4919 scri-

2048 4943 2246 5007 plores.

2116 5007 2263 5077 (97(3)
2307 5006 2492 5061 Sancti
2533 5006 2695 5074 hujus
2764 5007 2895 5063 Acta
2946 5007 3214 5061 illustrata
3283 5013 3412 5061 sunt
3477 5004 3545 5059 ad
3602 5005 3662 5062 l8

2042 5078 2194 5145 Julii,
2225 5076 2317 5132 tibi
2353 5078 2408 5131 in
2457 5077 2859 5134 Commentario
2914 5078 3168 5149 praevio§
3198 5078 3233 5130 2
3274 5076 3556 5147 probatur.
3593 5077 3665 5131 il-

2044 5149 2155 5219 lum
2213 5157 2339 5204 ante
2379 5149 2756 5219 episcopatum
2812 5151 3073 5218 majorem
3118 5152 3315 5205 domus
3353 5149 3515 5219 regiae
3547 5163 3660 5202 non

2042 5218 2232 5275 fuisse.
2302 5220 2358 5273 S.
2412 5218 2695 5290 Arnulpho
2745 5220 2835 5275 hic
2891 5221 3262 5291 subjuguntur
3325 5219 3381 5275 S.
3417 5218 3659 5289 'Eligius,

2041 5291 2256 5345 dandus
2285 5291 2353 5345 ad
2384 5291 2530 5346 diem
2560 5292 2582 5345 1
2614 5291 2954 5360 Decembris,
2988 5299 3043 5346 et
3070 5294 3122 5345 S.
3148 5292 3430 5347 Johannes
3450 5292 3660 5362 Agnus,

2041 5362 2204 5417 datus
2233 5363 2299 5417 ad
2330 5363 2400 5416 25
2419 5363 2569 5417 Julii.

2109 5434 2254 5560 (I977)
2290 5434 2596 5490 Admodum
2626 5442 2880 5505 suspecta
2919 5434 3055 5490 mihi
3098 5439 3245 5497 sunt,
3292 5446 3417 5505 qua
3460 5429 3550 5487 hic
3587 5431 3661 5487 de

2154 5504 2437 5560 heodardo
2467 5513 2812 5560 asseruntur.

2039 5504 2093 5561 S.
2109 5504 2437 5561 Theodardo
2467 5504 2812 5562 asseruntur.
