3948 6044
274 250 382 308 749

1525 281 1530 284 ι
1596 259 1743 315 νιτΑ
1786 261 1841 316 S.
1883 261 2282 330 THEODARDI.

3505 304 3609 362 750

273 383 410 440 lium
449 385 744 458 Dagoberti
777 383 948 492 (978),
1004 393 1130 488 post
1170 395 1382 492 patrem
1433 387 1746 492 Eotharium
1805 404 1893 445 τε·
1913 397 1970 466 Α
1996 397 2138 455 citur
2199 403 2676 466 Malmundarium.
2747 413 2808 468 Hi
2841 455 2856 484 ,
2915 426 3320 486 communicato
3375 435 3606 492 consilio

273 479 522 553 gnantis:
553 487 609 534 et
637 486 760 550 post
788 478 987 532 famam
1017 479 1222 534 veritas
1253 479 1351 550 [rei
1381 479 1451 535 ad
1481 479 1724 535 animum
1750 497 1894 552 quo-

274 588 382 644 que
413 573 562 646 regis
592 573 746 628 illum
774 573 1118 629 admittebat.
1159 573 1390 664 Jamque
1414 575 1602 664 ‘Deus,
1655 575 1748 646 qui
1793 591 1896 646 po-
1990 597 2045 646 ιο
2073 593 2214 664 (981)

277 668 400 717 lens
427 669 566 731 erat,
601 669 658 718 ut
707 663 763 718 in
793 677 950 719 servo
990 676 1092 717 suo
1139 661 1465 717 Theodardo
1510 678 1729 717 omnem
1774 679 1895 738 gra-

276 754 403 810 tiam
462 756 744 811 abundare
797 755 1020 821 faceret,
1074 754 1301 824 parabat
1357 770 1598 822 causam,
1641 763 1702 810 ut
1744 755 1893 812 inter

274 851 430 906 mulli
457 851 700 908 nominis
729 851 877 908 viros
905 851 1053 905 hunc
1082 865 1304 922 quoque
1335 850 1506 906 multo
1537 849 1762 904 nomine
1801 850 1889 905 di-

269 960 440 1018 gnum
462 943 684 1000 faceret.
715 945 998 1016 Siquidem
1043 943 1145 998 sub
1177 942 1484 1017 Dagoberto
1524 957 1622 1012 pro
1653 941 1886 998 feliciori

275 1034 541 1106 temporis
593 1035 742 1090 illius
795 1049 1055 1090 successu
1103 1033 1276 1087 multo
1315 1031 1502 1102 plures
1545 1031 1888 1086 accendebat

270 1127 450 1201 gratia
477 1127 713 1199 Spiritus
761 1127 960 1194 sancti,
994 1132 1053 1181 ut
1085 1140 1182 1196 pro
1231 1123 1509 1179 lucrandis
1537 1123 1648 1178 Deo
1684 1124 1890 1178 anima-

273 1219 377 1274 bus
408 1235 633 1290 operam
653 1220 850 1274 darent
871 1219 928 1273 in
951 1216 1253 1272 fundandis
1282 1215 1651 1271 monasteriis.
1679 1215 1890 1270 Primus

271 1314 468 1369 horum
523 1314 760 1370 occurrit
790 1313 954 1370 nobis
986 1312 1341 1378 Landelinus,
1401 1309 1493 1382 qui
1519 1327 1585 1365 ex
1625 1311 1888 1382 praedone

271 1404 326 1458 in
361 1419 673 1475 praeconem
697 1402 826 1459 ﬁdei
856 1404 1140 1470 alteratus,
1171 1401 1440 1458 Lobiense
1461 1401 1772 1456 coenobium
1808 1401 1892 1458 fe-

271 1497 346 1552 cit
375 1512 500 1551 esse
540 1495 960 1552 fundamentum
1019 1509 1132 1550 sua
1177 1493 1508 1549 devotionis.
1551 1492 1890 1566 Aldegundis

273 1588 571 1642 thalamum
624 1605 740 1644 sua:
789 1587 1121 1662 virginitatis
1173 1600 1380 1656 sponso
1425 1599 1524 1639 suo
1567 1583 1777 1638 Christo
1833 1583 1889 1638 in

1993 515 2114 555 cum
2160 504 2416 564 Remaclo
2447 511 2849 586 Tungrensium
2903 523 3168 596 episcopo
3228 535 3282 584 et
3342 531 3606 590 Cuniber-

2261 597 2575 658 Coloniensi
2619 607 2906 686 episcOpo,
2957 615 3026 668 ad
3066 633 3300 688 quorum
3331 623 3606 682 dioeceses

1992 681 2111 782 loca
2169 681 2728 782 illaAappendebant,
2778 700 2988 757 nullum
3055 681 3230 782 magis
3279 681 3603 774 Theodardo

1992 770 2252 830 idoneum
2284 778 2637 850 invenerunt,
2671 803 2832 858 quem
2859 791 2992 848 locis
3015 793 3122 850 illis
3145 770 3516 874 praeficerem,
3545 818 3605 863 ut

1988 877 2392 938 superponeret
2418 874 2700 944 spirituale
2725 881 3150 946 fundamentum
3174 893 3235 946 in
3258 909 3468 953 sunsz
3497 915 3604 954 an-

1986 954 2170 1021 gulari
2186 957 2370 1043 Διαρίιιιξ
2397 963 2598 1017 Christo
2617 969 2744 1021 Iesu
2775 970 2978 1038 (Ep/tes.
3003 991 3060 1042 ιι,
3094 976 3200 1043 10).

2057 1046 2111 1112 5,
2153 1039 2511 1108 Theodardus
2535 1072 2666 1112 vero
2683 1059 2865 1116 sciens
2895 1066 3040 1135 quod
3080 1083 3245 1137 onus,
3276 1087 3387 1128 non
3404 1075 3600 1145 honor,

1990 1141 2296 1238 imponitur
2315 1161 2552 1215 prmesse
2581 1153 2876 1219 nescienti,
2901 1159 3144 1218 malebat
3171 1180 3296 1219 esse
3321 1184 3481 1238 quam
3505 1141 3608 1227 vo;-

1989 1231 2101 1321 cari
2140 1231 2333 1299 abbas,
2368 1244 2446 1305 ut,
2488 1242 2672 1297 omnia
2703 1247 2964 1304 omnibus
2994 1253 3186 1321 iactus,
3220 1231 3604 1318 omneslucri-

1993 1319 2218 1426 faceret.
2252 1325 2533 1425 Postremo
2568 1334 2726 1389 talem
2771 1353 2832 1392 se
2859 1342 3127 1412 exhibuit,
3163 1319 3222 1402 ut
3262 1365 3293 1402 a
3340 1368 3511 1426 regno
3553 1362 3608 1409 et

1992 1411 2060 1465 ab
2077 1413 2310 1469 ecclesia
2335 1420 2530 1475 merito
2561 1421 2836 1479 diceretur
2863 1429 2949 1483 ei:
3000 1411 3169 1504 Major
3210 1443 3293 1491 est
3333 1411 3606 1510 sapientia

1993 1508 2171 1600 tuamet
2209 1507 2418 1578 majora
2460 1525 2630 1582 Opera
2659 1522 2774 1584 tua,
2821 1535 2983 1590 quam
3023 1539 3211 1582 rumor
3239 1507 3410 1600 quam
3445 1533 3514 1587 de
3553 1543 3604 1591 te

1991 1594 2320 1652 audivimus.
2364 1599 2654 1660 Remaclus
2686 1623 2785 1677 pro
2818 1611 3087 1683 regimine
3119 1594 3454 1692 Tungrensis
3482 1626 3604 1695 epi-

272 1680 640 1736 Malbodiensi
687 1677 1193 1778 coenobiolocavit.
1211 1677 1396 1786 'Sor‘or
1435 1676 1554 1775 ejus
1581 1675 1890 1786 Waldetru-
1920 1717 1970 1786 B
1993 1694 2252 1758 scopatus
2278 1698 2507 1760 paterna
2532 1675 2757 1766 quidem
2782 1675 3158 1764 sollicitudine
3177 1675 3603 1781 lab’oraba‘tJSred

271 1771 358 1825 dis
387 1771 789 1846 sexagesimum
823 1767 1180 1824 continentiae
1211 1766 1444 1822 fruclum
1468 1765 1525 1820 in
1556 1765 1889 1878 r‘nonasterio
1922 1765 1970 1786 υ
1992 1781 2098 1836 hoc
2118 1799 2244 1838 eum
2265 1785 2408 1842 male
2429 1789 2688 1861 habebat,
2711 1797 2862 1865 quod
2887 1800 3030 1856 male
3061 1803 3170 1858 sibi
3197 1765 3602 1878 Γεδρᾶᾖὰέΐᾶἶῐ

271 1857 650 1878 nAA.A!I-____:
707 1857 994 1878 --μ2μ---ξι
1070 1855 1230 1878 l‘--2--_
1269 1870 1503 1878 -m.._..---
1615 1853 1888 1878 2..--..11.--
2327 1876 2338 1878 _

269 1857 654 1914 Castrilocensi
704 1857 1018 1913 seminavit.
1069 1855 1234 1927 Cujus
1267 1870 1505 1926 sponsus
1567 1855 1890 1910 Vincentius
1989 1885 2288 1942 ριιονθηιυε
2317 1876 2610 1936 fructuum,
2643 1855 2795 1941 [inae
2819 1855 3601 1966 permsug'lgbgﬁgﬁggﬁl

271 1955 613 2026 triumphato
665 1953 910 2018 mundo,
970 1953 1229 2008 vexillum
1284 1952 1394 2006 Deo
1441 1951 1498 2005 in
1557 1949 1888 2006 Alte-Monte

265 2043 464 2100 erexit.
512 2043 719 2116 Ecquid
758 2059 887 2099 vero
925 2057 1066 2114 Opus
1091 2049 1174 2097 est
1204 2041 1508 2114 praedicare
1540 2040 1883 2096 nobilitatem

267 2126 552 2185 Gertrudis
601 2130 944 2194 Nivellensis,
981 2130 1138 2199 cujus
1177 2129 1418 2186 nominis
1447 2129 1623 2203 gloria
1661 2136 1744 2185 est
1781 2129 1885 2184 dif-

263 2214 459 2284 fusior,
500 2235 666 2290 quam
697 2227 808 2273 tota
838 2218 1012 2273 Gallia
1031 2217 1059 2272 ?
1089 2218 1179 2272 His
1209 2217 1515 2274 cultoribus
1543 2216 1674 2272 fidei
1695 2217 1883 2273 Domi-

260 2327 390 2367 num
425 2313 622 2368 messis
649 2313 994 2388 rogantibus,
1019 2321 1080 2369 ut
1117 2313 1174 2367 in
1205 2313 1427 2368 multam
1471 2328 1705 2368 messem
1737 2313 1884 2368 mul-

259 2407 348 2456 tos
386 2403 667 2474 cperarios
697 2404 958 2472 mitteret,
994 2405 1320 2480 peregrinos
1353 2404 1638 2475 operarios
1687 2405 1884 2460 direxit

259 2507 291 2544 a
346 2492 727 2546 transmarinis
785 2494 1033 2563 partibus
1101 2495 1446 2560 Bertuinum,
1514 2493 1765 2550 Ettonem
1827 2502 1882 2550 et

261 2585 422 2654 alios,
449 2585 751 2641 Foillanum
793 2604 916 2642 cum
959 2587 1221 2644 fratribus
1246 2588 1362 2643 suis
1402 2588 1624 2644 Ultrano
1655 2599 1710 2643 et
1739 2588 1880 2644 Fur—

261 2689 379 2741 seo,
412 2689 477 2728 ex
525 2675 725 2746 quibus
755 2675 1030 2732 Foillanus
1085 2677 1346 2732 Fossense
1385 2677 1700 2732 coenobium
1728 2679 1882 2750 fiun-

264 2768 416 2824 davit
445 2779 500 2824 et
531 2770 792 2842 martyrio
815 2787 914 2827 suo
941 2771 1173 2827 sacravit
1211 2771 1380 2843 (979).

336 2857 390 2912 4.
437 2857 691 2914 Ρτεεγίἀίῑ
715 2874 846 2914 vero
868 2859 1070 2915 divinae
1101 2859 1535 2932 dispensationis
1563 2861 1780 2930 oculus,
1810 2877 1879 2917 ne

269 2949 417 3004 inter
457 2957 533 3006 tot
563 2957 618 3006 et
640 2952 778 3006 tales
809 2952 956 3007 viros
983 2951 1184 3008 dilecto
1212 2969 1313 3008 suo
1365 2953 1690 3008 Theodardo
1718 2954 1880 3008 dces-

260 3047 347 3093 set
375 3038 549 3106 locus,
580 3039 638 3094 in
667 3056 778 3112 quo
819 3048 873 3095 et
897 3040 1037 3112 ipse,
1087 3047 1271 3096 erecto
1297 3040 1506 3096 fornice
1539 3041 1874 3114 triumphali,

255 3131 518 3187 victorias
535 3147 664 3186 suas
689 3131 1042 3206 depingeret,
1073 3131 1320 3204 etspolia
1341 3133 1410 3188 de
1438 3133 1692 3188 hostibus
1719 3142 1878 3206 capta

251 3217 520 3292 aftigeret.
557 3219 881 3293 Sigebertus
910 3227 1036 3291 post
1065 3221 1278 3292 patrem
1312 3237 1472 3276 suum
1505 3223 1874 3296 Dagobertum

259 3327 498 3386 regnans
529 3311 585 3366 in
617 3312 857 3382 Austria,
886 3312 1187 3385 potentiam
1211 3313 1450 3388 regalem
1481 3314 1880 3370 honoriticabat

251 3403 450 3460 affectu
501 3405 702 3461 divinae
724 3405 1037 3480 religionis,
1067 3417 1126 3462 ut
1151 3407 1413 3479 probaret
1443 3423 1553 3464 non
1581 3425 1704 3464 esse
1735 3409 1878 3466 otio-

249 3513 398 3566 sum,
428 3497 575 3568 quod
615 3499 759 3553 Deus
787 3499 856 3553 de
906 3513 973 3554 eo
1003 3501 1337 3569 ostenderat,
1369 3500 1716 3556 miraculum.
1743 3501 1874 3556 Nam

257 3604 384 3644 cum
421 3595 648 3645 sanctus
679 3590 962 3645 Amandus
1017 3591 1379 3648 catechizaret
1426 3609 1574 3658 eum,
1621 3593 1709 3648 vix
1748 3611 1878 3666 qua-

251 3677 504 3752 draginta
537 3678 658 3734 dies
687 3695 718 3733 a
746 3679 1029 3735 nativitate
1060 3675 1374 3748 habentem,
1409 3681 1563 3736 finita
1601 3682 1873 3754 oratione,

254 3785 380 3826 cum
451 3785 616 3826 nemo
677 3769 1147 3826 circumstantium
1209 3773 1590 3844 responderet.
1681 3777 1874 3842 Amen,

250 3862 494 3934 asperuit
513 3863 657 3919 Deus
681 3878 744 3919 os
773 3863 914 3934 ejus,
947 3870 1023 3932 et,
1059 3865 1274 3920 cunctis
1304 3865 1682 3933 audientibus,
1724 3867 1869 3922 clara

249 3972 384 4012 voce
429 3956 738 4028 respondit:
801 3958 976 4014 Amen
1033 3959 1207 4029 (980).
1253 3959 1347 4015 Hic
1383 3962 1552 4016 Deum
1598 3962 1870 4033 adoptans

251 4051 358 4106 sibi
391 4067 571 4107 rerum
626 4067 852 4108 suarum
913 4054 1213 4122 haeredem,
1245 4053 1538 4110 duodecim
1587 4056 1871 4112 constituit

251 4140 622 4206 monasteria;
661 4141 763 4196 sed
822 4143 878 4196 in
928 4141 1211 4199 fundendo
1257 4142 1572 4199 Stabulensi
1614 4146 1870 4202 ccenobio

251 4232 537 4303 mpensius
567 4232 832 4297 instabat,
875 4239 1212 4304 cooperante
1255 4233 1364 4288 sibi
1417 4234 1625 4305 majore
1671 4236 1870 4292 domus

253 4323 566 4380 Grimoaldo
615 4325 673 4380 in
703 4323 1033 4380 aediﬁcando
1065 4325 1398 4382 monasterio
1431 4325 1488 4380 in
1517 4327 1638 4382 loco
1669 4328 1762 4399 qui
1794 4329 1872 4384 di-

328 4491 471 4564 (978)
526 4493 652 4548 Post
705 4493 1018 4564 Lotharium
1059 4493 1103 4548 Il
1132 4509 1276 4550 anno
1306 4494 1412 4552 628
1455 4503 1729 4552 mortuum
1779 4514 1869 4553 re-

249 4563 441 4646 gnavit
477 4563 650 4645 ipsius
701 4563 850 4646 filius
887 4565 1228 4646 Qagobertus
1268 4565 1288 4618 Ι
1325 4568 1606 4646 usquead
1641 4585 1864 4646 _an_num

251 4633 382 4714 _638,
431 4633 541 4714 quo
567 4635 826 4714 _i_neunte
879 4633 1017 4690 obiit
1086 4636 1310 4714 Mortem
1358 4633 1685 4714 Dagoberti‘
1713 4639 1870 4714 Sige—

251 4705 529 4780 bertusgin
548 4705 832 4780 Chronico
871 4721 1156 4780 perperam
1199 4707 1372 4780 illigat
1411 4705 1557 4763 anno
1583 4709 1706 4764 643.

323 4776 465 4848 (979)
507 4777 804 4848 Plerosque
842 4776 1062 4834 sanctos
1101 4778 1208 4834 hoc
1265 4776 1497 4835 numero
1538 4787 1870 4837 memoratos

253 4845 529 4902 dederunt
557 4845 797 4916 majores
830 4849 1030 4914 nostri;
1075 4849 1336 4904 Furseum
1386 4851 1456 4904 ad
1493 4851 1639 4905 diem
1668 4852 1736 4908 16
1767 4853 1866 4907 Ja-

251 4919 457 4980 nuarii,
490 4918 870 4988 Aldegundem
907 4919 976 4974 ad
1033 4920 1102 4975 30
1130 4920 1402 4988 ejusdem.
1437 4922 1758 4978 Gertrudem
1800 4925 1870 4978 ad

257 4989 559 5062 17__lllartii,
602 4989 1013 5062 Waldetrudem
1053 4991 1120 5046 ad
1174 4993 1208 5046 9
1246 4992 1469 5062 Aprilis,
1513 4993 1767 5048 Ultanum
1801 4996 1868 5049 ad

256 5059 280 5111 1
327 5059 470 5115 Maii.
502 5061 868 5116 Landelinum
899 5061 968 5115 ad
998 5062 1067 5116 15
1101 5063 1269 5124 Junii,
1292 5059 1554 5119 ‘Ettonem
1587 5065 1653 5118 ad
1682 5067 1742 5120 tO
1775 5065 1870 5120 Ju-

254 5129 610 5203 ﬁi,_»denique
659 5132 1002 5188 Vincentium
1045 5133 1110 5187 ad
1155 5134 1224 5187 M
1253 5133 1501 5203 ejusdem
1530 5136 1757 5191 mensis.
1794 5138 1869 5192 De

254 5200 497 5274 Eoillano
519 5200 732 5274 'agetur
757 5203 825 5258 ad
855 5204 918 5260 31
969 5203 1242 5270 Octobris,
1283 5200 1352 5259 de
1402 5207 1661 5261 Bertuino
1691 5209 1761 5262 ad
1801 5209 1861 5262 11

249 5271 601 5350 ῌονεηιιπὶεἶ
641 5275 1112 5350 iix_m9nast_eriis,
1141 5291 1268 5350 quae
1318 5277 1638 5350 sigebertus
1669 5280 1865 5333 eodem

254 5341 363 5421 hoc
389 5360 618 5400 numero
649 5345 753 5421 sub
796 5341 1410 5421 Dagoberto‘l'conditii
1443 5347 1612 5421 fuisse
1653 5349 1869 5414 scribit,

251 5413 461 5468 nullum
517 5423 633 5488 est,
663 5416 823 5488 cujus
861 5413 1166 5488 primordia
1218 5424 1333 5474 tuto
1375 5419 1568 5474 credas
1599 5413 1872 5476 anteriora

220 5489 373 5563 esse
404 5493 578 5563 morte
621 5487 782 5563 istius
828 5487 974 5563 regis
1005 5505 1106 5544 seu
1150 5505 1296 5544 anno
1333 5489 1439 5563 638
1466 5489 1724 5563 ineunte:
1761 5493 1871 5548 imo

244 5553 366 5636 fere
417 5557 600 5636 ausim
629 5557 870 5636 _dicere,_
890 5553 992 5616 "tot
1028 5575 1250 5636 errores
1288 5561 1572 5636 comisisse
1611 5561 1870 5636 Sigeber-

247 5632 391 5752 ξιιιιῖι,
411 5636 558 5752 tquot
588 5629 677 5684 hic
701 5631 898 5686 asserit
921 5632 1258 5688 monasteria
1284 5632 1387 5687 sub
1417 5632 1564 5688 dicto
1595 5629 1722 5708 rege
1755 5634 1872 5690 fun-

294 5713 323 5752 a
351 5714 382 5752 a
437 5715 608 5752 uisse.
1864 5731 1872 5738 ο

294 5705 382 5754 ata
411 5699 608 5754 fuisse.
1655 5699 1686 5708 ”
1864 5731 1872 5738 ·

1903 3089 1953 3158 C

1895 4411 1949 4480 D

1985 1965 2150 2069 iebat.
2179 1969 2367 2026 animo
2397 1971 2465 2026 ad
2497 1981 2715 2044 portum
2757 1979 3021 2038 solitariae
3052 1985 3206 2055 vitae;
3239 1991 3388 2047 unde
3409 2009 3441 2048 a
3470 2010 3598 2069 rege

1985 2051 2296 2153 Dagoherto
2333 2057 2479 2153 (982)
2511 2070 2806 2134 extractus,
2841 2070 3020 2126 navim
3054 2051 3306 2133 Ecclesiae
3328 2051 3596 2153 suscepi;-

1983 2146 2410 2240 rat-regendam.
2445 2149 2646 2224 Regem
2669 2153 3014 2228 Sigebertum
3065 2164 3199 2232 adit,
3229 2177 3284 2222 et
3335 2146 3590 2240 impossi-

1984 2229 2215 2288 bilitatis
2239 2251 2353 2290 suae
2370 2253 2562 2295 causas
2585 2245 2957 2315 praetendens,
2979 2229 3300 2310 missionem
3313 2229 3424 2312 sibi
3451 2259 3592 2327 dari,

1983 2327 2039 2376 et
2060 2322 2307 2379 ecclesia;
2335 2329 2601 2384 canonica
2629 2335 2954 2391 auctoritate
3011 2349 3286 2411 pastorem
3337 2322 3591 2403 substitui

1982 2415 2153 2485 petit.~
2174 2416 2276 2472 Res
2314 2434 2344 2472 a
2375 2421 2576 2490 palatio
2627 2425 2693 2480 ad
2727 2427 2983 2484 Ecclesiae
3017 2431 3289 2500 judicium
3321 2438 3588 2497 defertur.

1984 2503 2222 2560 Ecclesia
2255 2507 2454 2577 palatio
2481 2513 2794 2569 assentitur.
2842 2517 3132 2576 Remaclus
3174 2538 3345 2580 onere
3367 2527 3587 2597 episco-

1982 2593 2122 2664 palis
2149 2597 2378 2653 sarcinae
2431 2602 2742 2672 expeditus,
2778 2614 2834 2661 et
2881 2608 2949 2664 de
2980 2611 3266 2686 naufragio
3306 2593 3498 2674 mundi
3529 2636 3586 2676 se

1981 2699 2233 2785 enatasse
2263 2690 2495 2761 laetatus,
2522 2705 2737 2767 portum
2771 2699 3113 2761 Stabulensis
3140 2711 3384 2766 σαξηοῦἰὶ
3418 2729 3591 2785 expe-

1980 2777 2084 2846 tiit,
2117 2788 2170 2834 et
2199 2785 2652 2854 contemplationi
2695 2805 2918 2860 vacans,
2953 2794 3216 2854 habitavit
3245 2814 3453 2858 secum.
3489 2777 3590 2860 'De

1981 2869 2242 2941 episcopo
2270 2873 2656 2933 substituendo
2703 2879 2756 2934 in
2798 2897 3090 2942 commune
3145 2888 3286 2946 facta
3315 2892 3588 2950 delibera-

1981 2960 2152 3028 tione,
2197 2961 2264 3016 ad
2315 2963 2701 3024 Theodardum
2753 2974 3070 3042 recurritur,
3128 2987 3185 3034 et
3216 2995 3280 3035 ex
3328 2983 3590 3040 omnibus

1979 3051 2132 3105 solus
2172 3051 2375 3122 placet,
2429 3056 2522 3126 qui
2576 3057 2744 3132 digne
2799 3064 3060 3120 omnibus
3089 3083 3324 3136 praeesse
3364 3071 3588 3130 debeat.

1979 3142 2116 3206 Quia
2147 3143 2316 3212 enim,
2355 3149 2664 3204 secundum
2697 3153 3040 3224 Apostolum,
3073 3157 3218 3215 bene
3249 3161 3592 3220 ministrave-

1981 3240 2082 3300 rat,
2113 3235 2315 3290 bonum
2345 3239 2575 3312 gradum
2629 3242 2735 3296 sibi
2795 3247 3128 3318 acquisierat
3159 3251 3302 3324 (983)
3353 3259 3396 3320 (I
3453 3260 3584 3312 Tim.

1979 3344 2060 3394 ιιι,
2092 3328 2196 3383 18).
2256 3330 2372 3402 Pari
2403 3348 2534 3404 ergo
2587 3351 2862 3393 consensu
2910 3341 3165 3399 Ecclesiae
3215 3350 3268 3400 et
3307 3348 3494 3416 palatii
3537 3356 3591 3404 et

1977 3417 2226 3471 unanimi
2285 3420 2551 3489 applausu
2583 3422 2716 3477 cleri
2755 3433 2809 3480 et
2849 3429 3036 3498 populi
3067 3431 3426 3488 Theodardus
3472 3435 3590 3490 ele-

1977 3510 2118 3572 ctus,
2151 3513 2205 3560 et
2233 3521 2262 3559 a
2299 3504 2594 3564 Cuniberto
2633 3512 2896 3584 episcOpo
2930 3515 2983 3569 in
3041 3518 3364 3590 episcopum
3395 3537 3590 3578 consc—

1975 3605 2176 3666 cratus,
2208 3601 2736 3670 praeseditEcclesiae
2749 3605 3080 3676 Trajectensi
3104 3613 3400 3672 vicesimus
3427 3625 3576 3674 octa-

1976 3705 2075 3744 vus
2105 3705 2134 3742 a
2165 3689 2408 3746 Materno
2441 3692 2579 3763 (934)
2624 3695 2802 3765 primo
2841 3697 3244 3772 Tungrensium
3291 3707 3579 3780 episcopo.

2047 3785 2098 3841 6.
2131 3785 2228 3850 Qui
2261 3786 2525 3857 quoniam
2553 3789 2696 3845 sicut
2739 3791 2808 3846 de
2839 3793 3039 3852 virtute
3069 3797 3128 3852 in
3152 3799 3407 3856 virtutem
3448 3803 3584 3873 ibat,

1967 3877 2043 3932 ita
2081 3876 2152 3932 de
2180 3877 2392 3934 honore
2422 3879 2490 3934 ad
2519 3881 2784 3938 honorem
2831 3895 3116 3958 promotus
3141 3898 3276 3958 erat,
3323 3911 3421 3966 pro
3460 3913 3589 3968 spe-

1971 3965 2094 4022 culo
2145 3966 2472 4037 praeferebat
2522 3969 2577 4026 in
2609 3972 2794 4030 animo
2825 3991 2926 4032 suo
2979 3977 3206 4034 Paulum
3245 3965 3583 4056 apostolum,

1971 4059 2064 4131 qui
2104 4062 2286 4132 qualis
2312 4063 2510 4121 debeat
2549 4083 2672 4124 esse
2721 4071 3040 4144 episcopus,
3080 4075 3202 4155 viva
3229 4079 3410 4136 adhuc
3446 4098 3585 4138 voce

1970 4149 2266 4222 eloquitur.
2304 4153 2414 4210 Hoc
2452 4157 2792 4230 magisterio,
2839 4162 2970 4234 quia
2993 4179 3052 4219 se
3082 4151 3340 4224 omnibus
3366 4171 3589 4227 confor-

1971 4239 2175 4306 mabat,
2197 4243 2446 4298 omnium
2472 4243 2699 4302 affectus
2722 4249 2777 4303 in
2803 4265 2862 4304 se
2892 4253 3293 4311 transferebat:
3317 4268 3588 4330 etquam-

1969 4329 2053 4383 vis
2089 4345 2283 4386 omnes
2337 4333 2515 4406 gloria
2559 4337 2830 4407 anteiret;
2855 4341 3116 4397 omnibus
3162 4351 3346 4400 tamen
3387 4329 3584 4402 charus

1999 4497 2183 4581 "(9892
2216 4498 2287 4581 De
2407 4503 2654 4581 Amantio
2670 4506 2982 4581 ac_tum_fuit
3009 4510 3075 4564 ad
3099 4510 3244 4566 diem
3277 4513 3310 4567 6
3342 4515 3584 4572 Februa-

1968 4569 2185 4657 rii,.u_bi
2234 4570 2291 4624 in
2325 4573 2498 4657 ipsius
2521 4575 2696 4657 Vitae
2729 4577 3422 4657 Eandemundodiscipulo
3449 4569 3582 4643 con-

1967 4640 2316 4726 scriptancap.
2347 4640 2385 4698 Ἀ
2409 4660 2584 4726 ξιιιιηλ
2628 4647 2699 4726 1’7_
2725 4648 2880 4726 idem
2916 4651 3238 4726 miraculum
3293 4640 3577 4726 ‘referturv;

1968 4713 2118 4835 δυοά
2175 4712 2492 4786 Sigebertus
2550 4716 2964 4775 Gemblacensis
3035 4723 3198 4778 etiam
3280 4712 3468 4785 narrat
3483 4712 3579 4786 “in

2014 4781 2088 4835 ita
2127 4781 2182 4835 S.
2239 4784 2679 4835 Sigebertimaig
2707 4790 2773 4835 ml
2828 4792 2850 4835 1
2892 4791 3167 4835 thrnnrii
3199 4797 3344 4835 mmo
3396 4817 3496 4835 ηπ..
3546 4804 3579 4835 ο

2127 4781 2202 4872 S.”
2234 4781 2509 4872 Sigeberti
2535 4789 2776 4872 regisnad
2828 4792 2859 4872 1.
2892 4791 3170 4872 Februarii
3199 4781 3581 4872 editaﬂeap.‘§

1971 4869 2122 4940 num.
2149 4855 2225 4940 .5,
2272 4855 2354 4936 uti
2384 4858 2546 4940 etiam
2581 4855 2636 4914 in
2666 4858 2930 4940 Chronico
2961 4863 3030 4920 ad
3069 4881 3274 4940 annum
3297 4855 3579 4940 633,356

1970 4923 2129 5006 illud“
2147 4927 2388 5006 triennio
2417 4928 2584 5006 citius
2604 4933 2899 5006 contigisse
2916 4938 3215 4994 tenendum
3258 4923 3360 4997 est.

2041 4994 2186 5078 (981)
2219 4996 2603 5078 Martyrologio
2661 4994 3376 5078 Roxiianojnscribiturnad
3431 5015 3580 5070 diem

1971 5067 1996 5120 1
2013 5066 2390 5123 'ZNovembris.

1973 5139 1980 5147 '
2043 5136 2184 5225 (9'82)
2241 5141 2299 5194 in
2347 5156 2447 5225 suo
2486 5148 2704 5225 tamen_
2721 5145 3342 5225 Chronico_Sigebertus
3379 5156 3434 5212 S.
3471 5157 3582 5211 lie-

1970 5209 2204 5296 maclum
2251 5218 2375 5281 post
2405 5221 2635 5296 mortem
2674 5209 3392 5296 Dagobertije'piscopum
3425 5209 3581 5284 Tia—

1966 5285 2270 5360 jectensem
2309 5298 2453 5339 anno
2483 5285 2590 5341 6ί6
2627 5285 2938 5346 ordinatum
2973 5285 3140 5348 fuisse
3184 5285 3396 5352 scribit.
3427 5297 3592 5354 Utro-

1972 5351 2417 5441 bique‘aberrant;
2478 5373 2601 5440 nam
2619 5371 2864 5441 "sanctus
2916 5363 3009 5418 ille
3052 5369 3249 5441 praesul
3283 5351 3392 5424 non
3433 5351 3588 5441 prius

1975 5425 2027 5499 in
2061 5425 2321 5480 cathedra
2349 5426 2580 5499 Tungris
2619 5429 2922 5499 Trajectum
2954 5425 3214 5493 translata
3252 5425 3451 5496 sedere
3480 5425 3592 5498 cce-

1975 5495 2268 5574 pitzquam
2307 5495 2590 5574 anno;65_0
2617 5495 3029 5574 vel'sequente.

2042 5565 2274 5642 (933)];1
2302 5569 2664 5642 dms.Rubeae
2709 5565 2873 5628 Vallis
2927 5576 3045 5631 haec.
3073 5579 3386 5638 adduntur:
3423 5592 3478 5641 et
3534 5586 3591 5642 in

1973 5636 2384 5713 pau‘canfidelis,
2416 5639 2618 5713 dignus
2639 5651 2755 5698 erat
2784 5661 2949 5713 super
2979 5649 3150 5705 multa
3174 5636 3452 5711 constitui.

2044 5707 2191 5777 (984)
2220 5709 2292 5765 De
2331 5725 2396 5766 eo
2427 5707 2624 5785 agetur
2647 5715 2714 5768 ad
2745 5715 2809 5770 14
2839 5707 3196 5788 Septembris.
