3930 6052
370 206 469 260 751

1583 202 1923 256 SIGEBERTI
1967 201 2470 257 GEMBLMJENSIS.

3593 205 3709 261 752

368 337 504 388 erat.
556 334 741 384 Potens
777 335 895 382 erat
941 328 1219 382 exhortari
1270 329 1328 381 in
1367 327 1613 383 doctrina
1650 335 1701 383 et
1752 336 1975 384 contra-
2009 334 2054 400 Α
2082 336 2270 383 etuum
2324 334 2621 399 proventus
2676 328 2988 384 alleviabat.
3041 328 3173 382 Cum
3224 343 3355 403 ergo
3393 328 3567 385 multa
3611 345 3724 400 per

368 423 616 478 dicentes
661 418 993 490 redarguere
1050 418 1169 489 (Tit.
1214 416 1360 488 1,9);
1431 419 1561 489 quia
1612 420 1759 491 quod
1822 420 1984 475 doce-

366 510 460 564 bat
494 506 681 572 verbo,
714 504 1043 560 ostendebat
1073 504 1349 575 exemplo.
1409 506 1689 577 Praacepto
1734 507 1878 560 enim
1929 513 1984 560 et

365 598 620 668 exemplo
647 595 861 651 Domini
892 596 1042 659 Jesu,
1073 595 1201 666 quia
1234 596 1407 666 major
1430 604 1545 651 erat
1565 598 1832 662 omnium,
1866 607 1983 651 erat

364 691 610 748 omnium
662 707 853 747 servus
898 699 953 747 et
985 692 1267 747 minister:
1334 703 1462 749 ante
1520 695 1707 749 omnia
1759 695 1983 750 indutus

364 788 713 837 armaturam
749 784 860 849 Dei,
888 782 1205 837 succinctus
1231 784 1438 838 lumbos
1476 799 1608 839 suos
1639 787 1699 839 in
1734 787 1979 852 veritate,

365 870 595 925 indutus
620 872 845 926 loricam
862 873 1113 940 justitia,
1161 871 1434 927 calceatus
1472 874 1623 942 pedes
1678 877 1737 928 in
1773 890 1984 943 praepa-

362 961 576 1015 ratione
596 959 873 1027 Evangelii
898 962 1082 1028 pacis;
1132 960 1289 1032 galea
1338 962 1531 1017 salutis
1563 970 1617 1016 et
1651 969 1805 1017 scuto
1854 960 1982 1016 fidei

366 1057 422 1105 et
472 1049 658 1124 gladio
693 1052 937 1118 spiritus,
1002 1052 1141 1121 quod
1189 1058 1266 1106 est
1313 1053 1535 1108 verbum
1573 1057 1683 1120 Dei,
1744 1054 1985 1108 munitus

367 1143 781 1199 confortabatur
830 1147 891 1198 in
917 1148 1140 1201 Domino
1168 1152 1219 1199 et
1265 1149 1326 1200 in
1356 1150 1601 1216 potentia
1629 1150 1825 1201 virtuti
1846 1150 1982 1216 ejus,

368 1240 428 1288 ut
446 1238 632 1304 posset
656 1238 801 1288 stare
825 1234 1076 1289 adversus
1102 1236 1326 1289 insidias
1373 1237 1591 1295 diaboli.
1619 1245 1671 1289 et
1703 1235 1985 1297 debellare

366 1326 679 1397 spiritantia
734 1328 988 1395 nequitiae
1032 1330 1095 1381 in
1140 1328 1433 1382 coalestibus
1481 1328 1688 1398 (Ephes.
1747 1346 1820 1395 γι,
1871 1328 1982 1399 10).

369 1418 539 1483 Quem
572 1417 803 1489 urgebat
834 1417 1095 1473 instantia
1127 1434 1227 1473 sua
1274 1420 1618 1490 quotidiana,
1672 1420 1985 1476 sollicitudo

367 1519 576 1575 scilicet
604 1518 852 1575 omnium
885 1519 1243 1575 ecclesiarum
1291 1519 1430 1574 nihil
1462 1520 1679 1575 remissi
1733 1520 1985 1591 patieba-

370 1615 480 1679 tur,
512 1610 721 1665 nullum
754 1610 934 1665 locum
967 1610 1133 1666 dabat
1162 1610 1415 1678 desidias,
1447 1612 1544 1666 sed
1578 1618 1739 1667 nocte
1787 1628 1849 1667 ac
1897 1613 1988 1669 die

366 1702 601 1757 salutem
652 1718 808 1757 suam
865 1703 1216 1774 operabatur.
1274 1703 1575 1757 Attendens
1622 1703 1785 1758 etiam
1839 1705 1987 1775 quod

366 1792 513 1848 Deus
560 1810 661 1865 per
690 1794 1033 1849 Ezechielem
1066 1794 1389 1866 prephetam
1419 1795 1785 1850 comminatur
1814 1803 1995 1867 pasto-

372 1885 547 1953 ribus,
578 1889 672 1955 qui
689 1890 990 1957 semetipsos
1019 1893 1073 1942 et
1094 1903 1200 1943 non
1219 1903 1397 1957 regem
1413 1890 1506 1943 Dei
1530 1895 1766 1958 pascunt
1781 1887 1987 1957 (Ezech.

370 1992 549 2043 XXXIV,
579 1977 664 2045 2);
700 1978 964 2049 pascebat
1016 1994 1244 2053 gregem
1296 1978 1391 2033 Dei
1441 1979 1745 2035 secundum
1797 1980 1989 2045 Deum,

369 2084 481 2124 non
512 2069 687 2140 turpis
712 2070 848 2126 lucri
882 2070 1076 2145 gratia,
1132 2071 1231 2126 sed
1271 2070 1614 2127 voluntarie:
1657 2087 1766 2127 non
1810 2070 1988 2127 domi-

368 2174 507 2213 nans
546 2158 599 2213 in
658 2159 806 2216 clero
846 2160 943 2215 sed
976 2159 1152 2215 forma
1207 2159 1383 2215 factus
1438 2160 1624 2235 gregis
1672 2176 1737 2215 ex
1799 2160 1985 2216 animo

367 2250 417 2320 (I
443 2256 583 2307 Petr.
606 2251 693 2321 v):
732 2257 788 2306 tu
818 2268 943 2307 cum
996 2251 1211 2307 veniret
1258 2268 1517 2323 princeps
1549 2258 1823 2323 pastorum
1858 2267 1985 2324 per-

365 2341 579 2414 ciperet
608 2340 1129 2398 immarcescibilem
1161 2342 1351 2416 gloriae
1379 2357 1658 2398 coronam.

1006 2450 1213 2507 CAPUT
1252 2453 1318 2508 ll.

363 2546 593 2601 Instruit
610 2546 663 2599 8.
696 2544 1077 2611 Lambertum;
1132 2560 1230 2614 pro
1254 2546 1568 2614 recipiendis
1613 2545 1770 2600 rebus
1821 2547 1984 2601 eccle-

431 2618 661 2670 siasticis
687 2629 866 2685 regem
897 2616 1049 2681 adit;
1093 2616 1161 2669 ab
1200 2619 1399 2685 iniquis
1449 2632 1641 2672 earum
1678 2620 1980 2686 possessori-

434 2686 529 2742 bus
553 2690 817 2756 martyrio
856 2687 1007 2753 afﬁci
1018 2691 1127 2741 tur.

429 2797 485 2852 7.
513 2782 833 2852 Lambertus
859 2796 1019 2853 bonae
1046 2795 1251 2852 indolis
1267 2797 1371 2852 hoc
1407 2802 1656 2867 tempore
1678 2797 1734 2852 in
1765 2798 1968 2854 bonam

357 2901 512 2956 spem
540 2885 909 2953 adolescebat,
934 2901 1097 2957 quem
1116 2892 1273 2956 pater
1303 2885 1423 2954 ejus
1445 2885 1529 2939 vir
1556 2885 1967 2942 illustrissimus

358 2975 503 3045 Aper
539 2974 891 3029 commiserat
916 2974 1032 3029 viro
1059 2973 1153 3028 Dei
1194 2973 1508 3029 Landoaldo
1542 2975 1720 3045 (985),
1769 2976 1973 3031 Aman-

355 3061 411 3115 di
451 3061 699 3133 episcopi
732 3061 1233 3132 archipresbytero,
1276 3069 1335 3116 ut
1372 3062 1493 3129 ejus
1533 3062 1773 3133 pueriles
1797 3080 1973 3121 annos

354 3148 647 3220 disciplina
676 3149 913 3222 regulari
938 3156 994 3205 et
1022 3150 1277 3205 doctrina
1302 3150 1517 3204 liberali
1548 3151 1837 3208 imbueret.
1871 3155 1973 3209 Pa-

351 3246 436 3295 ter
471 3240 721 3315 gaudens
746 3240 915 3295 filium
970 3241 1299 3296 rudimentis
1330 3242 1613 3315 utriusque
1661 3244 1909 3303 scientia;
1939 3264 1970 3303 a

351 3334 669 3391 Landoaldo
696 3334 765 3389 ad
820 3343 1006 3391 votum
1046 3352 1203 3391 suum
1252 3352 1373 3391 esse
1406 3336 1700 3405 initiatum,
1738 3342 1969 3397 commi-

348 3426 419 3483 sit
436 3443 561 3482 eum
593 3427 759 3482 etiam
787 3428 1096 3484 Tbeodardi
1126 3429 1469 3505 magisterio,
1504 3438 1568 3486 ut
1597 3448 1706 3503 quo
1733 3435 1969 3506 amplius

348 3518 418 3573 de
449 3517 748 3574 multorum
782 3519 1025 3575 hauriret
1062 3521 1317 3587 scientia,
1347 3536 1414 3576 eo
1442 3516 1695 3594 ampliori
1735 3526 1969 3596 profice-

345 3612 427 3662 ret
455 3607 648 3681 gratia.
684 3608 929 3674 Qualiter
953 3621 1238 3681 argentum
1272 3612 1616 3679 melioratur,
1646 3616 1869 3687 quando
1898 3617 1966 3672 ab

344 3695 568 3752 auriﬁce
598 3697 912 3766 deauratur,
974 3700 1158 3755 taliter
1196 3701 1520 3757 Lambertus
1574 3706 1837 3761 naturalis
1869 3707 1962 3761 in-

344 3785 495 3859 genii
549 3793 776 3859 argento
828 3787 1219 3857 resplendens,
1259 3789 1387 3843 dum
1430 3805 1494 3844 ex
1549 3791 1737 3847 addito
1788 3794 1962 3849 Theo-

345 3871 500 3926 dardi
553 3872 873 3946 magisterio
904 3873 1247 3942 melioratur,
1281 3877 1438 3947 quasi
1494 3894 1563 3933 ex
1614 3882 1963 3951 superposita

344 3961 464 4015 auri
493 3962 724 4016 materia
748 3964 986 4032 amplius
1026 3964 1335 4023 decoratur.
1383 3967 1736 4024 Theodardus
1762 3970 1817 4024 in
1865 3988 1958 4027 se-

345 4051 470 4123 ipso
500 4059 779 4122 expertus,
802 4057 1060 4123 quoniam
1096 4058 1439 4127 diligentibus
1464 4065 1631 4115 Deum
1661 4066 1843 4117 omnia
1872 4080 1959 4120 co-

343 4147 641 4212 eperantur
670 4159 730 4197 in
755 4143 954 4199 bonum
980 4144 1147 4216 (Rom.
1181 4162 1297 4213 vm,
1323 4147 1439 4219 28),
1467 4142 1743 4222 gaudebat
1772 4153 1957 4209 omnia

344 4246 605 4303 prospere
635 4232 740 4287 sibi
792 4234 1013 4300 cedere,
1047 4243 1102 4291 et
1131 4235 1376 4292 laborem
1408 4253 1568 4293 suum
1620 4238 1800 4296 bonus
1838 4241 1956 4299 fru-

1970 4323 2029 4392 D

411 4399 556 4468 {985)
589 4400 745 4457 Hunc
781 4409 1032 4458 sanctum
1064 4404 1319 4460 dedimus
1349 4406 1418 4460 ad
1454 4407 1518 4461 19
1549 4404 1743 4464 Martii.

408 4448 554 4542 (9865
595 4473 704 4528 Hoc
746 4490 978 4530 numero
1035 4490 1147 4531 non
1194 4477 1371 4531 solum
1430 4448 1743 4544 falsatuscld.
1784 4482 1947 4538 etiam

336 4543 543 4621 genetis
571 4544 1118 4621 injuriosgobtrudit
1154 4546 1479 4621 Sigebertus
1518 4543 1948 4609 Gemblacensis.

335 4611 589 4693 Doluisse
621 4611 696 4670 ait
722 4615 775 4670 8.
805 4611 1416 4693 Τὴρρςίειτάᾳῐηξήυοᾴ
1435 4622 1630 4693 partim
1689 4642 1713 4674 α
1740 4640 1804 4677 ex
1833 4641 1951 4681 ma-

329 4688 514 4751 jorum
564 4700 795 4765 suorum
828 4688 1164 4767 negligentia
1195 4709 1221 4741 ι
1264 4688 1648 4767 accid_erit,_ut
1693 4710 1945 4767 magnam

334 4761 782 4835 possessionum_
808 4773 1052 4835 suarum_
1082 4761 1351 4835 jacturam
1412 4761 1604 4835 fecerit
1648 4772 1702 4818 et
1758 4761 1947 4823 multis

331 4826 707 4908 annistulerit
746 4827 987 4908 Ecclesia
1014 4826 1395 4908 Trajectensis.
1438 4833 1553 4897 Quo
1584 4851 1712 4908 vero
1744 4837 1946 4894 difﬁci-

332 4896 439 4983 lius
490 4896 789 4983 intelligas,
826 4899 963 4983 _i_llos
997 4896 1168 4983 culpa
1204 4904 1353 4958 omni
1382 4896 1627 4983 vacasse,
1671 4905 1940 4965 bonorum

332 4915 439 4950 nus
490 4915 789 5023 intelligas,
839 4915 963 4980 tuos
997 4915 1157 4983 cutpa
1204 4918 1353 4958 omni
1382 4920 1627 4972 vacasse,
1671 4915 1940 4965 bonorum

327 4980 607 5051 sacrorum
639 4986 668 5023 a
697 4977 1043 5051 tenattonem
1069 4973 1278 5051 iisdem
1302 4982 1486 5051 notam
1526 4975 1695 5032 fuisse
1741 4995 1944 5051 suppo-

327 5043 426 5117 nit,
458 5049 522 5117 et
549 5046 797 5117 t_am_en_«
824 5058 950 5117 _p_er
977 5044 1201 5117 triginta
1233 5045 1448 5101 circiter
1498 5063 1700 5114 annos,
1729 5043 1937 5107 nullum

324 5106 424 5177 pi'o
454 5109 711 5168 Ecclesiae
743 5106 1370 5187 Dei-jurejépugnasse
1409 5118 1494 5172 vel
1539 5106 1732 5174 saltem
1765 5106 1939 5179 recla-i-

321 5194 501 5267 masse
535 5206 590 5267 ιι.
616 5184 962 5267 pronuntiat.
1004 5184 1201 5242 Tanta—3'
1230 5187 1689 5267 dissimulationis
1719 5207 1937 5267 causas,

320 5266 459 5333 quas
506 5254 815 5380 subjunglit,
870 5270 982 5311 non
1038 5272 1257 5312 omnem
1293 5259 1535 5328 penitus,
1577 5270 1635 5315 ut
1675 5254 1936 5321 conside;

320 5329 459 5377 rant:
494 5334 666 5380 natet.
707 5343 737 5380 a
778 5333 1027 5380 sternunt
1054 5329 1405 5380 nealiacntiaa
1438 5330 1734 5380 nimiaeque
1765 5336 1931 5380 animi

319 5329 459 5409 tanti
483 5334 666 5409 patet,
707 5329 1027 5409 abstergunt
1054 5329 1734 5409 negligentizehnimiaeque
1765 5336 1933 5409 animi

316 5390 659 5460 dejectionis
674 5390 968 5465 maculam,
1010 5390 1173 5470 quam
1204 5390 1237 5401 “’
1268 5401 1379 5454 rius
1405 5400 1460 5454 8.
1494 5390 1803 5459 Theodardi
1832 5390 1932 5462 de;

316 5465 625 5522 cessoribus
676 5478 1002 5525 asperserat.
1064 5470 1157 5525 His
1343 5471 1712 5525 Landoaldum
1754 5478 1932 5525 amhi-

2087 416 2177 471 Dei
2209 416 2441 491 gratiam
2483 423 2537 471 et
2593 433 2749 472 suam
2793 416 3120 471 industriam
3181 423 3545 482 restauraret;
3590 418 3725 472 haec

2084 520 2214 558 cura
2239 520 2364 558 eum
2397 505 2747 559 remordebat
2787 504 2986 565 acrius,
3022 504 3171 575 quod
3213 504 3500 574 passiones
3529 506 3721 561 eccle-

2084 600 2178 655 sia:
2208 617 2320 655 suae
2351 618 2382 655 a
2425 599 2745 655 domesticis
2775 600 3025 655 hostibus
3056 608 3110 655 et
3161 600 3369 672 iniquis
3398 601 3728 672 raptoribus

2084 688 2329 759 direptas
2370 696 2616 755 noverat,
2649 695 2703 742 et
2731 689 2901 743 multo
2928 689 3041 757 jam
3077 695 3330 760 tempore
3361 689 3430 744 ab
3462 690 3727 746 ecclesia:

2084 782 2351 836 alienatas
2374 782 2496 851 jure
2526 781 2580 835 in
2602 781 2694 850 jus
2716 781 3035 852 iniquorum
3069 781 3327 837 cessisse.

2153 874 2207 927 2.
2250 873 2360 928 lloc
2407 872 2674 928 accidisse
2725 873 2949 927 dolebat
3002 890 3065 927 ex
3124 882 3255 928 nota
3299 882 3612 947 temporum
3657 885 3721 930 et

2086 966 2352 1035 majorum
2378 980 2600 1019 suorum
2640 965 3011 1038 negligentia:
3070 982 3135 1019 ex
3167 972 3297 1020 nota
3362 974 3723 1038 temporum,

2085 1055 2215 1125 quia
2241 1055 2506 1108 securitas
2546 1070 2610 1108 ex
2633 1056 2797 1129 longo
2822 1053 2973 1124 pacis
3005 1053 3119 1109 otio
3138 1058 3427 1109 'contraeta
3462 1056 3671 1110 multos
3692 1072 3727 1109 a

2030 1152 2040 1160 '
2085 1155 2338 1219 respectu
2383 1148 2556 1203 divini
2611 1148 2825 1203 timoris
2863 1154 3154 1215 averterat,
3200 1158 3255 1202 et
3294 1164 3357 1203 ex
3418 1165 3598 1203 rerum
3633 1146 3727 1202 af-

2088 1242 2317 1298 ﬂuentia
2348 1244 2643 1314 irrepserat
2674 1244 2945 1298 bonorum
2988 1257 3204 1298 morum
3257 1242 3621 1318 negligentia,
3666 1250 3727 1297 et

2087 1339 2430 1394 cessantibus
2469 1338 2714 1393 externis
2746 1338 2930 1403 bellis,
2979 1337 3263 1393 intestinis
3292 1337 3457 1392 bellis
3497 1338 3722 1392 animo-

2088 1447 2207 1486 rum
2240 1429 2713 1501 periclitabantur.
2758 1429 2891 1484 Inde
2934 1429 3134 1499 passim
3192 1435 3383 1484 contra
3412 1427 3719 1483 Ecclesiam

2089 1520 2179 1575 Dei
2212 1519 2532 1575 dominante
2565 1517 2859 1587 injustitia,
2891 1533 3015 1589 quae
3045 1533 3266 1587 semper
3289 1517 3497 1588 primos
3527 1517 3714 1587 impe-

2090 1621 2178 1669 tus
2202 1613 2375 1668 exerit
2412 1621 2602 1669 contra
2623 1612 2897 1667 bonorum
2941 1610 3338 1670 innocentiam.
3372 1626 3483 1665 non
3523 1610 3717 1681 opitu-

2092 1705 2307 1761 labatur
2326 1705 2582 1760 Ecclesiae
2604 1703 2700 1759 Dei
2722 1702 2954 1773 alicujus
2979 1703 3215 1774 justitia,
3245 1702 3395 1756 nulla
3427 1702 3478 1757 ei
3504 1702 3723 1773 princi-

2093 1817 2223 1872 pum
2253 1799 2703 1871 patrocinabatur
2734 1798 2999 1869 potentia.
3058 1796 3154 1852 llic
3180 1796 3340 1852 dolor
3368 1812 3479 1851 non
3513 1813 3722 1867 parvus

2091 1892 2415 1947 Theodardo
2455 1890 2674 1962 prmsuli
2731 1888 3115 1956 incumbebat,
3170 1888 3576 1957 Trajeetenscm
3612 1888 3721 1943 Ec-

2090 1981 2314 2037 clesiam
2368 1996 2566 2051 magna
2599 2020 2612 2045 ,
2658 1978 3071 2049 posscssionum
3130 1994 3354 2032 suarum
3405 1977 3714 2048 quantitate

2089 2087 2210 2126 esse
2249 2069 2577 2131 mutilatam,
2618 2076 2674 2122 et
2702 2084 2801 2138 per
2839 2066 3063 2140 triginta
3121 2066 3345 2121 circiter
3373 2081 3553 2122 annos
3582 2066 3715 2121 nul-

2087 2165 2197 2220 lum
2223 2179 2321 2235 pro
2352 2162 2733 2218 EeclesiaeDei
2759 2162 2884 2231 jure
2912 2177 3252 2234 repugnasse
3281 2160 3369 2216 vel
3394 2160 3585 2216 saltem
3621 2177 3716 2217 re-

2085 2257 2375 2311 clamasse.
2433 2255 2717 2309 Amandus
2757 2254 2928 2321 enim,
2983 2253 3142 2322 cujus
3197 2252 3461 2308 sanctitas
3519 2254 3717 2323 paucis

2084 2346 2296 2402 laudari
2329 2362 2438 2402 non
2479 2346 2669 2412 debet,
2700 2361 2800 2417 pro
2829 2361 2894 2399 eo
2927 2344 3075 2417 quod
3111 2360 3298 2418 regem
3350 2344 3707 2419 Sigebertum

2084 2434 2459 2506 baptizavitet
2488 2434 2556 2489 de
2615 2433 2765 2489 fonte
2820 2433 3087 2504 suscepit,
3130 2440 3354 2489 coaetus
3412 2440 3495 2488 est
3532 2433 3713 2500 Dago-

2086 2525 2226 2581 berti
2256 2527 2400 2601 regis
2430 2526 2685 2597 precibus
2721 2533 2802 2593 ut,
2830 2525 3083 2580 Jobanne
3121 2525 3385 2595 episcopo
3417 2523 3708 2591 defuncto,

2084 2615 2463 2686 episcopatum
2503 2615 2907 2684 Trajectensem
2959 2614 3282 2684 susciperet.
3321 2614 3454 2678 Sed,
3494 2614 3708 2667 irruen-

2086 2706 2230 2761 tibus
2254 2706 2499 2776 undique
2538 2706 2595 2758 in
2626 2705 2883 2760 Ecclesia:
2925 2705 3106 2759 navim
3142 2712 3529 2776 tempestatum
3575 2723 3705 2777 pro-

2077 2796 2540 2870 cellisbeogitans
2570 2797 2719 2868 quod
2748 2797 2823 2853 ait
2853 2796 3166 2868 Apostolus,
3208 2797 3339 2869 quia
3367 2813 3521 2853 nemo
3556 2802 3699 2853 mi'i-

2076 2891 2201 2944 tans
2251 2893 2351 2943 Deo
2377 2890 2619 2959 implicat
2670 2904 2726 2945 se
2778 2892 3003 2959 negotiis
3042 2890 3394 2945 stecularibus
3441 2890 3512 2960 (II
3567 2894 3679 2945 Tim

2038 2998 2133 3048 ,n,
2166 2982 2238 3049 4),
2291 2988 2414 3052 post
2456 2982 2776 3047 triennium,
2820 2982 3142 3051 episcopatu
3194 2981 3413 3047 relicto,
3483 2982 3538 3036 in
3579 2998 3705 3054 por-

2075 3080 2187 3129 tum
2214 3080 2413 3145 optatae
2441 3075 2645 3146 quietis
2674 3090 2733 3129 se
2763 3074 2991 3145 recepit.
3036 3073 3197 3143 Cujus
3239 3074 3389 3129 vices
3415 3074 3696 3130 Landoalo

2072 3163 2176 3218 dus
2202 3164 2646 3235 archipresbyter
2700 3180 2835 3218 suus
2867 3170 3177 3234 opportune
3233 3180 3332 3233 per
3379 3180 3576 3219 novem
3609 3182 3705 3220 an-

2072 3268 2173 3308 nos
2202 3261 2514 3319 exsecutus,
2549 3269 2647 3324 pro
2679 3252 2913 3308 ecclesia
2965 3261 3110 3307 stare
3159 3268 3270 3307 non
3320 3254 3519 3324 potuit,
3568 3255 3699 3325 quia

2075 3343 2212 3397 nihil
2245 3342 2735 3414 pontiﬁcalisjuris
2756 3341 3018 3396 habebat.
3056 3343 3124 3395 Ea
3156 3342 3345 3397 omnia
3376 3342 3693 3413 raptoribus

2072 3431 2472 3503 opportuniora
2524 3437 2697 3487 erant.
2733 3432 2806 3485 De
2841 3431 3121 3494 Remaclo,
3153 3430 3286 3502 quia
3339 3446 3448 3486 non
3489 3439 3693 3501 potue-

2074 3531 2153 3577 rat
2182 3521 2407 3576 brachia
2445 3520 2675 3577 tendere
2714 3526 2906 3575 contra
2945 3526 3248 3575 torrentem
3304 3520 3687 3574 inundantium

2070 3614 2360 3681 malorum,
2392 3612 2749 3668 Theodardus
2778 3612 2895 3667 suis
2933 3612 3109 3667 oculis
3154 3618 3209 3666 et
3240 3612 3465 3666 auribus
3492 3611 3687 3667 crede-

2068 3701 2161 3757 bat
2198 3702 2359 3771 (986).
2403 3702 2525 3773 lpse
2565 3708 2822 3772 suscepto
2892 3700 3190 3755 Dominica:
3257 3700 3416 3754 navis
3473 3700 3682 3774 guber-

2066 3791 2284 3856 naculo,
2313 3789 2697 3844 inconstantia:
2730 3795 2915 3845 notam
2939 3788 3184 3856 timebat,
3214 3787 3260 3843 si
3291 3788 3555 3859 periculis
3585 3788 3681 3843 im-

2066 3882 2259 3953 pulsus
2299 3881 2420 3936 loco
2456 3881 2698 3936 cederet.

2129 3973 2163 4027 9
2222 3973 2299 4027 Ne
2329 3987 2462 4045 ergo
2503 3971 2716 4026 diutina
2762 3970 3051 4040 injustitiae
3097 3970 3396 4043 impunitas
3439 3971 3674 4042 amplius

2058 4063 2403 4128 inolesceret,
2436 4060 2673 4117 accinxit
2702 4075 2760 4115 se
2790 4059 3025 4115 viriliter
3058 4069 3113 4115 et
3151 4066 3302 4115 stans
3341 4075 3440 4131 pro
3483 4062 3673 4116 castris

2056 4153 2306 4209 ecclesiae
2333 4154 2569 4208 clamare
2600 4167 2711 4208 non
2740 4150 3023 4207 cessabat:
3059 4151 3219 4223 quasi
3266 4151 3397 4206 tuba
3429 4153 3671 4208 exaltans

2055 4263 2245 4303 vocem
2278 4262 2431 4301 suam
2481 4246 2844 4302 annuntiabat
2882 4245 3088 4318 pepulo
3133 4245 3345 4301 scelera
3377 4261 3588 4314 eorum,
3618 4256 3669 4301 et

2052 4416 2293 4491 gobertiA
2322 4416 2488 4491 regis,
2509 4431 2675 4491 anno
2706 4416 2832 4482 658,
2887 4415 3087 4471 mortui
3111 4414 3425 4491 _pr§seibu_s
3474 4430 3662 4470 susce-

2052 4485 2223 4558 ptum.
2260 4485 2415 4544 Certo
2455 4488 2587 4543 falsa
2624 4488 2740 4543 haec
2764 4493 2920 4541 sunt:
2954 4503 3077 4541 nam
3100 4486 3157 4558 8.
3194 4485 3485 4558 Remaclus
3520 4503 3663 4543 anno

2049 4556 2155 4614 650
2183 4560 2268 4615 vel
2308 4576 2423 4631 seq.
2461 4559 2709 4631 proxime
2767 4558 3035 4631 successit
3090 4556 3145 4611 8.
3187 4557 3660 4631 Αηιειηάοπψιεω

2050 4641 2284 4685 exeunte
2340 4629 2486 4686 anno
2528 4630 2634 4685 6t9
2685 4630 2897 4684 sedisse
2950 4634 3186 4700 constat,
3240 4644 3423 4700 neque
3455 4629 3660 4685 diutius

2048 4717 2209 4783 gnam
2254 4702 2366 4783 fere
2393 4718 2491 4783 per
2518 4700 3021 4783 trienniumnsub‘S.
3046 4699 3342 4783 Sigebertq
3358 4715 3483 4783 rege
3514 4716 3655 4771 pra:-

2048 4770 2233 4827 fuisse.
2272 4775 2330 4827 ln
2363 4770 2561 4827 eodem
2602 4788 2754 4825 num.
2804 4772 2874 4827 27
2915 4779 2970 4827 et
3023 4786 3186 4841 seqq.
3222 4770 3471 4840 probavi,
3515 4770 3655 4827 anno

2044 4843 2150 4897 668
2173 4845 2256 4898 vel
2296 4846 2403 4900 669
2433 4858 2653 4914 passum
2674 4842 2845 4898 fuisse
2877 4842 2930 4896 8.
2963 4842 3371 4914 Theodardum,
3402 4842 3551 4913 quod
3576 4843 3658 4897 Si-

2043 4914 2303 4987 gebertus
2326 4915 2390 4987 in
2422 4912 2690 4987 Chronico
2719 4929 3007 4987 perperam
3047 4927 3193 4987 anno
3223 4912 3328 4987 658
3357 4912 3653 4987 contigisse

2042 4984 2240 5059 asserit
2296 4986 2422 5059 Tam
2454 4986 2510 5059 in
2540 4984 2729 5059 nostra
2760 4984 3014 5059 quamin
3046 4984 3354 5059 aberran_tis
3392 4984 3651 5059 Sigebert-

2042 5056 2080 5109 ti
2110 5057 2389 5112 sententia
2444 5057 2512 5114 30
2564 5057 2694 5111 anni
2726 5055 2837 5111 non
2894 5056 3232 5111 efﬂuxerunt
3278 5055 3423 5109 inter
3455 5055 3648 5112 'sancti

2040 5128 2216 5182 nostri
2248 5128 2568 5199 martyrium
2594 5136 2651 5183 et
2674 5127 2883 5183 obitum
2908 5128 2961 5182 S.
2991 5126 3259 5199 Johannis
3283 5126 3441 5199 Agni.
3470 5127 3650 5198 Itaque

2038 5203 2092 5252 et
2148 5200 2237 5254 hic
2267 5197 2654 5273 adju'ngendus
2708 5204 2803 5273 est
2851 5198 2945 5253 SS.
2993 5197 3646 5273 Amandoet’ltemac’lo,

2020 5284 2265 5343 -guorum
2291 5267 2644 5343 negligentiae
2671 5268 2966 5342 nimiaeque
3004 5267 3440 5343 dissimulationi
3464 5277 3645 5341 aperte

2036 5338 2267 5422 imputat
2305 5338 2826 5422 idém"Sigebertus,
2870 5338 3017 5414 quod
3058 5342 3112 5422 S.
3154 5338 3514 5422 Theodardus
3554 5356 3644 5396 ec-

2033 5410 2491 5495 clesiam_magna
2524 5410 2929 5494 possessionum
2972 5419 3145 5495 “parte
3182 5410 3469 5495 spoliatam
3502 5412 3647 5493 inve-

2034 5484 2197 5538 nerit.
2256 5486 2319 5538 At
2364 5480 2750 5539 u'nde'auctor
2798 5484 2899 5538 iste
2954 5480 3166 5550 didicit,
3224 5480 3278 5535 id
3333 5483 3646 5538 memoratis

2030 5554 2234 5609 sanctis
2266 5554 2541 5626 episcOpis
2582 5554 2726 5626 vitio,
2769 5554 3012 5609 dandum
3046 5551 3405 5626 esse7?_Certe
3436 5569 3641 5626 anony-

2020 5640 2153 5697 mus
2179 5622 2314 5681 Vitae
2343 5626 2407 5697 S.
2428 5622 2732 5681 Theodardi
2771 5626 3003 5697 scriptor
3040 5625 3182 5681 nihil
3222 5622 3408 5697 habet,
3441 5640 3506 5679 ex
3534 5622 3642 5697 quo

2023 5694 2159 5752 illud
2187 5696 2414 5753 extundi
2465 5697 2655 5767 possit.
2706 5716 2735 5749 α
2780 5694 2895 5752 11ίέ
2925 5697 3202 5765 omnibus,
3245 5694 3427 5767 inquit
3477 5694 3641 5768 supra

314 5465 625 5537 cesseribus
676 5465 1157 5537 asperseratfﬂis
1215 5465 1265 5525 8.
1343 5471 1712 5528 Landoaldum
1754 5478 1933 5533 archi-

312 5532 1029 5613 presbytgru_m_‘acc_enset,
1086 5558 1249 5612 quem
1286 5541 1545 5597 vicariam
1594 5561 1692 5613 per
1739 5532 1929 5606 novem

311 5617 506 5690 {trinas
530 5605 784 5690 Ecclesiae
837 5605 1202 5690 Trajectensis
1257 5629 1474 5690 curam_
1525 5605 1762 5684 gessisse
1826 5605 1921 5690 ait,

311 5677 603 5744 postquam
635 5677 689 5733 S.
731 5677 1011 5737 Amandus
1038 5682 1349 5740 abdicasset
1385 5677 1784 5755 episcbpatum.
1818 5677 1921 5747 Da;
