3930 6052
288 298 396 357 753

1607 299 1760 354 νιΤΑ
1802 299 1854 355 S.
1899 298 2304 356 THEODARDI.

3514 295 3622 351 754

285 427 600 500 raptoribus
638 427 865 498 peccata
895 433 1108 476 eorum.
1143 419 1306 486 Quasi
1327 421 1519 492 aquila
1547 427 1700 478 stans
1737 439 1904 494 super
1928 428 1979 496 Α
2006 423 2235 478 arrectis
2274 421 2506 489 lanceis,
2552 421 2609 476 in
2641 437 2834 477 necem
2867 419 3182 477 innocentis
3236 418 3468 492 proruit.
3523 419 3622 474 Ille

287 522 513 577 domum
543 516 639 573 Dei
669 512 923 572 acumine
963 510 1246 566 oculorum
1284 512 1554 567 versutias
1590 512 1903 584 iniquorum

287 609 648 683 praevidebat,
681 613 736 662 et
775 603 1055 678 unguibus
1076 618 1135 657 se
1166 601 1522 658 defendebat.
1550 604 1614 658 Et
1643 604 1773 675 quia
1789 611 1905 659 erat

288 705 340 761 ei
364 704 652 777 integritas
681 701 830 766 vitae,
861 704 916 752 et
951 695 1181 752 verbum
1229 712 1422 751 sanum
1463 704 1519 752 et
1549 697 1902 768 irreprehen-

285 797 479 864 sibile;
508 796 576 864 is,
607 793 703 866 qui
732 807 797 848 ex
818 790 1052 846 adverso
1073 794 1209 855 erat,
1239 790 1594 844 reverebatur
1631 806 1780 857 eum,
1807 790 1900 844 ni-

287 888 364 942 hil
393 885 606 942 habens
638 882 767 938 mali
797 881 866 935 de
897 893 964 934 eo
997 878 1202 934 dicere.
1233 878 1532 933 Tutabatur
1557 894 1680 934 eum
1713 886 1903 934 contra

287 997 484 1038 omnes
521 979 674 1036 favor
711 973 980 1051 Sigeberti
1011 971 1151 1044 (987)
1199 971 1366 1044 regis,
1416 972 1509 1044 qui
1559 981 1773 1029 amator
1818 973 1904 1028 di-

286 1077 430 1132 vinea
460 1072 743 1147 religionis
764 1069 954 1127 oculos
984 1067 1228 1122 habebat
1265 1066 1598 1123 columbinae
1637 1067 1903 1139 simplici-

287 1164 436 1220 tatis.
494 1163 608 1227 Quo
645 1159 929 1224 defuncto,
979 1171 1210 1230 regnum
1260 1155 1578 1222 Austrasiae,
1619 1156 1767 1227 quod
1822 1162 1904 1211 te-

292 1264 508 1323 nuerat,
563 1253 716 1310 dedit
745 1251 912 1307 frater
960 1249 1081 1318 ejus
1129 1249 1444 1306 Clodoveus
1497 1247 1611 1305 filio
1640 1265 1742 1305 suo
1792 1249 1909 1304 Hil-

286 1349 442 1404 drico
473 1347 642 1418 (988).
693 1345 828 1400 Tum
871 1357 1002 1399 vero
1059 1341 1238 1397 omnis
1292 1341 1498 1396 malitia
1543 1347 1598 1396 et
1639 1341 1908 1410 injustitia

287 1440 347 1494 in
387 1453 559 1514 regno
589 1435 901 1508 prmvaluit,
932 1440 988 1490 et
1017 1440 1208 1489 contra
1247 1432 1545 1488 Ecclesiam
1577 1433 1760 1508 gravis
1807 1433 1907 1488 do-

287 1530 534 1586 mesticae
596 1526 942 1598 tempestatis
1005 1525 1164 1580 turbo
1232 1523 1490 1579 intonuit.
1549 1524 1908 1580 Theodardus

287 1629 500 1686 autem,
555 1618 687 1690 quia
750 1617 1124 1672 mercenarius
1162 1631 1271 1671 non
1333 1624 1471 1681 erat,
1528 1633 1637 1672 non
1692 1615 1826 1689 fugit
1879 1633 1988 1720 aB

290 1713 436 1770 facie
477 1713 732 1783 luporum
765 1728 780 1775 ;
819 1709 918 1764 sed
956 1724 1056 1779 pro
1086 1707 1282 1763 ovibus
1311 1707 1428 1762 suis
1463 1709 1808 1764 constantius
1845 1725 1910 1764 ex

301 1803 538 1858 adverso
597 1799 763 1854 stetit.
800 1799 862 1854 Et
911 1797 1041 1869 quia
1081 1803 1267 1868 pastor
1318 1797 1688 1852 essentialiter
1735 1798 1914 1854 bonus

292 1890 536 1946 dixerat:
591 1891 844 1958 Majorem
891 1889 992 1941 hac
1019 1886 1352 1956 dilectionem
1414 1900 1570 1941 nemo
1620 1886 1798 1952 habet,
1851 1893 1914 1941 ut

295 1986 545 2038 animam
567 1995 724 2036 suam
771 1985 941 2048 ponat
967 1980 1084 2048 quis
1106 1992 1205 2047 pro
1249 1979 1437 2032 amicis
1461 1979 1574 2032 suis
1601 1979 1778 2045 (Joan.
1820 1995 1910 2044 xv,

297 2075 388 2140 13)
413 2091 428 2130 :
461 2087 566 2128 nec
605 2070 662 2125 in
693 2071 798 2126 hoc
819 2069 1021 2124 surdus
1040 2068 1260 2124 auditor
1281 2066 1401 2135 fuit,
1430 2076 1654 2139 paratus
1670 2083 1770 2140 pro
1800 2068 1918 2126 ovi-

291 2165 398 2219 bus
429 2161 667 2216 animam
709 2174 938 2230 ponere.

363 2253 434 2308 10
487 2252 596 2306 Sed
619 2267 688 2306 ne
709 2249 842 2322 quid
868 2249 1215 2319 inexpertum
1238 2247 1598 2320 relinqueret,
1617 2249 1908 2318 deliberat,

294 2357 480 2416 regem
521 2339 821 2394 Hildricum
844 2337 995 2392 adire
1025 2343 1083 2391 et
1110 2343 1238 2392 ante
1267 2353 1393 2392 eum
1422 2354 1591 2410 super
1621 2338 1911 2408 injustitiis

292 2429 546 2486 ecclesiae
586 2426 756 2482 illatis
811 2424 1063 2501 legaliter
1095 2424 1468 2496 expostulare,
1524 2425 1570 2480 si
1605 2425 1746 2482 forte
1811 2442 1911 2496 per

292 2535 584 2577 censuram
623 2518 865 2592 regalem
907 2515 1141 2572 ecclesia
1181 2516 1566 2587 possessiones
1603 2533 1730 2572 suas
1771 2517 1914 2572 reci-

292 2620 482 2685 peret;
515 2618 571 2666 et
616 2609 882 2665 divinitus
919 2609 1150 2664 edoctus
1188 2624 1219 2662 a
1273 2607 1476 2662 mentis
1514 2624 1627 2664 suae
1665 2610 1911 2676 oraculo,

291 2701 587 2757 imminere
638 2697 745 2754 sibi
799 2705 1016 2767 tempus
1062 2695 1355 2766 passionis,
1405 2696 1680 2768 diaposuit
1723 2699 1914 2754 domui

297 2812 435 2862 suae,
464 2801 520 2850 et
547 2791 807 2850 omnibus
835 2791 1091 2847 ultimum
1131 2790 1252 2846 vale
1274 2790 1487 2854 dicens,
1515 2806 1757 2864 ovesque
1786 2809 1914 2849 suas

294 2888 378 2942 illi
406 2885 802 2942 commendans
830 2884 925 2955 qui
969 2882 1076 2937 sibi
1118 2882 1240 2938 illas
1294 2885 1722 2951 commendavit,
1771 2885 1912 2942 duce

296 2978 504 3034 mentis
532 2976 864 3043 constantia,
897 2991 1018 3031 cum
1062 2975 1252 3047 paucis
1301 2975 1405 3031 iter
1457 2977 1708 3049 arripuit.
1741 2977 1908 3034 Porro

295 3065 396 3122 ﬁlii
429 3065 620 3132 Belial,
647 3063 742 3136 qui
776 3080 886 3134 prae
917 3063 1121 3118 duritia
1151 3063 1550 3136 impoenitentis
1577 3066 1758 3122 cordis
1785 3068 1908 3123 the-

293 3160 651 3217 saurizabant
675 3159 781 3214 sibi
805 3158 964 3225 iram,
1006 3158 1158 3213 nullo
1187 3159 1356 3214 modo
1389 3167 1689 3231 potuerunt
1709 3163 1908 3218 adduci

291 3254 362 3309 ad
401 3253 640 3324 aliquam
683 3250 1046 3321 resipiscendi
1073 3250 1238 3305 viam.
1269 3251 1370 3316 Qui
1401 3251 1660 3318 scientes,
1695 3255 1826 3326 quia
1854 3256 1909 3310 in

293 3341 446 3397 nullo
473 3340 580 3396 sibi
621 3339 980 3410 responderet
1002 3338 1216 3406 justitia
1246 3339 1293 3394 si
1323 3339 1392 3394 de
1424 3344 1776 3413 praesumptis
1820 3361 1910 3400 re-

293 3431 402 3486 bus
448 3427 705 3484 Ecclesia:
743 3442 927 3482 coram
987 3426 1244 3498 palatinis
1277 3434 1535 3501 ageretur
1585 3437 1910 3487 controver-

290 3519 397 3586 sia,
438 3517 582 3572 mala
611 3514 770 3569 malis
795 3514 1164 3580 accumulant,
1191 3521 1245 3569 et
1274 3530 1341 3569 ex
1387 3515 1788 3586 desperationis
1819 3537 1918 3592 pe-

293 3609 473 3666 riculo
511 3609 582 3661 de
609 3611 785 3660 morte
811 3605 1125 3661 innocentis
1165 3607 1418 3676 praesulis
1447 3613 1700 3677 tractant,
1733 3618 1787 3667 et
1815 3611 1920 3668 iter

292 3703 418 3771 ejus
447 3698 746 3773 diligenter
796 3697 1100 3768 explorant.
1146 3697 1240 3752 Vir
1293 3707 1517 3754 sanctus
1549 3699 1682 3769 justi
1715 3718 1916 3774 propo-

292 3788 385 3845 siti
415 3793 594 3852 tenax,
620 3800 783 3856 quem
811 3784 1060 3840 armabat
1103 3785 1256 3841 vivus
1297 3795 1353 3841 et
1377 3784 1570 3841 efficax
1595 3803 1777 3844 sermo
1819 3789 1913 3844 Dei

295 3879 568 3937 dicentis:
619 3880 784 3934 Nolite
822 3882 1011 3935 timere
1046 3895 1130 3936 eos
1180 3884 1274 3950 qui
1311 3884 1562 3937 occidunt
1586 3883 1764 3939 solum
1795 3900 1914 3940 cor-

289 3986 394 4041 pus
439 3970 646 4040 (Matth.
703 3984 765 4035 x,
821 3968 936 4038 28),
989 3969 1102 4038 jam
1160 3970 1420 4027 dimcesis
1474 3987 1588 4027 suae
1647 3975 1913 4029 terminos

295 4058 460 4130 longe
508 4063 838 4122 excesserat,
869 4062 924 4110 et
954 4056 1011 4110 in
1043 4073 1207 4133 pago,
1243 4075 1406 4130 quem
1439 4059 1717 4116 Alisatiam
1751 4062 1912 4135 vulgo

295 4149 507 4214 dicunt,
535 4147 699 4203 bonis
723 4147 904 4203 adhuc
953 4151 1314 4220 proventibus
1343 4152 1572 4224 gradum
1601 4151 1825 4218 ﬁxerat;
1857 4163 1912 4211 et

295 4253 427 4294 ecce
458 4251 670 4293 cuneus
711 4235 1060 4293 inimicorum
1096 4239 1190 4293 Dei
1223 4240 1294 4296 de
1333 4240 1553 4296 insidiis
1591 4258 1906 4318 emergens,

2006 517 2252 572 munitus
2285 524 2399 572 tuto
2441 517 2723 588 patientiae
2759 517 2976 588 clypeo,
3011 531 3108 571 eos
3136 515 3204 570 ad
3237 514 3389 586 pacis
3418 515 3624 570 bonum

2005 605 2236 662 invitare
2268 605 2511 671 volebat;
2538 607 2638 661 sed
2671 606 2800 678 quia
2829 621 2939 661 non
2971 614 3128 660 erant
3159 604 3255 660 filii
3286 603 3458 676 pacis,
3497 621 3624 676 pax,

2005 711 2116 750 non
2158 695 2454 750 inveniens
2487 695 2542 749 in
2574 695 2656 750 eis
2697 694 2792 749 ubi
2849 694 3241 766 requiesceret,
3273 693 3342 748 ad
3385 693 3622 748 amicum

2003 787 2156 858 pacis
2185 803 2403 842 reversa
2435 794 2536 842 est.
2571 787 2635 842 Ut
2689 786 2801 858 lupi
2845 802 3047 860 agnum
3080 784 3233 856 impii
3265 784 3627 840 circumstant

2003 878 2177 950 pium,
2203 876 2468 949 illumque
2499 875 2692 932 oculos
2714 877 2783 930 ad
2803 877 3004 931 emtum
3027 875 3313 930 tollentem
3345 882 3401 930 et
3423 889 3524 946 pro
3547 875 3628 929 eis

2001 972 2249 1023 orantem
2289 965 2542 1036 exemplo
2595 963 2724 1019 Jesu
2766 963 2821 1017 in
2873 978 3034 1018 cruce
3088 962 3386 1034 pendentis
3425 969 3626 1018 contu-

2002 1057 2184 1112 meliis
2211 1055 2482 1122 afficiunt,
2536 1055 2688 1110 humi
2720 1060 3112 1126 prosternunt;
3152 1060 3206 1109 et
3255 1053 3386 1124 quia
3434 1052 3629 1124 nequit

2008 1146 2144 1201 iram
2185 1145 2406 1216 explere
2437 1151 2704 1215 potestas.
2736 1149 2902 1214 caput
2923 1149 3113 1198 sancto
3144 1141 3268 1197 oleo
3297 1148 3624 1212 perunctum

2009 1237 2065 1292 in
2097 1236 2295 1292 frustra
2333 1242 2544 1304 secant,
2587 1250 2790 1306 corpus
2834 1243 3085 1290 sanctum
3114 1233 3460 1289 membratim
3494 1232 3629 1288 dila-

2009 1329 2184 1384 niant.

2078 1418 2167 1472 11.
2198 1417 2363 1472 Terra
2408 1415 2634 1487 quidem
2663 1414 2744 1469 sic
2775 1414 2898 1469 data
2926 1422 3009 1470 est
3061 1414 3118 1468 in
3175 1429 3372 1469 manus
3427 1413 3630 1485 impio:-

1987 1525 2126 1588 'rum
2154 1527 2168 1567 :
2200 1508 2426 1580 Spiritus
2481 1513 2663 1561 autem
2721 1505 2789 1560 ab
2833 1505 2985 1561 omni
3026 1514 3182 1560 terrae
3221 1506 3419 1560 rudere
3459 1521 3627 1561 exco-

2012 1608 2130 1657 ctus
2161 1617 2261 1672 per
2282 1601 2466 1674 ignem
2517 1597 2791 1670 passionis
2829 1604 2884 1652 et
2936 1603 2994 1651 ut
3049 1614 3244 1652 aurum
3308 1597 3363 1652 in
3408 1596 3630 1653 fornace

2016 1694 2278 1765 probatus
2307 1691 2473 1746 rediit
2512 1691 2580 1744 ad
2613 1689 2927 1754 Dominum,
2957 1688 3051 1760 qui
3079 1688 3209 1744 fecit
3252 1689 3428 1744 illum.
3472 1689 3630 1744 Fides

2015 1781 2300 1846 nimirum,
2329 1795 2452 1851 quae
2479 1780 2864 1850 protomartyri
2883 1779 3163 1848 Stephano
3190 1777 3407 1848 aperuit
3433 1777 3626 1844 oculos,

2014 1883 2075 1932 ut
2102 1874 2316 1930 videret
2339 1879 2523 1929 Iesum
2548 1889 2582 1928 a
2621 1875 2823 1928 dextris
2849 1876 2940 1927 Dei
2966 1879 3202 1928 stantem
3234 1873 3374 1944 (Act.
3413 1890 3508 1938 vn,
3540 1873 3626 1942 33)

2015 1967 2084 2022 ad
2109 1965 2488 2022 auxiliandum
2537 1963 2664 2027 sibi,
2698 1963 2819 2018 haec
2860 1978 3082 2035 quoque
3127 1963 3452 2018 Theodardo
3481 1980 3630 2018 mar-

2016 2054 2121 2128 tyri
2145 2053 2316 2110 cmlos
2353 2052 2590 2124 aperuit,
2622 2066 2860 2123 eumque
2901 2050 3168 2106 ferentem
3208 2051 3466 2124 stigmata
3493 2051 3628 2106 Jesu

2010 2146 2067 2200 in
2100 2144 2241 2200 libro
2291 2145 2413 2200 vita:
2454 2159 2576 2199 cum
2627 2142 2958 2214 martyribus
3009 2140 3210 2196 ascribi
3262 2141 3410 2196 fecit.
3462 2143 3626 2209 Deus,

2009 2237 2104 2308 qui
2135 2237 2342 2292 notavit
2363 2233 2802 2291 incredulitatem
2833 2233 3171 2300 Iudaeorum,
3200 2233 3424 2304 quando
3450 2233 3623 2288 dixit:

2011 2328 2123 2381 Nisi
2166 2328 2325 2394 signa
2361 2330 2412 2379 et
2446 2324 2689 2394 prodigia
2732 2323 2990 2390 videritis,
3045 2336 3154 2377 non
3205 2323 3418 2376 creditis
3449 2322 3622 2392 (Joan.

2013 2433 2088 2483 iv,
2119 2415 2232 2482 48),
2260 2422 2413 2471 notat
2450 2423 2692 2470 nostram
2753 2429 2979 2486 quoque
3019 2411 3481 2476 incredulitatem,
3531 2413 3626 2484 qui

2014 2505 2210 2560 merita
2249 2505 2359 2560 Deo
2412 2503 2746 2575 placentium
2778 2519 2890 2558 non
2944 2503 3282 2558 aestimamus
3330 2517 3396 2557 ex
3425 2503 3628 2558 virtute

1999 2611 2267 2668 .operum,
2297 2596 2396 2651 sed
2453 2611 2520 2650 ex
2551 2595 2873 2651 ostensione
2913 2595 3230 2669 signorum:
3290 2593 3449 2669 signa
3479 2595 3627 2650 enim

2015 2703 2126 2744 non
2171 2686 2380 2744 faciunt
2416 2686 2699 2743 hominem
2744 2687 2963 2742 beatum
3005 2686 3102 2741 sed
3134 2701 3260 2742 eum
3291 2687 3467 2742 beatae
3504 2686 3630 2742 vita

2014 2777 2186 2834 fuisse
2215 2776 2536 2843 ostendunt,
2569 2785 2624 2832 et
2650 2791 2716 2832 ex
2742 2776 2982 2831 novitate
3010 2783 3334 2831 rerum'nos
3362 2775 3432 2830 ad
3462 2790 3630 2831 vene-

2013 2871 2285 2926 rationem
2336 2878 2650 2926 sanctorum
2711 2869 3014 2924 adducunt.
3069 2869 3205 2924 Ecce
3252 2867 3626 2932 Theodardus,

2013 2966 2108 3037 qui
2140 2964 2317 3021 fuerat
2353 2980 2622 3038 organum
2653 2964 2890 3036 Spiritus
2928 2963 3104 3019 sancti
3142 2963 3210 3018 ab
3240 2963 3424 3034 impiis
3447 2964 3628 3019 inter-

2011 3057 2208 3125 fectus,
2263 3057 2484 3130 jacebat
2517 3057 2674 3130 quasi
2722 3057 2848 3112 vilis
2904 3063 2960 3111 et
3007 3055 3324 3126 despectus,
3379 3062 3434 3110 et
3473 3057 3629 3128 quasi

2011 3167 2308 3221 percussus
2362 3167 2395 3206 a
2445 3151 2556 3206 Deo
2607 3157 2664 3206 et
2703 3147 3040 3204 humiliatus.
3086 3147 3196 3204 Sed
3239 3148 3424 3204 divina
3453 3149 3632 3220 pietas

2012 3239 2287 3314 totumue
2317 3253 2383 3294 eo
2410 3237 2732 3294 scandalum
2767 3236 3092 3293 hominibus
3120 3237 3368 3305 abstulit,
3399 3237 3530 3292 dum
3561 3237 3631 3292 ad

2011 3330 2390 3386 testimonium
2437 3329 2746 3385 sanctitatis
2785 3329 2906 3398 ejus
2936 3327 3212 3384 evidentia
3243 3329 3404 3403 signa
3440 3335 3631 3385 osten-

2055 3437 2118 3474 ιι.

2015 3420 2118 3476 dit.

2645 3488 2854 3544 CAPUT
2885 3489 2976 3545 ΙΙΙ.

2018 3579 2207 3634 Mulier
2229 3580 2469 3633 caecitate
2492 3580 2692 3646 punita
2714 3583 2767 3632 et
2794 3580 2941 3632 visus
2984 3580 3036 3632 ei
3061 3577 3336 3642 redditus;
3367 3581 3632 3648 exsequiae

2087 3667 2124 3704 a
2168 3651 2448 3718 frequente
2482 3650 2672 3718 populo
2713 3649 3027 3715 celebratae;
3077 3649 3351 3704 miracula
3402 3652 3463 3704 in
3521 3651 3631 3706 Ioco

2084 3723 2280 3790 prima:
2330 3721 2655 3789 sepulturae,-
2698 3735 2886 3790 corpus
2916 3720 3041 3775 inde
3092 3725 3340 3776 evectum
3371 3727 3425 3776 et
3459 3723 3634 3778 Leodii

2090 3793 2406 3861 depositum.
2985 3811 2993 3820 -

2086 3880 2176 3937 12.
2206 3881 2348 3936 Puer
2385 3897 2414 3936 e
2473 3879 2742 3936 famulitio
2777 3881 2954 3936 sancti
3001 3881 3277 3952 praesulis,
3313 3881 3410 3954 qui
3453 3880 3628 3950 solus,

2015 3970 2232 4027 caeteris
2263 3970 2318 4024 in
2346 3969 2528 4045 fugam
2569 3969 2767 4036 versis,
2811 3969 3118 4025 excubabat
3143 3970 3211 4025 ad
3258 3985 3460 4042 corpus
3498 3987 3631 4027 exa-

2016 4060 2184 4128 nime,
2213 4059 2410 4115 dolens
2441 4074 2563 4114 esse
2596 4058 2826 4129 disjecta
2856 4075 2888 4114 a
2917 4074 2977 4114 se
3009 4059 3154 4114 beati
3187 4059 3434 4132 corporis
3463 4076 3632 4116 mem-

2012 4154 2130 4223 bra,
2162 4154 2442 4210 nitebatur
2480 4161 2540 4209 ut
2567 4170 2631 4208 ea
2662 4169 2888 4227 quoquo
2920 4155 3085 4210 modo
3126 4154 3336 4210 uniret:
3376 4163 3632 4210 etmem-

2011 4247 2170 4303 brum
2202 4247 2428 4320 quidem
2477 4247 2726 4304 membro
2757 4255 2850 4302 aut
2901 4257 3114 4318 partem
3161 4247 3301 4318 parti
3341 4257 3628 4319 coaptans,

298 4457 418 4514 cap.
453 4440 498 4514 1‘
517 4453 668 4514 num.
699 4436 758 4501 8,
796 4450 862 4490 ex
887 4433 1444 4514 ordine-prosecutis,
1479 4434 1754 4508 rebusque
1805 4453 1902 4508 pa-
1929 4439 2135 4514 Ddum
2165 4437 2374 4514 est__de
2403 4436 2794 4514 S_.__Rem_aclo,
2845 4436 2960 4508 qui,
2989 4451 3113 4490 cum
3163 4434 3220 4490 S.
3274 4433 3626 4514 Sigebertum

297 4504 433 4567 riter
469 4504 1175 4579 fideliterquesupputatis,
1207 4513 1544 4579 compertum
1587 4504 1689 4579 est,
1732 4504 1902 4579 quos-

300 4583 425 4638 dam
455 4581 656 4636 fundos
687 4575 863 4633 asuis
907 4575 1154 4646 patribus
1184 4576 1368 4630 minus
1392 4577 1540 4645 justo
1579 4575 1912 4634 obtinuisse.

303 4654 411 4708 [lac
440 4667 570 4708 vero
593 4666 724 4706 cura
751 4664 849 4720 pro
876 4647 1019 4702 male
1046 4646 1289 4720 multatis
1319 4648 1567 4704 ecclesiae
1601 4650 1915 4719 possessio--

301 4724 469 4779 nibus
505 4722 648 4776 infra
702 4718 788 4776 sui
829 4734 1028 4774 arcana
1075 4718 1258 4773 cordis
1313 4718 1622 4786 recursans,
1663 4721 1916 4775 dubitare

299 4795 491 4866 cmpit,
525 4793 658 4865 quid
698 4792 906 4855 mallet,
957 4799 1162 4866 uirum,
1214 4796 1270 4842 ut
1309 4799 1511 4866 _nactus
1559 4799 1662 4857 est,
1699 4792 1919 4866 _sineret

301 4861 664 4940 permanere;
694 4879 763 4918 an
803 4877 974 4940 super
1003 4861 1107 4940 bo_c
1137 4861 1361 4940 negotio
1410 4871 1667 4940 pergeret
1695 4863 1776 4916 ire
1813 4879 1917 4917 au-

304 4932 392 4993 res
437 4937 620 5010 regias
659 4932 1014 5005 compellare.
1063 4932 1302 4986 Tandem
1348 4933 1676 5010 in_Domino
1735 4944 1918 5010 prote-

303 5018 455 5065 ctore
483 5004 745 5070 confisus,
780 5004 962 5074 neque
992 5011 1264 5074 metuens,
1311 5004 1441 5074 quid
1475 5005 1677 5060 faceret
1715 5005 1766 5060 ei
1820 5006 1918 5060 lio-

305 5097 418 5146 mo,
444 5080 592 5135 stetit
622 5073 934 5137 sententiis,
984 5093 1009 5124 υ
1033 5073 1123 5146 ad
1151 5073 1516 5130 Cbildericum
1551 5077 1593 5130 ll
1624 5076 1917 5131 Austrasiaa

303 5145 495 5226 regem
527 5149 808 5226 profectus
835 5153 891 5202 et
934 5146 990 5200 in
1029 5145 1228 5200 itinere
1275 5162 1453 5226 caesus
1478 5146 1631 5226 __fi_iit._
1683 5147 1918 5226 Ex‘data

307 5217 570 5288 anbnymi
601 5220 869 5275 relatione
912 5226 966 5272 et
996 5232 1060 5270 ex
1095 5232 1185 5284 eo,
1217 5218 1365 5288 quod
1398 5217 1738 5274 Childericus
1763 5220 1796 5273 6
1821 5219 1921 5274 Se-

346 5239 454 5278 non
495 5239 570 5275 ῐηι
601 5239 869 5275 ιέιδιιοῐιο
912 5239 966 5272 ει
996 5239 1060 5270 CX
1095 5239 1185 5284 eo,
1217 5239 1365 5288 quou
1398 5239 1738 5274 hﬂllﬂCl‘lCUS
1763 5239 1796 5273 0
1821 5239 1921 5274 DB-

346 5239 578 5348 tembris
605 5289 736 5346 anni
772 5289 878 5360 667,
906 5287 1140 5356 Trajecti
1187 5288 1242 5342 in
1284 5305 1385 5344 suo
1430 5290 1634 5360 palatio
1671 5299 1921 5344 versatus

346 5312 578 5348 temorls
605 5312 736 5346 anui
772 5312 871 5346 ODI
917 5312 1140 5356 trajecu
1187 5312 1242 5342 Ill
1284 5312 1385 5344 δυο
1431 5312 1634 5360 palatio
1673 5312 1918 5344 VBI'SIIIUS

304 5312 492 5429 Fuerit,
527 5362 662 5417 satis
698 5359 1287 5434 colligitur,__sanctum
1340 5367 1584 5416 nostrum
1629 5361 1918 5434 praesulem

305 5434 529 5491 nonnisi
571 5439 693 5504 post
736 5430 939 5485 dictum
978 5430 1133 5504 diem
1187 5439 1242 5504 et
1296 5447 1498 5484 annum
1559 5430 1918 5504 comperisse,

305 5510 454 5563 bona
500 5501 902 5573 ecclesimrsuaa
941 5502 1010 5556 ab
1063 5501 1269 5573 iniquis
1309 5502 1726 5572 possessoribus
1778 5504 1923 5557 deti-

282 5577 452 5646 Jieri.
489 5576 586 5630 Pro
611 5572 952 5646 _ofiiciosuo
978 5573 1130 5646 _haud
1161 5572 1330 5646 dubie
1363 5573 1524 5646 citius
1570 5589 1635 5628 ea
1668 5574 1922 5644 repotiis-

307 5657 414 5717 set,
442 5648 487 5704 si
528 5643 693 5702 citius
719 5642 855 5698 illud
887 5643 991 5714 ipsi
1025 5644 1371 5700 innotuisset.
1399 5644 1547 5700 idem
1580 5642 1921 5717 prmsumeno

2015 4509 2335 4584 regemsibi
2370 4508 2820 4584 _addictissimum
2847 4507 3038 4562 nactus
3068 4514 3238 4584 esset,
3265 4507 3632 4584 quemadmo-

2016 4577 2147 4636 du'm
2214 4579 2506 4647 beneficia,
2609 4579 2766 4633 uibus
2821 4594 2947 4632 eum
3004 4577 3321 4642 cumulavit,
3371 4584 3629 4634 testatum

2017 4653 2246 4703 faciunt.
2295 4651 2535 4703 alienata
2566 4596 2742 4703 (iacile
2805 4648 2950 4703 bona
3001 4663 3379 4703 rccuncrasse.
3433 4649 3626 4703 Neque

2015 4653 2246 4718 faciunt,
2295 4651 2535 4706 alienata
2582 4648 2742 4704 facile
2805 4648 2950 4704 bona
3001 4663 3379 4718 recuperasse.
3433 4649 3626 4718 Neque

2016 4722 2175 4777 aliter
2203 4722 2556 4777 sentiendum
2590 4721 2659 4774 de
2686 4719 2739 4773 S.
2779 4718 3046 4784 Amando,
3079 4720 3171 4790 qui
3209 4737 3238 4774 a
3262 4719 3495 4776 Martino
3525 4718 3624 4776 PP.

2019 4797 2037 4849 l
2087 4792 2470 4873 liberationem
2513 4791 2582 4845 ab
2617 4806 2786 4873 onere
2846 4790 3150 4873 episcOpali
3179 4790 3512 4873 efflagitans,
3558 4809 3628 4873 pe

2017 4865 2188 4936 verbo
2230 4864 2454 4936 quidem
2494 4861 3004 4936 mentionem‘t'ecit
3045 4861 3117 4916 de
3164 4861 3339 4918 rebus
3377 4863 3628 4936 ecclesias

2017 4952 2130 4990 sua;
2182 4932 2382 5004 injuste
2419 4933 2724 5004 occupatis,
2766 4932 2862 5004 sed
2913 4941 3202 5004 corruptos
3246 4935 3630 4989 tantummodo

2019 5007 2149 5062 cleri
2184 5003 2366 5078 meres
2393 5003 2729 5078 attigit,_Etsi
2757 5003 2900 5059 forte
2929 5020 2959 5058 a
2984 5003 3038 5078 _S.
3073 5005 3324 5078 Johannc
3353 5008 3504 5078 Agno
3529 5008 3633 5078 pii-

2017 5093 2122 5133 nus
2143 5081 2291 5148 juste
2319 5074 2521 5130 fundos
2550 5074 2717 5148 aliqui
2747 5076 3082 5146 acceperint,
3109 5091 3172 5132 ac
3188 5077 3323 5148 dein
3347 5074 3490 5148 mala
3521 5075 3631 5148 fide

2021 5146 2527 5221 possederint,non_
2552 5146 2678 5221 ideo
2710 5153 2892 5202 tamen
2932 5156 3155 5221 sanctus
3183 5147 3276 5221 ille
3323 5146 3632 5216 culpandus

2019 5218 2134 5284 est;
2192 5235 2316 5274 nam
2376 5219 2605 5290 fraudeg
2629 5218 3014 5290 circumveniri
3070 5219 3268 5290 potuit,
3317 5234 3484 5289 quam
3517 5225 3635 5273 tan-

2019 5292 2142 5346 dem
2179 5289 2523 5344 dctexeritS.
2568 5288 2944 5345 Theodardus.

2092 5362 2229 5428 i987)
2260 5362 2494 5416 Sanctus
2523 5371 2708 5415 noster
2760 5376 2870 5432 non
2898 5359 3044 5414 sedit
3083 5359 3184 5413 sub
3222 5373 3348 5432 rege
3379 5359 3635 5432 Sigeber-

2021 5441 2098 5499 to,
2135 5433 2236 5486 nisi
2271 5432 2411 5486 forte
2444 5433 2590 5486 brevi
2616 5433 2683 5487 ad
2725 5431 2946 5485 modum
2975 5439 3241 5500 tempore.

2093 5505 2238 5574 (988)
2269 5504 2396 5558 Post
2422 5503 2752 5559 Clodoveum
2785 5504 2827 5574 ll
2861 5502 3190 5574 Francorum
3214 5503 3524 5574 imonarclia
3555 5501 3637 5558 fa-

2021 5582 2142 5630 ctus
2170 5584 2252 5655 est
2275 5576 2396 5655 ejus
2435 5575 2590 5655 titius.
2615 5573 3019 5655 _(ilotarius-lll,
3060 5573 3154 5655 qui
3198 5573 3490 5655 Ausiriisim
3545 5591 3636 5629 re-

2022 5663 2190 5718 gnum
2224 5644 2374 5702 fratri
2407 5661 2508 5702 suo
2539 5646 2848 5702 tiliilderico
2878 5645 2922 5700 ll
2949 5644 3115 5701 cessit
3137 5659 3284 5728 anno
3306 5644 3431 5700 660.
