  <div class='ocr_page' id='page_1' title='image "/cluster/home/n/w/nwhite01/storage/ocr_20150623/160/hvd.32044054760186/383.png"; bbox 0 0 3930 6052; ppageno 0'>
   <div class='ocr_carea' id='block_1_1' title="bbox 379 241 482 295">
    <p class='ocr_par' dir='ltr' id='par_1_1' title="bbox 379 241 482 295">
     <span class='ocr_line' id='line_1_1' title="bbox 379 241 482 295; baseline -0.01 0"><span class='ocrx_word' id='word_1_1' title='bbox 379 241 482 295; x_wconf 75' lang='grc'><strong>755</strong></span> 
     </span>
    </p>
   </div>
   <div class='ocr_carea' id='block_1_2' title="bbox 1599 228 2501 290">
    <p class='ocr_par' dir='ltr' id='par_1_2' title="bbox 1599 228 2501 290">
     <span class='ocr_line' id='line_1_2' title="bbox 1599 228 2501 290; baseline 0.002 -7"><span class='ocrx_word' id='word_1_2' title='bbox 1599 229 1939 290; x_wconf 79' lang='lat' dir='ltr'><strong>SIGEBERTI</strong></span> <span class='ocrx_word' id='word_1_3' title='bbox 1982 228 2501 286; x_wconf 83' lang='lat' dir='ltr'><strong>GEMBLACENSIS.</strong></span> 
     </span>
    </p>
   </div>
   <div class='ocr_carea' id='block_1_3' title="bbox 3618 255 3746 310">
    <p class='ocr_par' dir='ltr' id='par_1_3' title="bbox 3618 255 3746 310">
     <span class='ocr_line' id='line_1_3' title="bbox 3618 255 3746 310; baseline 0 0"><span class='ocrx_word' id='word_1_4' title='bbox 3618 255 3746 310; x_wconf 79' lang='grc'><strong>756</strong></span> 
     </span>
    </p>
   </div>
   <div class='ocr_carea' id='block_1_4' title="bbox 379 360 3744 455">
    <p class='ocr_par' dir='ltr' id='par_1_4' title="bbox 379 360 3744 455">
     <span class='ocr_line' id='line_1_4' title="bbox 379 360 3744 455; baseline 0.001 -26"><span class='ocrx_word' id='word_1_5' title='bbox 379 390 488 430; x_wconf 92' lang='lat' dir='ltr'><strong>non</strong></span> <span class='ocrx_word' id='word_1_6' title='bbox 527 372 765 426; x_wconf 77' lang='lat' dir='ltr'><strong>habebat</strong></span> <span class='ocrx_word' id='word_1_7' title='bbox 800 370 954 423; x_wconf 85' lang='lat' dir='ltr'><strong>unde</strong></span> <span class='ocrx_word' id='word_1_8' title='bbox 970 384 1033 422; x_wconf 87' lang='lat' dir='ltr'><strong>ea</strong></span> <span class='ocrx_word' id='word_1_9' title='bbox 1063 365 1367 440; x_wconf 70' lang='lat' dir='ltr'><strong>colligaret.</strong></span> <span class='ocrx_word' id='word_1_10' title='bbox 1400 366 1605 435; x_wconf 87' lang='lat' dir='ltr'><strong>Nempe</strong></span> <span class='ocrx_word' id='word_1_11' title='bbox 1637 362 1840 417; x_wconf 88' lang='lat' dir='ltr'><strong>inimici</strong></span> <span class='ocrx_word' id='word_1_12' title='bbox 1879 361 1994 455; x_wconf 30' lang='lat' dir='ltr'><strong>ju-s-</strong></span> <span class='ocrx_word' id='word_1_13' title='bbox 2019 364 2073 432; x_wconf 83' lang='lat' dir='ltr'><strong>A</strong></span> <span class='ocrx_word' id='word_1_14' title='bbox 2097 360 2376 434; x_wconf 79' lang='lat' dir='ltr'><strong>colligata,</strong></span> <span class='ocrx_word' id='word_1_15' title='bbox 2410 365 2661 437; x_wconf 81' lang='lat' dir='ltr'><strong>agnoscit</strong></span> <span class='ocrx_word' id='word_1_16' title='bbox 2687 368 2908 423; x_wconf 81' lang='lat' dir='ltr'><strong>tandem</strong></span> <span class='ocrx_word' id='word_1_17' title='bbox 2940 375 3209 441; x_wconf 85' lang='lat' dir='ltr'><strong>quantum</strong></span> <span class='ocrx_word' id='word_1_18' title='bbox 3256 381 3573 444; x_wconf 82' lang='lat' dir='ltr'><strong>peccaverit</strong></span> <span class='ocrx_word' id='word_1_19' title='bbox 3604 399 3744 455; x_wconf 60' lang='lat' dir='ltr'><strong>quae</strong></span> 
     </span>
    </p>
   </div>
   <div class='ocr_carea' id='block_1_5' title="bbox 380 450 2013 529">
    <p class='ocr_par' dir='ltr' id='par_1_5' title="bbox 380 450 2013 529">
     <span class='ocr_line' id='line_1_5' title="bbox 380 450 2013 529; baseline -0.007 -13"><span class='ocrx_word' id='word_1_20' title='bbox 380 462 512 517; x_wconf 67' lang='lat' dir='ltr'><strong>tiliae</strong></span> <span class='ocrx_word' id='word_1_21' title='bbox 541 460 749 514; x_wconf 85' lang='lat' dir='ltr'><strong>scelere</strong></span> <span class='ocrx_word' id='word_1_22' title='bbox 788 462 1105 529; x_wconf 88' lang='lat' dir='ltr'><strong>perpetrato</strong></span> <span class='ocrx_word' id='word_1_23' title='bbox 1136 470 1329 510; x_wconf 90' lang='lat' dir='ltr'><strong>omnes</strong></span> <span class='ocrx_word' id='word_1_24' title='bbox 1356 454 1520 509; x_wconf 90' lang='lat' dir='ltr'><strong>etiam</strong></span> <span class='ocrx_word' id='word_1_25' title='bbox 1567 452 1810 507; x_wconf 82' lang='lat' dir='ltr'><strong>sarcinas</strong></span> <span class='ocrx_word' id='word_1_26' title='bbox 1849 450 2013 505; x_wconf 71' lang='lat' dir='ltr'><strong>diri-&#39;</strong></span> 
     </span>
    </p>
   </div>
   <div class='ocr_carea' id='block_1_6' title="bbox 378 546 1991 626">
    <p class='ocr_par' dir='ltr' id='par_1_6' title="bbox 378 546 1991 626">
     <span class='ocr_line' id='line_1_6' title="bbox 378 546 1991 626; baseline -0.005 -18"><span class='ocrx_word' id='word_1_27' title='bbox 378 559 636 626; x_wconf 89' lang='lat' dir='ltr'><strong>puerant.</strong></span> <span class='ocrx_word' id='word_1_28' title='bbox 672 551 827 616; x_wconf 84' lang='lat' dir='ltr'><strong>Quod</strong></span> <span class='ocrx_word' id='word_1_29' title='bbox 858 550 1033 605; x_wconf 91' lang='lat' dir='ltr'><strong>solum</strong></span> <span class='ocrx_word' id='word_1_30' title='bbox 1068 548 1248 620; x_wconf 84' lang='lat' dir='ltr'><strong>potuit</strong></span> <span class='ocrx_word' id='word_1_31' title='bbox 1286 563 1425 618; x_wconf 91' lang='lat' dir='ltr'><strong>puer</strong></span> <span class='ocrx_word' id='word_1_32' title='bbox 1455 546 1604 612; x_wconf 85' lang='lat' dir='ltr'><strong>fecit,</strong></span> <span class='ocrx_word' id='word_1_33' title='bbox 1638 553 1693 600; x_wconf 89' lang='lat' dir='ltr'><strong>et</strong></span> <span class='ocrx_word' id='word_1_34' title='bbox 1722 550 1991 617; x_wconf 86' lang='lat' dir='ltr'><strong>quotquot</strong></span> 
     </span>
    </p>
   </div>
   <div class='ocr_carea' id='block_1_7' title="bbox 377 635 1991 711">
    <p class='ocr_par' dir='ltr' id='par_1_7' title="bbox 377 635 1991 711">
     <span class='ocr_line' id='line_1_7' title="bbox 377 635 1991 711; baseline -0.005 -14"><span class='ocrx_word' id='word_1_35' title='bbox 377 642 626 697; x_wconf 88' lang='lat' dir='ltr'><strong>membra</strong></span> <span class='ocrx_word' id='word_1_36' title='bbox 648 641 809 696; x_wconf 91' lang='lat' dir='ltr'><strong>unire</strong></span> <span class='ocrx_word' id='word_1_37' title='bbox 836 640 1013 711; x_wconf 84' lang='lat' dir='ltr'><strong>potuit</strong></span> <span class='ocrx_word' id='word_1_38' title='bbox 1032 638 1238 694; x_wconf 90' lang='lat' dir='ltr'><strong>institis</strong></span> <span class='ocrx_word' id='word_1_39' title='bbox 1254 638 1369 693; x_wconf 89' lang='lat' dir='ltr'><strong>suis</strong></span> <span class='ocrx_word' id='word_1_40' title='bbox 1396 636 1708 711; x_wconf 82' lang='lat' dir='ltr'><strong>colligabat.</strong></span> <span class='ocrx_word' id='word_1_41' title='bbox 1735 635 1862 691; x_wconf 90' lang='lat' dir='ltr'><strong>Cum</strong></span> <span class='ocrx_word' id='word_1_42' title='bbox 1892 636 1991 690; x_wconf 87' lang='lat' dir='ltr'><strong>ad-</strong></span> 
     </span>
    </p>
   </div>
   <div class='ocr_carea' id='block_1_8' title="bbox 374 728 1988 799">
    <p class='ocr_par' dir='ltr' id='par_1_8' title="bbox 374 728 1988 799">
     <span class='ocr_line' id='line_1_8' title="bbox 374 728 1988 799; baseline -0.005 -10"><span class='ocrx_word' id='word_1_43' title='bbox 374 735 480 789; x_wconf 90' lang='lat' dir='ltr'><strong>huc</strong></span> <span class='ocrx_word' id='word_1_44' title='bbox 512 733 564 789; x_wconf 90' lang='lat' dir='ltr'><strong>ei</strong></span> <span class='ocrx_word' id='word_1_45' title='bbox 588 749 702 788; x_wconf 61' lang='lat' dir='ltr'><strong>suae</strong></span> <span class='ocrx_word' id='word_1_46' title='bbox 734 748 843 787; x_wconf 91' lang='lat' dir='ltr'><strong>non</strong></span> <span class='ocrx_word' id='word_1_47' title='bbox 871 730 1192 787; x_wconf 80' lang='lat' dir='ltr'><strong>sufficerent</strong></span> <span class='ocrx_word' id='word_1_48' title='bbox 1221 730 1443 797; x_wconf 73' lang='lat' dir='ltr'><strong>institte,</strong></span> <span class='ocrx_word' id='word_1_49' title='bbox 1479 729 1646 799; x_wconf 86' lang='lat' dir='ltr'><strong>coepit</strong></span> <span class='ocrx_word' id='word_1_50' title='bbox 1676 729 1859 783; x_wconf 91' lang='lat' dir='ltr'><strong>animo</strong></span> <span class='ocrx_word' id='word_1_51' title='bbox 1890 728 1988 782; x_wconf 88' lang='lat' dir='ltr'><strong>de-</strong></span> 
     </span>
    </p>
   </div>
   <div class='ocr_carea' id='block_1_9' title="bbox 375 821 1984 894">
    <p class='ocr_par' dir='ltr' id='par_1_9' title="bbox 375 821 1984 894">
     <span class='ocr_line' id='line_1_9' title="bbox 375 821 1984 894; baseline -0.005 -12"><span class='ocrx_word' id='word_1_52' title='bbox 375 828 561 894; x_wconf 86' lang='lat' dir='ltr'><strong>ficere,</strong></span> <span class='ocrx_word' id='word_1_53' title='bbox 597 836 653 883; x_wconf 92' lang='lat' dir='ltr'><strong>et</strong></span> <span class='ocrx_word' id='word_1_54' title='bbox 683 828 855 882; x_wconf 88' lang='lat' dir='ltr'><strong>multa</strong></span> <span class='ocrx_word' id='word_1_55' title='bbox 883 842 1068 881; x_wconf 89' lang='lat' dir='ltr'><strong>secum</strong></span> <span class='ocrx_word' id='word_1_56' title='bbox 1097 824 1410 889; x_wconf 86' lang='lat' dir='ltr'><strong>revolvens,</strong></span> <span class='ocrx_word' id='word_1_57' title='bbox 1455 840 1519 878; x_wconf 87' lang='lat' dir='ltr'><strong>ex</strong></span> <span class='ocrx_word' id='word_1_58' title='bbox 1558 822 1791 879; x_wconf 89' lang='lat' dir='ltr'><strong>consilio</strong></span> <span class='ocrx_word' id='word_1_59' title='bbox 1818 821 1984 876; x_wconf 90' lang='lat' dir='ltr'><strong>animi</strong></span> 
     </span>
    </p>
   </div>
   <div class='ocr_carea' id='block_1_10' title="bbox 373 917 1987 993">
    <p class='ocr_par' dir='ltr' id='par_1_10' title="bbox 373 917 1987 993">
     <span class='ocr_line' id='line_1_10' title="bbox 373 917 1987 993; baseline -0.006 -14"><span class='ocrx_word' id='word_1_60' title='bbox 373 923 457 979; x_wconf 90' lang='lat' dir='ltr'><strong>sui</strong></span> <span class='ocrx_word' id='word_1_61' title='bbox 522 922 709 979; x_wconf 89' lang='lat' dir='ltr'><strong>villam</strong></span> <span class='ocrx_word' id='word_1_62' title='bbox 763 937 884 993; x_wconf 78' lang='lat' dir='ltr'><strong>quae</strong></span> <span class='ocrx_word' id='word_1_63' title='bbox 933 921 1179 992; x_wconf 89' lang='lat' dir='ltr'><strong>proxima</strong></span> <span class='ocrx_word' id='word_1_64' title='bbox 1218 927 1334 973; x_wconf 90' lang='lat' dir='ltr'><strong>erat</strong></span> <span class='ocrx_word' id='word_1_65' title='bbox 1399 919 1578 989; x_wconf 87' lang='lat' dir='ltr'><strong>petiit,</strong></span> <span class='ocrx_word' id='word_1_66' title='bbox 1618 933 1848 988; x_wconf 87' lang='lat' dir='ltr'><strong>sperans</strong></span> <span class='ocrx_word' id='word_1_67' title='bbox 1893 917 1987 971; x_wconf 90' lang='lat' dir='ltr'><strong>Dei</strong></span> 
     </span>
    </p>
   </div>
   <div class='ocr_carea' id='block_1_11' title="bbox 372 1008 1984 1082">
    <p class='ocr_par' dir='ltr' id='par_1_11' title="bbox 372 1008 1984 1082">
     <span class='ocr_line' id='line_1_11' title="bbox 372 1008 1984 1082; baseline -0.004 -12"><span class='ocrx_word' id='word_1_68' title='bbox 372 1014 637 1070; x_wconf 83' lang='lat' dir='ltr'><strong>auxilium</strong></span> <span class='ocrx_word' id='word_1_69' title='bbox 666 1012 772 1068; x_wconf 87' lang='lat' dir='ltr'><strong>sibi</strong></span> <span class='ocrx_word' id='word_1_70' title='bbox 800 1029 910 1069; x_wconf 91' lang='lat' dir='ltr'><strong>non</strong></span> <span class='ocrx_word' id='word_1_71' title='bbox 939 1012 1286 1068; x_wconf 90' lang='lat' dir='ltr'><strong>defuturum:</strong></span> <span class='ocrx_word' id='word_1_72' title='bbox 1320 1028 1422 1068; x_wconf 91' lang='lat' dir='ltr'><strong>nec</strong></span> <span class='ocrx_word' id='word_1_73' title='bbox 1447 1027 1574 1082; x_wconf 90' lang='lat' dir='ltr'><strong>spes</strong></span> <span class='ocrx_word' id='word_1_74' title='bbox 1605 1026 1729 1065; x_wconf 90' lang='lat' dir='ltr'><strong>eum</strong></span> <span class='ocrx_word' id='word_1_75' title='bbox 1763 1008 1984 1076; x_wconf 86' lang='lat' dir='ltr'><strong>fefellit;</strong></span> 
     </span>
    </p>
   </div>
   <div class='ocr_carea' id='block_1_12' title="bbox 375 1099 1987 1172">
    <p class='ocr_par' dir='ltr' id='par_1_12' title="bbox 375 1099 1987 1172">
     <span class='ocr_line' id='line_1_12' title="bbox 375 1099 1987 1172; baseline -0.003 -12"><span class='ocrx_word' id='word_1_76' title='bbox 375 1122 504 1161; x_wconf 87' lang='lat' dir='ltr'><strong>nam</strong></span> <span class='ocrx_word' id='word_1_77' title='bbox 530 1105 672 1160; x_wconf 92' lang='lat' dir='ltr'><strong>inter</strong></span> <span class='ocrx_word' id='word_1_78' title='bbox 695 1105 939 1161; x_wconf 89' lang='lat' dir='ltr'><strong>eundum</strong></span> <span class='ocrx_word' id='word_1_79' title='bbox 971 1103 1202 1160; x_wconf 73' lang='lat' dir='ltr'><strong>offendit</strong></span> <span class='ocrx_word' id='word_1_80' title='bbox 1230 1104 1632 1170; x_wconf 87' lang='lat' dir='ltr'><strong>mulierculam,</strong></span> <span class='ocrx_word' id='word_1_81' title='bbox 1662 1099 1719 1155; x_wconf 90' lang='lat' dir='ltr'><strong>in</strong></span> <span class='ocrx_word' id='word_1_82' title='bbox 1741 1117 1871 1156; x_wconf 90' lang='lat' dir='ltr'><strong>cura</strong></span> <span class='ocrx_word' id='word_1_83' title='bbox 1886 1117 1987 1172; x_wconf 88' lang='lat' dir='ltr'><strong>pa-</strong></span> 
     </span>
    </p>
   </div>
   <div class='ocr_carea' id='block_1_13' title="bbox 375 1196 1983 1270">
    <p class='ocr_par' dir='ltr' id='par_1_13' title="bbox 375 1196 1983 1270">
     <span class='ocr_line' id='line_1_13' title="bbox 375 1196 1983 1270; baseline -0.004 -15"><span class='ocrx_word' id='word_1_84' title='bbox 375 1199 706 1255; x_wconf 89' lang='lat' dir='ltr'><strong>scendarum</strong></span> <span class='ocrx_word' id='word_1_85' title='bbox 745 1199 930 1254; x_wconf 92' lang='lat' dir='ltr'><strong>ovium</strong></span> <span class='ocrx_word' id='word_1_86' title='bbox 960 1204 1282 1270; x_wconf 89' lang='lat' dir='ltr'><strong>occupatam</strong></span> <span class='ocrx_word' id='word_1_87' title='bbox 1322 1206 1377 1252; x_wconf 92' lang='lat' dir='ltr'><strong>et</strong></span> <span class='ocrx_word' id='word_1_88' title='bbox 1415 1197 1598 1252; x_wconf 89' lang='lat' dir='ltr'><strong>uendo</strong></span> <span class='ocrx_word' id='word_1_89' title='bbox 1628 1196 1983 1250; x_wconf 91' lang='lat' dir='ltr'><strong>diducentem</strong></span> 
     </span>
    </p>
   </div>
   <div class='ocr_carea' id='block_1_14' title="bbox 376 1286 1986 1360">
    <p class='ocr_par' dir='ltr' id='par_1_14' title="bbox 376 1286 1986 1360">
     <span class='ocr_line' id='line_1_14' title="bbox 376 1286 1986 1360; baseline -0.004 -14"><span class='ocrx_word' id='word_1_90' title='bbox 376 1292 447 1346; x_wconf 91' lang='lat' dir='ltr'><strong>de</strong></span> <span class='ocrx_word' id='word_1_91' title='bbox 464 1292 585 1346; x_wconf 90' lang='lat' dir='ltr'><strong>colo</strong></span> <span class='ocrx_word' id='word_1_92' title='bbox 616 1289 728 1345; x_wconf 87' lang='lat' dir='ltr'><strong>ﬁla.</strong></span> <span class='ocrx_word' id='word_1_93' title='bbox 749 1289 1033 1346; x_wconf 85' lang='lat' dir='ltr'><strong>Mulierem</strong></span> <span class='ocrx_word' id='word_1_94' title='bbox 1057 1290 1370 1360; x_wconf 87' lang='lat' dir='ltr'><strong>compellat,</strong></span> <span class='ocrx_word' id='word_1_95' title='bbox 1394 1295 1449 1344; x_wconf 91' lang='lat' dir='ltr'><strong>et</strong></span> <span class='ocrx_word' id='word_1_96' title='bbox 1475 1288 1579 1342; x_wconf 90' lang='lat' dir='ltr'><strong>sibi</strong></span> <span class='ocrx_word' id='word_1_97' title='bbox 1603 1287 1691 1341; x_wconf 84' lang='lat' dir='ltr'><strong>fila</strong></span> <span class='ocrx_word' id='word_1_98' title='bbox 1708 1286 1831 1341; x_wconf 84' lang='lat' dir='ltr'><strong>dari</strong></span> <span class='ocrx_word' id='word_1_99' title='bbox 1852 1303 1986 1357; x_wconf 86' lang='lat' dir='ltr'><strong>sup-</strong></span> 
     </span>
    </p>
   </div>
   <div class='ocr_carea' id='block_1_15' title="bbox 375 1382 1986 1455">
    <p class='ocr_par' dir='ltr' id='par_1_15' title="bbox 375 1382 1986 1455">
     <span class='ocr_line' id='line_1_15' title="bbox 375 1382 1986 1455; baseline -0.002 -17"><span class='ocrx_word' id='word_1_100' title='bbox 375 1384 500 1455; x_wconf 88' lang='lat' dir='ltr'><strong>plex</strong></span> <span class='ocrx_word' id='word_1_101' title='bbox 526 1383 788 1454; x_wconf 87' lang='lat' dir='ltr'><strong>postulat,</strong></span> <span class='ocrx_word' id='word_1_102' title='bbox 819 1392 873 1439; x_wconf 93' lang='lat' dir='ltr'><strong>et</strong></span> <span class='ocrx_word' id='word_1_103' title='bbox 902 1400 1000 1439; x_wconf 92' lang='lat' dir='ltr'><strong>cur</strong></span> <span class='ocrx_word' id='word_1_104' title='bbox 1038 1383 1279 1454; x_wconf 85' lang='lat' dir='ltr'><strong>postulet</strong></span> <span class='ocrx_word' id='word_1_105' title='bbox 1307 1398 1525 1438; x_wconf 87' lang='lat' dir='ltr'><strong>causam</strong></span> <span class='ocrx_word' id='word_1_106' title='bbox 1558 1382 1719 1445; x_wconf 84' lang='lat' dir='ltr'><strong>dicit;</strong></span> <span class='ocrx_word' id='word_1_107' title='bbox 1760 1396 1986 1453; x_wconf 90' lang='lat' dir='ltr'><strong>remque</strong></span> 
     </span>
    </p>
   </div>
   <div class='ocr_carea' id='block_1_16' title="bbox 375 1471 1988 1543">
    <p class='ocr_par' dir='ltr' id='par_1_16' title="bbox 375 1471 1988 1543">
     <span class='ocr_line' id='line_1_16' title="bbox 375 1471 1988 1543; baseline -0.002 -15"><span class='ocrx_word' id='word_1_108' title='bbox 375 1488 595 1529; x_wconf 90' lang='lat' dir='ltr'><strong>omnem</strong></span> <span class='ocrx_word' id='word_1_109' title='bbox 628 1472 823 1527; x_wconf 90' lang='lat' dir='ltr'><strong>ordine</strong></span> <span class='ocrx_word' id='word_1_110' title='bbox 851 1471 1058 1543; x_wconf 88' lang='lat' dir='ltr'><strong>pandit.</strong></span> <span class='ocrx_word' id='word_1_111' title='bbox 1091 1471 1443 1527; x_wconf 89' lang='lat' dir='ltr'><strong>Audiensilla</strong></span> <span class='ocrx_word' id='word_1_112' title='bbox 1470 1472 1787 1526; x_wconf 88' lang='lat' dir='ltr'><strong>exsecrandi</strong></span> <span class='ocrx_word' id='word_1_113' title='bbox 1812 1472 1988 1527; x_wconf 87' lang='lat' dir='ltr'><strong>scele-</strong></span> 
     </span>
    </p>
   </div>
   <div class='ocr_carea' id='block_1_17' title="bbox 376 1562 1984 1634">
    <p class='ocr_par' dir='ltr' id='par_1_17' title="bbox 376 1562 1984 1634">
     <span class='ocr_line' id='line_1_17' title="bbox 376 1562 1984 1634; baseline -0.001 -16"><span class='ocrx_word' id='word_1_114' title='bbox 376 1565 451 1619; x_wconf 86' lang='lat' dir='ltr'><strong>ris</strong></span> <span class='ocrx_word' id='word_1_115' title='bbox 496 1563 878 1629; x_wconf 88' lang='lat' dir='ltr'><strong>acerbitatem,</strong></span> <span class='ocrx_word' id='word_1_116' title='bbox 921 1562 1100 1633; x_wconf 91' lang='lat' dir='ltr'><strong>primo</strong></span> <span class='ocrx_word' id='word_1_117' title='bbox 1139 1564 1469 1619; x_wconf 86' lang='lat' dir='ltr'><strong>horrescens</strong></span> <span class='ocrx_word' id='word_1_118' title='bbox 1508 1563 1718 1634; x_wconf 89' lang='lat' dir='ltr'><strong>stupuit</strong></span> <span class='ocrx_word' id='word_1_119' title='bbox 1774 1562 1984 1617; x_wconf 86' lang='lat' dir='ltr'><strong>Deinde</strong></span> 
     </span>
    </p>
   </div>
   <div class='ocr_carea' id='block_1_18' title="bbox 2097 456 3734 539">
    <p class='ocr_par' dir='ltr' id='par_1_18' title="bbox 2097 456 3734 539">
     <span class='ocr_line' id='line_1_18' title="bbox 2097 456 3734 539; baseline 0.016 -31"><span class='ocrx_word' id='word_1_120' title='bbox 2097 456 2350 510; x_wconf 89' lang='lat' dir='ltr'><strong>ancillam</strong></span> <span class='ocrx_word' id='word_1_121' title='bbox 2412 457 2763 515; x_wconf 90' lang='lat' dir='ltr'><strong>innocentem</strong></span> <span class='ocrx_word' id='word_1_122' title='bbox 2825 469 2880 517; x_wconf 91' lang='lat' dir='ltr'><strong>et</strong></span> <span class='ocrx_word' id='word_1_123' title='bbox 2919 470 3114 519; x_wconf 86' lang='lat' dir='ltr'><strong>sancto</strong></span> <span class='ocrx_word' id='word_1_124' title='bbox 3181 469 3405 539; x_wconf 87' lang='lat' dir='ltr'><strong>martyri</strong></span> <span class='ocrx_word' id='word_1_125' title='bbox 3463 473 3734 533; x_wconf 81' lang='lat' dir='ltr'><strong>devotam</strong></span> 
     </span>
    </p>
   </div>
   <div class='ocr_carea' id='block_1_19' title="bbox 2092 547 3738 630">
    <p class='ocr_par' dir='ltr' id='par_1_19' title="bbox 2092 547 3738 630">
     <span class='ocr_line' id='line_1_19' title="bbox 2092 547 3738 630; baseline 0.016 -33"><span class='ocrx_word' id='word_1_126' title='bbox 2092 547 2448 614; x_wconf 89' lang='lat' dir='ltr'><strong>percusserit.</strong></span> <span class='ocrx_word' id='word_1_127' title='bbox 2497 547 2680 603; x_wconf 86' lang='lat' dir='ltr'><strong>Fletur</strong></span> <span class='ocrx_word' id='word_1_128' title='bbox 2735 550 2805 605; x_wconf 90' lang='lat' dir='ltr'><strong>ab</strong></span> <span class='ocrx_word' id='word_1_129' title='bbox 2857 551 3115 608; x_wconf 91' lang='lat' dir='ltr'><strong>omnibus</strong></span> <span class='ocrx_word' id='word_1_130' title='bbox 3164 570 3276 625; x_wconf 58' lang='lat' dir='ltr'><strong>pra;</strong></span> <span class='ocrx_word' id='word_1_131' title='bbox 3332 557 3543 630; x_wconf 70' lang='lat' dir='ltr'><strong>laetitia,</strong></span> <span class='ocrx_word' id='word_1_132' title='bbox 3612 566 3738 624; x_wconf 86' lang='lat' dir='ltr'><strong>Deo</strong></span> 
     </span>
    </p>
   </div>
   <div class='ocr_carea' id='block_1_20' title="bbox 2089 635 3724 715">
    <p class='ocr_par' dir='ltr' id='par_1_20' title="bbox 2089 635 3724 715">
     <span class='ocr_line' id='line_1_20' title="bbox 2089 635 3724 715; baseline 0.016 -26"><span class='ocrx_word' id='word_1_133' title='bbox 2089 635 2300 699; x_wconf 88' lang='lat' dir='ltr'><strong>laudes,</strong></span> <span class='ocrx_word' id='word_1_134' title='bbox 2348 639 2458 693; x_wconf 92' lang='lat' dir='ltr'><strong>Deo</strong></span> <span class='ocrx_word' id='word_1_135' title='bbox 2508 640 2711 713; x_wconf 81' lang='lat' dir='ltr'><strong>gratias</strong></span> <span class='ocrx_word' id='word_1_136' title='bbox 2767 643 3134 699; x_wconf 89' lang='lat' dir='ltr'><strong>clamantibus</strong></span> <span class='ocrx_word' id='word_1_137' title='bbox 3195 650 3442 706; x_wconf 89' lang='lat' dir='ltr'><strong>cunctis:</strong></span> <span class='ocrx_word' id='word_1_138' title='bbox 3509 660 3724 715; x_wconf 87' lang='lat' dir='ltr'><strong>crescit</strong></span> 
     </span>
    </p>
   </div>
   <div class='ocr_carea' id='block_1_21' title="bbox 2089 725 3734 810">
    <p class='ocr_par' dir='ltr' id='par_1_21' title="bbox 2089 725 3734 810">
     <span class='ocr_line' id='line_1_21' title="bbox 2089 725 3734 810; baseline 0.016 -31"><span class='ocrx_word' id='word_1_139' title='bbox 2089 725 2278 781; x_wconf 88' lang='lat' dir='ltr'><strong>debita</strong></span> <span class='ocrx_word' id='word_1_140' title='bbox 2306 729 2529 799; x_wconf 82' lang='lat' dir='ltr'><strong>martyri</strong></span> <span class='ocrx_word' id='word_1_141' title='bbox 2562 733 2902 798; x_wconf 89' lang='lat' dir='ltr'><strong>reverentia;</strong></span> <span class='ocrx_word' id='word_1_142' title='bbox 2936 733 3080 790; x_wconf 90' lang='lat' dir='ltr'><strong>fama</strong></span> <span class='ocrx_word' id='word_1_143' title='bbox 3107 737 3258 793; x_wconf 89' lang='lat' dir='ltr'><strong>volat</strong></span> <span class='ocrx_word' id='word_1_144' title='bbox 3289 756 3388 810; x_wconf 91' lang='lat' dir='ltr'><strong>per</strong></span> <span class='ocrx_word' id='word_1_145' title='bbox 3427 750 3599 801; x_wconf 88' lang='lat' dir='ltr'><strong>totam</strong></span> <span class='ocrx_word' id='word_1_146' title='bbox 3632 751 3734 805; x_wconf 84' lang='lat' dir='ltr'><strong>vi-</strong></span> 
     </span>
    </p>
   </div>
   <div class='ocr_carea' id='block_1_22' title="bbox 2089 823 3717 911">
    <p class='ocr_par' dir='ltr' id='par_1_22' title="bbox 2089 823 3717 911">
     <span class='ocr_line' id='line_1_22' title="bbox 2089 823 3717 911; baseline 0.015 -35"><span class='ocrx_word' id='word_1_147' title='bbox 2089 823 2324 890; x_wconf 80' lang='lat' dir='ltr'><strong>ciniam,</strong></span> <span class='ocrx_word' id='word_1_148' title='bbox 2357 824 2616 881; x_wconf 85' lang='lat' dir='ltr'><strong>discurrit</strong></span> <span class='ocrx_word' id='word_1_149' title='bbox 2647 827 2866 903; x_wconf 79' lang='lat' dir='ltr'><strong>longius</strong></span> <span class='ocrx_word' id='word_1_150' title='bbox 2890 845 2990 901; x_wconf 89' lang='lat' dir='ltr'><strong>per</strong></span> <span class='ocrx_word' id='word_1_151' title='bbox 3023 838 3192 888; x_wconf 89' lang='lat' dir='ltr'><strong>totam</strong></span> <span class='ocrx_word' id='word_1_152' title='bbox 3225 852 3452 909; x_wconf 90' lang='lat' dir='ltr'><strong>quoque</strong></span> <span class='ocrx_word' id='word_1_153' title='bbox 3479 845 3717 911; x_wconf 82' lang='lat' dir='ltr'><strong>provin-</strong></span> 
     </span>
    </p>
   </div>
   <div class='ocr_carea' id='block_1_23' title="bbox 2089 914 3723 996">
    <p class='ocr_par' dir='ltr' id='par_1_23' title="bbox 2089 914 3723 996">
     <span class='ocr_line' id='line_1_23' title="bbox 2089 914 3723 996; baseline 0.015 -28"><span class='ocrx_word' id='word_1_154' title='bbox 2089 914 2248 969; x_wconf 91' lang='lat' dir='ltr'><strong>ciam.</strong></span> <span class='ocrx_word' id='word_1_155' title='bbox 2298 916 2744 987; x_wconf 90' lang='lat' dir='ltr'><strong>Quaquaversum</strong></span> <span class='ocrx_word' id='word_1_156' title='bbox 2796 922 2987 978; x_wconf 91' lang='lat' dir='ltr'><strong>oculos</strong></span> <span class='ocrx_word' id='word_1_157' title='bbox 3039 923 3315 996; x_wconf 87' lang='lat' dir='ltr'><strong>ﬂecteres,</strong></span> <span class='ocrx_word' id='word_1_158' title='bbox 3366 946 3723 993; x_wconf 89' lang='lat' dir='ltr'><strong>concurren-</strong></span> 
     </span>
    </p>
   </div>
   <div class='ocr_carea' id='block_1_24' title="bbox 2089 1008 3729 1093">
    <p class='ocr_par' dir='ltr' id='par_1_24' title="bbox 2089 1008 3729 1093">
     <span class='ocr_line' id='line_1_24' title="bbox 2089 1008 3729 1093; baseline 0.015 -31"><span class='ocrx_word' id='word_1_159' title='bbox 2089 1008 2222 1063; x_wconf 91' lang='lat' dir='ltr'><strong>tium</strong></span> <span class='ocrx_word' id='word_1_160' title='bbox 2260 1008 2449 1065; x_wconf 87' lang='lat' dir='ltr'><strong>turbas</strong></span> <span class='ocrx_word' id='word_1_161' title='bbox 2512 1028 2792 1068; x_wconf 89' lang='lat' dir='ltr'><strong>cerneres.</strong></span> <span class='ocrx_word' id='word_1_162' title='bbox 2825 1014 3254 1088; x_wconf 86' lang='lat' dir='ltr'><strong>Materfamilias,</strong></span> <span class='ocrx_word' id='word_1_163' title='bbox 3298 1038 3423 1093; x_wconf 65' lang='lat' dir='ltr'><strong>quae</strong></span> <span class='ocrx_word' id='word_1_164' title='bbox 3462 1041 3628 1084; x_wconf 84' lang='lat' dir='ltr'><strong>causa</strong></span> <span class='ocrx_word' id='word_1_165' title='bbox 3663 1040 3729 1088; x_wconf 87' lang='lat' dir='ltr'><strong>et</strong></span> 
     </span>
    </p>
   </div>
   <div class='ocr_carea' id='block_1_25' title="bbox 2087 1105 3729 1199">
    <p class='ocr_par' dir='ltr' id='par_1_25' title="bbox 2087 1105 3729 1199">
     <span class='ocr_line' id='line_1_25' title="bbox 2087 1105 3729 1199; baseline 0.015 -41"><span class='ocrx_word' id='word_1_166' title='bbox 2087 1105 2243 1199; x_wconf 79' lang='lat' dir='ltr'><strong>testis</strong></span> <span class='ocrx_word' id='word_1_167' title='bbox 2272 1113 2387 1161; x_wconf 89' lang='lat' dir='ltr'><strong>erat</strong></span> <span class='ocrx_word' id='word_1_168' title='bbox 2417 1108 2552 1162; x_wconf 91' lang='lat' dir='ltr'><strong>tanti</strong></span> <span class='ocrx_word' id='word_1_169' title='bbox 2586 1110 2857 1199; x_wconf 89' lang='lat' dir='ltr'><strong>miraculi,</strong></span> <span class='ocrx_word' id='word_1_170' title='bbox 2898 1119 3063 1168; x_wconf 90' lang='lat' dir='ltr'><strong>totam</strong></span> <span class='ocrx_word' id='word_1_171' title='bbox 3096 1130 3158 1170; x_wconf 91' lang='lat' dir='ltr'><strong>se</strong></span> <span class='ocrx_word' id='word_1_172' title='bbox 3194 1116 3479 1187; x_wconf 87' lang='lat' dir='ltr'><strong>rejiciebat</strong></span> <span class='ocrx_word' id='word_1_173' title='bbox 3508 1123 3564 1178; x_wconf 91' lang='lat' dir='ltr'><strong>in</strong></span> <span class='ocrx_word' id='word_1_174' title='bbox 3598 1143 3729 1199; x_wconf 84' lang='lat' dir='ltr'><strong>gra-</strong></span> 
     </span>
    </p>
   </div>
   <div class='ocr_carea' id='block_1_26' title="bbox 2088 1194 3726 1277">
    <p class='ocr_par' dir='ltr' id='par_1_26' title="bbox 2088 1194 3726 1277">
     <span class='ocr_line' id='line_1_26' title="bbox 2088 1194 3726 1277; baseline 0.013 -28"><span class='ocrx_word' id='word_1_175' title='bbox 2088 1194 2213 1249; x_wconf 90' lang='lat' dir='ltr'><strong>tiam</strong></span> <span class='ocrx_word' id='word_1_176' title='bbox 2246 1196 2420 1251; x_wconf 89' lang='lat' dir='ltr'><strong>sancti</strong></span> <span class='ocrx_word' id='word_1_177' title='bbox 2450 1198 2730 1270; x_wconf 87' lang='lat' dir='ltr'><strong>martyris,</strong></span> <span class='ocrx_word' id='word_1_178' title='bbox 2758 1200 2930 1256; x_wconf 89' lang='lat' dir='ltr'><strong>verbo</strong></span> <span class='ocrx_word' id='word_1_179' title='bbox 2970 1208 3024 1257; x_wconf 90' lang='lat' dir='ltr'><strong>et</strong></span> <span class='ocrx_word' id='word_1_180' title='bbox 3053 1208 3306 1277; x_wconf 85' lang='lat' dir='ltr'><strong>exemplo</strong></span> <span class='ocrx_word' id='word_1_181' title='bbox 3333 1225 3433 1266; x_wconf 91' lang='lat' dir='ltr'><strong>suo</strong></span> <span class='ocrx_word' id='word_1_182' title='bbox 3478 1194 3726 1271; x_wconf 58' lang='lat' dir='ltr'><strong>invitatis</strong></span> 
     </span>
    </p>
   </div>
   <div class='ocr_carea' id='block_1_27' title="bbox 2087 1288 3727 1363">
    <p class='ocr_par' dir='ltr' id='par_1_27' title="bbox 2087 1288 3727 1363">
     <span class='ocr_line' id='line_1_27' title="bbox 2087 1288 3727 1363; baseline 0.014 -24"><span class='ocrx_word' id='word_1_183' title='bbox 2087 1301 2280 1342; x_wconf 91' lang='lat' dir='ltr'><strong>omnes</strong></span> <span class='ocrx_word' id='word_1_184' title='bbox 2336 1288 2404 1342; x_wconf 89' lang='lat' dir='ltr'><strong>ad</strong></span> <span class='ocrx_word' id='word_1_185' title='bbox 2449 1289 2779 1361; x_wconf 86' lang='lat' dir='ltr'><strong>obsequium</strong></span> <span class='ocrx_word' id='word_1_186' title='bbox 2834 1294 3153 1351; x_wconf 90' lang='lat' dir='ltr'><strong>celebrandi</strong></span> <span class='ocrx_word' id='word_1_187' title='bbox 3194 1298 3422 1357; x_wconf 87' lang='lat' dir='ltr'><strong>funeris.</strong></span> <span class='ocrx_word' id='word_1_188' title='bbox 3475 1303 3727 1363; x_wconf 87' lang='lat' dir='ltr'><strong>Docebat</strong></span> 
     </span>
    </p>
   </div>
   <div class='ocr_carea' id='block_1_28' title="bbox 2087 1378 3727 1457">
    <p class='ocr_par' dir='ltr' id='par_1_28' title="bbox 2087 1378 3727 1457">
     <span class='ocr_line' id='line_1_28' title="bbox 2087 1378 3727 1457; baseline 0.014 -27"><span class='ocrx_word' id='word_1_189' title='bbox 2087 1392 2268 1432; x_wconf 92' lang='lat' dir='ltr'><strong>rerum</strong></span> <span class='ocrx_word' id='word_1_190' title='bbox 2302 1378 2625 1436; x_wconf 79' lang='lat' dir='ltr'><strong>vicissitudo</strong></span> <span class='ocrx_word' id='word_1_191' title='bbox 2667 1383 2856 1439; x_wconf 90' lang='lat' dir='ltr'><strong>dolere</strong></span> <span class='ocrx_word' id='word_1_192' title='bbox 2883 1401 2986 1455; x_wconf 90' lang='lat' dir='ltr'><strong>pro</strong></span> <span class='ocrx_word' id='word_1_193' title='bbox 3018 1394 3314 1457; x_wconf 89' lang='lat' dir='ltr'><strong>extraneo;</strong></span> <span class='ocrx_word' id='word_1_194' title='bbox 3348 1402 3404 1447; x_wconf 89' lang='lat' dir='ltr'><strong>at</strong></span> <span class='ocrx_word' id='word_1_195' title='bbox 3430 1394 3595 1452; x_wconf 77' lang='lat' dir='ltr'><strong>insita</strong></span> <span class='ocrx_word' id='word_1_196' title='bbox 3620 1399 3727 1453; x_wconf 92' lang='lat' dir='ltr'><strong>ho-</strong></span> 
     </span>
    </p>
   </div>
   <div class='ocr_carea' id='block_1_29' title="bbox 2086 1466 3715 1550">
    <p class='ocr_par' dir='ltr' id='par_1_29' title="bbox 2086 1466 3715 1550">
     <span class='ocr_line' id='line_1_29' title="bbox 2086 1466 3715 1550; baseline 0.014 -31"><span class='ocrx_word' id='word_1_197' title='bbox 2086 1466 2219 1520; x_wconf 92' lang='lat' dir='ltr'><strong>mini</strong></span> <span class='ocrx_word' id='word_1_198' title='bbox 2250 1475 2456 1523; x_wconf 70' lang='lat' dir='ltr'><strong>naturze</strong></span> <span class='ocrx_word' id='word_1_199' title='bbox 2486 1471 2662 1540; x_wconf 90' lang='lat' dir='ltr'><strong>pietas</strong></span> <span class='ocrx_word' id='word_1_200' title='bbox 2683 1472 2941 1528; x_wconf 88' lang='lat' dir='ltr'><strong>eliciebat</strong></span> <span class='ocrx_word' id='word_1_201' title='bbox 2979 1485 3032 1530; x_wconf 93' lang='lat' dir='ltr'><strong>et</strong></span> <span class='ocrx_word' id='word_1_202' title='bbox 3068 1476 3359 1550; x_wconf 89' lang='lat' dir='ltr'><strong>lacrymas.</strong></span> <span class='ocrx_word' id='word_1_203' title='bbox 3393 1483 3525 1546; x_wconf 84' lang='lat' dir='ltr'><strong>Quis</strong></span> <span class='ocrx_word' id='word_1_204' title='bbox 3555 1486 3715 1541; x_wconf 89' lang='lat' dir='ltr'><strong>enim</strong></span> 
     </span>
    </p>
   </div>
   <div class='ocr_carea' id='block_1_30' title="bbox 2085 1561 3721 1646">
    <p class='ocr_par' dir='ltr' id='par_1_30' title="bbox 2085 1561 3721 1646">
     <span class='ocr_line' id='line_1_30' title="bbox 2085 1561 3721 1646; baseline 0.013 -33"><span class='ocrx_word' id='word_1_205' title='bbox 2085 1565 2271 1629; x_wconf 86' lang='lat' dir='ltr'><strong>posset</strong></span> <span class='ocrx_word' id='word_1_206' title='bbox 2320 1561 2511 1617; x_wconf 89' lang='lat' dir='ltr'><strong>videre</strong></span> <span class='ocrx_word' id='word_1_207' title='bbox 2561 1563 2681 1618; x_wconf 91' lang='lat' dir='ltr'><strong>sine</strong></span> <span class='ocrx_word' id='word_1_208' title='bbox 2722 1565 2979 1636; x_wconf 82' lang='lat' dir='ltr'><strong>lacrymis</strong></span> <span class='ocrx_word' id='word_1_209' title='bbox 3029 1571 3179 1640; x_wconf 93' lang='lat' dir='ltr'><strong>quod</strong></span> <span class='ocrx_word' id='word_1_210' title='bbox 3219 1572 3389 1628; x_wconf 88' lang='lat' dir='ltr'><strong>etiam</strong></span> <span class='ocrx_word' id='word_1_211' title='bbox 3426 1577 3721 1646; x_wconf 84' lang='lat' dir='ltr'><strong>sepultura</strong></span> 
     </span>
    </p>
   </div>
   <div class='ocr_carea' id='block_1_31' title="bbox 382 1650 3709 1759">
    <p class='ocr_par' dir='ltr' id='par_1_31' title="bbox 382 1650 3709 1759">
     <span class='ocr_line' id='line_1_31' title="bbox 382 1650 3709 1759; baseline 0.008 -50"><span class='ocrx_word' id='word_1_212' title='bbox 382 1655 736 1711; x_wconf 89' lang='lat' dir='ltr'><strong>humanitatis</strong></span> <span class='ocrx_word' id='word_1_213' title='bbox 751 1654 950 1710; x_wconf 79' lang='lat' dir='ltr'><strong>aﬂectu</strong></span> <span class='ocrx_word' id='word_1_214' title='bbox 977 1654 1121 1727; x_wconf 84' lang='lat' dir='ltr'><strong>pene</strong></span> <span class='ocrx_word' id='word_1_215' title='bbox 1143 1656 1212 1710; x_wconf 88' lang='lat' dir='ltr'><strong>ad</strong></span> <span class='ocrx_word' id='word_1_216' title='bbox 1242 1657 1507 1728; x_wconf 87' lang='lat' dir='ltr'><strong>lacrymas</strong></span> <span class='ocrx_word' id='word_1_217' title='bbox 1538 1657 1802 1712; x_wconf 91' lang='lat' dir='ltr'><strong>adducta:</strong></span> <span class='ocrx_word' id='word_1_218' title='bbox 1831 1656 1983 1721; x_wconf 89' lang='lat' dir='ltr'><strong>Quod</strong></span> <span class='ocrx_word' id='word_1_219' title='bbox 2016 1693 2061 1759; x_wconf 69' lang='grc' dir='ltr'>Β</span> <span class='ocrx_word' id='word_1_220' title='bbox 2088 1650 2833 1759; x_wconf 29' lang='grc' dir='ltr'><strong>θεετθιινίτπθρξιείιδῑεῇιιυξη</strong></span> <span class='ocrx_word' id='word_1_221' title='bbox 2866 1661 3027 1755; x_wconf 34' lang='lat' dir='ltr'><strong>ﬂama&quot;</strong></span> <span class='ocrx_word' id='word_1_222' title='bbox 3059 1660 3342 1730; x_wconf 84' lang='lat' dir='ltr'><strong>quondam</strong></span> <span class='ocrx_word' id='word_1_223' title='bbox 3374 1664 3709 1734; x_wconf 68' lang='grc' dir='ltr'><strong>ηοδὶιίῐθῑίεν</strong></span> 
     </span>
    </p>
   </div>
   <div class='ocr_carea' id='block_1_32' title="bbox 377 1743 1987 1815">
    <p class='ocr_par' dir='ltr' id='par_1_32' title="bbox 377 1743 1987 1815">
     <span class='ocr_line' id='line_1_32' title="bbox 377 1743 1987 1815; baseline 0.002 -17"><span class='ocrx_word' id='word_1_224' title='bbox 377 1744 539 1815; x_wconf 88' lang='lat' dir='ltr'><strong>petis,</strong></span> <span class='ocrx_word' id='word_1_225' title='bbox 575 1743 776 1815; x_wconf 87' lang='lat' dir='ltr'><strong>inquit,</strong></span> <span class='ocrx_word' id='word_1_226' title='bbox 818 1760 857 1799; x_wconf 82' lang='grc' dir='ltr'><strong>ο</strong></span> <span class='ocrx_word' id='word_1_227' title='bbox 905 1760 1062 1815; x_wconf 91' lang='lat' dir='ltr'><strong>puer,</strong></span> <span class='ocrx_word' id='word_1_228' title='bbox 1104 1744 1285 1799; x_wconf 90' lang='lat' dir='ltr'><strong>libens</strong></span> <span class='ocrx_word' id='word_1_229' title='bbox 1327 1746 1533 1813; x_wconf 89' lang='lat' dir='ltr'><strong>darem,</strong></span> <span class='ocrx_word' id='word_1_230' title='bbox 1568 1746 1666 1800; x_wconf 89' lang='lat' dir='ltr'><strong>sed</strong></span> <span class='ocrx_word' id='word_1_231' title='bbox 1698 1753 1781 1801; x_wconf 91' lang='lat' dir='ltr'><strong>est</strong></span> <span class='ocrx_word' id='word_1_232' title='bbox 1837 1754 1987 1802; x_wconf 91' lang='lat' dir='ltr'><strong>certa</strong></span> 
     </span>
    </p>
   </div>
   <div class='ocr_carea' id='block_1_33' title="bbox 376 1833 1987 1909">
    <p class='ocr_par' dir='ltr' id='par_1_33' title="bbox 376 1833 1987 1909">
     <span class='ocr_line' id='line_1_33' title="bbox 376 1833 1987 1909; baseline -0.001 -19"><span class='ocrx_word' id='word_1_233' title='bbox 376 1849 541 1890; x_wconf 86' lang='lat' dir='ltr'><strong>causa</strong></span> <span class='ocrx_word' id='word_1_234' title='bbox 564 1840 623 1889; x_wconf 91' lang='lat' dir='ltr'><strong>ut</strong></span> <span class='ocrx_word' id='word_1_235' title='bbox 654 1834 947 1909; x_wconf 81' lang='lat' dir='ltr'><strong>denegem.</strong></span> <span class='ocrx_word' id='word_1_236' title='bbox 982 1833 1376 1889; x_wconf 88' lang='lat' dir='ltr'><strong>Matrifamilias</strong></span> <span class='ocrx_word' id='word_1_237' title='bbox 1423 1835 1653 1906; x_wconf 90' lang='lat' dir='ltr'><strong>quippe,</strong></span> <span class='ocrx_word' id='word_1_238' title='bbox 1686 1835 1771 1890; x_wconf 93' lang='lat' dir='ltr'><strong>cui</strong></span> <span class='ocrx_word' id='word_1_239' title='bbox 1811 1836 1987 1891; x_wconf 91' lang='lat' dir='ltr'><strong>ancil-</strong></span> 
     </span>
    </p>
   </div>
   <div class='ocr_carea' id='block_1_34' title="bbox 374 1922 1985 1995">
    <p class='ocr_par' dir='ltr' id='par_1_34' title="bbox 374 1922 1985 1995">
     <span class='ocr_line' id='line_1_34' title="bbox 374 1922 1985 1995; baseline 0.002 -19"><span class='ocrx_word' id='word_1_240' title='bbox 374 1923 477 1990; x_wconf 92' lang='lat' dir='ltr'><strong>lor,</strong></span> <span class='ocrx_word' id='word_1_241' title='bbox 511 1923 769 1979; x_wconf 91' lang='lat' dir='ltr'><strong>diurnum</strong></span> <span class='ocrx_word' id='word_1_242' title='bbox 813 1939 1045 1994; x_wconf 90' lang='lat' dir='ltr'><strong>pensum</strong></span> <span class='ocrx_word' id='word_1_243' title='bbox 1079 1922 1286 1988; x_wconf 88' lang='lat' dir='ltr'><strong>debeo;</strong></span> <span class='ocrx_word' id='word_1_244' title='bbox 1329 1924 1478 1995; x_wconf 90' lang='lat' dir='ltr'><strong>quod</strong></span> <span class='ocrx_word' id='word_1_245' title='bbox 1508 1924 1553 1978; x_wconf 90' lang='lat' dir='ltr'><strong>si</strong></span> <span class='ocrx_word' id='word_1_246' title='bbox 1608 1924 1774 1980; x_wconf 88' lang='lat' dir='ltr'><strong>fuerit</strong></span> <span class='ocrx_word' id='word_1_247' title='bbox 1806 1924 1985 1980; x_wconf 91' lang='lat' dir='ltr'><strong>mino-</strong></span> 
     </span>
    </p>
   </div>
   <div class='ocr_carea' id='block_1_35' title="bbox 374 2014 1982 2091">
    <p class='ocr_par' dir='ltr' id='par_1_35' title="bbox 374 2014 1982 2091">
     <span class='ocr_line' id='line_1_35' title="bbox 374 2014 1982 2091; baseline 0.001 -21"><span class='ocrx_word' id='word_1_248' title='bbox 374 2021 572 2082; x_wconf 89' lang='lat' dir='ltr'><strong>ratum,</strong></span> <span class='ocrx_word' id='word_1_249' title='bbox 631 2030 742 2070; x_wconf 91' lang='lat' dir='ltr'><strong>non</strong></span> <span class='ocrx_word' id='word_1_250' title='bbox 773 2014 997 2086; x_wconf 90' lang='lat' dir='ltr'><strong>impune</strong></span> <span class='ocrx_word' id='word_1_251' title='bbox 1036 2014 1229 2083; x_wconf 90' lang='lat' dir='ltr'><strong>feram,</strong></span> <span class='ocrx_word' id='word_1_252' title='bbox 1274 2030 1376 2071; x_wconf 89' lang='lat' dir='ltr'><strong>nec</strong></span> <span class='ocrx_word' id='word_1_253' title='bbox 1413 2016 1674 2071; x_wconf 91' lang='lat' dir='ltr'><strong>damnum</strong></span> <span class='ocrx_word' id='word_1_254' title='bbox 1703 2015 1982 2091; x_wconf 72' lang='lat' dir='ltr'><strong>effugiam.</strong></span> 
     </span>
    </p>
   </div>
   <div class='ocr_carea' id='block_1_36' title="bbox 376 2104 1987 2176">
    <p class='ocr_par' dir='ltr' id='par_1_36' title="bbox 376 2104 1987 2176">
     <span class='ocr_line' id='line_1_36' title="bbox 376 2104 1987 2176; baseline 0.001 -17"><span class='ocrx_word' id='word_1_255' title='bbox 376 2105 535 2172; x_wconf 86' lang='lat' dir='ltr'><strong>Dixit,</strong></span> <span class='ocrx_word' id='word_1_256' title='bbox 558 2111 612 2159; x_wconf 92' lang='lat' dir='ltr'><strong>et</strong></span> <span class='ocrx_word' id='word_1_257' title='bbox 632 2104 799 2159; x_wconf 91' lang='lat' dir='ltr'><strong>animi</strong></span> <span class='ocrx_word' id='word_1_258' title='bbox 833 2105 1269 2175; x_wconf 90' lang='lat' dir='ltr'><strong>compassionem</strong></span> <span class='ocrx_word' id='word_1_259' title='bbox 1294 2120 1628 2176; x_wconf 71' lang='lat' dir='ltr'><strong>pmponens</strong></span> <span class='ocrx_word' id='word_1_260' title='bbox 1656 2105 1860 2171; x_wconf 82' lang='lat' dir='ltr'><strong>timori,</strong></span> <span class='ocrx_word' id='word_1_261' title='bbox 1885 2106 1987 2160; x_wconf 87' lang='lat' dir='ltr'><strong>de-</strong></span> 
     </span>
    </p>
   </div>
   <div class='ocr_carea' id='block_1_37' title="bbox 375 2196 1969 2270">
    <p class='ocr_par' dir='ltr' id='par_1_37' title="bbox 375 2196 1969 2270">
     <span class='ocr_line' id='line_1_37' title="bbox 375 2196 1969 2270; baseline -0.001 -18"><span class='ocrx_word' id='word_1_262' title='bbox 375 2197 456 2252; x_wconf 92' lang='lat' dir='ltr'><strong>dit</strong></span> <span class='ocrx_word' id='word_1_263' title='bbox 481 2197 791 2253; x_wconf 84' lang='lat' dir='ltr'><strong>voluntarie</strong></span> <span class='ocrx_word' id='word_1_264' title='bbox 822 2196 913 2251; x_wconf 85' lang='lat' dir='ltr'><strong>fila</strong></span> <span class='ocrx_word' id='word_1_265' title='bbox 936 2197 1168 2270; x_wconf 88' lang='lat' dir='ltr'><strong>petenti.</strong></span> <span class='ocrx_word' id='word_1_266' title='bbox 1964 2245 1969 2250; x_wconf 85' lang='lat'><strong>.</strong></span> 
     </span>
    </p>
   </div>
   <div class='ocr_carea' id='block_1_38' title="bbox 380 2282 1986 2359">
    <p class='ocr_par' dir='ltr' id='par_1_38' title="bbox 380 2282 1986 2359">
     <span class='ocr_line' id='line_1_38' title="bbox 380 2282 1986 2359; baseline 0.002 -20"><span class='ocrx_word' id='word_1_267' title='bbox 380 2282 387 2283; x_wconf 16' lang='lat'><em>7</em></span> <span class='ocrx_word' id='word_1_268' title='bbox 444 2286 532 2340; x_wconf 86' lang='grc'><strong>13.</strong></span> <span class='ocrx_word' id='word_1_269' title='bbox 576 2285 808 2357; x_wconf 89' lang='lat' dir='ltr'><strong>Compos</strong></span> <span class='ocrx_word' id='word_1_270' title='bbox 832 2288 942 2342; x_wconf 90' lang='lat' dir='ltr'><strong>voti</strong></span> <span class='ocrx_word' id='word_1_271' title='bbox 965 2303 1105 2359; x_wconf 92' lang='lat' dir='ltr'><strong>puer</strong></span> <span class='ocrx_word' id='word_1_272' title='bbox 1129 2287 1429 2359; x_wconf 82' lang='lat' dir='ltr'><strong>repedabat</strong></span> <span class='ocrx_word' id='word_1_273' title='bbox 1448 2287 1804 2359; x_wconf 88' lang='lat' dir='ltr'><strong>quantocius;</strong></span> <span class='ocrx_word' id='word_1_274' title='bbox 1834 2295 1887 2343; x_wconf 90' lang='lat' dir='ltr'><strong>et</strong></span> <span class='ocrx_word' id='word_1_275' title='bbox 1916 2305 1986 2344; x_wconf 91' lang='lat' dir='ltr'><strong>ne</strong></span> 
     </span>
    </p>
   </div>
   <div class='ocr_carea' id='block_1_39' title="bbox 375 2376 1986 2449">
    <p class='ocr_par' dir='ltr' id='par_1_39' title="bbox 375 2376 1986 2449">
     <span class='ocr_line' id='line_1_39' title="bbox 375 2376 1986 2449; baseline 0.002 -20"><span class='ocrx_word' id='word_1_276' title='bbox 375 2392 498 2429; x_wconf 91' lang='lat' dir='ltr'><strong>eum</strong></span> <span class='ocrx_word' id='word_1_277' title='bbox 541 2377 755 2449; x_wconf 86' lang='lat' dir='ltr'><strong>pigeret</strong></span> <span class='ocrx_word' id='word_1_278' title='bbox 792 2376 1016 2443; x_wconf 91' lang='lat' dir='ltr'><strong>laboris,</strong></span> <span class='ocrx_word' id='word_1_279' title='bbox 1073 2377 1333 2447; x_wconf 88' lang='lat' dir='ltr'><strong>majorem</strong></span> <span class='ocrx_word' id='word_1_280' title='bbox 1378 2385 1505 2432; x_wconf 91' lang='lat' dir='ltr'><strong>voto</strong></span> <span class='ocrx_word' id='word_1_281' title='bbox 1553 2378 1986 2433; x_wconf 87' lang='lat' dir='ltr'><strong>consolationem</strong></span> 
     </span>
    </p>
   </div>
   <div class='ocr_carea' id='block_1_40' title="bbox 375 2466 1988 2538">
    <p class='ocr_par' dir='ltr' id='par_1_40' title="bbox 375 2466 1988 2538">
     <span class='ocr_line' id='line_1_40' title="bbox 375 2466 1988 2538; baseline 0.002 -19"><span class='ocrx_word' id='word_1_282' title='bbox 375 2466 587 2536; x_wconf 86' lang='lat' dir='ltr'><strong>accepit</strong></span> <span class='ocrx_word' id='word_1_283' title='bbox 618 2466 900 2520; x_wconf 79' lang='lat' dir='ltr'><strong>divinitus.</strong></span> <span class='ocrx_word' id='word_1_284' title='bbox 939 2468 1152 2521; x_wconf 80' lang='lat' dir='ltr'><strong>Invenit</strong></span> <span class='ocrx_word' id='word_1_285' title='bbox 1180 2485 1415 2538; x_wconf 88' lang='lat' dir='ltr'><strong>namque</strong></span> <span class='ocrx_word' id='word_1_286' title='bbox 1447 2469 1557 2524; x_wconf 90' lang='lat' dir='ltr'><strong>duo</strong></span> <span class='ocrx_word' id='word_1_287' title='bbox 1592 2469 1880 2523; x_wconf 86' lang='lat' dir='ltr'><strong>luminaria</strong></span> <span class='ocrx_word' id='word_1_288' title='bbox 1920 2470 1988 2523; x_wconf 86' lang='lat' dir='ltr'><strong>ad</strong></span> 
     </span>
    </p>
   </div>
   <div class='ocr_carea' id='block_1_41' title="bbox 375 2559 1988 2629">
    <p class='ocr_par' dir='ltr' id='par_1_41' title="bbox 375 2559 1988 2629">
     <span class='ocr_line' id='line_1_41' title="bbox 375 2559 1988 2629; baseline 0.002 -17"><span class='ocrx_word' id='word_1_289' title='bbox 375 2567 541 2628; x_wconf 89' lang='lat' dir='ltr'><strong>caput</strong></span> <span class='ocrx_word' id='word_1_290' title='bbox 570 2566 623 2611; x_wconf 91' lang='lat' dir='ltr'><strong>et</strong></span> <span class='ocrx_word' id='word_1_291' title='bbox 668 2559 840 2628; x_wconf 84' lang='lat' dir='ltr'><strong>pedes</strong></span> <span class='ocrx_word' id='word_1_292' title='bbox 880 2560 1133 2629; x_wconf 79' lang='lat' dir='ltr'><strong>martyris</strong></span> <span class='ocrx_word' id='word_1_293' title='bbox 1188 2561 1514 2616; x_wconf 82' lang='lat' dir='ltr'><strong>altrinsecus</strong></span> <span class='ocrx_word' id='word_1_294' title='bbox 1555 2562 1827 2617; x_wconf 85' lang='lat' dir='ltr'><strong>lucentia:</strong></span> <span class='ocrx_word' id='word_1_295' title='bbox 1859 2563 1988 2627; x_wconf 84' lang='lat' dir='ltr'><strong>Quis</strong></span> 
     </span>
    </p>
   </div>
   <div class='ocr_carea' id='block_1_42' title="bbox 375 2650 1985 2724">
    <p class='ocr_par' dir='ltr' id='par_1_42' title="bbox 375 2650 1985 2724">
     <span class='ocr_line' id='line_1_42' title="bbox 375 2650 1985 2724; baseline 0.003 -19"><span class='ocrx_word' id='word_1_296' title='bbox 375 2666 486 2705; x_wconf 89' lang='lat' dir='ltr'><strong>non</strong></span> <span class='ocrx_word' id='word_1_297' title='bbox 546 2650 775 2704; x_wconf 90' lang='lat' dir='ltr'><strong>miretur</strong></span> <span class='ocrx_word' id='word_1_298' title='bbox 830 2658 943 2717; x_wconf 88' lang='lat' dir='ltr'><strong>tua,</strong></span> <span class='ocrx_word' id='word_1_299' title='bbox 991 2650 1218 2715; x_wconf 83' lang='lat' dir='ltr'><strong>Christe,</strong></span> <span class='ocrx_word' id='word_1_300' title='bbox 1265 2654 1580 2724; x_wconf 79' lang='lat' dir='ltr'><strong>magnalia?</strong></span> <span class='ocrx_word' id='word_1_301' title='bbox 1626 2656 1760 2719; x_wconf 83' lang='lat' dir='ltr'><strong>Quia</strong></span> <span class='ocrx_word' id='word_1_302' title='bbox 1806 2655 1985 2710; x_wconf 91' lang='lat' dir='ltr'><strong>Theo-</strong></span> 
     </span>
    </p>
   </div>
   <div class='ocr_carea' id='block_1_43' title="bbox 376 2746 1988 2815">
    <p class='ocr_par' dir='ltr' id='par_1_43' title="bbox 376 2746 1988 2815">
     <span class='ocr_line' id='line_1_43' title="bbox 376 2746 1988 2815; baseline 0.002 -13"><span class='ocrx_word' id='word_1_303' title='bbox 376 2747 581 2802; x_wconf 89' lang='lat' dir='ltr'><strong>dardus</strong></span> <span class='ocrx_word' id='word_1_304' title='bbox 621 2746 710 2801; x_wconf 89' lang='lat' dir='ltr'><strong>lux</strong></span> <span class='ocrx_word' id='word_1_305' title='bbox 754 2748 807 2801; x_wconf 91' lang='lat' dir='ltr'><strong>in</strong></span> <span class='ocrx_word' id='word_1_306' title='bbox 842 2748 1068 2802; x_wconf 91' lang='lat' dir='ltr'><strong>Domino</strong></span> <span class='ocrx_word' id='word_1_307' title='bbox 1110 2748 1307 2815; x_wconf 86' lang='lat' dir='ltr'><strong>fuerat,</strong></span> <span class='ocrx_word' id='word_1_308' title='bbox 1344 2757 1396 2803; x_wconf 89' lang='lat' dir='ltr'><strong>et</strong></span> <span class='ocrx_word' id='word_1_309' title='bbox 1426 2758 1483 2804; x_wconf 90' lang='lat' dir='ltr'><strong>ut</strong></span> <span class='ocrx_word' id='word_1_310' title='bbox 1523 2750 1668 2805; x_wconf 83' lang='lat' dir='ltr'><strong>ﬁlius</strong></span> <span class='ocrx_word' id='word_1_311' title='bbox 1693 2752 1830 2806; x_wconf 91' lang='lat' dir='ltr'><strong>lucis</strong></span> <span class='ocrx_word' id='word_1_312' title='bbox 1878 2769 1988 2806; x_wconf 88' lang='lat' dir='ltr'><strong>am-</strong></span> 
     </span>
    </p>
   </div>
   <div class='ocr_carea' id='block_1_44' title="bbox 374 2838 1984 2906">
    <p class='ocr_par' dir='ltr' id='par_1_44' title="bbox 374 2838 1984 2906">
     <span class='ocr_line' id='line_1_44' title="bbox 374 2838 1984 2906; baseline 0.004 -15"><span class='ocrx_word' id='word_1_313' title='bbox 374 2838 686 2903; x_wconf 84' lang='lat' dir='ltr'><strong>bulaverat;</strong></span> <span class='ocrx_word' id='word_1_314' title='bbox 714 2847 766 2893; x_wconf 93' lang='lat' dir='ltr'><strong>tu</strong></span> <span class='ocrx_word' id='word_1_315' title='bbox 800 2838 889 2892; x_wconf 87' lang='lat' dir='ltr'><strong>lux</strong></span> <span class='ocrx_word' id='word_1_316' title='bbox 920 2855 1067 2905; x_wconf 84' lang='lat' dir='ltr'><strong>vera,</strong></span> <span class='ocrx_word' id='word_1_317' title='bbox 1100 2854 1319 2893; x_wconf 84' lang='lat' dir='ltr'><strong>omnem</strong></span> <span class='ocrx_word' id='word_1_318' title='bbox 1348 2841 1624 2896; x_wconf 84' lang='lat' dir='ltr'><strong>hominem</strong></span> <span class='ocrx_word' id='word_1_319' title='bbox 1649 2843 1984 2906; x_wconf 88' lang='lat' dir='ltr'><strong>illuminans.</strong></span> 
     </span>
    </p>
   </div>
   <div class='ocr_carea' id='block_1_45' title="bbox 373 2930 1988 3006">
    <p class='ocr_par' dir='ltr' id='par_1_45' title="bbox 373 2930 1988 3006">
     <span class='ocr_line' id='line_1_45' title="bbox 373 2930 1988 3006; baseline 0.003 -20"><span class='ocrx_word' id='word_1_320' title='bbox 373 2931 700 3003; x_wconf 87' lang='lat' dir='ltr'><strong>obsequium</strong></span> <span class='ocrx_word' id='word_1_321' title='bbox 732 2930 956 2985; x_wconf 90' lang='lat' dir='ltr'><strong>luminis</strong></span> <span class='ocrx_word' id='word_1_322' title='bbox 998 2948 1096 3001; x_wconf 90' lang='lat' dir='ltr'><strong>per</strong></span> <span class='ocrx_word' id='word_1_323' title='bbox 1124 2931 1432 3004; x_wconf 89' lang='lat' dir='ltr'><strong>angelicum</strong></span> <span class='ocrx_word' id='word_1_324' title='bbox 1466 2934 1828 2989; x_wconf 78' lang='lat' dir='ltr'><strong>ministerium</strong></span> <span class='ocrx_word' id='word_1_325' title='bbox 1860 2952 1988 3006; x_wconf 81' lang='lat' dir='ltr'><strong>pro-</strong></span> 
     </span>
    </p>
   </div>
   <div class='ocr_carea' id='block_1_46' title="bbox 373 3019 1985 3091">
    <p class='ocr_par' dir='ltr' id='par_1_46' title="bbox 373 3019 1985 3091">
     <span class='ocr_line' id='line_1_46' title="bbox 373 3019 1985 3091; baseline 0.002 -15"><span class='ocrx_word' id='word_1_326' title='bbox 373 3021 573 3076; x_wconf 90' lang='lat' dir='ltr'><strong>curasti</strong></span> <span class='ocrx_word' id='word_1_327' title='bbox 606 3021 884 3091; x_wconf 78' lang='lat' dir='ltr'><strong>exsequiis</strong></span> <span class='ocrx_word' id='word_1_328' title='bbox 917 3019 1085 3082; x_wconf 85' lang='lat' dir='ltr'><strong>illius,</strong></span> <span class='ocrx_word' id='word_1_329' title='bbox 1118 3036 1281 3090; x_wconf 89' lang='lat' dir='ltr'><strong>quem</strong></span> <span class='ocrx_word' id='word_1_330' title='bbox 1315 3021 1383 3074; x_wconf 92' lang='lat' dir='ltr'><strong>de</strong></span> <span class='ocrx_word' id='word_1_331' title='bbox 1414 3022 1604 3075; x_wconf 90' lang='lat' dir='ltr'><strong>mundi</strong></span> <span class='ocrx_word' id='word_1_332' title='bbox 1650 3024 1895 3079; x_wconf 88' lang='lat' dir='ltr'><strong>tenebris</strong></span> <span class='ocrx_word' id='word_1_333' title='bbox 1919 3027 1985 3080; x_wconf 88' lang='lat' dir='ltr'><strong>ad</strong></span> 
     </span>
    </p>
   </div>
   <div class='ocr_carea' id='block_1_47' title="bbox 2088 1739 3713 1821">
    <p class='ocr_par' dir='ltr' id='par_1_47' title="bbox 2088 1739 3713 1821">
     <span class='ocr_line' id='line_1_47' title="bbox 2088 1739 3713 1821; baseline 0.012 -29"><span class='ocrx_word' id='word_1_334' title='bbox 2088 1745 2251 1793; x_wconf 74' lang='lat' dir='ltr'><strong>tautae</strong></span> <span class='ocrx_word' id='word_1_335' title='bbox 2283 1739 2339 1792; x_wconf 93' lang='lat' dir='ltr'><strong>in</strong></span> <span class='ocrx_word' id='word_1_336' title='bbox 2368 1740 2610 1797; x_wconf 88' lang='lat' dir='ltr'><strong>Ecclesia</strong></span> <span class='ocrx_word' id='word_1_337' title='bbox 2642 1743 2926 1815; x_wconf 84' lang='lat' dir='ltr'><strong>dignitatis</strong></span> <span class='ocrx_word' id='word_1_338' title='bbox 2958 1753 3120 1803; x_wconf 65' lang='lat' dir='ltr'><strong>tanta:</strong></span> <span class='ocrx_word' id='word_1_339' title='bbox 3171 1752 3321 1821; x_wconf 90' lang='lat' dir='ltr'><strong>apud</strong></span> <span class='ocrx_word' id='word_1_340' title='bbox 3349 1753 3524 1809; x_wconf 92' lang='lat' dir='ltr'><strong>Deum</strong></span> <span class='ocrx_word' id='word_1_341' title='bbox 3565 1771 3713 1810; x_wconf 88' lang='lat' dir='ltr'><strong>san-</strong></span> 
     </span>
    </p>
   </div>
   <div class='ocr_carea' id='block_1_48' title="bbox 2087 1827 2308 1883">
    <p class='ocr_par' dir='ltr' id='par_1_48' title="bbox 2087 1827 2308 1883">
     <span class='ocr_line' id='line_1_48' title="bbox 2087 1827 2308 1883; baseline 0.009 -2"><span class='ocrx_word' id='word_1_342' title='bbox 2087 1827 2308 1883; x_wconf 86' lang='lat' dir='ltr'><strong>ctitatis.</strong></span> 
     </span>
    </p>
   </div>
   <div class='ocr_carea' id='block_1_49' title="bbox 2159 1921 3717 2010">
    <p class='ocr_par' dir='ltr' id='par_1_49' title="bbox 2159 1921 3717 2010">
     <span class='ocr_line' id='line_1_49' title="bbox 2159 1921 3717 2010; baseline 0.014 -35"><span class='ocrx_word' id='word_1_343' title='bbox 2159 1922 2244 1975; x_wconf 81' lang='grc'><strong>15.</strong></span> <span class='ocrx_word' id='word_1_344' title='bbox 2280 1921 2520 1978; x_wconf 85' lang='lat' dir='ltr'><strong>lnstatur</strong></span> <span class='ocrx_word' id='word_1_345' title='bbox 2563 1940 2694 1997; x_wconf 87' lang='lat' dir='ltr'><strong>ergo</strong></span> <span class='ocrx_word' id='word_1_346' title='bbox 2733 1926 2801 1981; x_wconf 93' lang='lat' dir='ltr'><strong>ab</strong></span> <span class='ocrx_word' id='word_1_347' title='bbox 2843 1929 3125 2004; x_wconf 91' lang='lat' dir='ltr'><strong>omnibus,</strong></span> <span class='ocrx_word' id='word_1_348' title='bbox 3164 1940 3223 1990; x_wconf 92' lang='lat' dir='ltr'><strong>ut</strong></span> <span class='ocrx_word' id='word_1_349' title='bbox 3250 1935 3517 1993; x_wconf 87' lang='lat' dir='ltr'><strong>decenter</strong></span> <span class='ocrx_word' id='word_1_350' title='bbox 3560 1940 3717 2010; x_wconf 87' lang='lat' dir='ltr'><strong>justa</strong></span> 
     </span>
    </p>
   </div>
   <div class='ocr_carea' id='block_1_50' title="bbox 2087 2012 3713 2100">
    <p class='ocr_par' dir='ltr' id='par_1_50' title="bbox 2087 2012 3713 2100">
     <span class='ocr_line' id='line_1_50' title="bbox 2087 2012 3713 2100; baseline 0.014 -35"><span class='ocrx_word' id='word_1_351' title='bbox 2087 2012 2386 2083; x_wconf 71' lang='lat' dir='ltr'><strong>sepultura:</strong></span> <span class='ocrx_word' id='word_1_352' title='bbox 2417 2016 2758 2086; x_wconf 87' lang='lat' dir='ltr'><strong>expleantur.</strong></span> <span class='ocrx_word' id='word_1_353' title='bbox 2822 2020 2915 2075; x_wconf 87' lang='lat' dir='ltr'><strong>isti</strong></span> <span class='ocrx_word' id='word_1_354' title='bbox 2948 2021 3174 2079; x_wconf 86' lang='lat' dir='ltr'><strong>vulnera</strong></span> <span class='ocrx_word' id='word_1_355' title='bbox 3204 2026 3462 2083; x_wconf 91' lang='lat' dir='ltr'><strong>mollibus</strong></span> <span class='ocrx_word' id='word_1_356' title='bbox 3507 2033 3713 2100; x_wconf 86' lang='lat' dir='ltr'><strong>pannis</strong></span> 
     </span>
    </p>
   </div>
   <div class='ocr_carea' id='block_1_51' title="bbox 2087 2099 3713 2182">
    <p class='ocr_par' dir='ltr' id='par_1_51' title="bbox 2087 2099 3713 2182">
     <span class='ocr_line' id='line_1_51' title="bbox 2087 2099 3713 2182; baseline 0.014 -29"><span class='ocrx_word' id='word_1_357' title='bbox 2087 2099 2391 2165; x_wconf 88' lang='lat' dir='ltr'><strong>exsiccant;</strong></span> <span class='ocrx_word' id='word_1_358' title='bbox 2454 2102 2542 2157; x_wconf 92' lang='lat' dir='ltr'><strong>isti</strong></span> <span class='ocrx_word' id='word_1_359' title='bbox 2572 2114 2754 2161; x_wconf 87' lang='lat' dir='ltr'><strong>vestes</strong></span> <span class='ocrx_word' id='word_1_360' title='bbox 2792 2110 3067 2182; x_wconf 86' lang='lat' dir='ltr'><strong>sanguine</strong></span> <span class='ocrx_word' id='word_1_361' title='bbox 3111 2120 3302 2170; x_wconf 84' lang='lat' dir='ltr'><strong>sancto</strong></span> <span class='ocrx_word' id='word_1_362' title='bbox 3354 2099 3586 2173; x_wconf 81' lang='lat' dir='ltr'><strong>infectas</strong></span> <span class='ocrx_word' id='word_1_363' title='bbox 3641 2121 3713 2175; x_wconf 88' lang='lat' dir='ltr'><strong>ad</strong></span> 
     </span>
    </p>
   </div>
   <div class='ocr_carea' id='block_1_52' title="bbox 2088 2189 3716 2267">
    <p class='ocr_par' dir='ltr' id='par_1_52' title="bbox 2088 2189 3716 2267">
     <span class='ocr_line' id='line_1_52' title="bbox 2088 2189 3716 2267; baseline 0.015 -25"><span class='ocrx_word' id='word_1_364' title='bbox 2088 2189 2171 2244; x_wconf 93' lang='lat' dir='ltr'><strong>sui</strong></span> <span class='ocrx_word' id='word_1_365' title='bbox 2204 2193 2572 2261; x_wconf 88' lang='lat' dir='ltr'><strong>patrocinium</strong></span> <span class='ocrx_word' id='word_1_366' title='bbox 2603 2206 2916 2267; x_wconf 85' lang='lat' dir='ltr'><strong>reservant;</strong></span> <span class='ocrx_word' id='word_1_367' title='bbox 2962 2203 3210 2259; x_wconf 91' lang='lat' dir='ltr'><strong>membra</strong></span> <span class='ocrx_word' id='word_1_368' title='bbox 3235 2206 3372 2261; x_wconf 88' lang='lat' dir='ltr'><strong>satis</strong></span> <span class='ocrx_word' id='word_1_369' title='bbox 3416 2208 3616 2265; x_wconf 84' lang='lat' dir='ltr'><strong>deﬂeta</strong></span> <span class='ocrx_word' id='word_1_370' title='bbox 3654 2212 3716 2265; x_wconf 89' lang='lat' dir='ltr'><strong>in</strong></span> 
     </span>
    </p>
   </div>
   <div class='ocr_carea' id='block_1_53' title="bbox 2087 2283 3712 2372">
    <p class='ocr_par' dir='ltr' id='par_1_53' title="bbox 2087 2283 3712 2372">
     <span class='ocr_line' id='line_1_53' title="bbox 2087 2283 3712 2372; baseline 0.015 -38"><span class='ocrx_word' id='word_1_371' title='bbox 2087 2283 2386 2353; x_wconf 87' lang='lat' dir='ltr'><strong>gestatorio</strong></span> <span class='ocrx_word' id='word_1_372' title='bbox 2445 2296 2676 2355; x_wconf 89' lang='lat' dir='ltr'><strong>ponunt,</strong></span> <span class='ocrx_word' id='word_1_373' title='bbox 2726 2296 2780 2344; x_wconf 89' lang='lat' dir='ltr'><strong>et</strong></span> <span class='ocrx_word' id='word_1_374' title='bbox 2823 2292 3067 2361; x_wconf 87' lang='lat' dir='ltr'><strong>pretiosa</strong></span> <span class='ocrx_word' id='word_1_375' title='bbox 3106 2296 3383 2353; x_wconf 89' lang='lat' dir='ltr'><strong>velamina</strong></span> <span class='ocrx_word' id='word_1_376' title='bbox 3431 2316 3712 2372; x_wconf 87' lang='lat' dir='ltr'><strong>superpo-</strong></span> 
     </span>
    </p>
   </div>
   <div class='ocr_carea' id='block_1_54' title="bbox 2093 2374 3717 2457">
    <p class='ocr_par' dir='ltr' id='par_1_54' title="bbox 2093 2374 3717 2457">
     <span class='ocr_line' id='line_1_54' title="bbox 2093 2374 3717 2457; baseline 0.014 -32"><span class='ocrx_word' id='word_1_377' title='bbox 2093 2381 2249 2428; x_wconf 89' lang='lat' dir='ltr'><strong>nunt.</strong></span> <span class='ocrx_word' id='word_1_378' title='bbox 2288 2374 2694 2441; x_wconf 75' lang='lat' dir='ltr'><strong>Materfamilias</strong></span> <span class='ocrx_word' id='word_1_379' title='bbox 2760 2381 2939 2437; x_wconf 92' lang='lat' dir='ltr'><strong>locum</strong></span> <span class='ocrx_word' id='word_1_380' title='bbox 2995 2386 3295 2456; x_wconf 65' lang='lat' dir='ltr'><strong>sepulturae</strong></span> <span class='ocrx_word' id='word_1_381' title='bbox 3345 2392 3611 2457; x_wconf 89' lang='lat' dir='ltr'><strong>condicit,</strong></span> <span class='ocrx_word' id='word_1_382' title='bbox 3657 2401 3717 2448; x_wconf 86' lang='lat' dir='ltr'><strong>et</strong></span> 
     </span>
    </p>
   </div>
   <div class='ocr_carea' id='block_1_55' title="bbox 2084 2465 3715 2554">
    <p class='ocr_par' dir='ltr' id='par_1_55' title="bbox 2084 2465 3715 2554">
     <span class='ocr_line' id='line_1_55' title="bbox 2084 2465 3715 2554; baseline 0.015 -37"><span class='ocrx_word' id='word_1_383' title='bbox 2084 2465 2232 2533; x_wconf 80' lang='lat' dir='ltr'><strong>juxta</strong></span> <span class='ocrx_word' id='word_1_384' title='bbox 2258 2483 2414 2521; x_wconf 91' lang='lat' dir='ltr'><strong>suum</strong></span> <span class='ocrx_word' id='word_1_385' title='bbox 2450 2471 2765 2526; x_wconf 91' lang='lat' dir='ltr'><strong>condictum</strong></span> <span class='ocrx_word' id='word_1_386' title='bbox 2801 2474 2856 2528; x_wconf 92' lang='lat' dir='ltr'><strong>in</strong></span> <span class='ocrx_word' id='word_1_387' title='bbox 2890 2475 3008 2531; x_wconf 91' lang='lat' dir='ltr'><strong>loco</strong></span> <span class='ocrx_word' id='word_1_388' title='bbox 3041 2479 3135 2549; x_wconf 90' lang='lat' dir='ltr'><strong>qui</strong></span> <span class='ocrx_word' id='word_1_389' title='bbox 3168 2479 3370 2535; x_wconf 90' lang='lat' dir='ltr'><strong>dicitur</strong></span> <span class='ocrx_word' id='word_1_390' title='bbox 3399 2482 3510 2538; x_wconf 87' lang='lat' dir='ltr'><strong>Nec</strong></span> <span class='ocrx_word' id='word_1_391' title='bbox 3542 2486 3715 2554; x_wconf 48' lang='lat' dir='ltr'><strong>r989),</strong></span> 
     </span>
    </p>
   </div>
   <div class='ocr_carea' id='block_1_56' title="bbox 2090 2554 3716 2640">
    <p class='ocr_par' dir='ltr' id='par_1_56' title="bbox 2090 2554 3716 2640">
     <span class='ocr_line' id='line_1_56' title="bbox 2090 2554 3716 2640; baseline 0.014 -33"><span class='ocrx_word' id='word_1_392' title='bbox 2090 2554 2333 2609; x_wconf 83' lang='lat' dir='ltr'><strong>tumbam</strong></span> <span class='ocrx_word' id='word_1_393' title='bbox 2369 2558 2589 2627; x_wconf 89' lang='lat' dir='ltr'><strong>disponi</strong></span> <span class='ocrx_word' id='word_1_394' title='bbox 2619 2559 2760 2616; x_wconf 90' lang='lat' dir='ltr'><strong>facit.</strong></span> <span class='ocrx_word' id='word_1_395' title='bbox 2799 2562 2996 2619; x_wconf 83' lang='lat' dir='ltr'><strong>Levato</strong></span> <span class='ocrx_word' id='word_1_396' title='bbox 3027 2568 3277 2637; x_wconf 89' lang='lat' dir='ltr'><strong>corporis</strong></span> <span class='ocrx_word' id='word_1_397' title='bbox 3308 2569 3510 2640; x_wconf 91' lang='lat' dir='ltr'><strong>loculo,</strong></span> <span class='ocrx_word' id='word_1_398' title='bbox 3563 2590 3716 2629; x_wconf 88' lang='lat' dir='ltr'><strong>nunc</strong></span> 
     </span>
    </p>
   </div>
   <div class='ocr_carea' id='block_1_57' title="bbox 2089 2641 3715 2721">
    <p class='ocr_par' dir='ltr' id='par_1_57' title="bbox 2089 2641 3715 2721">
     <span class='ocr_line' id='line_1_57' title="bbox 2089 2641 3715 2721; baseline 0.015 -27"><span class='ocrx_word' id='word_1_399' title='bbox 2089 2641 2179 2696; x_wconf 91' lang='lat' dir='ltr'><strong>isti</strong></span> <span class='ocrx_word' id='word_1_400' title='bbox 2212 2659 2357 2698; x_wconf 90' lang='lat' dir='ltr'><strong>nunc</strong></span> <span class='ocrx_word' id='word_1_401' title='bbox 2382 2644 2457 2698; x_wconf 91' lang='lat' dir='ltr'><strong>illi</strong></span> <span class='ocrx_word' id='word_1_402' title='bbox 2488 2648 2734 2721; x_wconf 87' lang='lat' dir='ltr'><strong>gaudent</strong></span> <span class='ocrx_word' id='word_1_403' title='bbox 2771 2653 3072 2708; x_wconf 87' lang='lat' dir='ltr'><strong>succedere</strong></span> <span class='ocrx_word' id='word_1_404' title='bbox 3104 2656 3347 2712; x_wconf 89' lang='lat' dir='ltr'><strong>vicissim</strong></span> <span class='ocrx_word' id='word_1_405' title='bbox 3380 2661 3536 2715; x_wconf 89' lang='lat' dir='ltr'><strong>oneri</strong></span> <span class='ocrx_word' id='word_1_406' title='bbox 3577 2678 3715 2717; x_wconf 89' lang='lat' dir='ltr'><strong>cor-</strong></span> 
     </span>
    </p>
   </div>
   <div class='ocr_carea' id='block_1_58' title="bbox 2090 2732 3712 2816">
    <p class='ocr_par' dir='ltr' id='par_1_58' title="bbox 2090 2732 3712 2816">
     <span class='ocr_line' id='line_1_58' title="bbox 2090 2732 3712 2816; baseline 0.015 -33"><span class='ocrx_word' id='word_1_407' title='bbox 2090 2732 2241 2801; x_wconf 90' lang='lat' dir='ltr'><strong>poris</strong></span> <span class='ocrx_word' id='word_1_408' title='bbox 2272 2733 2483 2788; x_wconf 86' lang='lat' dir='ltr'><strong>ferendi</strong></span> <span class='ocrx_word' id='word_1_409' title='bbox 2541 2736 2645 2790; x_wconf 81' lang='lat' dir='ltr'><strong>Alii</strong></span> <span class='ocrx_word' id='word_1_410' title='bbox 2676 2754 2805 2793; x_wconf 81' lang='lat' dir='ltr'><strong>vero</strong></span> <span class='ocrx_word' id='word_1_411' title='bbox 2837 2742 3202 2810; x_wconf 75' lang='lat' dir='ltr'><strong>praecedendo</strong></span> <span class='ocrx_word' id='word_1_412' title='bbox 3233 2747 3427 2816; x_wconf 87' lang='lat' dir='ltr'><strong>planas</strong></span> <span class='ocrx_word' id='word_1_413' title='bbox 3471 2751 3587 2805; x_wconf 86' lang='lat' dir='ltr'><strong>vias</strong></span> <span class='ocrx_word' id='word_1_414' title='bbox 3607 2751 3712 2807; x_wconf 90' lang='lat' dir='ltr'><strong>ba-</strong></span> 
     </span>
    </p>
   </div>
   <div class='ocr_carea' id='block_1_59' title="bbox 2083 2823 3713 2900">
    <p class='ocr_par' dir='ltr' id='par_1_59' title="bbox 2083 2823 3713 2900">
     <span class='ocr_line' id='line_1_59' title="bbox 2083 2823 3713 2900; baseline 0.015 -25"><span class='ocrx_word' id='word_1_415' title='bbox 2083 2823 2217 2890; x_wconf 90' lang='lat' dir='ltr'><strong>julis</strong></span> <span class='ocrx_word' id='word_1_416' title='bbox 2242 2826 2562 2884; x_wconf 87' lang='lat' dir='ltr'><strong>ostendunt.</strong></span> <span class='ocrx_word' id='word_1_417' title='bbox 2605 2826 2735 2883; x_wconf 87' lang='lat' dir='ltr'><strong>Cum</strong></span> <span class='ocrx_word' id='word_1_418' title='bbox 2794 2837 2944 2886; x_wconf 89' lang='lat' dir='ltr'><strong>tanta</strong></span> <span class='ocrx_word' id='word_1_419' title='bbox 2974 2835 3153 2889; x_wconf 92' lang='lat' dir='ltr'><strong>omnis</strong></span> <span class='ocrx_word' id='word_1_420' title='bbox 3182 2838 3396 2894; x_wconf 91' lang='lat' dir='ltr'><strong>ordinis</strong></span> <span class='ocrx_word' id='word_1_421' title='bbox 3448 2848 3502 2895; x_wconf 89' lang='lat' dir='ltr'><strong>et</strong></span> <span class='ocrx_word' id='word_1_422' title='bbox 3531 2844 3713 2900; x_wconf 57' lang='lat' dir='ltr'><strong>aetatis</strong></span> 
     </span>
    </p>
   </div>
   <div class='ocr_carea' id='block_1_60' title="bbox 2091 2916 3715 3000">
    <p class='ocr_par' dir='ltr' id='par_1_60' title="bbox 2091 2916 3715 3000">
     <span class='ocr_line' id='line_1_60' title="bbox 2091 2916 3715 3000; baseline 0.014 -32"><span class='ocrx_word' id='word_1_423' title='bbox 2091 2924 2143 2969; x_wconf 93' lang='lat' dir='ltr'><strong>et</strong></span> <span class='ocrx_word' id='word_1_424' title='bbox 2169 2916 2469 2985; x_wconf 85' lang='lat' dir='ltr'><strong>promiscui</strong></span> <span class='ocrx_word' id='word_1_425' title='bbox 2497 2934 2659 2974; x_wconf 84' lang='lat' dir='ltr'><strong>sexus</strong></span> <span class='ocrx_word' id='word_1_426' title='bbox 2699 2921 3029 2994; x_wconf 81' lang='lat' dir='ltr'><strong>frequentia,</strong></span> <span class='ocrx_word' id='word_1_427' title='bbox 3064 2943 3189 2982; x_wconf 90' lang='lat' dir='ltr'><strong>cum</strong></span> <span class='ocrx_word' id='word_1_428' title='bbox 3222 2930 3313 2985; x_wconf 89' lang='lat' dir='ltr'><strong>tali</strong></span> <span class='ocrx_word' id='word_1_429' title='bbox 3338 2932 3715 3000; x_wconf 60' lang='lat' dir='ltr'><strong>,humanitatis</strong></span> 
     </span>
    </p>
   </div>
   <div class='ocr_carea' id='block_1_61' title="bbox 2090 3005 3749 3095">
    <p class='ocr_par' dir='ltr' id='par_1_61' title="bbox 2090 3005 3749 3095">
     <span class='ocr_line' id='line_1_61' title="bbox 2090 3005 3749 3095; baseline 0.014 -38"><span class='ocrx_word' id='word_1_430' title='bbox 2090 3015 2141 3057; x_wconf 85' lang='lat' dir='ltr'><strong>et</strong></span> <span class='ocrx_word' id='word_1_431' title='bbox 2175 3005 2482 3061; x_wconf 77' lang='lat' dir='ltr'><strong>devotionis</strong></span> <span class='ocrx_word' id='word_1_432' title='bbox 2503 3012 2809 3066; x_wconf 85' lang='lat' dir='ltr'><strong>reverentia</strong></span> <span class='ocrx_word' id='word_1_433' title='bbox 2849 3013 3197 3071; x_wconf 87' lang='lat' dir='ltr'><strong>celebrantur</strong></span> <span class='ocrx_word' id='word_1_434' title='bbox 3226 3021 3400 3075; x_wconf 88' lang='lat' dir='ltr'><strong>sancti</strong></span> <span class='ocrx_word' id='word_1_435' title='bbox 3456 3026 3713 3095; x_wconf 76' lang='lat' dir='ltr'><strong>martyris</strong></span> <span class='ocrx_word' id='word_1_436' title='bbox 3746 3068 3749 3069; x_wconf 44' lang='grc' dir='ltr'><em>ν</em></span> 
     </span>
    </p>
   </div>
   <div class='ocr_carea' id='block_1_62' title="bbox 371 3068 3713 3181">
    <p class='ocr_par' dir='ltr' id='par_1_62' title="bbox 371 3068 3713 3181">
     <span class='ocr_line' id='line_1_62' title="bbox 375 3068 3713 3095; baseline 0.001 -18"><span class='ocrx_word' id='word_1_437' title='bbox 375 3068 573 3076; x_wconf 55' lang='grc' dir='ltr'><strong>μη---</strong></span> <span class='ocrx_word' id='word_1_438' title='bbox 610 3068 883 3091; x_wconf 31' lang='grc' dir='ltr'><strong>φημι---Ὗ</strong></span> <span class='ocrx_word' id='word_1_439' title='bbox 1122 3068 1281 3090; x_wconf 56' lang='grc' dir='ltr'><strong>Ὶ---η</strong></span> <span class='ocrx_word' id='word_1_440' title='bbox 1319 3068 1381 3074; x_wconf 56' lang='grc' dir='ltr'><strong>η</strong></span> <span class='ocrx_word' id='word_1_441' title='bbox 1415 3068 1604 3075; x_wconf 60' lang='grc' dir='ltr'><strong>--η-η.</strong></span> <span class='ocrx_word' id='word_1_442' title='bbox 1650 3068 1895 3079; x_wconf 52' lang='lat' dir='ltr'><strong>mw&quot;..-</strong></span> <span class='ocrx_word' id='word_1_443' title='bbox 1919 3068 1985 3080; x_wconf 63' lang='grc' dir='ltr'><strong>..η</strong></span> <span class='ocrx_word' id='word_1_444' title='bbox 3226 3068 3400 3075; x_wconf 54' lang='grc' dir='ltr'><strong><em>πη---</em></strong></span> 
     </span>
     <span class='ocr_line' id='line_1_63' title="bbox 371 3068 3713 3181; baseline 0.003 -15"><span class='ocrx_word' id='word_1_445' title='bbox 371 3128 553 3166; x_wconf 89' lang='lat' dir='ltr'><strong>veram</strong></span> <span class='ocrx_word' id='word_1_446' title='bbox 585 3117 961 3181; x_wconf 74' lang='lat' dir='ltr'><strong>aeternamque</strong></span> <span class='ocrx_word' id='word_1_447' title='bbox 1012 3109 1189 3163; x_wconf 90' lang='lat' dir='ltr'><strong>lucem</strong></span> <span class='ocrx_word' id='word_1_448' title='bbox 1249 3124 1557 3165; x_wconf 78' lang='lat' dir='ltr'><strong>vocaveras.</strong></span> <span class='ocrx_word' id='word_1_449' title='bbox 1612 3111 1721 3168; x_wconf 90' lang='lat' dir='ltr'><strong>lloc</strong></span> <span class='ocrx_word' id='word_1_450' title='bbox 1749 3114 1983 3169; x_wconf 89' lang='lat' dir='ltr'><strong>miracu-</strong></span> <span class='ocrx_word' id='word_1_451' title='bbox 2011 3068 2378 3170; x_wconf 63' lang='grc' dir='ltr'><strong>ϐθκδθίίυίθεν</strong></span> <span class='ocrx_word' id='word_1_452' title='bbox 2426 3110 2480 3156; x_wconf 66' lang='lat' dir='ltr'><strong>el</strong></span> <span class='ocrx_word' id='word_1_453' title='bbox 2509 3118 2711 3174; x_wconf 63' lang='lat' dir='ltr'><strong>corpus</strong></span> <span class='ocrx_word' id='word_1_454' title='bbox 2741 3106 3045 3162; x_wconf 68' lang='lat' dir='ltr'><strong>honoriﬁce</strong></span> <span class='ocrx_word' id='word_1_455' title='bbox 3090 3113 3412 3168; x_wconf 62' lang='lat' dir='ltr'><strong>tumulatur.</strong></span> <span class='ocrx_word' id='word_1_456' title='bbox 3458 3116 3574 3172; x_wconf 73' lang='lat' dir='ltr'><strong>1am</strong></span> <span class='ocrx_word' id='word_1_457' title='bbox 3627 3119 3713 3173; x_wconf 85' lang='lat' dir='ltr'><strong>la-</strong></span> 
     </span>
    </p>
   </div>
   <div class='ocr_carea' id='block_1_63' title="bbox 374 3203 1983 3275">
    <p class='ocr_par' dir='ltr' id='par_1_63' title="bbox 374 3203 1983 3275">
     <span class='ocr_line' id='line_1_64' title="bbox 374 3203 1983 3275; baseline 0.002 -14"><span class='ocrx_word' id='word_1_458' title='bbox 374 3208 484 3262; x_wconf 92' lang='lat' dir='ltr'><strong>lum</strong></span> <span class='ocrx_word' id='word_1_459' title='bbox 515 3205 708 3274; x_wconf 88' lang='lat' dir='ltr'><strong>majori</strong></span> <span class='ocrx_word' id='word_1_460' title='bbox 740 3203 1002 3259; x_wconf 89' lang='lat' dir='ltr'><strong>miraculo</strong></span> <span class='ocrx_word' id='word_1_461' title='bbox 1047 3204 1218 3258; x_wconf 82' lang='lat' dir='ltr'><strong>virtus</strong></span> <span class='ocrx_word' id='word_1_462' title='bbox 1262 3204 1446 3261; x_wconf 90' lang='lat' dir='ltr'><strong>divina</strong></span> <span class='ocrx_word' id='word_1_463' title='bbox 1477 3206 1782 3275; x_wconf 71' lang='lat' dir='ltr'><strong>confirmat,</strong></span> <span class='ocrx_word' id='word_1_464' title='bbox 1818 3217 1872 3264; x_wconf 91' lang='lat' dir='ltr'><strong>ut</strong></span> <span class='ocrx_word' id='word_1_465' title='bbox 1903 3210 1983 3265; x_wconf 90' lang='lat' dir='ltr'><strong>ci-</strong></span> 
     </span>
    </p>
   </div>
   <div class='ocr_carea' id='block_1_64' title="bbox 372 3295 2017 3369">
    <p class='ocr_par' dir='ltr' id='par_1_64' title="bbox 372 3295 2017 3369">
     <span class='ocr_line' id='line_1_65' title="bbox 372 3295 2017 3369; baseline -0.001 -18"><span class='ocrx_word' id='word_1_466' title='bbox 372 3297 480 3351; x_wconf 90' lang='lat' dir='ltr'><strong>tius</strong></span> <span class='ocrx_word' id='word_1_467' title='bbox 525 3302 580 3350; x_wconf 89' lang='lat' dir='ltr'><strong>et</strong></span> <span class='ocrx_word' id='word_1_468' title='bbox 610 3295 862 3350; x_wconf 80' lang='lat' dir='ltr'><strong>(liﬁusius</strong></span> <span class='ocrx_word' id='word_1_469' title='bbox 892 3310 1093 3349; x_wconf 89' lang='lat' dir='ltr'><strong>nomen</strong></span> <span class='ocrx_word' id='word_1_470' title='bbox 1124 3304 1178 3349; x_wconf 90' lang='lat' dir='ltr'><strong>et</strong></span> <span class='ocrx_word' id='word_1_471' title='bbox 1221 3296 1475 3350; x_wconf 88' lang='lat' dir='ltr'><strong>meritum</strong></span> <span class='ocrx_word' id='word_1_472' title='bbox 1530 3300 1782 3369; x_wconf 86' lang='lat' dir='ltr'><strong>martyris</strong></span> <span class='ocrx_word' id='word_1_473' title='bbox 1830 3300 2017 3356; x_wconf 85' lang='lat' dir='ltr'><strong>inno-,</strong></span> 
     </span>
    </p>
   </div>
   <div class='ocr_carea' id='block_1_65' title="bbox 371 3386 1981 3460">
    <p class='ocr_par' dir='ltr' id='par_1_65' title="bbox 371 3386 1981 3460">
     <span class='ocr_line' id='line_1_66' title="bbox 371 3386 1981 3460; baseline 0.001 -18"><span class='ocrx_word' id='word_1_474' title='bbox 371 3395 563 3443; x_wconf 89' lang='lat' dir='ltr'><strong>tescat.</strong></span> <span class='ocrx_word' id='word_1_475' title='bbox 593 3386 804 3453; x_wconf 80' lang='lat' dir='ltr'><strong>Mulier,</strong></span> <span class='ocrx_word' id='word_1_476' title='bbox 830 3401 951 3456; x_wconf 63' lang='lat' dir='ltr'><strong>quae</strong></span> <span class='ocrx_word' id='word_1_477' title='bbox 983 3402 1212 3455; x_wconf 88' lang='lat' dir='ltr'><strong>pensum</strong></span> <span class='ocrx_word' id='word_1_478' title='bbox 1258 3403 1415 3441; x_wconf 92' lang='lat' dir='ltr'><strong>suum</strong></span> <span class='ocrx_word' id='word_1_479' title='bbox 1463 3403 1559 3458; x_wconf 90' lang='lat' dir='ltr'><strong>pro</strong></span> <span class='ocrx_word' id='word_1_480' title='bbox 1589 3388 1858 3460; x_wconf 88' lang='lat' dir='ltr'><strong>obsequio</strong></span> <span class='ocrx_word' id='word_1_481' title='bbox 1914 3389 1981 3443; x_wconf 90' lang='lat' dir='ltr'><strong>i1-</strong></span> 
     </span>
    </p>
   </div>
   <div class='ocr_carea' id='block_1_66' title="bbox 370 3475 1978 3546">
    <p class='ocr_par' dir='ltr' id='par_1_66' title="bbox 370 3475 1978 3546">
     <span class='ocr_line' id='line_1_67' title="bbox 370 3475 1978 3546; baseline 0.001 -15"><span class='ocrx_word' id='word_1_482' title='bbox 370 3477 479 3532; x_wconf 92' lang='lat' dir='ltr'><strong>lius</strong></span> <span class='ocrx_word' id='word_1_483' title='bbox 509 3476 821 3543; x_wconf 86' lang='lat' dir='ltr'><strong>minoravit,</strong></span> <span class='ocrx_word' id='word_1_484' title='bbox 853 3475 1070 3546; x_wconf 88' lang='lat' dir='ltr'><strong>vesperi</strong></span> <span class='ocrx_word' id='word_1_485' title='bbox 1103 3476 1375 3530; x_wconf 84' lang='lat' dir='ltr'><strong>revocatis</strong></span> <span class='ocrx_word' id='word_1_486' title='bbox 1413 3477 1480 3530; x_wconf 90' lang='lat' dir='ltr'><strong>ad</strong></span> <span class='ocrx_word' id='word_1_487' title='bbox 1526 3476 1709 3531; x_wconf 88' lang='lat' dir='ltr'><strong>caulas</strong></span> <span class='ocrx_word' id='word_1_488' title='bbox 1761 3478 1978 3545; x_wconf 79' lang='lat' dir='ltr'><strong>ovibus,</strong></span> 
     </span>
    </p>
   </div>
   <div class='ocr_carea' id='block_1_67' title="bbox 372 3565 1981 3639">
    <p class='ocr_par' dir='ltr' id='par_1_67' title="bbox 372 3565 1981 3639">
     <span class='ocr_line' id='line_1_68' title="bbox 372 3565 1981 3639; baseline 0 -17"><span class='ocrx_word' id='word_1_489' title='bbox 372 3583 605 3639; x_wconf 89' lang='lat' dir='ltr'><strong>pensum</strong></span> <span class='ocrx_word' id='word_1_490' title='bbox 636 3566 894 3620; x_wconf 89' lang='lat' dir='ltr'><strong>diurnum</strong></span> <span class='ocrx_word' id='word_1_491' title='bbox 927 3565 1166 3620; x_wconf 63' lang='lat' dir='ltr'><strong>dominae</strong></span> <span class='ocrx_word' id='word_1_492' title='bbox 1211 3566 1469 3620; x_wconf 88' lang='lat' dir='ltr'><strong>reddidit.</strong></span> <span class='ocrx_word' id='word_1_493' title='bbox 1502 3566 1655 3630; x_wconf 87' lang='lat' dir='ltr'><strong>Quod</strong></span> <span class='ocrx_word' id='word_1_494' title='bbox 1703 3567 1831 3638; x_wconf 89' lang='lat' dir='ltr'><strong>quia</strong></span> <span class='ocrx_word' id='word_1_495' title='bbox 1876 3569 1981 3622; x_wconf 91' lang='lat' dir='ltr'><strong>mi-</strong></span> 
     </span>
    </p>
   </div>
   <div class='ocr_carea' id='block_1_68' title="bbox 366 3654 1977 3732">
    <p class='ocr_par' dir='ltr' id='par_1_68' title="bbox 366 3654 1977 3732">
     <span class='ocr_line' id='line_1_69' title="bbox 366 3654 1977 3732; baseline 0.002 -23"><span class='ocrx_word' id='word_1_496' title='bbox 366 3663 616 3712; x_wconf 86' lang='lat' dir='ltr'><strong>noratum</strong></span> <span class='ocrx_word' id='word_1_497' title='bbox 673 3656 847 3709; x_wconf 88' lang='lat' dir='ltr'><strong>sensit</strong></span> <span class='ocrx_word' id='word_1_498' title='bbox 885 3655 1132 3719; x_wconf 89' lang='lat' dir='ltr'><strong>domina,</strong></span> <span class='ocrx_word' id='word_1_499' title='bbox 1174 3654 1381 3709; x_wconf 85' lang='lat' dir='ltr'><strong>fraudis</strong></span> <span class='ocrx_word' id='word_1_500' title='bbox 1418 3656 1670 3710; x_wconf 87' lang='lat' dir='ltr'><strong>ancillam</strong></span> <span class='ocrx_word' id='word_1_501' title='bbox 1719 3674 1977 3732; x_wconf 87' lang='lat' dir='ltr'><strong>arguens,</strong></span> 
     </span>
    </p>
   </div>
   <div class='ocr_carea' id='block_1_69' title="bbox 365 3749 1976 3822">
    <p class='ocr_par' dir='ltr' id='par_1_69' title="bbox 365 3749 1976 3822">
     <span class='ocr_line' id='line_1_70' title="bbox 365 3749 1976 3822; baseline 0 -16"><span class='ocrx_word' id='word_1_502' title='bbox 365 3758 528 3822; x_wconf 87' lang='lat' dir='ltr'><strong>caput</strong></span> <span class='ocrx_word' id='word_1_503' title='bbox 554 3751 703 3804; x_wconf 89' lang='lat' dir='ltr'><strong>illius</strong></span> <span class='ocrx_word' id='word_1_504' title='bbox 735 3751 885 3821; x_wconf 82' lang='lat' dir='ltr'><strong>gravi</strong></span> <span class='ocrx_word' id='word_1_505' title='bbox 938 3750 1047 3813; x_wconf 76' lang='lat' dir='ltr'><strong>ictu</strong></span> <span class='ocrx_word' id='word_1_506' title='bbox 1081 3749 1370 3820; x_wconf 89' lang='lat' dir='ltr'><strong>percussit.</strong></span> <span class='ocrx_word' id='word_1_507' title='bbox 1407 3749 1512 3802; x_wconf 88' lang='lat' dir='ltr'><strong>Sed</strong></span> <span class='ocrx_word' id='word_1_508' title='bbox 1546 3751 1639 3805; x_wconf 92' lang='lat' dir='ltr'><strong>Dei</strong></span> <span class='ocrx_word' id='word_1_509' title='bbox 1673 3752 1844 3821; x_wconf 84' lang='lat' dir='ltr'><strong>pietas</strong></span> <span class='ocrx_word' id='word_1_510' title='bbox 1874 3770 1976 3807; x_wconf 90' lang='lat' dir='ltr'><strong>an-</strong></span> 
     </span>
    </p>
   </div>
   <div class='ocr_carea' id='block_1_70' title="bbox 365 3839 1978 3899">
    <p class='ocr_par' dir='ltr' id='par_1_70' title="bbox 365 3839 1978 3899">
     <span class='ocr_line' id='line_1_71' title="bbox 365 3839 1978 3899; baseline 0.001 -2"><span class='ocrx_word' id='word_1_511' title='bbox 365 3843 544 3897; x_wconf 88' lang='lat' dir='ltr'><strong>cillam</strong></span> <span class='ocrx_word' id='word_1_512' title='bbox 580 3841 787 3896; x_wconf 85' lang='lat' dir='ltr'><strong>fraudis</strong></span> <span class='ocrx_word' id='word_1_513' title='bbox 819 3851 1068 3894; x_wconf 84' lang='lat' dir='ltr'><strong>excusat:</strong></span> <span class='ocrx_word' id='word_1_514' title='bbox 1128 3839 1351 3894; x_wconf 88' lang='lat' dir='ltr'><strong>domina</strong></span> <span class='ocrx_word' id='word_1_515' title='bbox 1396 3840 1545 3894; x_wconf 88' lang='lat' dir='ltr'><strong>enim</strong></span> <span class='ocrx_word' id='word_1_516' title='bbox 1586 3842 1765 3897; x_wconf 90' lang='lat' dir='ltr'><strong>subita</strong></span> <span class='ocrx_word' id='word_1_517' title='bbox 1794 3844 1978 3899; x_wconf 84' lang='lat' dir='ltr'><strong>oeulo-</strong></span> 
     </span>
    </p>
   </div>
   <div class='ocr_carea' id='block_1_71' title="bbox 369 3929 1975 3999">
    <p class='ocr_par' dir='ltr' id='par_1_71' title="bbox 369 3929 1975 3999">
     <span class='ocr_line' id='line_1_72' title="bbox 369 3929 1975 3999; baseline 0.001 -16"><span class='ocrx_word' id='word_1_518' title='bbox 369 3946 486 3983; x_wconf 86' lang='lat' dir='ltr'><strong>rum</strong></span> <span class='ocrx_word' id='word_1_519' title='bbox 515 3929 762 3983; x_wconf 68' lang='lat' dir='ltr'><strong>czecitate</strong></span> <span class='ocrx_word' id='word_1_520' title='bbox 796 3943 1056 3998; x_wconf 84' lang='lat' dir='ltr'><strong>percussa</strong></span> <span class='ocrx_word' id='word_1_521' title='bbox 1096 3929 1363 3981; x_wconf 77' lang='lat' dir='ltr'><strong>exclamat</strong></span> <span class='ocrx_word' id='word_1_522' title='bbox 1394 3943 1516 3981; x_wconf 88' lang='lat' dir='ltr'><strong>cum</strong></span> <span class='ocrx_word' id='word_1_523' title='bbox 1553 3929 1755 3999; x_wconf 82' lang='lat' dir='ltr'><strong>ejulatu</strong></span> <span class='ocrx_word' id='word_1_524' title='bbox 1796 3931 1860 3983; x_wconf 90' lang='lat' dir='ltr'><strong>ad</strong></span> <span class='ocrx_word' id='word_1_525' title='bbox 1897 3932 1975 3986; x_wconf 80' lang='lat' dir='ltr'><strong>fa—</strong></span> 
     </span>
    </p>
   </div>
   <div class='ocr_carea' id='block_1_72' title="bbox 363 4017 1972 4085">
    <p class='ocr_par' dir='ltr' id='par_1_72' title="bbox 363 4017 1972 4085">
     <span class='ocr_line' id='line_1_73' title="bbox 363 4017 1972 4085; baseline 0.002 -12"><span class='ocrx_word' id='word_1_526' title='bbox 363 4019 594 4085; x_wconf 85' lang='lat' dir='ltr'><strong>mulam,</strong></span> <span class='ocrx_word' id='word_1_527' title='bbox 638 4018 908 4072; x_wconf 77' lang='lat' dir='ltr'><strong>exclamat</strong></span> <span class='ocrx_word' id='word_1_528' title='bbox 938 4026 991 4072; x_wconf 86' lang='lat' dir='ltr'><strong>et</strong></span> <span class='ocrx_word' id='word_1_529' title='bbox 1024 4017 1225 4072; x_wconf 84' lang='lat' dir='ltr'><strong>famula</strong></span> <span class='ocrx_word' id='word_1_530' title='bbox 1264 4035 1416 4072; x_wconf 86' lang='lat' dir='ltr'><strong>suam</strong></span> <span class='ocrx_word' id='word_1_531' title='bbox 1451 4019 1764 4075; x_wconf 77' lang='lat' dir='ltr'><strong>miserando</strong></span> <span class='ocrx_word' id='word_1_532' title='bbox 1796 4022 1972 4076; x_wconf 89' lang='lat' dir='ltr'><strong>domi-</strong></span> 
     </span>
    </p>
   </div>
   <div class='ocr_carea' id='block_1_73' title="bbox 363 4107 1970 4180">
    <p class='ocr_par' dir='ltr' id='par_1_73' title="bbox 363 4107 1970 4180">
     <span class='ocr_line' id='line_1_74' title="bbox 363 4107 1970 4180; baseline 0.002 -16"><span class='ocrx_word' id='word_1_533' title='bbox 363 4126 510 4165; x_wconf 87' lang='lat' dir='ltr'><strong>nam.</strong></span> <span class='ocrx_word' id='word_1_534' title='bbox 542 4109 649 4164; x_wconf 81' lang='lat' dir='ltr'><strong>Res</strong></span> <span class='ocrx_word' id='word_1_535' title='bbox 682 4107 996 4180; x_wconf 87' lang='lat' dir='ltr'><strong>publicatur</strong></span> <span class='ocrx_word' id='word_1_536' title='bbox 1027 4126 1124 4179; x_wconf 82' lang='lat' dir='ltr'><strong>per</strong></span> <span class='ocrx_word' id='word_1_537' title='bbox 1156 4109 1452 4175; x_wconf 82' lang='lat' dir='ltr'><strong>familiam;</strong></span> <span class='ocrx_word' id='word_1_538' title='bbox 1488 4110 1630 4165; x_wconf 85' lang='lat' dir='ltr'><strong>fama</strong></span> <span class='ocrx_word' id='word_1_539' title='bbox 1688 4112 1764 4167; x_wconf 91' lang='lat' dir='ltr'><strong>rei</strong></span> <span class='ocrx_word' id='word_1_540' title='bbox 1806 4120 1970 4168; x_wconf 87' lang='lat' dir='ltr'><strong>totam</strong></span> 
     </span>
    </p>
   </div>
   <div class='ocr_carea' id='block_1_74' title="bbox 361 4198 1971 4258">
    <p class='ocr_par' dir='ltr' id='par_1_74' title="bbox 361 4198 1971 4258">
     <span class='ocr_line' id='line_1_75' title="bbox 361 4198 1971 4258; baseline 0.002 -5"><span class='ocrx_word' id='word_1_541' title='bbox 361 4199 544 4254; x_wconf 89' lang='lat' dir='ltr'><strong>villam</strong></span> <span class='ocrx_word' id='word_1_542' title='bbox 580 4198 709 4253; x_wconf 90' lang='lat' dir='ltr'><strong>facit</strong></span> <span class='ocrx_word' id='word_1_543' title='bbox 739 4199 1041 4253; x_wconf 84' lang='lat' dir='ltr'><strong>attonitam.</strong></span> <span class='ocrx_word' id='word_1_544' title='bbox 1073 4198 1281 4253; x_wconf 83' lang='lat' dir='ltr'><strong>Ancilla</strong></span> <span class='ocrx_word' id='word_1_545' title='bbox 1307 4215 1487 4254; x_wconf 86' lang='lat' dir='ltr'><strong>coram</strong></span> <span class='ocrx_word' id='word_1_546' title='bbox 1512 4201 1724 4255; x_wconf 87' lang='lat' dir='ltr'><strong>cunctis</strong></span> <span class='ocrx_word' id='word_1_547' title='bbox 1751 4219 1971 4258; x_wconf 82' lang='lat' dir='ltr'><strong>causam</strong></span> 
     </span>
    </p>
   </div>
   <div class='ocr_carea' id='block_1_75' title="bbox 361 4288 1972 4360">
    <p class='ocr_par' dir='ltr' id='par_1_75' title="bbox 361 4288 1972 4360">
     <span class='ocr_line' id='line_1_76' title="bbox 361 4288 1972 4360; baseline 0.002 -16"><span class='ocrx_word' id='word_1_548' title='bbox 361 4289 620 4344; x_wconf 80' lang='lat' dir='ltr'><strong>caecitatis</strong></span> <span class='ocrx_word' id='word_1_549' title='bbox 648 4288 808 4343; x_wconf 73' lang='lat' dir='ltr'><strong>illata.-</strong></span> <span class='ocrx_word' id='word_1_550' title='bbox 842 4288 1089 4360; x_wconf 87' lang='lat' dir='ltr'><strong>exponit,</strong></span> <span class='ocrx_word' id='word_1_551' title='bbox 1124 4296 1176 4343; x_wconf 92' lang='lat' dir='ltr'><strong>et</strong></span> <span class='ocrx_word' id='word_1_552' title='bbox 1204 4297 1261 4343; x_wconf 90' lang='lat' dir='ltr'><strong>ut</strong></span> <span class='ocrx_word' id='word_1_553' title='bbox 1289 4289 1449 4360; x_wconf 88' lang='lat' dir='ltr'><strong>culpa</strong></span> <span class='ocrx_word' id='word_1_554' title='bbox 1479 4289 1569 4344; x_wconf 80' lang='lat' dir='ltr'><strong>fiat</strong></span> <span class='ocrx_word' id='word_1_555' title='bbox 1594 4292 1824 4346; x_wconf 78' lang='lat' dir='ltr'><strong>venialis</strong></span> <span class='ocrx_word' id='word_1_556' title='bbox 1851 4294 1972 4348; x_wconf 90' lang='lat' dir='ltr'><strong>hor-</strong></span> 
     </span>
    </p>
   </div>
   <div class='ocr_carea' id='block_1_76' title="bbox 361 4380 1969 4456">
    <p class='ocr_par' dir='ltr' id='par_1_76' title="bbox 361 4380 1969 4456">
     <span class='ocr_line' id='line_1_77' title="bbox 361 4380 1969 4456; baseline 0.004 -22"><span class='ocrx_word' id='word_1_557' title='bbox 361 4387 503 4435; x_wconf 87' lang='lat' dir='ltr'><strong>tatur</strong></span> <span class='ocrx_word' id='word_1_558' title='bbox 532 4387 591 4435; x_wconf 92' lang='lat' dir='ltr'><strong>ut</strong></span> <span class='ocrx_word' id='word_1_559' title='bbox 618 4383 905 4451; x_wconf 71' lang='lat' dir='ltr'><strong>praesulem</strong></span> <span class='ocrx_word' id='word_1_560' title='bbox 937 4380 1044 4434; x_wconf 88' lang='lat' dir='ltr'><strong>sibi</strong></span> <span class='ocrx_word' id='word_1_561' title='bbox 1080 4381 1421 4447; x_wconf 89' lang='lat' dir='ltr'><strong>reconciliet,</strong></span> <span class='ocrx_word' id='word_1_562' title='bbox 1465 4392 1522 4436; x_wconf 91' lang='lat' dir='ltr'><strong>ut</strong></span> <span class='ocrx_word' id='word_1_563' title='bbox 1553 4382 1759 4449; x_wconf 90' lang='lat' dir='ltr'><strong>lumen,</strong></span> <span class='ocrx_word' id='word_1_564' title='bbox 1824 4386 1969 4456; x_wconf 77' lang='lat' dir='ltr'><strong>qUod</strong></span> 
     </span>
    </p>
   </div>
   <div class='ocr_carea' id='block_1_77' title="bbox 358 4470 1976 4544">
    <p class='ocr_par' dir='ltr' id='par_1_77' title="bbox 358 4470 1976 4544">
     <span class='ocr_line' id='line_1_78' title="bbox 358 4470 1976 4544; baseline 0.002 -17"><span class='ocrx_word' id='word_1_565' title='bbox 358 4470 568 4528; x_wconf 78' lang='lat' dir='ltr'><strong>offensa</strong></span> <span class='ocrx_word' id='word_1_566' title='bbox 598 4470 707 4527; x_wconf 86' lang='lat' dir='ltr'><strong>sibi</strong></span> <span class='ocrx_word' id='word_1_567' title='bbox 756 4471 1078 4541; x_wconf 85' lang='lat' dir='ltr'><strong>abstulerat,</strong></span> <span class='ocrx_word' id='word_1_568' title='bbox 1110 4472 1400 4544; x_wconf 87' lang='lat' dir='ltr'><strong>impetrata</strong></span> <span class='ocrx_word' id='word_1_569' title='bbox 1438 4488 1468 4527; x_wconf 88' lang='lat' dir='ltr'><strong>a</strong></span> <span class='ocrx_word' id='word_1_570' title='bbox 1498 4471 1608 4528; x_wconf 89' lang='lat' dir='ltr'><strong>Deo</strong></span> <span class='ocrx_word' id='word_1_571' title='bbox 1648 4473 1856 4542; x_wconf 84' lang='lat' dir='ltr'><strong>veniat,</strong></span> <span class='ocrx_word' id='word_1_572' title='bbox 1887 4491 1976 4531; x_wconf 91' lang='lat' dir='ltr'><strong>re-</strong></span> 
     </span>
    </p>
   </div>
   <div class='ocr_carea' id='block_1_78' title="bbox 361 4570 586 4620">
    <p class='ocr_par' dir='ltr' id='par_1_78' title="bbox 361 4570 586 4620">
     <span class='ocr_line' id='line_1_79' title="bbox 361 4570 586 4620; baseline 0.004 -1"><span class='ocrx_word' id='word_1_573' title='bbox 361 4570 586 4620; x_wconf 89' lang='lat' dir='ltr'><strong>stauret.</strong></span> 
     </span>
    </p>
   </div>
   <div class='ocr_carea' id='block_1_79' title="bbox 431 4656 1970 4732">
    <p class='ocr_par' dir='ltr' id='par_1_79' title="bbox 431 4656 1970 4732">
     <span class='ocr_line' id='line_1_80' title="bbox 431 4656 1970 4732; baseline 0.005 -22"><span class='ocrx_word' id='word_1_574' title='bbox 431 4659 516 4711; x_wconf 76' lang='grc'><strong>14.</strong></span> <span class='ocrx_word' id='word_1_575' title='bbox 568 4656 723 4732; x_wconf 83' lang='lat' dir='ltr'><strong>COgit</strong></span> <span class='ocrx_word' id='word_1_576' title='bbox 759 4659 1039 4714; x_wconf 90' lang='lat' dir='ltr'><strong>dominam</strong></span> <span class='ocrx_word' id='word_1_577' title='bbox 1087 4658 1358 4730; x_wconf 84' lang='lat' dir='ltr'><strong>angustia,</strong></span> <span class='ocrx_word' id='word_1_578' title='bbox 1417 4665 1476 4713; x_wconf 93' lang='lat' dir='ltr'><strong>ut</strong></span> <span class='ocrx_word' id='word_1_579' title='bbox 1515 4658 1702 4714; x_wconf 88' lang='lat' dir='ltr'><strong>verbis</strong></span> <span class='ocrx_word' id='word_1_580' title='bbox 1758 4661 1970 4718; x_wconf 62' lang='lat' dir='ltr'><strong>ancillae</strong></span> 
     </span>
    </p>
   </div>
   <div class='ocr_carea' id='block_1_80' title="bbox 357 4746 1970 4816">
    <p class='ocr_par' dir='ltr' id='par_1_80' title="bbox 357 4746 1970 4816">
     <span class='ocr_line' id='line_1_81' title="bbox 357 4746 1970 4816; baseline 0.003 -16"><span class='ocrx_word' id='word_1_581' title='bbox 357 4746 582 4800; x_wconf 90' lang='lat' dir='ltr'><strong>credula</strong></span> <span class='ocrx_word' id='word_1_582' title='bbox 611 4748 860 4802; x_wconf 90' lang='lat' dir='ltr'><strong>consulat</strong></span> <span class='ocrx_word' id='word_1_583' title='bbox 903 4764 1015 4802; x_wconf 63' lang='lat' dir='ltr'><strong>sua:</strong></span> <span class='ocrx_word' id='word_1_584' title='bbox 1054 4747 1308 4802; x_wconf 70' lang='lat' dir='ltr'><strong>miseriae.</strong></span> <span class='ocrx_word' id='word_1_585' title='bbox 1368 4747 1511 4802; x_wconf 90' lang='lat' dir='ltr'><strong>Duce</strong></span> <span class='ocrx_word' id='word_1_586' title='bbox 1540 4748 1759 4816; x_wconf 89' lang='lat' dir='ltr'><strong>ancilla,</strong></span> <span class='ocrx_word' id='word_1_587' title='bbox 1820 4751 1970 4805; x_wconf 87' lang='lat' dir='ltr'><strong>venit</strong></span> 
     </span>
    </p>
   </div>
   <div class='ocr_carea' id='block_1_81' title="bbox 356 4838 1963 4913">
    <p class='ocr_par' dir='ltr' id='par_1_81' title="bbox 356 4838 1963 4913">
     <span class='ocr_line' id='line_1_82' title="bbox 356 4838 1963 4913; baseline 0.004 -21"><span class='ocrx_word' id='word_1_588' title='bbox 356 4838 584 4893; x_wconf 88' lang='lat' dir='ltr'><strong>domina</strong></span> <span class='ocrx_word' id='word_1_589' title='bbox 624 4840 692 4893; x_wconf 90' lang='lat' dir='ltr'><strong>ad</strong></span> <span class='ocrx_word' id='word_1_590' title='bbox 740 4840 916 4894; x_wconf 93' lang='lat' dir='ltr'><strong>locum</strong></span> <span class='ocrx_word' id='word_1_591' title='bbox 951 4841 1043 4895; x_wconf 90' lang='lat' dir='ltr'><strong>ubi</strong></span> <span class='ocrx_word' id='word_1_592' title='bbox 1095 4842 1316 4911; x_wconf 89' lang='lat' dir='ltr'><strong>jacebat</strong></span> <span class='ocrx_word' id='word_1_593' title='bbox 1363 4858 1564 4913; x_wconf 91' lang='lat' dir='ltr'><strong>corpus</strong></span> <span class='ocrx_word' id='word_1_594' title='bbox 1616 4842 1963 4905; x_wconf 74' lang='lat' dir='ltr'><strong>venerabile;</strong></span> 
     </span>
    </p>
   </div>
   <div class='ocr_carea' id='block_1_82' title="bbox 354 4928 1957 5001">
    <p class='ocr_par' dir='ltr' id='par_1_82' title="bbox 354 4928 1957 5001">
     <span class='ocr_line' id='line_1_83' title="bbox 354 4928 1957 5001; baseline 0.002 -17"><span class='ocrx_word' id='word_1_595' title='bbox 354 4929 500 5001; x_wconf 89' lang='lat' dir='ltr'><strong>quod</strong></span> <span class='ocrx_word' id='word_1_596' title='bbox 530 4929 603 4984; x_wconf 89' lang='lat' dir='ltr'><strong>ita</strong></span> <span class='ocrx_word' id='word_1_597' title='bbox 632 4928 822 4983; x_wconf 89' lang='lat' dir='ltr'><strong>videre</strong></span> <span class='ocrx_word' id='word_1_598' title='bbox 863 4929 1152 4998; x_wconf 87' lang='lat' dir='ltr'><strong>disjectum</strong></span> <span class='ocrx_word' id='word_1_599' title='bbox 1185 4939 1301 4986; x_wconf 87' lang='lat' dir='ltr'><strong>erat</strong></span> <span class='ocrx_word' id='word_1_600' title='bbox 1329 4932 1588 4987; x_wconf 91' lang='lat' dir='ltr'><strong>omnibus</strong></span> <span class='ocrx_word' id='word_1_601' title='bbox 1621 4931 1957 4987; x_wconf 90' lang='lat' dir='ltr'><strong>miserabile.</strong></span> 
     </span>
    </p>
   </div>
   <div class='ocr_carea' id='block_1_83' title="bbox 353 5022 1963 5096">
    <p class='ocr_par' dir='ltr' id='par_1_83' title="bbox 353 5022 1963 5096">
     <span class='ocr_line' id='line_1_84' title="bbox 353 5022 1963 5096; baseline 0.003 -20"><span class='ocrx_word' id='word_1_602' title='bbox 353 5022 585 5079; x_wconf 90' lang='lat' dir='ltr'><strong>Domina</strong></span> <span class='ocrx_word' id='word_1_603' title='bbox 617 5037 712 5093; x_wconf 88' lang='lat' dir='ltr'><strong>pro</strong></span> <span class='ocrx_word' id='word_1_604' title='bbox 740 5037 880 5077; x_wconf 64' lang='lat' dir='ltr'><strong>caesa</strong></span> <span class='ocrx_word' id='word_1_605' title='bbox 919 5022 1119 5091; x_wconf 86' lang='lat' dir='ltr'><strong>injuste</strong></span> <span class='ocrx_word' id='word_1_606' title='bbox 1149 5024 1349 5078; x_wconf 88' lang='lat' dir='ltr'><strong>ancilla</strong></span> <span class='ocrx_word' id='word_1_607' title='bbox 1378 5025 1593 5096; x_wconf 89' lang='lat' dir='ltr'><strong>culpam</strong></span> <span class='ocrx_word' id='word_1_608' title='bbox 1646 5025 1862 5088; x_wconf 87' lang='lat' dir='ltr'><strong>fatetur,</strong></span> <span class='ocrx_word' id='word_1_609' title='bbox 1910 5033 1963 5081; x_wconf 89' lang='lat' dir='ltr'><strong>et</strong></span> 
     </span>
    </p>
   </div>
   <div class='ocr_carea' id='block_1_84' title="bbox 350 5115 1962 5188">
    <p class='ocr_par' dir='ltr' id='par_1_84' title="bbox 350 5115 1962 5188">
     <span class='ocr_line' id='line_1_85' title="bbox 350 5115 1962 5188; baseline 0.003 -19"><span class='ocrx_word' id='word_1_610' title='bbox 350 5124 410 5170; x_wconf 91' lang='lat' dir='ltr'><strong>ut</strong></span> <span class='ocrx_word' id='word_1_611' title='bbox 441 5122 715 5171; x_wconf 87' lang='lat' dir='ltr'><strong>mereatur</strong></span> <span class='ocrx_word' id='word_1_612' title='bbox 743 5115 1036 5186; x_wconf 85' lang='lat' dir='ltr'><strong>impetrare</strong></span> <span class='ocrx_word' id='word_1_613' title='bbox 1086 5116 1299 5170; x_wconf 89' lang='lat' dir='ltr'><strong>veniam</strong></span> <span class='ocrx_word' id='word_1_614' title='bbox 1329 5116 1468 5171; x_wconf 82' lang='lat' dir='ltr'><strong>votis</strong></span> <span class='ocrx_word' id='word_1_615' title='bbox 1517 5126 1571 5171; x_wconf 93' lang='lat' dir='ltr'><strong>ct</strong></span> <span class='ocrx_word' id='word_1_616' title='bbox 1597 5118 1755 5172; x_wconf 90' lang='lat' dir='ltr'><strong>donis</strong></span> <span class='ocrx_word' id='word_1_617' title='bbox 1784 5119 1962 5188; x_wconf 89' lang='lat' dir='ltr'><strong>placat</strong></span> 
     </span>
    </p>
   </div>
   <div class='ocr_carea' id='block_1_85' title="bbox 351 5209 1964 5284">
    <p class='ocr_par' dir='ltr' id='par_1_85' title="bbox 351 5209 1964 5284">
     <span class='ocr_line' id='line_1_86' title="bbox 351 5209 1964 5284; baseline 0.006 -21"><span class='ocrx_word' id='word_1_618' title='bbox 351 5210 525 5265; x_wconf 85' lang='lat' dir='ltr'><strong>sancti</strong></span> <span class='ocrx_word' id='word_1_619' title='bbox 573 5209 827 5280; x_wconf 87' lang='lat' dir='ltr'><strong>martyris</strong></span> <span class='ocrx_word' id='word_1_620' title='bbox 855 5209 1105 5284; x_wconf 88' lang='lat' dir='ltr'><strong>gratiam.</strong></span> <span class='ocrx_word' id='word_1_621' title='bbox 1157 5210 1382 5274; x_wconf 89' lang='lat' dir='ltr'><strong>Quando</strong></span> <span class='ocrx_word' id='word_1_622' title='bbox 1441 5211 1543 5266; x_wconf 80' lang='lat' dir='ltr'><strong>fuit</strong></span> <span class='ocrx_word' id='word_1_623' title='bbox 1598 5211 1824 5267; x_wconf 85' lang='lat' dir='ltr'><strong>difficile</strong></span> <span class='ocrx_word' id='word_1_624' title='bbox 1856 5215 1964 5272; x_wconf 90' lang='lat' dir='ltr'><strong>Deo</strong></span> 
     </span>
    </p>
   </div>
   <div class='ocr_carea' id='block_1_86' title="bbox 353 5297 1963 5371">
    <p class='ocr_par' dir='ltr' id='par_1_86' title="bbox 353 5297 1963 5371">
     <span class='ocr_line' id='line_1_87' title="bbox 353 5297 1963 5371; baseline 0.004 -20"><span class='ocrx_word' id='word_1_625' title='bbox 353 5298 615 5353; x_wconf 83' lang='lat' dir='ltr'><strong>exaudire</strong></span> <span class='ocrx_word' id='word_1_626' title='bbox 657 5314 849 5371; x_wconf 87' lang='lat' dir='ltr'><strong>preces</strong></span> <span class='ocrx_word' id='word_1_627' title='bbox 877 5299 1199 5353; x_wconf 90' lang='lat' dir='ltr'><strong>miserorum</strong></span> <span class='ocrx_word' id='word_1_628' title='bbox 1233 5297 1469 5354; x_wconf 86' lang='lat' dir='ltr'><strong>ﬁdeliter</strong></span> <span class='ocrx_word' id='word_1_629' title='bbox 1494 5301 1560 5354; x_wconf 89' lang='lat' dir='ltr'><strong>ad</strong></span> <span class='ocrx_word' id='word_1_630' title='bbox 1615 5317 1674 5355; x_wconf 88' lang='lat' dir='ltr'><strong>se</strong></span> <span class='ocrx_word' id='word_1_631' title='bbox 1723 5300 1963 5357; x_wconf 88' lang='lat' dir='ltr'><strong>claman-</strong></span> 
     </span>
    </p>
   </div>
   <div class='ocr_carea' id='block_1_87' title="bbox 352 5389 1961 5465">
    <p class='ocr_par' dir='ltr' id='par_1_87' title="bbox 352 5389 1961 5465">
     <span class='ocr_line' id='line_1_88' title="bbox 352 5389 1961 5465; baseline 0.004 -24"><span class='ocrx_word' id='word_1_632' title='bbox 352 5389 530 5443; x_wconf 81' lang='lat' dir='ltr'><strong>tium?</strong></span> <span class='ocrx_word' id='word_1_633' title='bbox 558 5390 771 5455; x_wconf 81' lang='lat' dir='ltr'><strong>Mulier,</strong></span> <span class='ocrx_word' id='word_1_634' title='bbox 818 5391 1109 5461; x_wconf 88' lang='lat' dir='ltr'><strong>impetrata</strong></span> <span class='ocrx_word' id='word_1_635' title='bbox 1136 5389 1317 5455; x_wconf 86' lang='lat' dir='ltr'><strong>venia,</strong></span> <span class='ocrx_word' id='word_1_636' title='bbox 1350 5392 1554 5465; x_wconf 87' lang='lat' dir='ltr'><strong>gaudet</strong></span> <span class='ocrx_word' id='word_1_637' title='bbox 1596 5392 1837 5448; x_wconf 82' lang='lat' dir='ltr'><strong>redivivo</strong></span> <span class='ocrx_word' id='word_1_638' title='bbox 1879 5395 1961 5448; x_wconf 87' lang='lat' dir='ltr'><strong>lu-</strong></span> 
     </span>
    </p>
   </div>
   <div class='ocr_carea' id='block_1_88' title="bbox 353 5476 1959 5552">
    <p class='ocr_par' dir='ltr' id='par_1_88' title="bbox 353 5476 1959 5552">
     <span class='ocr_line' id='line_1_89' title="bbox 353 5476 1959 5552; baseline 0.006 -24"><span class='ocrx_word' id='word_1_639' title='bbox 353 5476 524 5545; x_wconf 91' lang='lat' dir='ltr'><strong>mine,</strong></span> <span class='ocrx_word' id='word_1_640' title='bbox 555 5486 610 5533; x_wconf 89' lang='lat' dir='ltr'><strong>et</strong></span> <span class='ocrx_word' id='word_1_641' title='bbox 660 5480 856 5535; x_wconf 90' lang='lat' dir='ltr'><strong>videns</strong></span> <span class='ocrx_word' id='word_1_642' title='bbox 902 5478 1152 5533; x_wconf 90' lang='lat' dir='ltr'><strong>membra</strong></span> <span class='ocrx_word' id='word_1_643' title='bbox 1179 5480 1353 5534; x_wconf 89' lang='lat' dir='ltr'><strong>sancti</strong></span> <span class='ocrx_word' id='word_1_644' title='bbox 1406 5481 1658 5552; x_wconf 89' lang='lat' dir='ltr'><strong>corporis</strong></span> <span class='ocrx_word' id='word_1_645' title='bbox 1704 5483 1824 5537; x_wconf 89' lang='lat' dir='ltr'><strong>suis</strong></span> <span class='ocrx_word' id='word_1_646' title='bbox 1851 5482 1959 5537; x_wconf 81' lang='lat' dir='ltr'><strong>filis</strong></span> 
     </span>
    </p>
   </div>
   <div class='ocr_carea' id='block_1_89' title="bbox 2083 3190 3695 3279">
    <p class='ocr_par' dir='ltr' id='par_1_89' title="bbox 2083 3190 3695 3279">
     <span class='ocr_line' id='line_1_90' title="bbox 2083 3190 3695 3279; baseline 0.014 -38"><span class='ocrx_word' id='word_1_647' title='bbox 2083 3204 2296 3258; x_wconf 88' lang='lat' dir='ltr'><strong>crymas</strong></span> <span class='ocrx_word' id='word_1_648' title='bbox 2328 3190 2574 3245; x_wconf 92' lang='lat' dir='ltr'><strong>omnium</strong></span> <span class='ocrx_word' id='word_1_649' title='bbox 2630 3209 2694 3247; x_wconf 89' lang='lat' dir='ltr'><strong>ea</strong></span> <span class='ocrx_word' id='word_1_650' title='bbox 2726 3209 2889 3250; x_wconf 88' lang='lat' dir='ltr'><strong>causa</strong></span> <span class='ocrx_word' id='word_1_651' title='bbox 2926 3200 3208 3269; x_wconf 83' lang='lat' dir='ltr'><strong>repressit,</strong></span> <span class='ocrx_word' id='word_1_652' title='bbox 3254 3204 3401 3273; x_wconf 94' lang='lat' dir='ltr'><strong>quod</strong></span> <span class='ocrx_word' id='word_1_653' title='bbox 3440 3208 3695 3279; x_wconf 88' lang='lat' dir='ltr'><strong>gauden-</strong></span> 
     </span>
    </p>
   </div>
   <div class='ocr_carea' id='block_1_90' title="bbox 2083 3277 3707 3363">
    <p class='ocr_par' dir='ltr' id='par_1_90' title="bbox 2083 3277 3707 3363">
     <span class='ocr_line' id='line_1_91' title="bbox 2083 3277 3707 3363; baseline 0.014 -32"><span class='ocrx_word' id='word_1_654' title='bbox 2083 3277 2212 3332; x_wconf 91' lang='lat' dir='ltr'><strong>dum</strong></span> <span class='ocrx_word' id='word_1_655' title='bbox 2245 3278 2351 3333; x_wconf 85' lang='lat' dir='ltr'><strong>sibi</strong></span> <span class='ocrx_word' id='word_1_656' title='bbox 2381 3295 2503 3335; x_wconf 90' lang='lat' dir='ltr'><strong>esse</strong></span> <span class='ocrx_word' id='word_1_657' title='bbox 2550 3282 2875 3354; x_wconf 86' lang='lat' dir='ltr'><strong>credebant,</strong></span> <span class='ocrx_word' id='word_1_658' title='bbox 2915 3303 2973 3342; x_wconf 91' lang='lat' dir='ltr'><strong>se</strong></span> <span class='ocrx_word' id='word_1_659' title='bbox 3032 3291 3165 3345; x_wconf 77' lang='lat' dir='ltr'><strong>tanti</strong></span> <span class='ocrx_word' id='word_1_660' title='bbox 3222 3294 3370 3363; x_wconf 87' lang='lat' dir='ltr'><strong>apud</strong></span> <span class='ocrx_word' id='word_1_661' title='bbox 3403 3277 3570 3351; x_wconf 79' lang='lat' dir='ltr'><strong>Deum</strong></span> <span class='ocrx_word' id='word_1_662' title='bbox 3605 3299 3707 3353; x_wconf 80' lang='lat' dir='ltr'><strong>ha—</strong></span> 
     </span>
    </p>
   </div>
   <div class='ocr_carea' id='block_1_91' title="bbox 2082 3370 3702 3449">
    <p class='ocr_par' dir='ltr' id='par_1_91' title="bbox 2082 3370 3702 3449">
     <span class='ocr_line' id='line_1_92' title="bbox 2082 3370 3702 3449; baseline 0.014 -27"><span class='ocrx_word' id='word_1_663' title='bbox 2082 3370 2223 3435; x_wconf 87' lang='lat' dir='ltr'><strong>beri,</strong></span> <span class='ocrx_word' id='word_1_664' title='bbox 2264 3372 2410 3442; x_wconf 93' lang='lat' dir='ltr'><strong>quod</strong></span> <span class='ocrx_word' id='word_1_665' title='bbox 2456 3373 2732 3444; x_wconf 88' lang='lat' dir='ltr'><strong>insperato</strong></span> <span class='ocrx_word' id='word_1_666' title='bbox 2778 3378 2860 3432; x_wconf 92' lang='lat' dir='ltr'><strong>eis</strong></span> <span class='ocrx_word' id='word_1_667' title='bbox 2891 3386 3182 3449; x_wconf 89' lang='lat' dir='ltr'><strong>patronum</strong></span> <span class='ocrx_word' id='word_1_668' title='bbox 3216 3385 3351 3438; x_wconf 86' lang='lat' dir='ltr'><strong>tanti</strong></span> <span class='ocrx_word' id='word_1_669' title='bbox 3382 3388 3563 3443; x_wconf 91' lang='lat' dir='ltr'><strong>meriti</strong></span> <span class='ocrx_word' id='word_1_670' title='bbox 3596 3391 3702 3445; x_wconf 81' lang='lat' dir='ltr'><strong>mi-</strong></span> 
     </span>
    </p>
   </div>
   <div class='ocr_carea' id='block_1_92' title="bbox 2083 3461 3702 3546">
    <p class='ocr_par' dir='ltr' id='par_1_92' title="bbox 2083 3461 3702 3546">
     <span class='ocr_line' id='line_1_93' title="bbox 2083 3461 3702 3546; baseline 0.014 -33"><span class='ocrx_word' id='word_1_671' title='bbox 2083 3461 2267 3527; x_wconf 89' lang='lat' dir='ltr'><strong>sisset,</strong></span> <span class='ocrx_word' id='word_1_672' title='bbox 2300 3463 2394 3534; x_wconf 92' lang='lat' dir='ltr'><strong>qui</strong></span> <span class='ocrx_word' id='word_1_673' title='bbox 2429 3464 2532 3518; x_wconf 92' lang='lat' dir='ltr'><strong>sibi</strong></span> <span class='ocrx_word' id='word_1_674' title='bbox 2588 3474 2777 3523; x_wconf 90' lang='lat' dir='ltr'><strong>contra</strong></span> <span class='ocrx_word' id='word_1_675' title='bbox 2807 3471 2996 3525; x_wconf 86' lang='lat' dir='ltr'><strong>omnia</strong></span> <span class='ocrx_word' id='word_1_676' title='bbox 3049 3473 3278 3529; x_wconf 89' lang='lat' dir='ltr'><strong>adversa</strong></span> <span class='ocrx_word' id='word_1_677' title='bbox 3318 3478 3576 3546; x_wconf 76' lang='lat' dir='ltr'><strong>praesidio</strong></span> <span class='ocrx_word' id='word_1_678' title='bbox 3616 3484 3702 3536; x_wconf 88' lang='lat' dir='ltr'><strong>vel</strong></span> 
     </span>
    </p>
   </div>
   <div class='ocr_carea' id='block_1_93' title="bbox 2083 3555 3697 3645">
    <p class='ocr_par' dir='ltr' id='par_1_93' title="bbox 2083 3555 3697 3645">
     <span class='ocr_line' id='line_1_94' title="bbox 2083 3555 3697 3645; baseline 0.013 -39"><span class='ocrx_word' id='word_1_679' title='bbox 2083 3555 2328 3609; x_wconf 89' lang='lat' dir='ltr'><strong>remedio</strong></span> <span class='ocrx_word' id='word_1_680' title='bbox 2361 3563 2508 3612; x_wconf 87' lang='lat' dir='ltr'><strong>esset</strong></span> <span class='ocrx_word' id='word_1_681' title='bbox 2561 3557 2769 3614; x_wconf 90' lang='lat' dir='ltr'><strong>Coeunt</strong></span> <span class='ocrx_word' id='word_1_682' title='bbox 2793 3562 3039 3634; x_wconf 89' lang='lat' dir='ltr'><strong>undique</strong></span> <span class='ocrx_word' id='word_1_683' title='bbox 3074 3562 3419 3623; x_wconf 89' lang='lat' dir='ltr'><strong>infirmorum</strong></span> <span class='ocrx_word' id='word_1_684' title='bbox 3451 3571 3697 3645; x_wconf 87' lang='lat' dir='ltr'><strong>agmina,</strong></span> 
     </span>
    </p>
   </div>
   <div class='ocr_carea' id='block_1_94' title="bbox 2082 3649 3703 3732">
    <p class='ocr_par' dir='ltr' id='par_1_94' title="bbox 2082 3649 3703 3732">
     <span class='ocr_line' id='line_1_95' title="bbox 2082 3649 3703 3732; baseline 0.013 -36"><span class='ocrx_word' id='word_1_685' title='bbox 2082 3660 2182 3713; x_wconf 88' lang='lat' dir='ltr'><strong>per</strong></span> <span class='ocrx_word' id='word_1_686' title='bbox 2233 3649 2429 3701; x_wconf 88' lang='lat' dir='ltr'><strong>merita</strong></span> <span class='ocrx_word' id='word_1_687' title='bbox 2487 3649 2612 3703; x_wconf 84' lang='lat' dir='ltr'><strong>novi</strong></span> <span class='ocrx_word' id='word_1_688' title='bbox 2672 3652 2925 3722; x_wconf 89' lang='lat' dir='ltr'><strong>martyris</strong></span> <span class='ocrx_word' id='word_1_689' title='bbox 2980 3657 3319 3724; x_wconf 87' lang='lat' dir='ltr'><strong>sperantium</strong></span> <span class='ocrx_word' id='word_1_690' title='bbox 3372 3663 3703 3732; x_wconf 85' lang='lat' dir='ltr'><strong>consequia</strong></span> 
     </span>
    </p>
   </div>
   <div class='ocr_carea' id='block_1_95' title="bbox 2082 3737 3706 3825">
    <p class='ocr_par' dir='ltr' id='par_1_95' title="bbox 2082 3737 3706 3825">
     <span class='ocr_line' id='line_1_96' title="bbox 2082 3737 3706 3825; baseline 0.012 -36"><span class='ocrx_word' id='word_1_691' title='bbox 2082 3737 2193 3792; x_wconf 88' lang='lat' dir='ltr'><strong>Deo</strong></span> <span class='ocrx_word' id='word_1_692' title='bbox 2223 3738 2542 3794; x_wconf 89' lang='lat' dir='ltr'><strong>morborum</strong></span> <span class='ocrx_word' id='word_1_693' title='bbox 2576 3742 2958 3798; x_wconf 89' lang='lat' dir='ltr'><strong>medicamina.</strong></span> <span class='ocrx_word' id='word_1_694' title='bbox 3011 3748 3149 3811; x_wconf 87' lang='lat' dir='ltr'><strong>Quot</strong></span> <span class='ocrx_word' id='word_1_695' title='bbox 3206 3748 3279 3802; x_wconf 89' lang='lat' dir='ltr'><strong>ibi</strong></span> <span class='ocrx_word' id='word_1_696' title='bbox 3323 3750 3544 3820; x_wconf 88' lang='lat' dir='ltr'><strong>pietatis</strong></span> <span class='ocrx_word' id='word_1_697' title='bbox 3571 3769 3706 3825; x_wconf 80' lang='lat' dir='ltr'><strong>ope—</strong></span> 
     </span>
    </p>
   </div>
   <div class='ocr_carea' id='block_1_96' title="bbox 2079 3831 3704 3913">
    <p class='ocr_par' dir='ltr' id='par_1_96' title="bbox 2079 3831 3704 3913">
     <span class='ocr_line' id='line_1_97' title="bbox 2079 3831 3704 3913; baseline 0.012 -31"><span class='ocrx_word' id='word_1_698' title='bbox 2079 3845 2156 3898; x_wconf 89' lang='lat' dir='ltr'><strong>ra,</strong></span> <span class='ocrx_word' id='word_1_699' title='bbox 2192 3831 2337 3901; x_wconf 92' lang='lat' dir='ltr'><strong>quod</strong></span> <span class='ocrx_word' id='word_1_700' title='bbox 2367 3831 2662 3887; x_wconf 88' lang='lat' dir='ltr'><strong>sanitatum</strong></span> <span class='ocrx_word' id='word_1_701' title='bbox 2686 3834 2995 3906; x_wconf 72' lang='lat' dir='ltr'><strong>beneﬁcia,</strong></span> <span class='ocrx_word' id='word_1_702' title='bbox 3025 3854 3189 3908; x_wconf 91' lang='lat' dir='ltr'><strong>quam</strong></span> <span class='ocrx_word' id='word_1_703' title='bbox 3246 3840 3567 3913; x_wconf 89' lang='lat' dir='ltr'><strong>frequentes</strong></span> <span class='ocrx_word' id='word_1_704' title='bbox 3592 3860 3704 3901; x_wconf 68' lang='lat' dir='ltr'><strong>caa-</strong></span> 
     </span>
    </p>
   </div>
   <div class='ocr_carea' id='block_1_97' title="bbox 2077 3923 3696 3998">
    <p class='ocr_par' dir='ltr' id='par_1_97' title="bbox 2077 3923 3696 3998">
     <span class='ocr_line' id='line_1_98' title="bbox 2077 3923 3696 3998; baseline 0.008 -21"><span class='ocrx_word' id='word_1_705' title='bbox 2077 3939 2263 3977; x_wconf 91' lang='lat' dir='ltr'><strong>corum</strong></span> <span class='ocrx_word' id='word_1_706' title='bbox 2312 3923 2762 3991; x_wconf 88' lang='lat' dir='ltr'><strong>illuminationes,</strong></span> <span class='ocrx_word' id='word_1_707' title='bbox 2796 3929 2942 3998; x_wconf 89' lang='lat' dir='ltr'><strong>quod</strong></span> <span class='ocrx_word' id='word_1_708' title='bbox 2982 3929 3412 3987; x_wconf 85' lang='lat' dir='ltr'><strong>febricitantium</strong></span> <span class='ocrx_word' id='word_1_709' title='bbox 3444 3936 3696 3990; x_wconf 86' lang='lat' dir='ltr'><strong>curatio-</strong></span> 
     </span>
    </p>
   </div>
   <div class='ocr_carea' id='block_1_98' title="bbox 2078 4015 3694 4093">
    <p class='ocr_par' dir='ltr' id='par_1_98' title="bbox 2078 4015 3694 4093">
     <span class='ocr_line' id='line_1_99' title="bbox 2078 4015 3694 4093; baseline 0.01 -27"><span class='ocrx_word' id='word_1_710' title='bbox 2078 4030 2175 4068; x_wconf 90' lang='lat' dir='ltr'><strong>nes</strong></span> <span class='ocrx_word' id='word_1_711' title='bbox 2229 4015 2302 4069; x_wconf 90' lang='lat' dir='ltr'><strong>ibi</strong></span> <span class='ocrx_word' id='word_1_712' title='bbox 2354 4017 2708 4086; x_wconf 79' lang='lat' dir='ltr'><strong>provenerint</strong></span> <span class='ocrx_word' id='word_1_713' title='bbox 2740 4035 2837 4089; x_wconf 89' lang='lat' dir='ltr'><strong>pcr</strong></span> <span class='ocrx_word' id='word_1_714' title='bbox 2883 4020 3191 4076; x_wconf 87' lang='lat' dir='ltr'><strong>Theodardi</strong></span> <span class='ocrx_word' id='word_1_715' title='bbox 3252 4025 3580 4093; x_wconf 87' lang='lat' dir='ltr'><strong>patrocinia,</strong></span> <span class='ocrx_word' id='word_1_716' title='bbox 3609 4033 3694 4082; x_wconf 88' lang='lat' dir='ltr'><strong>te-</strong></span> 
     </span>
    </p>
   </div>
   <div class='ocr_carea' id='block_1_99' title="bbox 2076 4109 3696 4186">
    <p class='ocr_par' dir='ltr' id='par_1_99' title="bbox 2076 4109 3696 4186">
     <span class='ocr_line' id='line_1_100' title="bbox 2076 4109 3696 4186; baseline 0.009 -27"><span class='ocrx_word' id='word_1_717' title='bbox 2076 4114 2289 4160; x_wconf 87' lang='lat' dir='ltr'><strong>stantur</strong></span> <span class='ocrx_word' id='word_1_718' title='bbox 2335 4109 2506 4162; x_wconf 88' lang='lat' dir='ltr'><strong>multa</strong></span> <span class='ocrx_word' id='word_1_719' title='bbox 2564 4110 2985 4180; x_wconf 81' lang='lat' dir='ltr'><strong>paralyticorum</strong></span> <span class='ocrx_word' id='word_1_720' title='bbox 3039 4113 3303 4168; x_wconf 79' lang='lat' dir='ltr'><strong>subsellia</strong></span> <span class='ocrx_word' id='word_1_721' title='bbox 3352 4125 3405 4169; x_wconf 90' lang='lat' dir='ltr'><strong>et</strong></span> <span class='ocrx_word' id='word_1_722' title='bbox 3458 4117 3696 4186; x_wconf 86' lang='lat' dir='ltr'><strong>plurima</strong></span> 
     </span>
    </p>
   </div>
   <div class='ocr_carea' id='block_1_100' title="bbox 2078 4205 3700 4274">
    <p class='ocr_par' dir='ltr' id='par_1_100' title="bbox 2078 4205 3700 4274">
     <span class='ocr_line' id='line_1_101' title="bbox 2078 4205 3700 4274; baseline 0.007 -21"><span class='ocrx_word' id='word_1_723' title='bbox 2078 4215 2260 4253; x_wconf 88' lang='lat' dir='ltr'><strong>rerum</strong></span> <span class='ocrx_word' id='word_1_724' title='bbox 2292 4210 2666 4267; x_wconf 89' lang='lat' dir='ltr'><strong>monumenta,</strong></span> <span class='ocrx_word' id='word_1_725' title='bbox 2698 4220 2819 4274; x_wconf 54' lang='lat' dir='ltr'><strong>quae</strong></span> <span class='ocrx_word' id='word_1_726' title='bbox 2876 4205 3122 4274; x_wconf 89' lang='lat' dir='ltr'><strong>pendent</strong></span> <span class='ocrx_word' id='word_1_727' title='bbox 3181 4206 3255 4259; x_wconf 92' lang='lat' dir='ltr'><strong>ibi</strong></span> <span class='ocrx_word' id='word_1_728' title='bbox 3288 4207 3357 4260; x_wconf 88' lang='lat' dir='ltr'><strong>ab</strong></span> <span class='ocrx_word' id='word_1_729' title='bbox 3390 4207 3586 4263; x_wconf 87' lang='lat' dir='ltr'><strong>incolis</strong></span> <span class='ocrx_word' id='word_1_730' title='bbox 3615 4211 3700 4265; x_wconf 89' lang='lat' dir='ltr'><strong>af-</strong></span> 
     </span>
    </p>
   </div>
   <div class='ocr_carea' id='block_1_101' title="bbox 2080 4287 3696 4367">
    <p class='ocr_par' dir='ltr' id='par_1_101' title="bbox 2080 4287 3696 4367">
     <span class='ocr_line' id='line_1_102' title="bbox 2080 4287 3696 4367; baseline 0.007 -24"><span class='ocrx_word' id='word_1_731' title='bbox 2080 4287 2202 4356; x_wconf 82' lang='lat' dir='ltr'><strong>fixa,</strong></span> <span class='ocrx_word' id='word_1_732' title='bbox 2263 4300 2319 4344; x_wconf 87' lang='lat' dir='ltr'><strong>ut</strong></span> <span class='ocrx_word' id='word_1_733' title='bbox 2362 4307 2459 4360; x_wconf 88' lang='lat' dir='ltr'><strong>per</strong></span> <span class='ocrx_word' id='word_1_734' title='bbox 2499 4291 2613 4345; x_wconf 77' lang='lat' dir='ltr'><strong>haec</strong></span> <span class='ocrx_word' id='word_1_735' title='bbox 2671 4301 2955 4347; x_wconf 85' lang='lat' dir='ltr'><strong>recenseat</strong></span> <span class='ocrx_word' id='word_1_736' title='bbox 3003 4296 3268 4350; x_wconf 88' lang='lat' dir='ltr'><strong>memoria</strong></span> <span class='ocrx_word' id='word_1_737' title='bbox 3327 4306 3696 4367; x_wconf 87' lang='lat' dir='ltr'><strong>posterorum,</strong></span> 
     </span>
    </p>
   </div>
   <div class='ocr_carea' id='block_1_102' title="bbox 2076 4379 3695 4461">
    <p class='ocr_par' dir='ltr' id='par_1_102' title="bbox 2076 4379 3695 4461">
     <span class='ocr_line' id='line_1_103' title="bbox 2076 4379 3695 4461; baseline 0.004 -27"><span class='ocrx_word' id='word_1_738' title='bbox 2076 4386 2281 4452; x_wconf 91' lang='lat' dir='ltr'><strong>quanta</strong></span> <span class='ocrx_word' id='word_1_739' title='bbox 2322 4379 2397 4433; x_wconf 89' lang='lat' dir='ltr'><strong>ibi</strong></span> <span class='ocrx_word' id='word_1_740' title='bbox 2458 4396 2557 4450; x_wconf 87' lang='lat' dir='ltr'><strong>per</strong></span> <span class='ocrx_word' id='word_1_741' title='bbox 2606 4396 2805 4436; x_wconf 90' lang='lat' dir='ltr'><strong>nomen</strong></span> <span class='ocrx_word' id='word_1_742' title='bbox 2839 4382 3149 4438; x_wconf 79' lang='lat' dir='ltr'><strong>Theodardi</strong></span> <span class='ocrx_word' id='word_1_743' title='bbox 3207 4384 3466 4440; x_wconf 88' lang='lat' dir='ltr'><strong>claruerit</strong></span> <span class='ocrx_word' id='word_1_744' title='bbox 3520 4387 3695 4461; x_wconf 79' lang='lat' dir='ltr'><strong>gratia</strong></span> 
     </span>
    </p>
   </div>
   <div class='ocr_carea' id='block_1_103' title="bbox 1999 4439 2194 4527">
    <p class='ocr_par' dir='ltr' id='par_1_103' title="bbox 1999 4439 2194 4527">
     <span class='ocr_line' id='line_1_104' title="bbox 1999 4439 2194 4527; baseline 0.005 -1"><span class='ocrx_word' id='word_1_745' title='bbox 1999 4439 2058 4509; x_wconf 69' lang='grc' dir='ltr'><strong>Β</strong></span> <span class='ocrx_word' id='word_1_746' title='bbox 2076 4439 2194 4527; x_wconf 83' lang='lat' dir='ltr'><strong>Dei.</strong></span> 
     </span>
    </p>
   </div>
   <div class='ocr_carea' id='block_1_104' title="bbox 2148 4564 3694 4641">
    <p class='ocr_par' dir='ltr' id='par_1_104' title="bbox 2148 4564 3694 4641">
     <span class='ocr_line' id='line_1_105' title="bbox 2148 4564 3694 4641; baseline 0.005 -23"><span class='ocrx_word' id='word_1_747' title='bbox 2148 4565 2231 4619; x_wconf 86' lang='grc'><strong>16.</strong></span> <span class='ocrx_word' id='word_1_748' title='bbox 2269 4564 2430 4619; x_wconf 84' lang='lat' dir='ltr'><strong>Fama</strong></span> <span class='ocrx_word' id='word_1_749' title='bbox 2459 4564 2622 4640; x_wconf 90' lang='lat' dir='ltr'><strong>longe</strong></span> <span class='ocrx_word' id='word_1_750' title='bbox 2650 4566 2871 4638; x_wconf 91' lang='lat' dir='ltr'><strong>lateque</strong></span> <span class='ocrx_word' id='word_1_751' title='bbox 2899 4568 3184 4641; x_wconf 86' lang='lat' dir='ltr'><strong>evagaudo</strong></span> <span class='ocrx_word' id='word_1_752' title='bbox 3216 4568 3492 4625; x_wconf 90' lang='lat' dir='ltr'><strong>subintrat</strong></span> <span class='ocrx_word' id='word_1_753' title='bbox 3526 4570 3694 4626; x_wconf 83' lang='lat' dir='ltr'><strong>Wan-</strong></span> 
     </span>
    </p>
   </div>
   <div class='ocr_carea' id='block_1_105' title="bbox 2073 4655 3689 4731">
    <p class='ocr_par' dir='ltr' id='par_1_105' title="bbox 2073 4655 3689 4731">
     <span class='ocr_line' id='line_1_106' title="bbox 2073 4655 3689 4731; baseline 0.004 -23"><span class='ocrx_word' id='word_1_754' title='bbox 2073 4655 2300 4730; x_wconf 84' lang='lat' dir='ltr'><strong>gionum</strong></span> <span class='ocrx_word' id='word_1_755' title='bbox 2343 4655 2555 4723; x_wconf 90' lang='lat' dir='ltr'><strong>urbem,</strong></span> <span class='ocrx_word' id='word_1_756' title='bbox 2598 4671 2721 4726; x_wconf 85' lang='lat' dir='ltr'><strong>quae</strong></span> <span class='ocrx_word' id='word_1_757' title='bbox 2769 4671 2918 4710; x_wconf 91' lang='lat' dir='ltr'><strong>nunc</strong></span> <span class='ocrx_word' id='word_1_758' title='bbox 2974 4656 3275 4712; x_wconf 79' lang='lat' dir='ltr'><strong>Wormatia</strong></span> <span class='ocrx_word' id='word_1_759' title='bbox 3314 4669 3689 4731; x_wconf 88' lang='lat' dir='ltr'><strong>nuncupatur;</strong></span> 
     </span>
    </p>
   </div>
   <div class='ocr_carea' id='block_1_106' title="bbox 2070 4745 3690 4823">
    <p class='ocr_par' dir='ltr' id='par_1_106' title="bbox 2070 4745 3690 4823">
     <span class='ocr_line' id='line_1_107' title="bbox 2070 4745 3690 4823; baseline 0.004 -25"><span class='ocrx_word' id='word_1_760' title='bbox 2070 4751 2124 4799; x_wconf 91' lang='lat' dir='ltr'><strong>et</strong></span> <span class='ocrx_word' id='word_1_761' title='bbox 2177 4753 2463 4816; x_wconf 90' lang='lat' dir='ltr'><strong>postquam</strong></span> <span class='ocrx_word' id='word_1_762' title='bbox 2536 4745 2884 4816; x_wconf 88' lang='lat' dir='ltr'><strong>popularium</strong></span> <span class='ocrx_word' id='word_1_763' title='bbox 2942 4762 3104 4801; x_wconf 88' lang='lat' dir='ltr'><strong>aures</strong></span> <span class='ocrx_word' id='word_1_764' title='bbox 3148 4757 3204 4802; x_wconf 89' lang='lat' dir='ltr'><strong>et</strong></span> <span class='ocrx_word' id='word_1_765' title='bbox 3249 4747 3470 4823; x_wconf 86' lang='lat' dir='ltr'><strong>linguas</strong></span> <span class='ocrx_word' id='word_1_766' title='bbox 3517 4750 3690 4804; x_wconf 92' lang='lat' dir='ltr'><strong>multo</strong></span> 
     </span>
    </p>
   </div>
   <div class='ocr_carea' id='block_1_107' title="bbox 2069 4837 3683 4911">
    <p class='ocr_par' dir='ltr' id='par_1_107' title="bbox 2069 4837 3683 4911">
     <span class='ocr_line' id='line_1_108' title="bbox 2069 4837 3683 4911; baseline 0.004 -21"><span class='ocrx_word' id='word_1_767' title='bbox 2069 4837 2317 4908; x_wconf 75' lang='lat' dir='ltr'><strong>implevit</strong></span> <span class='ocrx_word' id='word_1_768' title='bbox 2337 4837 2599 4900; x_wconf 89' lang='lat' dir='ltr'><strong>susurrio,</strong></span> <span class='ocrx_word' id='word_1_769' title='bbox 2632 4837 2701 4891; x_wconf 89' lang='lat' dir='ltr'><strong>ad</strong></span> <span class='ocrx_word' id='word_1_770' title='bbox 2730 4838 2910 4908; x_wconf 90' lang='lat' dir='ltr'><strong>ipsum</strong></span> <span class='ocrx_word' id='word_1_771' title='bbox 2941 4854 3167 4910; x_wconf 88' lang='lat' dir='ltr'><strong>quoque</strong></span> <span class='ocrx_word' id='word_1_772' title='bbox 3210 4840 3363 4895; x_wconf 88' lang='lat' dir='ltr'><strong>urbis</strong></span> <span class='ocrx_word' id='word_1_773' title='bbox 3394 4842 3683 4911; x_wconf 56' lang='lat' dir='ltr'><strong>praesulem</strong></span> 
     </span>
    </p>
   </div>
   <div class='ocr_carea' id='block_1_108' title="bbox 2068 4928 3686 5001">
    <p class='ocr_par' dir='ltr' id='par_1_108' title="bbox 2068 4928 3686 5001">
     <span class='ocr_line' id='line_1_109' title="bbox 2068 4928 3686 5001; baseline 0.002 -16"><span class='ocrx_word' id='word_1_774' title='bbox 2068 4931 2205 4985; x_wconf 80' lang='lat' dir='ltr'><strong>viam</strong></span> <span class='ocrx_word' id='word_1_775' title='bbox 2227 4931 2330 4985; x_wconf 88' lang='lat' dir='ltr'><strong>sibi</strong></span> <span class='ocrx_word' id='word_1_776' title='bbox 2364 4928 2508 4985; x_wconf 90' lang='lat' dir='ltr'><strong>fecit.</strong></span> <span class='ocrx_word' id='word_1_777' title='bbox 2555 4929 2780 4997; x_wconf 69' lang='lat' dir='ltr'><strong>Prtesul,</strong></span> <span class='ocrx_word' id='word_1_778' title='bbox 2814 4946 3042 4986; x_wconf 85' lang='lat' dir='ltr'><strong>excessu</strong></span> <span class='ocrx_word' id='word_1_779' title='bbox 3088 4933 3237 4987; x_wconf 88' lang='lat' dir='ltr'><strong>beati</strong></span> <span class='ocrx_word' id='word_1_780' title='bbox 3270 4932 3445 4987; x_wconf 88' lang='lat' dir='ltr'><strong>Patris</strong></span> <span class='ocrx_word' id='word_1_781' title='bbox 3478 4933 3686 5001; x_wconf 86' lang='lat' dir='ltr'><strong>audito,</strong></span> 
     </span>
    </p>
   </div>
   <div class='ocr_carea' id='block_1_109' title="bbox 2064 5021 3679 5096">
    <p class='ocr_par' dir='ltr' id='par_1_109' title="bbox 2064 5021 3679 5096">
     <span class='ocr_line' id='line_1_110' title="bbox 2064 5021 3679 5096; baseline 0.001 -17"><span class='ocrx_word' id='word_1_782' title='bbox 2064 5030 2186 5094; x_wconf 92' lang='lat' dir='ltr'><strong>post</strong></span> <span class='ocrx_word' id='word_1_783' title='bbox 2211 5023 2373 5096; x_wconf 89' lang='lat' dir='ltr'><strong>longa</strong></span> <span class='ocrx_word' id='word_1_784' title='bbox 2402 5022 2470 5075; x_wconf 90' lang='lat' dir='ltr'><strong>ab</strong></span> <span class='ocrx_word' id='word_1_785' title='bbox 2526 5021 2634 5076; x_wconf 91' lang='lat' dir='ltr'><strong>imo</strong></span> <span class='ocrx_word' id='word_1_786' title='bbox 2681 5028 2903 5091; x_wconf 86' lang='lat' dir='ltr'><strong>pectore</strong></span> <span class='ocrx_word' id='word_1_787' title='bbox 2943 5022 3107 5077; x_wconf 90' lang='lat' dir='ltr'><strong>ducta</strong></span> <span class='ocrx_word' id='word_1_788' title='bbox 3141 5023 3382 5094; x_wconf 87' lang='lat' dir='ltr'><strong>suspiria</strong></span> <span class='ocrx_word' id='word_1_789' title='bbox 3428 5023 3679 5080; x_wconf 82' lang='lat' dir='ltr'><strong>diversus</strong></span> 
     </span>
    </p>
   </div>
   <div class='ocr_carea' id='block_1_110' title="bbox 2061 5114 3675 5185">
    <p class='ocr_par' dir='ltr' id='par_1_110' title="bbox 2061 5114 3675 5185">
     <span class='ocr_line' id='line_1_111' title="bbox 2061 5114 3675 5185; baseline 0 -15"><span class='ocrx_word' id='word_1_790' title='bbox 2061 5114 2166 5170; x_wconf 83' lang='lat' dir='ltr'><strong>sibi</strong></span> <span class='ocrx_word' id='word_1_791' title='bbox 2213 5114 2552 5185; x_wconf 80' lang='lat' dir='ltr'><strong>agitabatur.-</strong></span> <span class='ocrx_word' id='word_1_792' title='bbox 2599 5131 2838 5185; x_wconf 87' lang='lat' dir='ltr'><strong>namque</strong></span> <span class='ocrx_word' id='word_1_793' title='bbox 2885 5114 3208 5170; x_wconf 87' lang='lat' dir='ltr'><strong>tristabatur</strong></span> <span class='ocrx_word' id='word_1_794' title='bbox 3258 5122 3314 5170; x_wconf 91' lang='lat' dir='ltr'><strong>et</strong></span> <span class='ocrx_word' id='word_1_795' title='bbox 3371 5116 3675 5172; x_wconf 69' lang='lat' dir='ltr'><strong>laetabatur.</strong></span> 
     </span>
    </p>
   </div>
   <div class='ocr_carea' id='block_1_111' title="bbox 2037 5203 3677 5275">
    <p class='ocr_par' dir='ltr' id='par_1_111' title="bbox 2037 5203 3677 5275">
     <span class='ocr_line' id='line_1_112' title="bbox 2037 5203 3677 5275; baseline 0.002 -18"><span class='ocrx_word' id='word_1_796' title='bbox 2037 5204 2402 5267; x_wconf 55' lang='lat' dir='ltr'><strong>,Tristabatur</strong></span> <span class='ocrx_word' id='word_1_797' title='bbox 2453 5210 2678 5275; x_wconf 80' lang='lat' dir='ltr'><strong>propter</strong></span> <span class='ocrx_word' id='word_1_798' title='bbox 2729 5210 3102 5274; x_wconf 88' lang='lat' dir='ltr'><strong>perpetratum</strong></span> <span class='ocrx_word' id='word_1_799' title='bbox 3153 5203 3298 5258; x_wconf 89' lang='lat' dir='ltr'><strong>intra</strong></span> <span class='ocrx_word' id='word_1_800' title='bbox 3344 5220 3501 5259; x_wconf 88' lang='lat' dir='ltr'><strong>suam</strong></span> <span class='ocrx_word' id='word_1_801' title='bbox 3539 5204 3677 5261; x_wconf 71' lang='lat' dir='ltr'><strong>dim-</strong></span> 
     </span>
    </p>
   </div>
   <div class='ocr_carea' id='block_1_112' title="bbox 2063 5296 3686 5369">
    <p class='ocr_par' dir='ltr' id='par_1_112' title="bbox 2063 5296 3686 5369">
     <span class='ocr_line' id='line_1_113' title="bbox 2063 5296 3686 5369; baseline 0 -17"><span class='ocrx_word' id='word_1_802' title='bbox 2063 5298 2231 5352; x_wconf 90' lang='lat' dir='ltr'><strong>cesim</strong></span> <span class='ocrx_word' id='word_1_803' title='bbox 2263 5298 2499 5351; x_wconf 88' lang='lat' dir='ltr'><strong>immane</strong></span> <span class='ocrx_word' id='word_1_804' title='bbox 2528 5296 2743 5362; x_wconf 87' lang='lat' dir='ltr'><strong>scelus;</strong></span> <span class='ocrx_word' id='word_1_805' title='bbox 2778 5310 2938 5367; x_wconf 88' lang='lat' dir='ltr'><strong>porro</strong></span> <span class='ocrx_word' id='word_1_806' title='bbox 2990 5296 3278 5351; x_wconf 68' lang='lat' dir='ltr'><strong>lmtabatur</strong></span> <span class='ocrx_word' id='word_1_807' title='bbox 3317 5306 3545 5369; x_wconf 84' lang='lat' dir='ltr'><strong>prepter</strong></span> <span class='ocrx_word' id='word_1_808' title='bbox 3571 5298 3686 5352; x_wconf 81' lang='lat' dir='ltr'><strong>col-</strong></span> 
     </span>
    </p>
   </div>
   <div class='ocr_carea' id='block_1_113' title="bbox 2062 5384 3681 5456">
    <p class='ocr_par' dir='ltr' id='par_1_113' title="bbox 2062 5384 3681 5456">
     <span class='ocr_line' id='line_1_114' title="bbox 2062 5384 3681 5456; baseline 0 -16"><span class='ocrx_word' id='word_1_809' title='bbox 2062 5386 2231 5441; x_wconf 91' lang='lat' dir='ltr'><strong>latum</strong></span> <span class='ocrx_word' id='word_1_810' title='bbox 2271 5386 2487 5441; x_wconf 80' lang='lat' dir='ltr'><strong>ccclitus</strong></span> <span class='ocrx_word' id='word_1_811' title='bbox 2531 5385 2890 5440; x_wconf 70' lang='lat' dir='ltr'><strong>direccsisuae</strong></span> <span class='ocrx_word' id='word_1_812' title='bbox 2926 5384 3292 5455; x_wconf 88' lang='lat' dir='ltr'><strong>patrocinium</strong></span> <span class='ocrx_word' id='word_1_813' title='bbox 3336 5386 3463 5442; x_wconf 89' lang='lat' dir='ltr'><strong>novi</strong></span> <span class='ocrx_word' id='word_1_814' title='bbox 3487 5392 3681 5456; x_wconf 80' lang='lat' dir='ltr'><strong>marty-</strong></span> 
     </span>
    </p>
   </div>
   <div class='ocr_carea' id='block_1_114' title="bbox 2061 5480 3677 5556">
    <p class='ocr_par' dir='ltr' id='par_1_114' title="bbox 2061 5480 3677 5556">
     <span class='ocr_line' id='line_1_115' title="bbox 2061 5480 3677 5556; baseline -0.001 -20"><span class='ocrx_word' id='word_1_815' title='bbox 2061 5483 2156 5537; x_wconf 91' lang='lat' dir='ltr'><strong>ris.</strong></span> <span class='ocrx_word' id='word_1_816' title='bbox 2186 5482 2482 5556; x_wconf 84' lang='lat' dir='ltr'><strong>PrOgressa</strong></span> <span class='ocrx_word' id='word_1_817' title='bbox 2511 5480 2741 5536; x_wconf 90' lang='lat' dir='ltr'><strong>ulterius</strong></span> <span class='ocrx_word' id='word_1_818' title='bbox 2784 5480 2948 5548; x_wconf 88' lang='lat' dir='ltr'><strong>fama,</strong></span> <span class='ocrx_word' id='word_1_819' title='bbox 3000 5480 3184 5553; x_wconf 86' lang='lat' dir='ltr'><strong>attigit</strong></span> <span class='ocrx_word' id='word_1_820' title='bbox 3217 5482 3407 5536; x_wconf 87' lang='lat' dir='ltr'><strong>urbem</strong></span> <span class='ocrx_word' id='word_1_821' title='bbox 3449 5481 3677 5551; x_wconf 88' lang='lat' dir='ltr'><strong>Spiram,</strong></span> 
     </span>
    </p>
   </div>
   <div class='ocr_carea' id='block_1_115' title="bbox 429 5639 2327 5718">
    <p class='ocr_par' dir='ltr' id='par_1_115' title="bbox 429 5639 2327 5718">
     <span class='ocr_line' id='line_1_116' title="bbox 429 5639 2327 5718; baseline 0.003 -25"><span class='ocrx_word' id='word_1_822' title='bbox 429 5639 568 5709; x_wconf 84' lang='lat'><strong>(989)</strong></span> <span class='ocrx_word' id='word_1_823' title='bbox 590 5640 738 5695; x_wconf 86' lang='lat' dir='ltr'><strong>Circa</strong></span> <span class='ocrx_word' id='word_1_824' title='bbox 757 5642 1105 5710; x_wconf 86' lang='lat' dir='ltr'><strong>Landaviam,</strong></span> <span class='ocrx_word' id='word_1_825' title='bbox 1132 5644 1415 5715; x_wconf 89' lang='lat' dir='ltr'><strong>imperiale</strong></span> <span class='ocrx_word' id='word_1_826' title='bbox 1448 5646 1713 5717; x_wconf 85' lang='lat' dir='ltr'><strong>Oppidum</strong></span> <span class='ocrx_word' id='word_1_827' title='bbox 1746 5647 2003 5702; x_wconf 86' lang='lat' dir='ltr'><strong>diuecesis</strong></span> <span class='ocrx_word' id='word_1_828' title='bbox 2026 5646 2327 5718; x_wconf 84' lang='lat' dir='ltr'><strong>Spirensis.</strong></span> 
     </span>
    </p>
   </div>
  </div>
