3948 6044
296 255 409 311 757

1622 255 1776 312 νιΤΑ
1813 255 1866 312 S.
1909 255 2309 312 THEODARDI.

3527 257 3633 313 758

287 399 454 456 quam
485 383 783 455 antiquitas
808 383 1097 438 Nemetum
1123 383 1467 456 appellabat;
1497 400 1602 440 nec
1640 385 1913 441 subtraxit
1936 393 1988 461 Α
2015 399 2162 453 cum,
2201 383 2297 438 ubi
2323 399 2525 456 corpus
2546 383 2792 440 defuncti
2825 384 2996 456 patris
3021 384 3494 458 peregrinabatur.
3530 386 3632 442 Ubi

289 472 492 543 pedem
534 471 602 526 ab
654 469 792 527 urbe
831 471 1155 544 Argentina,
1178 489 1342 544 quam
1376 475 1699 530 Strazborch
1733 476 1914 531 nomi-

289 572 385 620 nat
411 563 715 619 Teutonica
744 562 960 636 lingua.
998 563 1188 620 Totam
1223 566 1528 640 regionem,
1561 583 1724 639 quam
1755 567 1914 624 alluit

293 655 542 722 Rhenus,
578 653 884 726 perlabitur
920 654 1064 711 fama
1102 663 1267 712 vente
1310 657 1584 726 velocius;
1617 675 1719 715 nec
1761 659 1912 714 cele-

285 748 403 803 rius
431 755 525 803 aut
549 746 771 822 longius
795 746 988 803 deﬂuit
1027 749 1178 803 unda
1214 749 1411 817 Rheni,
1460 768 1624 823 quam
1667 752 1913 808 decurrit

288 840 432 896 fama
469 840 631 909 hujus
661 839 773 908 rei;
807 855 910 896 nec
935 841 1207 897 citerioris
1263 843 1398 914 ripae
1429 845 1608 915 spatio
1653 851 1912 901 contenta

285 929 493 1004 vagari,
545 929 850 984 Germania
890 929 1156 985 terminos
1200 931 1474 1004 utrinque'
1511 934 1706 1008 attigit.
1737 935 1910 990 Wan-

285 1019 517 1092 gionum
551 1019 752 1090 praesul
785 1035 897 1090 prae
927 1021 1144 1076 cunctis
1172 1038 1340 1094 super
1361 1023 1464 1079 hac
1495 1041 1552 1080 re
1583 1042 1907 1098 suspensus,

289 1109 582 1165 invitat'ad
620 1125 681 1165 se
710 1109 1013 1166 vicinarum
1046 1111 1265 1166 urbium
1321 1115 1607 1185 praesules,
1643 1124 1910 1174 convocat

292 1205 459 1261 totius
484 1203 794 1276 provincia:
808 1205 1070 1276 primates
1097 1213 1152 1261 et
1176 1207 1505 1277 Optimates;
1537 1211 1670 1281 quid
1701 1211 1905 1268 facien-

289 1296 423 1351 dum
452 1296 556 1351 sibi
599 1296 671 1352 sit
709 1313 877 1367 super
914 1297 1019 1352 hoc
1064 1297 1254 1364 verbo,
1306 1301 1454 1372 quod
1486 1302 1750 1358 Dominus
1780 1303 1908 1360 fecit

285 1395 342 1444 et
381 1389 624 1445 ostendit
671 1389 775 1456 eis,
830 1405 1021 1446 eorum
1061 1391 1297 1448 consilio
1338 1394 1632 1450 committit
1667 1395 1906 1452 liceatne

284 1481 392 1536 sibi
433 1496 637 1553 corpus
665 1482 842 1537 sancti
895 1484 1146 1554 praesulis
1188 1500 1447 1540 amovere
1504 1485 1573 1540 ab
1603 1486 1906 1562 indigniori

283 1573 428 1641 loco,
459 1579 513 1628 et
540 1573 611 1628 ad
640 1573 906 1642 majorem
952 1576 1244 1631 ecclesiam
1290 1583 1681 1648 transportare.
1728 1578 1908 1634 Facile

2016 484 2307 548 postquam
2363 475 2526 532 solvit
2564 476 2852 548 lacrymas,
2887 493 3025 548 quas
3080 475 3322 532 debebat
3351 474 3497 532 ﬁlius
3525 494 3629 550 pa-

2015 567 2103 633 tri,
2139 567 2332 638 pandit
2381 567 2579 624 incolis
2634 575 2796 622 terraa
2843 583 3064 623 causam
3114 567 3199 622 sui
3236 567 3524 633 adventus,
3581 575 3636 624 et

2014 655 2173 726 petit,
2209 671 2276 709 ne
2318 656 2443 726 quis
2499 671 2690 712 eorum
2735 671 2836 711 suo
2886 655 3166 710 desiderio
3197 655 3538 712 contradicat
3563 656 3633 712 de

2014 742 2306 799 referendo
2353 759 2582 815 corpore
2641 745 2833 815 patris.
2890 745 3006 800 Uno
3056 745 3304 800 omnium
3354 749 3458 800 ore‘
3495 760 3634 800 con-

2013 833 2302 889 tradicitur
2366 834 2687 902 Lamberto;
2737 833 3158 891 conclamabant
3230 834 3378 890 enim
3439 849 3634 890 omnes

2011 943 2132 984 esse
2159 944 2318 985 suum
2347 930 2475 1000 jure
2504 930 2910 998 Theodardum,
2949 946 3115 1002 quem
3133 929 3243 986 sibi
3273 944 3373 1001 pro
3399 935 3632 1002 patrono

2009 1017 2154 1074 Deus
2201 1018 2345 1074 ultro
2377 1019 2608 1085 miserit,
2653 1019 2855 1091 quibus
2910 1035 3010 1090 per
3065 1035 3191 1074 eum
3250 1025 3330 1074 tot
3369 1019 3633 1074 miracula

2008 1110 2338 1178 ostenderit,
2381 1120 2437 1166 et
2477 1127 2675 1186 magno
2718 1119 2901 1168 mrum
2948 1111 3214 1168 miraculo
3259 1111 3514 1179 vetuerit,
3561 1127 3633 1166 ne

2008 1205 2078 1260 ab
2103 1205 2382 1278 episcopis
2409 1207 2706 1278 provincia:
2755 1223 2961 1279 corpus
3011 1215 3261 1264 sanctum
3314 1206 3422 1263 alio
3453 1215 3632 1262 trans-

2011 1306 2342 1370 portaretur.

2078 1388 2168 1444 19.
2224 1389 2302 1444 lta
2350 1389 2671 1446 Lambertus
2722 1391 2904 1462 impos
2949 1393 3064 1448 voti
3111 1392 3416 1462 Trajectum
3467 1392 3629 1459 redit,

2009 1485 2068 1532 ut
2114 1492 2239 1532 cum
2269 1477 2421 1533 clero
2454 1485 2508 1533 et
2547 1479 2753 1550 pepulo
2783 1495 2850 1534 ea
2879 1479 2950 1534 de
2987 1496 3045 1534 re
3103 1489 3247 1553 agat.
3283 1479 3469 1535 Clerus
3499 1496 3632 1537 vero

2008 1576 2063 1624 et
2085 1570 2326 1640 populus
2349 1571 2516 1625 totius
2534 1571 2752 1642 pondus
2778 1571 2859 1626 rei
2877 1570 3166 1628 Lamberto
3197 1572 3450 1644 imponit.
3483 1571 3633 1627 Lam-

287 1669 370 1718 est
399 1677 465 1717 eo
506 1661 803 1718 transferre
844 1664 1163 1731 consilium,
1195 1664 1288 1720 ubi
1324 1665 1380 1720 in
1412 1681 1582 1722 unum
1613 1669 1910 1739 transpirat
1933 1691 1984 1760 Β
2008 1659 2200 1718 berlus
2225 1661 2333 1716 alia
2371 1661 2458 1716 Via
2511 1662 2733 1718 Vincere
2773 1679 3086 1738 aggressuS,
3137 1664 3340 1720 mullos
3378 1673 3634 1737 sumptus

282 1752 538 1808 voluntas
595 1751 866 1808 omnium.
908 1754 950 1808 Α
981 1754 1264 1810 communi
1296 1755 1530 1812 consilio
1571 1773 1742 1812 unum
1772 1774 1906 1814 con-

283 1844 420 1916 cipit
447 1861 734 1900 assensum
776 1845 998 1902 devotio
1048 1847 1318 1914 omnium,
1359 1849 1427 1904 ad
1469 1849 1732 1919 majorem
1762 1867 1904 1905 mar-

283 1937 417 2008 tyris
472 1936 703 2012 gloriam
755 1953 958 2009 corpus
1021 1937 1144 2008 ejus
1197 1955 1321 1996 esse
1370 1940 1500 1997 inde
1561 1941 1902 1998 transferen-

285 2029 436 2084 dum.

357 2125 444 2180 16.
480 2124 577 2180 Die
619 2125 688 2180 ad
720 2125 827 2180 hoc
856 2125 1114 2182 condicto
1144 2127 1214 2182 ab
1244 2128 1502 2184 omnibus
1529 2129 1896 2198 concurritur,

283 2227 338 2276 et
371 2236 630 2276 numerus
661 2220 993 2277 confluentis
1017 2223 1208 2294 pepuli
1244 2239 1356 2280 non
1396 2231 1515 2280 erat
1563 2225 1764 2282 certior
1791 2243 1898 2280 nu-

281 2324 435 2365 mero
459 2309 739 2364 stellarum
779 2311 903 2366 coeli
952 2311 1072 2366 Jam
1101 2328 1162 2367 se
1188 2313 1556 2386 occingebant
1581 2314 1758 2384 operi,
1783 2314 1894 2387 jam

282 2399 529 2454 tumulus
559 2398 735 2454 sancti
776 2401 1032 2470 martyris
1071 2401 1310 2457 debebat
1347 2403 1569 2474 aperiri.
1623 2404 1730 2459 Sed
1785 2419 1897 2459 non

281 2501 366 2550 est
405 2494 563 2560 ratio,
595 2510 708 2550 non
741 2502 822 2550 est
855 2497 1140 2552 consilium
1179 2503 1368 2553 contra
1406 2501 1694 2555 Dominum
1723 2502 1896 2565 (Prov.

279 2600 389 2648 xxi,
417 2581 531 2653 30),
585 2583 712 2654 quia
743 2589 940 2640 natura
991 2601 1196 2652 rerum,
1239 2587 1483 2643 militans
1530 2604 1628 2658 pro
1669 2589 1900 2645 Domino

284 2689 492 2740 rerum,
515 2671 739 2728 obsistit
762 2673 904 2745 ipsis
919 2674 1340 2732 obsistentibus.
1377 2676 1584 2732 Cwlum
1607 2677 1791 2733 subito
1811 2678 1900 2732 in-

285 2763 516 2830 horruit,
550 2771 604 2817 et
636 2763 865 2819 horrore
911 2779 1012 2820 suo
1034 2772 1235 2820 terram
1273 2765 1611 2834 tremefecit;
1642 2784 1904 2838 praenun-

281 2852 420 2906 tiant
449 2859 830 2922 tempestatem
872 2855 1268 2924 praecurrentia
1305 2863 1595 2912 ventorum
1647 2875 1904 2914 murmu-

284 2959 379 3010 ra;
440 2943 779 3018 praestringit
827 2945 1016 3000 oculos
1064 2962 1311 3017 praesens
1338 2946 1616 3023 fulgurum
1659 2965 1910 3006 corusca-

2009 1761 2066 1809 et
2103 1761 2444 1810 commeatus
2471 1755 2575 1811 viae
2615 1765 2865 1828 apparat,
2915 1758 3148 1814 multum
3181 1757 3298 1812 auri
3326 1764 3380 1814 et
3418 1761 3630 1833 argenti

2007 1851 2062 1900 et
2087 1846 2316 1902 aliarum
2355 1848 2667 1918 Specierum
2697 1859 3020 1923 congregat,
3053 1858 3108 1905 et
3133 1849 3350 1920 jactans
3381 1867 3538 1923 Spem
3567 1852 3624 1908 in

2007 1937 2260 2004 Domino,
2293 1945 2542 2010 optatum
2576 1939 2757 1995 locum
2789 1941 3008 2012 repetit.
3037 1942 3224 2014 Itaque
3254 1942 3500 2017 indignae
3528 1961 3627 2016 pro

2001 2036 2108 2085 tam
2141 2031 2306 2086 celeri
2337 2031 2458 2099 ejus
2523 2032 2704 2087 reditu
2750 2034 3028 2105 suspensi,
3066 2034 3352 2105 excipiunt
3380 2051 3508 2092 eum
3550 2036 3627 2091 fa-

1997 2119 2230 2176 vorabili
2251 2118 2468 2188 affectu,
2495 2127 2553 2175 et
2575 2136 2640 2175 ex
2669 2121 2820 2176 vultu
2856 2127 2910 2176 et
2953 2122 3141 2177 habitu
3171 2122 3292 2190 ejus
3318 2124 3622 2178 attenden-

1999 2219 2103 2278 tes,
2125 2226 2247 2282 quaa
2273 2211 2583 2267 reverentia
2612 2211 2911 2267 deberetur
2939 2214 3010 2275 ei,
3045 2211 3293 2268 ofﬁciose
3321 2213 3400 2267 illi
3432 2213 3619 2269 adhin-

1999 2306 2139 2355 rent.
2188 2300 2510 2356 Lambertus
2537 2317 2666 2356 vero
2719 2317 2786 2357 eo
2817 2302 3033 2372 pietatis
3075 2300 3274 2357 aﬁ'ectu
3328 2301 3436 2356 sibi
3485 2317 3622 2358 con-

1997 2388 2166 2454 ciliat,
2196 2403 2532 2460 causamque
2566 2390 2667 2444 viae
2701 2389 2782 2446 eis
2811 2389 3178 2462 ingeminans,
3212 2389 3366 2444 addit
3397 2406 3615 2460 preces,

2001 2488 2059 2534 ut
2081 2496 2283 2550 corpus
2303 2481 2472 2552 patris
2502 2481 2588 2536 sui
2623 2497 2731 2537 non
2760 2481 2904 2537 ultra
2933 2482 3040 2536 sibi
3076 2483 3376 2555 denegent,
3407 2482 3622 2551 dicens,

2003 2571 2300 2628 absurdum
2344 2589 2468 2628 esse
2510 2579 2720 2644 patrem
2773 2572 2902 2628 ﬁliis
2953 2583 3006 2628 et
3043 2573 3370 2645 episcopum
3411 2573 3626 2630 civibus

2004 2666 2302 2737 denegari;
2330 2665 2585 2721 sufﬁcere
2616 2666 2698 2721 eis
2729 2667 2878 2738 quod
2905 2673 3102 2722 terram
3137 2683 3329 2722 eorum
3351 2668 3625 2740 sanguine

2003 2769 2103 2810 suo
2135 2755 2576 2818 consecraverit;
2612 2770 2724 2810 non
2751 2753 3070 2811 defuturum
3111 2755 3246 2827 ipsis
3294 2755 3469 2812 sancti
3528 2755 3626 2812 Pa-

2008 2843 2107 2898 tris
2133 2843 2518 2914 patrocinium,
2564 2859 2730 2916 quem
2768 2843 2903 2900 tanti
2933 2843 3242 2904 habuerint.
3286 2854 3347 2900 ut
3401 2845 3626 2901 honori-

2011 2929 2112 2986 ﬁce
2139 2931 2504 2987 tumularent.
2544 2933 2661 2987 Jam
2696 2933 2846 3005 rigor
2891 2948 3081 2988 eorum
3123 2932 3467 3000 ﬂectebatur,
3495 2934 3626 3006 quia

283 3031 380 3100 tio,
411 3050 571 3090 aures
599 3041 655 3090 et
679 3034 895 3090 animos
933 3037 1179 3091 omnium
1212 3046 1492 3093 exterrent
1531 3039 1773 3096 tonitrua
1801 3058 1900 3098 so-

2013 3023 2094 3078 vir
2119 3023 2402 3096 angelicus
2439 3040 2538 3080 suo
2568 3023 2834 3080 melliﬂuo
2876 3040 2973 3080 ore
3003 3041 3100 3080 eos
3153 3025 3441 3081 mollierat.
3479 3027 3625 3092 Quos

281 3122 377 3178 lito
450 3123 728 3194 graviora;
791 3125 1001 3194 proruit
1060 3132 1168 3180 tam
1214 3127 1521 3198 procellosa
1581 3130 1893 3187 nimborum

281 3215 587 3283 inundatio,
619 3223 698 3283 ut,
745 3216 790 3270 si
825 3216 1016 3273 fuisset
1042 3217 1280 3287 diutina,
1313 3229 1495 3291 posset
1525 3221 1781 3278 sufﬁcere
1821 3223 1894 3279 fa-

277 3304 474 3361 ciendo
503 3306 731 3362 diluvio.
755 3307 856 3362 Tot
883 3307 1049 3363 rebus
1089 3319 1421 3378 praesentem
1447 3321 1676 3368 mortem
1708 3313 1896 3368 inten-

277 3393 544 3461 tantibus,
577 3393 912 3468 diffugerunt
955 3411 1176 3463 omnes;
1206 3397 1482 3455 desistunt
1531 3400 1598 3454 ab
1650 3402 1894 3472 incepto,

279 3485 428 3556 quod
456 3485 524 3540 de
545 3486 712 3541 corde
742 3501 843 3542 suo
874 3486 1148 3542 faciebant
1171 3506 1186 3555 ;
1215 3505 1384 3560 super
1411 3505 1520 3561 quo
1543 3492 1670 3562 quia
1695 3508 1757 3547 os
1785 3493 1894 3548 Do-

279 3575 414 3630 mini
448 3592 556 3631 non
585 3577 1072 3650 interrogaveram,
1132 3596 1193 3635 se
1223 3588 1413 3636 contra
1454 3583 1624 3636 Deum
1655 3583 1895 3638 sensisse

279 3663 683 3720 intellexerunt.
705 3669 832 3730 Qui:
857 3681 1103 3735 unquam
1119 3671 1460 3726 consiliarius
1478 3675 1570 3726 Dei
1595 3673 1706 3740 fuit
1731 3673 1758 3726 7
1790 3677 1895 3734 {Isa

277 3775 364 3826 XL,
415 3758 526 3829 13.)
588 3760 650 3816 Ut
697 3760 803 3816 hoc
859 3775 1082 3832 quoque
1137 3763 1402 3820 miraculo
1459 3764 1624 3840 longe
1677 3767 1896 3838 lateque

279 3849 610 3907 claresceret
645 3852 956 3908 Theodardi
1001 3853 1198 3927 gloria,
1240 3854 1308 3910 de
1356 3854 1520 3932 longe
1551 3865 1605 3912 et
1653 3858 1758 3914 late
1819 3866 1896 3916 tot

281 3950 610 4020 populorum
628 3950 816 4006 'millia
847 3951 902 4006 in
933 3968 1105 4008 unum
1138 3959 1502 4018 contraxerat,
1532 3963 1590 4010 ut
1619 3957 1748 4010 dum
1780 3972 1897 4012 om-

2003 3123 2063 3170 ut
2091 3116 2328 3188 amplius
2367 3117 2435 3171 ad
2464 3116 2712 3172 animum
2743 3133 2903 3172 suum
2942 3118 3264 3190 attraheret,
3295 3123 3486 3190 aperto
3508 3134 3622 3174 suae

1995 3207 2263 3284 largitatis
2291 3210 2438 3277 sinu,
2473 3210 2726 3285 singulos
2754 3227 2945 3268 eorum
2999 3211 3232 3267 honorat
3260 3211 3453 3282 Edonis
3477 3228 3624 3270 com-

1998 3304 2349 3374 petentibus:
2383 3319 2488 3359 nec
2519 3304 2588 3359 ab
2619 3305 2858 3360 invalida
2890 3305 3050 3375 plebe
3081 3321 3307 3360 manum
3343 3321 3497 3361 suam
3530 3323 3622 3362 re-

1999 3397 2200 3462 trahit;
2237 3404 2293 3452 et
2331 3397 2561 3453 senibus
2589 3406 2642 3454 et
2674 3399 2860 3470 pueris
2890 3397 3160 3472 singulos,
3209 3399 3622 3470 praegnantibus

1997 3504 2129 3544 vero
2165 3487 2510 3544 mulierculis
2539 3490 2794 3564 geminos
2826 3489 3057 3565 porrigit
3079 3505 3350 3545 nummos.
3385 3490 3499 3545 Tali
3528 3492 3618 3546 af-

1999 3580 2143 3636 fectu
2165 3587 2220 3636 et
2246 3579 2514 3636 industria
2540 3581 2736 3648 victos,
2770 3587 2829 3636 ut
2867 3597 2965 3638 eos
2998 3580 3128 3637 fecit
3172 3597 3294 3637 esse
3334 3596 3487 3647 suos,
3521 3599 3620 3655 pro

1999 3668 2161 3723 libitu
2191 3683 2290 3724 suo
2322 3683 2452 3723 usus
2481 3676 2566 3726 est
2592 3685 2784 3724 eorum
2807 3669 3092 3725 cordibus.

2067 3764 2154 3820 20.
2184 3763 2354 3839 Igitur
2383 3763 2492 3819 illis
2515 3764 2630 3830 jam
2665 3779 2774 3820 non
2811 3764 3234 3833 obsistentibus,
3265 3764 3366 3821 sed
3397 3765 3468 3821 ad
3488 3781 3616 3822 om-

1997 3857 2088 3911 nia
2113 3855 2511 3923 ofﬁciantibus,
2552 3856 2789 3912 amabile
2819 3857 2988 3912 Patris
3017 3871 3218 3928 corpus
3249 3856 3394 3924 tulit,
3413 3863 3468 3912 et
3493 3873 3619 3913 cum

1998 3948 2215 4018 hymnis
2242 3957 2297 4003 et
2327 3947 2586 4003 laudibus
2617 3947 2847 4015 revexit,
2875 3953 2929 4002 et
2955 3947 3012 4002 in
3040 3947 3168 4010 villa
3209 3946 3428 4018 publica
3458 3949 3621 4023 Legia

1995 4042 2282 4096 tumulavit
2323 4058 2447 4096 cum
2507 4042 2739 4108 honore,
2790 4039 2970 4113 qualis
3021 4039 3254 4096 decebat
3301 4048 3616 4112 martyrem.

2001 4131 2130 4196 Quis
2162 4148 2272 4188 non
2314 4132 2499 4187 videat
2530 4132 2617 4187 hic
2662 4131 2757 4186 Dei
2788 4129 3310 4202 dispensationem?
3339 4129 3620 4202 Dpcraba—

278 4053 378 4094 nes
405 4039 570 4095 unius
595 4041 791 4095 merita
846 4041 1233 4112 praedicarent,
1267 4058 1366 4114 per
1404 4058 1607 4099 nomen
1647 4045 1769 4112 ejus
1794 4045 1894 4100 be-

277 4129 627 4185 nediceretur
651 4130 720 4184 ab
753 4131 1016 4186 omnibus
1043 4133 1208 4188 Deus.

349 4219 438 4274 18.
479 4219 844 4288 Trajectensis
872 4221 1158 4276 certiﬁcati
1198 4223 1267 4279 de
1324 4239 1460 4280 nece
1513 4225 1598 4281 sui
1639 4225 1898 4281 antistitis
1999 4232 2088 4281 tur
2125 4227 2180 4280 in
2227 4227 2516 4282 Lamberto
2555 4226 2650 4281 Dei
2681 4225 3049 4298 providentia,
3097 4225 3320 4297 quando
3347 4225 3620 4296 praeordi-

275 4307 646 4364 ostendebant
703 4327 771 4364 ex
809 4312 1116 4383 quantitate
1147 4315 1232 4370 sui
1265 4315 1491 4382 doloris,
1545 4332 1655 4389 quo
1710 4333 1965 4389 amore“
2000 4315 2149 4370 navit
2177 4315 2424 4371 decorari
2459 4316 2675 4389 Legiam
2699 4314 2907 4370 tumulo
2925 4313 3264 4369 Theodardi:
3309 4314 3440 4385 quia
3468 4315 3615 4369 enim

277 4411 412 4469 erga
442 4413 571 4452 eum
601 4376 902 4455 ferverent.
938 4400 1218 4458 Insidebat
1251 4405 1398 4459 enim
1443 4376 1606 4460 altius
1629 4405 1683 4460 in
1732 4405 1897 4462 corde
1919 4376 1972 4444 D
2001 4407 2290 4462 Lamberto
2326 4407 2400 4461 ibi
2431 4376 2750 4477 designatus
2781 4410 2895 4460 erat
2921 4405 3073 4459 locus
3100 4376 3394 4475 passionis,
3425 4411 3477 4459 et
3497 4405 3617 4476 ipsa

284 4496 610 4544 cunctorum
654 4490 746 4562 pia
797 4492 918 4560 ejus
956 4495 1288 4564 paternitas;
1331 4497 1651 4552 recurrebat
1693 4498 1762 4552 ad
1811 4514 1910 4553 eos
2003 4494 2168 4568 Legia
2211 4511 2300 4564 per
2338 4493 2686 4548 Lambertum
2719 4491 2772 4546 in
2804 4491 2995 4547 urbem
3030 4491 3281 4562 ampliari
3309 4499 3364 4546 et
3401 4491 3616 4562 episco-

276 4593 477 4652 magna
534 4579 702 4650 patris
745 4595 845 4650 pro
902 4581 1281 4638 ecclesiastica
1323 4584 1562 4639 utilitate
1619 4585 1907 4657 sedulitas,

277 4682 381 4738 pro
439 4684 547 4740 qua
594 4684 773 4740 usque
819 4669 888 4724 ad
943 4671 1268 4745 sanguinem
1311 4673 1585 4727 restiterat
1648 4673 1905 4729 inimicis.

279 4760 391 4816 Sua
429 4762 625 4832 cuique
671 4777 839 4817 causa
897 4763 1108 4830 aderat,
1142 4781 1241 4836 pro
1293 4782 1402 4837 qua
1439 4766 1508 4820 de
1539 4772 1714 4820 morte
1757 4783 1900 4837 pra:-

276 4854 414 4908 sulis
457 4854 813 4928 singulariter
837 4855 1101 4930 plangere
1148 4857 1405 4913 habebat.
1440 4859 1505 4912 At
1554 4857 1900 4926 Lambertus,

279 4947 396 5018 qui,
427 4947 647 5004 vivente
677 4949 1025 5016 Theodardo,
1059 4959 1177 5007 erat
1207 4969 1337 5024 spes
1374 4953 1544 5008 altera
1574 4952 1898 5024 'l'rajecten-

280 5035 358 5091 sis
387 5036 666 5104 Ecclesiae,
709 5054 774 5094 ex
801 5047 1070 5110 proventu
1097 5041 1257 5098 boum
1287 5041 1493 5097 indolis
1523 5057 1590 5098 eo
1631 5058 1902 5114 pervene-

279 5130 364 5178 rat
408 5130 488 5190 ut,
519 5123 782 5182 defuncto
823 5127 1058 5197 praesule
1109 5144 1232 5191 suo,
1266 5127 1377 5185 tbta
1412 5130 1648 5185 ecclesia
1680 5131 1732 5185 iu
1775 5147 1900 5186 eum

280 5211 544 5268 inclinata
595 5215 960 5272 recumberet.
1031 5215 1126 5272 llic
1179 5217 1306 5288 plus
1372 5219 1630 5274 omnibus
1664 5226 1896 5275 mortem

277 5304 529 5378 magistri
564 5305 824 5376 deﬂebat,
858 5309 989 5380 quia
1019 5309 1143 5379 plus
1181 5309 1440 5365 omnibus
1479 5309 1741 5384 magister
1769 5328 1892 5366 eum

273 5404 571 5452 amaverat.
627 5398 736 5454 Sed
766 5410 889 5470 post
918 5401 1117 5455 vulnus
1156 5400 1362 5456 doloris
1420 5400 1687 5456 inflictum
1719 5403 1892 5469 cordi,

271 5500 568 5542 assumens
609 5495 827 5542 scutum
856 5489 1202 5555 constantiae,
1237 5496 1382 5544 totus
1414 5490 1480 5543 ad
1535 5491 1639 5546 hoc
1675 5491 1896 5546 fereba-

276 5583 364 5630 tur
414 5587 473 5632 ut
523 5579 716 5634 saltem
759 5597 959 5652 corpus
1012 5581 1256 5655 magistri
1317 5582 1606 5652 reciperet.
1655 5583 1892 5655 Longam

274 5667 422 5726 viam
453 5669 620 5727 celeri
652 5672 949 5729 voluntatis
986 5673 1170 5730 volatu
1221 5690 1511 5738 emensus,
1540 5675 1689 5730 venit
1720 5677 1786 5730 ad
1819 5676 1895 5732 lo-

2003 4581 2143 4652 palis
2170 4580 2319 4633 sedis
2346 4580 2554 4635 honore
2588 4579 2824 4634 habebat
2847 4579 3094 4646 exaltari,
3119 4581 3297 4636 noluit
3325 4581 3468 4637 Deus
3493 4581 3617 4638 lon-

2000 4688 2070 4744 ge
2099 4687 2128 4725 a
2167 4687 2225 4724 se
2246 4671 2485 4742 disjungi
2520 4670 2752 4739 tumulo,
2787 4687 2927 4743 quos
2965 4671 3114 4727 solos
3141 4689 3171 4728 a
3211 4689 3442 4730 numero
3467 4675 3616 4730 Tun-

2001 4759 2280 4832 greusium
2321 4760 2706 4831 episc0porum
2765 4759 2868 4814 sibi
2927 4761 3171 4833 aequales
3225 4779 3322 4833 per
3372 4765 3612 4837 martyrii

2001 4853 2228 4927 gloriam
2251 4854 2612 4924 przevidebat,
2644 4854 2884 4925 aequales
2917 4853 3034 4910 fore
3059 4856 3224 4911 etiam
3255 4873 3354 4928 per
3386 4859 3616 4914 merito-

2003 4959 2120 4997 rum
2171 4943 2421 5016 gratiam.
2485 4941 2774 5013 Praeripuit
2827 4943 3208 5000 tantummodo
3257 4943 3616 5002 Theodardus

2001 5034 2312 5101 Lamberto,
2348 5051 2418 5090 ne
2444 5034 2656 5106 primus
2694 5034 2749 5088 in
2781 5035 2880 5090 hac
2933 5037 3171 5092 ecclesia
3213 5045 3358 5093 esset
3389 5047 3612 5110 martyr,

2004 5130 2288 5202 praeripuit
2333 5131 2651 5184 Lambertus
2699 5129 3047 5198 Theodardo,
3097 5149 3167 5186 ne
3211 5133 3362 5188 solus
3408 5133 3462 5187 in
3515 5133 3616 5190 hac

1998 5221 2232 5277 ecclesia
2265 5220 2405 5277 foret
2432 5227 2652 5293 martyr.
2691 5221 2728 5277 Ο
2762 5228 2834 5287 te,
2868 5223 3054 5296 Legia,
3076 5222 3328 5279 feliceml
3377 5239 3613 5296 quorum

2000 5314 2117 5386 pari
2147 5313 2425 5369 decoraris
2449 5315 2732 5386 martyrio,
2770 5303 2963 5371 eorum
3003 5315 3121 5387 pari
3152 5323 3276 5371 ante
3307 5317 3475 5373 Deum
3515 5318 3615 5374 ad-

1993 5407 2204 5475 juvaris
2259 5407 2582 5476 patrocinio.
2649 5407 2757 5462 Nos
2822 5409 2992 5463 Deum
3051 5407 3469 5480 magniﬁcemus
3515 5425 3615 5481 per

1997 5506 2308 5553 sanctorum
2361 5514 2586 5553 suorum
2645 5500 2896 5574 gloriam,
2951 5508 3006 5555 et
3033 5507 3347 5556 sanctorum
3397 5502 3612 5558 meritis

1999 5593 2143 5648 illius
2199 5592 2559 5664 impetremus
2613 5595 2864 5667 gratiam,
2915 5595 3008 5667 qui
3055 5595 3184 5652 vivit
3221 5603 3275 5652 et
3318 5606 3512 5672 regnat
3555 5595 3610 5652 in

1998 5681 2198 5737 smcula
2226 5681 2576 5738 sa‘rulorum.
2604 5683 2791 5737 Amen.
