  <div class='ocr_page' id='page_1' title='image "/cluster/home/n/w/nwhite01/storage/ocr_20150623/160/hvd.32044054760186/386.png"; bbox 0 0 3930 6052; ppageno 0'>
   <div class='ocr_carea' id='block_1_1' title="bbox 248 231 347 288">
    <p class='ocr_par' dir='ltr' id='par_1_1' title="bbox 248 231 347 288">
     <span class='ocr_line' id='line_1_1' title="bbox 248 231 347 288; baseline 0 -1"><span class='ocrx_word' id='word_1_1' title='bbox 248 231 347 288; x_wconf 79' lang='grc'><strong>761</strong></span> 
     </span>
    </p>
   </div>
   <div class='ocr_carea' id='block_1_2' title="bbox 1481 235 2360 294">
    <p class='ocr_par' dir='ltr' id='par_1_2' title="bbox 1481 235 2360 294">
     <span class='ocr_line' id='line_1_2' title="bbox 1481 235 2360 294; baseline 0.005 -4"><span class='ocrx_word' id='word_1_2' title='bbox 1481 235 1630 291; x_wconf 88' lang='lat' dir='ltr'><strong>VlTA</strong></span> <span class='ocrx_word' id='word_1_3' title='bbox 1672 235 1873 292; x_wconf 76' lang='lat' dir='ltr'><strong>PRIOR</strong></span> <span class='ocrx_word' id='word_1_4' title='bbox 1911 237 1946 292; x_wconf 89' lang='lat' dir='ltr'>S</span> <span class='ocrx_word' id='word_1_5' title='bbox 2011 237 2360 294; x_wconf 79' lang='lat' dir='ltr'><strong>LAMBERTI.</strong></span> 
     </span>
    </p>
   </div>
   <div class='ocr_carea' id='block_1_3' title="bbox 3477 236 3584 290">
    <p class='ocr_par' dir='ltr' id='par_1_3' title="bbox 3477 236 3584 290">
     <span class='ocr_line' id='line_1_3' title="bbox 3477 236 3584 290; baseline 0 0"><span class='ocrx_word' id='word_1_6' title='bbox 3477 236 3584 290; x_wconf 74' lang='grc'><strong>’762</strong></span> 
     </span>
    </p>
   </div>
   <div class='ocr_carea' id='block_1_4' title="bbox 243 358 1869 438">
    <p class='ocr_par' dir='ltr' id='par_1_4' title="bbox 243 371 1868 438">
     <span class='ocr_line' id='line_1_4' title="bbox 243 371 1868 438; baseline 0.004 -11"><span class='ocrx_word' id='word_1_7' title='bbox 243 371 500 428; x_wconf 98' lang='lat' dir='ltr'><strong>eminuit.</strong></span> <span class='ocrx_word' id='word_1_8' title='bbox 544 373 754 438; x_wconf 85' lang='lat' dir='ltr'><strong>Quibus</strong></span> <span class='ocrx_word' id='word_1_9' title='bbox 794 374 1122 430; x_wconf 86' lang='lat' dir='ltr'><strong>inconcussa</strong></span> <span class='ocrx_word' id='word_1_10' title='bbox 1162 374 1581 432; x_wconf 77' lang='lat' dir='ltr'><strong>Christianitatis</strong></span> <span class='ocrx_word' id='word_1_11' title='bbox 1615 377 1868 433; x_wconf 87' lang='lat' dir='ltr'><strong>custodia</strong></span> 
     </span>
    </p>
   </div>
   <div class='ocr_carea' id='block_1_5' title="bbox 1982 358 3589 438">
    <p class='ocr_par' dir='ltr' id='par_1_5' title="bbox 1982 358 3589 433">
     <span class='ocr_line' id='line_1_5' title="bbox 1982 358 3589 433; baseline -0.001 -17"><span class='ocrx_word' id='word_1_12' title='bbox 1982 360 2100 417; x_wconf 82' lang='lat' dir='ltr'><strong>sinu</strong></span> <span class='ocrx_word' id='word_1_13' title='bbox 2140 361 2475 433; x_wconf 90' lang='lat' dir='ltr'><strong>suscipiens,</strong></span> <span class='ocrx_word' id='word_1_14' title='bbox 2524 361 2590 416; x_wconf 90' lang='lat' dir='ltr'><strong>ad</strong></span> <span class='ocrx_word' id='word_1_15' title='bbox 2635 375 2880 416; x_wconf 83' lang='lat' dir='ltr'><strong>normam</strong></span> <span class='ocrx_word' id='word_1_16' title='bbox 2912 365 3120 416; x_wconf 77' lang='lat' dir='ltr'><strong>sanctae</strong></span> <span class='ocrx_word' id='word_1_17' title='bbox 3147 359 3275 416; x_wconf 62' lang='lat' dir='ltr'><strong>vita:</strong></span> <span class='ocrx_word' id='word_1_18' title='bbox 3324 358 3589 415; x_wconf 88' lang='lat' dir='ltr'><strong>informa-</strong></span> 
     </span>
    </p>
   </div>
   <div class='ocr_carea' id='block_1_6' title="bbox 240 466 1866 540">
    <p class='ocr_par' dir='ltr' id='par_1_6' title="bbox 240 466 1866 540">
     <span class='ocr_line' id='line_1_6' title="bbox 240 466 1866 540; baseline 0.005 -20"><span class='ocrx_word' id='word_1_19' title='bbox 240 466 388 521; x_wconf 89' lang='lat' dir='ltr'><strong>inter</strong></span> <span class='ocrx_word' id='word_1_20' title='bbox 419 466 761 523; x_wconf 88' lang='lat' dir='ltr'><strong>orthodoxos</strong></span> <span class='ocrx_word' id='word_1_21' title='bbox 781 469 1016 540; x_wconf 76' lang='lat' dir='ltr'><strong>augebat</strong></span> <span class='ocrx_word' id='word_1_22' title='bbox 1044 471 1430 538; x_wconf 87' lang='lat' dir='ltr'><strong>reverentiam,</strong></span> <span class='ocrx_word' id='word_1_23' title='bbox 1462 477 1518 527; x_wconf 89' lang='lat' dir='ltr'><strong>et</strong></span> <span class='ocrx_word' id='word_1_24' title='bbox 1549 471 1731 528; x_wconf 91' lang='lat' dir='ltr'><strong>carnis</strong></span> <span class='ocrx_word' id='word_1_25' title='bbox 1760 487 1866 528; x_wconf 92' lang='lat' dir='ltr'><strong>no-</strong></span> 
     </span>
    </p>
   </div>
   <div class='ocr_carea' id='block_1_7' title="bbox 241 552 1862 636">
    <p class='ocr_par' dir='ltr' id='par_1_7' title="bbox 241 552 1862 636">
     <span class='ocr_line' id='line_1_7' title="bbox 241 552 1862 636; baseline 0.006 -30"><span class='ocrx_word' id='word_1_26' title='bbox 241 552 430 608; x_wconf 89' lang='lat' dir='ltr'><strong>bilitas</strong></span> <span class='ocrx_word' id='word_1_27' title='bbox 479 570 577 625; x_wconf 87' lang='lat' dir='ltr'><strong>per</strong></span> <span class='ocrx_word' id='word_1_28' title='bbox 614 555 958 626; x_wconf 78' lang='lat' dir='ltr'><strong>opulentiam</strong></span> <span class='ocrx_word' id='word_1_29' title='bbox 997 572 1177 613; x_wconf 88' lang='lat' dir='ltr'><strong>rerum</strong></span> <span class='ocrx_word' id='word_1_30' title='bbox 1229 559 1480 630; x_wconf 87' lang='lat' dir='ltr'><strong>pariebat</strong></span> <span class='ocrx_word' id='word_1_31' title='bbox 1536 560 1862 636; x_wconf 88' lang='lat' dir='ltr'><strong>dignitatem</strong></span> 
     </span>
    </p>
   </div>
   <div class='ocr_carea' id='block_1_8' title="bbox 245 645 1860 720">
    <p class='ocr_par' dir='ltr' id='par_1_8' title="bbox 245 645 1860 720">
     <span class='ocr_line' id='line_1_8' title="bbox 245 645 1860 720; baseline 0.006 -21"><span class='ocrx_word' id='word_1_32' title='bbox 245 645 456 708; x_wconf 78' lang='lat' dir='ltr'><strong>saeculi,</strong></span> <span class='ocrx_word' id='word_1_33' title='bbox 488 651 544 701; x_wconf 91' lang='lat' dir='ltr'><strong>et</strong></span> <span class='ocrx_word' id='word_1_34' title='bbox 572 645 716 701; x_wconf 90' lang='lat' dir='ltr'><strong>inter</strong></span> <span class='ocrx_word' id='word_1_35' title='bbox 753 662 1014 718; x_wconf 86' lang='lat' dir='ltr'><strong>proceres</strong></span> <span class='ocrx_word' id='word_1_36' title='bbox 1046 647 1201 720; x_wconf 81' lang='lat' dir='ltr'><strong>regni</strong></span> <span class='ocrx_word' id='word_1_37' title='bbox 1231 649 1456 704; x_wconf 89' lang='lat' dir='ltr'><strong>multam</strong></span> <span class='ocrx_word' id='word_1_38' title='bbox 1513 658 1860 720; x_wconf 86' lang='lat' dir='ltr'><strong>potestatem.</strong></span> 
     </span>
    </p>
   </div>
   <div class='ocr_carea' id='block_1_9' title="bbox 249 737 1864 816">
    <p class='ocr_par' dir='ltr' id='par_1_9' title="bbox 249 737 1864 816">
     <span class='ocr_line' id='line_1_9' title="bbox 249 737 1864 816; baseline 0.005 -26"><span class='ocrx_word' id='word_1_39' title='bbox 249 737 402 792; x_wconf 73' lang='lat' dir='ltr'><strong>Haiic</strong></span> <span class='ocrx_word' id='word_1_40' title='bbox 424 738 648 812; x_wconf 80' lang='lat' dir='ltr'><strong>generis</strong></span> <span class='ocrx_word' id='word_1_41' title='bbox 669 738 993 806; x_wconf 85' lang='lat' dir='ltr'><strong>claritatem,</strong></span> <span class='ocrx_word' id='word_1_42' title='bbox 1026 739 1096 795; x_wconf 89' lang='lat' dir='ltr'><strong>ad</strong></span> <span class='ocrx_word' id='word_1_43' title='bbox 1123 757 1184 796; x_wconf 91' lang='lat' dir='ltr'><strong>se</strong></span> <span class='ocrx_word' id='word_1_44' title='bbox 1213 740 1285 796; x_wconf 90' lang='lat' dir='ltr'><strong>de</strong></span> <span class='ocrx_word' id='word_1_45' title='bbox 1313 741 1616 816; x_wconf 87' lang='lat' dir='ltr'><strong>longinquo</strong></span> <span class='ocrx_word' id='word_1_46' title='bbox 1646 743 1864 799; x_wconf 89' lang='lat' dir='ltr'><strong>deriva-</strong></span> 
     </span>
    </p>
   </div>
   <div class='ocr_carea' id='block_1_10' title="bbox 249 816 1873 904">
    <p class='ocr_par' dir='ltr' id='par_1_10' title="bbox 249 816 1873 904">
     <span class='ocr_line' id='line_1_10' title="bbox 249 816 1873 904; baseline 0.005 -20"><span class='ocrx_word' id='word_1_47' title='bbox 249 816 380 892; x_wconf 68' lang='lat' dir='ltr'><strong>tam,</strong></span> <span class='ocrx_word' id='word_1_48' title='bbox 409 839 570 900; x_wconf 87' lang='lat' dir='ltr'><strong>pater</strong></span> <span class='ocrx_word' id='word_1_49' title='bbox 607 839 666 886; x_wconf 89' lang='lat' dir='ltr'><strong>et</strong></span> <span class='ocrx_word' id='word_1_50' title='bbox 694 838 870 887; x_wconf 87' lang='lat' dir='ltr'><strong>mater</strong></span> <span class='ocrx_word' id='word_1_51' title='bbox 899 831 1076 902; x_wconf 88' lang='lat' dir='ltr'><strong>ipsius</strong></span> <span class='ocrx_word' id='word_1_52' title='bbox 1124 833 1195 888; x_wconf 89' lang='lat' dir='ltr'><strong>de</strong></span> <span class='ocrx_word' id='word_1_53' title='bbox 1233 833 1482 904; x_wconf 88' lang='lat' dir='ltr'><strong>proximo</strong></span> <span class='ocrx_word' id='word_1_54' title='bbox 1509 833 1873 892; x_wconf 88' lang='lat' dir='ltr'><strong>illustrabant.</strong></span> 
     </span>
    </p>
   </div>
   <div class='ocr_carea' id='block_1_11' title="bbox 256 921 1874 996">
    <p class='ocr_par' dir='ltr' id='par_1_11' title="bbox 256 921 1874 996">
     <span class='ocr_line' id='line_1_11' title="bbox 256 921 1874 996; baseline 0.005 -22"><span class='ocrx_word' id='word_1_55' title='bbox 256 921 308 974; x_wconf 93' lang='lat' dir='ltr'><strong>ls</strong></span> <span class='ocrx_word' id='word_1_56' title='bbox 335 927 513 990; x_wconf 88' lang='lat' dir='ltr'><strong>pater,</strong></span> <span class='ocrx_word' id='word_1_57' title='bbox 556 921 767 976; x_wconf 86' lang='lat' dir='ltr'><strong>scilicet</strong></span> <span class='ocrx_word' id='word_1_58' title='bbox 815 922 960 993; x_wconf 86' lang='lat' dir='ltr'><strong>Aper</strong></span> <span class='ocrx_word' id='word_1_59' title='bbox 985 923 1210 978; x_wconf 87' lang='lat' dir='ltr'><strong>nomine</strong></span> <span class='ocrx_word' id='word_1_60' title='bbox 1238 923 1437 992; x_wconf 91' lang='lat' dir='ltr'><strong>dictus,</strong></span> <span class='ocrx_word' id='word_1_61' title='bbox 1466 923 1522 979; x_wconf 93' lang='lat' dir='ltr'><strong>in</strong></span> <span class='ocrx_word' id='word_1_62' title='bbox 1551 924 1754 996; x_wconf 89' lang='lat' dir='ltr'><strong>palatio</strong></span> <span class='ocrx_word' id='word_1_63' title='bbox 1787 943 1874 982; x_wconf 89' lang='lat' dir='ltr'><strong>re-</strong></span> 
     </span>
    </p>
   </div>
   <div class='ocr_carea' id='block_1_12' title="bbox 249 1008 1874 1086">
    <p class='ocr_par' dir='ltr' id='par_1_12' title="bbox 249 1008 1874 1086">
     <span class='ocr_line' id='line_1_12' title="bbox 249 1008 1874 1086; baseline 0.005 -24"><span class='ocrx_word' id='word_1_64' title='bbox 249 1008 337 1083; x_wconf 92' lang='lat' dir='ltr'><strong>gis</strong></span> <span class='ocrx_word' id='word_1_65' title='bbox 362 1009 508 1064; x_wconf 85' lang='lat' dir='ltr'><strong>inter</strong></span> <span class='ocrx_word' id='word_1_66' title='bbox 539 1009 778 1066; x_wconf 88' lang='lat' dir='ltr'><strong>illustres</strong></span> <span class='ocrx_word' id='word_1_67' title='bbox 795 1011 944 1067; x_wconf 90' lang='lat' dir='ltr'><strong>viros</strong></span> <span class='ocrx_word' id='word_1_68' title='bbox 977 1011 1246 1086; x_wconf 83' lang='lat' dir='ltr'><strong>dignitate</strong></span> <span class='ocrx_word' id='word_1_69' title='bbox 1299 1012 1608 1070; x_wconf 89' lang='lat' dir='ltr'><strong>nobilitatis</strong></span> <span class='ocrx_word' id='word_1_70' title='bbox 1636 1015 1874 1070; x_wconf 84' lang='lat' dir='ltr'><strong>excelle-</strong></span> 
     </span>
    </p>
   </div>
   <div class='ocr_carea' id='block_1_13' title="bbox 245 1097 1867 1174">
    <p class='ocr_par' dir='ltr' id='par_1_13' title="bbox 245 1097 1867 1174">
     <span class='ocr_line' id='line_1_13' title="bbox 245 1097 1867 1174; baseline 0.004 -22"><span class='ocrx_word' id='word_1_71' title='bbox 245 1097 370 1164; x_wconf 86' lang='lat' dir='ltr'><strong>bat;</strong></span> <span class='ocrx_word' id='word_1_72' title='bbox 401 1107 632 1154; x_wconf 87' lang='lat' dir='ltr'><strong>matrem</strong></span> <span class='ocrx_word' id='word_1_73' title='bbox 659 1099 799 1168; x_wconf 89' lang='lat' dir='ltr'><strong>ejus,</strong></span> <span class='ocrx_word' id='word_1_74' title='bbox 830 1099 973 1155; x_wconf 89' lang='lat' dir='ltr'><strong>inter</strong></span> <span class='ocrx_word' id='word_1_75' title='bbox 1002 1101 1332 1158; x_wconf 83' lang='lat' dir='ltr'><strong>Francorum</strong></span> <span class='ocrx_word' id='word_1_76' title='bbox 1360 1101 1579 1159; x_wconf 89' lang='lat' dir='ltr'><strong>nobiles</strong></span> <span class='ocrx_word' id='word_1_77' title='bbox 1600 1103 1867 1174; x_wconf 65' lang='lat' dir='ltr'><strong>pecnobi-</strong></span> 
     </span>
    </p>
   </div>
   <div class='ocr_carea' id='block_1_14' title="bbox 245 1191 1868 1266">
    <p class='ocr_par' dir='ltr' id='par_1_14' title="bbox 245 1191 1868 1266">
     <span class='ocr_line' id='line_1_14' title="bbox 245 1191 1868 1266; baseline 0.006 -20"><span class='ocrx_word' id='word_1_78' title='bbox 245 1191 378 1258; x_wconf 90' lang='lat' dir='ltr'><strong>lem,</strong></span> <span class='ocrx_word' id='word_1_79' title='bbox 412 1193 622 1264; x_wconf 89' lang='lat' dir='ltr'><strong>recepit</strong></span> <span class='ocrx_word' id='word_1_80' title='bbox 644 1209 675 1248; x_wconf 89' lang='lat' dir='ltr'><strong>a</strong></span> <span class='ocrx_word' id='word_1_81' title='bbox 699 1194 946 1265; x_wconf 90' lang='lat' dir='ltr'><strong>patribus</strong></span> <span class='ocrx_word' id='word_1_82' title='bbox 967 1197 1262 1266; x_wconf 84' lang='lat' dir='ltr'><strong>posteritas</strong></span> <span class='ocrx_word' id='word_1_83' title='bbox 1292 1203 1541 1254; x_wconf 87' lang='lat' dir='ltr'><strong>vocatam</strong></span> <span class='ocrx_word' id='word_1_84' title='bbox 1573 1197 1741 1254; x_wconf 86' lang='lat' dir='ltr'><strong>fuisse</strong></span> <span class='ocrx_word' id='word_1_85' title='bbox 1764 1198 1868 1256; x_wconf 86' lang='lat' dir='ltr'><strong>He-</strong></span> 
     </span>
    </p>
   </div>
   <div class='ocr_carea' id='block_1_15' title="bbox 249 1283 600 1354">
    <p class='ocr_par' dir='ltr' id='par_1_15' title="bbox 249 1283 600 1354">
     <span class='ocr_line' id='line_1_15' title="bbox 249 1283 600 1354; baseline 0 -16"><span class='ocrx_word' id='word_1_86' title='bbox 249 1283 600 1354; x_wconf 87' lang='lat' dir='ltr'><strong>risplindem.</strong></span> 
     </span>
    </p>
   </div>
   <div class='ocr_carea' id='block_1_16' title="bbox 319 1373 1868 1451">
    <p class='ocr_par' dir='ltr' id='par_1_16' title="bbox 319 1373 1868 1451">
     <span class='ocr_line' id='line_1_16' title="bbox 319 1373 1868 1451; baseline 0.006 -24"><span class='ocrx_word' id='word_1_87' title='bbox 319 1373 570 1448; x_wconf 81' lang='lat' dir='ltr'><strong>Regnum</strong></span> <span class='ocrx_word' id='word_1_88' title='bbox 611 1379 793 1428; x_wconf 89' lang='lat' dir='ltr'><strong>autem</strong></span> <span class='ocrx_word' id='word_1_89' title='bbox 827 1373 1157 1432; x_wconf 88' lang='lat' dir='ltr'><strong>Francorum</strong></span> <span class='ocrx_word' id='word_1_90' title='bbox 1186 1377 1410 1451; x_wconf 86' lang='lat' dir='ltr'><strong>regebat</strong></span> <span class='ocrx_word' id='word_1_91' title='bbox 1449 1377 1596 1434; x_wconf 90' lang='lat' dir='ltr'><strong>ﬁlius</strong></span> <span class='ocrx_word' id='word_1_92' title='bbox 1633 1379 1868 1436; x_wconf 85' lang='lat' dir='ltr'><strong>Mediani</strong></span> 
     </span>
    </p>
   </div>
   <div class='ocr_carea' id='block_1_17' title="bbox 251 1464 1870 1543">
    <p class='ocr_par' dir='ltr' id='par_1_17' title="bbox 251 1464 1870 1543">
     <span class='ocr_line' id='line_1_17' title="bbox 251 1464 1870 1543; baseline 0.006 -25"><span class='ocrx_word' id='word_1_93' title='bbox 251 1464 491 1520; x_wconf 86' lang='lat' dir='ltr'><strong>Lotbarii</strong></span> <span class='ocrx_word' id='word_1_94' title='bbox 521 1465 879 1540; x_wconf 89' lang='lat' dir='ltr'><strong>Dagobertus,</strong></span> <span class='ocrx_word' id='word_1_95' title='bbox 918 1467 1012 1538; x_wconf 90' lang='lat' dir='ltr'><strong>qui</strong></span> <span class='ocrx_word' id='word_1_96' title='bbox 1050 1485 1280 1543; x_wconf 81' lang='lat' dir='ltr'><strong>regnum</strong></span> <span class='ocrx_word' id='word_1_97' title='bbox 1318 1470 1722 1526; x_wconf 84' lang='lat' dir='ltr'><strong>Austrasiorum</strong></span> <span class='ocrx_word' id='word_1_98' title='bbox 1755 1471 1870 1528; x_wconf 85' lang='lat' dir='ltr'><strong>ﬁlio</strong></span> 
     </span>
    </p>
   </div>
   <div class='ocr_carea' id='block_1_18' title="bbox 245 1553 1868 1630">
    <p class='ocr_par' dir='ltr' id='par_1_18' title="bbox 245 1553 1868 1630">
     <span class='ocr_line' id='line_1_18' title="bbox 245 1553 1868 1630; baseline 0.005 -23"><span class='ocrx_word' id='word_1_99' title='bbox 245 1567 349 1608; x_wconf 93' lang='lat' dir='ltr'><strong>suo</strong></span> <span class='ocrx_word' id='word_1_100' title='bbox 403 1553 690 1628; x_wconf 88' lang='lat' dir='ltr'><strong>Sigeberto</strong></span> <span class='ocrx_word' id='word_1_101' title='bbox 733 1555 1106 1626; x_wconf 88' lang='lat' dir='ltr'><strong>commiserat,</strong></span> <span class='ocrx_word' id='word_1_102' title='bbox 1146 1557 1312 1630; x_wconf 85' lang='lat' dir='ltr'><strong>eique</strong></span> <span class='ocrx_word' id='word_1_103' title='bbox 1359 1564 1568 1614; x_wconf 87' lang='lat' dir='ltr'><strong>tutores</strong></span> <span class='ocrx_word' id='word_1_104' title='bbox 1620 1559 1868 1630; x_wconf 86' lang='lat' dir='ltr'><strong>dederat,</strong></span> 
     </span>
    </p>
   </div>
   <div class='ocr_carea' id='block_1_19' title="bbox 252 1643 1870 1720">
    <p class='ocr_par' dir='ltr' id='par_1_19' title="bbox 252 1643 1870 1720">
     <span class='ocr_line' id='line_1_19' title="bbox 252 1643 1870 1720; baseline 0.004 -20"><span class='ocrx_word' id='word_1_105' title='bbox 252 1643 612 1700; x_wconf 86' lang='lat' dir='ltr'><strong>Cunibertum</strong></span> <span class='ocrx_word' id='word_1_106' title='bbox 669 1643 1054 1702; x_wconf 88' lang='lat' dir='ltr'><strong>Coloniensem</strong></span> <span class='ocrx_word' id='word_1_107' title='bbox 1109 1649 1456 1720; x_wconf 89' lang='lat' dir='ltr'><strong>episcopum,</strong></span> <span class='ocrx_word' id='word_1_108' title='bbox 1505 1658 1560 1704; x_wconf 90' lang='lat' dir='ltr'><strong>et</strong></span> <span class='ocrx_word' id='word_1_109' title='bbox 1605 1651 1870 1720; x_wconf 89' lang='lat' dir='ltr'><strong>majorem</strong></span> 
     </span>
    </p>
   </div>
   <div class='ocr_carea' id='block_1_20' title="bbox 247 1734 1868 1811">
    <p class='ocr_par' dir='ltr' id='par_1_20' title="bbox 247 1734 1868 1811">
     <span class='ocr_line' id='line_1_20' title="bbox 247 1734 1868 1811; baseline 0.004 -19"><span class='ocrx_word' id='word_1_110' title='bbox 247 1736 450 1792; x_wconf 92' lang='lat' dir='ltr'><strong>domus</strong></span> <span class='ocrx_word' id='word_1_111' title='bbox 474 1734 772 1807; x_wconf 87' lang='lat' dir='ltr'><strong>Pippinum</strong></span> <span class='ocrx_word' id='word_1_112' title='bbox 811 1736 1047 1807; x_wconf 90' lang='lat' dir='ltr'><strong>primum</strong></span> <span class='ocrx_word' id='word_1_113' title='bbox 1081 1738 1256 1811; x_wconf 88' lang='lat'><strong>(990),</strong></span> <span class='ocrx_word' id='word_1_114' title='bbox 1298 1747 1507 1811; x_wconf 88' lang='lat' dir='ltr'><strong>patrem</strong></span> <span class='ocrx_word' id='word_1_115' title='bbox 1555 1749 1868 1798; x_wconf 85' lang='lat' dir='ltr'><strong>sanctarum</strong></span> 
     </span>
    </p>
   </div>
   <div class='ocr_carea' id='block_1_21' title="bbox 248 1823 882 1898">
    <p class='ocr_par' dir='ltr' id='par_1_21' title="bbox 248 1823 882 1898">
     <span class='ocr_line' id='line_1_21' title="bbox 248 1823 882 1898; baseline 0 -18"><span class='ocrx_word' id='word_1_116' title='bbox 248 1823 539 1880; x_wconf 88' lang='lat' dir='ltr'><strong>Gertrudis</strong></span> <span class='ocrx_word' id='word_1_117' title='bbox 571 1829 626 1878; x_wconf 91' lang='lat' dir='ltr'><strong>et</strong></span> <span class='ocrx_word' id='word_1_118' title='bbox 667 1824 882 1898; x_wconf 70' lang='lat' dir='ltr'><strong>Beggae.</strong></span> 
     </span>
    </p>
   </div>
   <div class='ocr_carea' id='block_1_22' title="bbox 883 1915 1198 1972">
    <p class='ocr_par' dir='ltr' id='par_1_22' title="bbox 883 1915 1198 1972">
     <span class='ocr_line' id='line_1_22' title="bbox 883 1915 1198 1972; baseline 0.003 -1"><span class='ocrx_word' id='word_1_119' title='bbox 883 1915 1111 1972; x_wconf 56' lang='lat' dir='ltr'><strong>tCAPUT</strong></span> <span class='ocrx_word' id='word_1_120' title='bbox 1155 1919 1198 1972; x_wconf 93' lang='lat' dir='ltr'><strong>ll</strong></span> 
     </span>
    </p>
   </div>
   <div class='ocr_carea' id='block_1_23' title="bbox 421 2009 1684 2078">
    <p class='ocr_par' dir='ltr' id='par_1_23' title="bbox 421 2009 1684 2078">
     <span class='ocr_line' id='line_1_23' title="bbox 421 2009 1684 2078; baseline 0.005 -16"><span class='ocrx_word' id='word_1_121' title='bbox 421 2009 565 2073; x_wconf 79' lang='lat' dir='ltr'><strong>Quod</strong></span> <span class='ocrx_word' id='word_1_122' title='bbox 589 2011 833 2078; x_wconf 80' lang='lat' dir='ltr'><strong>primum</strong></span> <span class='ocrx_word' id='word_1_123' title='bbox 856 2024 892 2064; x_wconf 87' lang='lat' dir='ltr'><strong>a</strong></span> <span class='ocrx_word' id='word_1_124' title='bbox 911 2013 964 2063; x_wconf 92' lang='lat' dir='ltr'><strong>S.</strong></span> <span class='ocrx_word' id='word_1_125' title='bbox 998 2011 1296 2066; x_wconf 83' lang='lat' dir='ltr'><strong>Landoaldo</strong></span> <span class='ocrx_word' id='word_1_126' title='bbox 1327 2016 1572 2068; x_wconf 77' lang='lat' dir='ltr'><strong>nutritus</strong></span> <span class='ocrx_word' id='word_1_127' title='bbox 1595 2015 1684 2070; x_wconf 80' lang='lat' dir='ltr'><strong>sit.</strong></span> 
     </span>
    </p>
   </div>
   <div class='ocr_carea' id='block_1_24' title="bbox 320 2098 1868 2171">
    <p class='ocr_par' dir='ltr' id='par_1_24' title="bbox 320 2098 1868 2171">
     <span class='ocr_line' id='line_1_24' title="bbox 320 2098 1868 2171; baseline 0.004 -17"><span class='ocrx_word' id='word_1_128' title='bbox 320 2099 505 2166; x_wconf 84' lang='lat' dir='ltr'><strong>Qualis</strong></span> <span class='ocrx_word' id='word_1_129' title='bbox 533 2098 625 2156; x_wconf 89' lang='lat' dir='ltr'><strong>hic</strong></span> <span class='ocrx_word' id='word_1_130' title='bbox 657 2115 795 2171; x_wconf 90' lang='lat' dir='ltr'><strong>puer</strong></span> <span class='ocrx_word' id='word_1_131' title='bbox 841 2099 900 2154; x_wconf 91' lang='lat' dir='ltr'><strong>in</strong></span> <span class='ocrx_word' id='word_1_132' title='bbox 937 2100 1148 2158; x_wconf 90' lang='lat' dir='ltr'><strong>mundo</strong></span> <span class='ocrx_word' id='word_1_133' title='bbox 1198 2101 1358 2169; x_wconf 88' lang='lat' dir='ltr'><strong>foret,</strong></span> <span class='ocrx_word' id='word_1_134' title='bbox 1400 2103 1470 2158; x_wconf 90' lang='lat' dir='ltr'><strong>ab</strong></span> <span class='ocrx_word' id='word_1_135' title='bbox 1509 2104 1868 2160; x_wconf 86' lang='lat' dir='ltr'><strong>incunabulis</strong></span> 
     </span>
    </p>
   </div>
   <div class='ocr_carea' id='block_1_25' title="bbox 243 2191 1868 2267">
    <p class='ocr_par' dir='ltr' id='par_1_25' title="bbox 243 2191 1868 2267">
     <span class='ocr_line' id='line_1_25' title="bbox 243 2191 1868 2267; baseline 0.005 -19"><span class='ocrx_word' id='word_1_136' title='bbox 243 2191 344 2248; x_wconf 91' lang='lat' dir='ltr'><strong>Dei</strong></span> <span class='ocrx_word' id='word_1_137' title='bbox 376 2191 713 2264; x_wconf 90' lang='lat' dir='ltr'><strong>dispensatio</strong></span> <span class='ocrx_word' id='word_1_138' title='bbox 743 2193 1230 2264; x_wconf 56' lang='lat' dir='ltr'><strong>praemonstrabat;</strong></span> <span class='ocrx_word' id='word_1_139' title='bbox 1261 2210 1498 2267; x_wconf 67' lang='lat' dir='ltr'><strong>quaeque</strong></span> <span class='ocrx_word' id='word_1_140' title='bbox 1527 2197 1674 2253; x_wconf 92' lang='lat' dir='ltr'><strong>enim</strong></span> <span class='ocrx_word' id='word_1_141' title='bbox 1703 2199 1868 2256; x_wconf 76' lang='lat' dir='ltr'><strong>home</strong></span> 
     </span>
    </p>
   </div>
   <div class='ocr_carea' id='block_1_26' title="bbox 247 2280 1870 2358">
    <p class='ocr_par' dir='ltr' id='par_1_26' title="bbox 247 2280 1870 2358">
     <span class='ocr_line' id='line_1_26' title="bbox 247 2280 1870 2358; baseline 0.006 -23"><span class='ocrx_word' id='word_1_142' title='bbox 247 2280 457 2336; x_wconf 89' lang='lat' dir='ltr'><strong>indolis</strong></span> <span class='ocrx_word' id='word_1_143' title='bbox 482 2281 816 2347; x_wconf 89' lang='lat' dir='ltr'><strong>rudimenta,</strong></span> <span class='ocrx_word' id='word_1_144' title='bbox 849 2297 1085 2354; x_wconf 69' lang='lat' dir='ltr'><strong>quaeque</strong></span> <span class='ocrx_word' id='word_1_145' title='bbox 1137 2283 1476 2340; x_wconf 87' lang='lat' dir='ltr'><strong>lineamenta</strong></span> <span class='ocrx_word' id='word_1_146' title='bbox 1507 2287 1870 2358; x_wconf 89' lang='lat' dir='ltr'><strong>pulchritudi-</strong></span> 
     </span>
    </p>
   </div>
   <div class='ocr_carea' id='block_1_27' title="bbox 248 2370 1864 2445">
    <p class='ocr_par' dir='ltr' id='par_1_27' title="bbox 248 2370 1864 2445">
     <span class='ocr_line' id='line_1_27' title="bbox 248 2370 1864 2445; baseline 0.004 -20"><span class='ocrx_word' id='word_1_147' title='bbox 248 2370 358 2437; x_wconf 85' lang='lat' dir='ltr'><strong>nis,</strong></span> <span class='ocrx_word' id='word_1_148' title='bbox 393 2371 449 2426; x_wconf 93' lang='lat' dir='ltr'><strong>in</strong></span> <span class='ocrx_word' id='word_1_149' title='bbox 487 2370 648 2427; x_wconf 81' lang='lat' dir='ltr'><strong>bonae</strong></span> <span class='ocrx_word' id='word_1_150' title='bbox 675 2371 794 2441; x_wconf 88' lang='lat' dir='ltr'><strong>spei</strong></span> <span class='ocrx_word' id='word_1_151' title='bbox 849 2387 1043 2442; x_wconf 91' lang='lat' dir='ltr'><strong>puero,</strong></span> <span class='ocrx_word' id='word_1_152' title='bbox 1076 2372 1216 2428; x_wconf 90' lang='lat' dir='ltr'><strong>solet</strong></span> <span class='ocrx_word' id='word_1_153' title='bbox 1245 2372 1594 2442; x_wconf 85' lang='lat' dir='ltr'><strong>praeformare</strong></span> <span class='ocrx_word' id='word_1_154' title='bbox 1641 2387 1864 2445; x_wconf 91' lang='lat' dir='ltr'><strong>natura,</strong></span> 
     </span>
    </p>
   </div>
   <div class='ocr_carea' id='block_1_28' title="bbox 1971 453 2820 525">
    <p class='ocr_par' dir='ltr' id='par_1_28' title="bbox 1971 453 2820 525">
     <span class='ocr_line' id='line_1_28' title="bbox 1971 453 2820 525; baseline -0.001 -17"><span class='ocrx_word' id='word_1_155' title='bbox 1971 453 2065 508; x_wconf 91' lang='lat' dir='ltr'><strong>bat</strong></span> <span class='ocrx_word' id='word_1_156' title='bbox 2095 453 2370 525; x_wconf 61' lang='lat' dir='ltr'><strong>primaevae</strong></span> <span class='ocrx_word' id='word_1_157' title='bbox 2410 453 2588 509; x_wconf 68' lang='lat' dir='ltr'><strong>aetatis</strong></span> <span class='ocrx_word' id='word_1_158' title='bbox 2617 467 2820 508; x_wconf 90' lang='lat' dir='ltr'><strong>mores.</strong></span> 
     </span>
    </p>
   </div>
   <div class='ocr_carea' id='block_1_29' title="bbox 2041 542 3586 615">
    <p class='ocr_par' dir='ltr' id='par_1_29' title="bbox 2041 542 3586 615">
     <span class='ocr_line' id='line_1_29' title="bbox 2041 542 3586 615; baseline -0.003 -15"><span class='ocrx_word' id='word_1_159' title='bbox 2041 545 2106 602; x_wconf 82' lang='lat' dir='ltr'><strong>At</strong></span> <span class='ocrx_word' id='word_1_160' title='bbox 2133 546 2218 602; x_wconf 87' lang='lat' dir='ltr'><strong>vir</strong></span> <span class='ocrx_word' id='word_1_161' title='bbox 2244 545 2476 602; x_wconf 89' lang='lat' dir='ltr'><strong>illustris</strong></span> <span class='ocrx_word' id='word_1_162' title='bbox 2512 547 2676 615; x_wconf 84' lang='lat' dir='ltr'><strong>Aper,</strong></span> <span class='ocrx_word' id='word_1_163' title='bbox 2723 553 2784 600; x_wconf 90' lang='lat' dir='ltr'><strong>ut</strong></span> <span class='ocrx_word' id='word_1_164' title='bbox 2823 542 2997 599; x_wconf 86' lang='lat' dir='ltr'><strong>ﬁlium</strong></span> <span class='ocrx_word' id='word_1_165' title='bbox 3028 559 3186 598; x_wconf 91' lang='lat' dir='ltr'><strong>suum</strong></span> <span class='ocrx_word' id='word_1_166' title='bbox 3241 542 3586 598; x_wconf 88' lang='lat' dir='ltr'><strong>Lambertum</strong></span> 
     </span>
    </p>
   </div>
   <div class='ocr_carea' id='block_1_30' title="bbox 1972 632 3589 707">
    <p class='ocr_par' dir='ltr' id='par_1_30' title="bbox 1972 632 3589 707">
     <span class='ocr_line' id='line_1_30' title="bbox 1972 632 3589 707; baseline -0.002 -15"><span class='ocrx_word' id='word_1_167' title='bbox 1972 637 2176 693; x_wconf 85' lang='lat' dir='ltr'><strong>faceret</strong></span> <span class='ocrx_word' id='word_1_168' title='bbox 2209 637 2544 693; x_wconf 88' lang='lat' dir='ltr'><strong>tenaciorem</strong></span> <span class='ocrx_word' id='word_1_169' title='bbox 2597 635 2888 707; x_wconf 88' lang='lat' dir='ltr'><strong>propositi,</strong></span> <span class='ocrx_word' id='word_1_170' title='bbox 2929 634 3156 690; x_wconf 91' lang='lat' dir='ltr'><strong>fundum</strong></span> <span class='ocrx_word' id='word_1_171' title='bbox 3189 649 3304 688; x_wconf 70' lang='lat' dir='ltr'><strong>suae</strong></span> <span class='ocrx_word' id='word_1_172' title='bbox 3338 632 3589 704; x_wconf 89' lang='lat' dir='ltr'><strong>pr0prie-</strong></span> 
     </span>
    </p>
   </div>
   <div class='ocr_carea' id='block_1_31' title="bbox 1964 721 3592 794">
    <p class='ocr_par' dir='ltr' id='par_1_31' title="bbox 1964 721 3592 794">
     <span class='ocr_line' id='line_1_31' title="bbox 1964 721 3592 794; baseline -0.004 -11"><span class='ocrx_word' id='word_1_173' title='bbox 1964 726 2116 791; x_wconf 89' lang='lat' dir='ltr'><strong>tatis,</strong></span> <span class='ocrx_word' id='word_1_174' title='bbox 2144 725 2414 782; x_wconf 85' lang='lat' dir='ltr'><strong>vocabulo</strong></span> <span class='ocrx_word' id='word_1_175' title='bbox 2470 725 2950 791; x_wconf 87' lang='lat' dir='ltr'><strong>chtershovum,</strong></span> <span class='ocrx_word' id='word_1_176' title='bbox 2995 724 3123 794; x_wconf 88' lang='lat' dir='ltr'><strong>jure</strong></span> <span class='ocrx_word' id='word_1_177' title='bbox 3176 728 3443 794; x_wconf 89' lang='lat' dir='ltr'><strong>perpetuo</strong></span> <span class='ocrx_word' id='word_1_178' title='bbox 3492 721 3592 777; x_wconf 88' lang='lat' dir='ltr'><strong>de-</strong></span> 
     </span>
    </p>
   </div>
   <div class='ocr_carea' id='block_1_32' title="bbox 1979 813 3592 892">
    <p class='ocr_par' dir='ltr' id='par_1_32' title="bbox 1979 813 3592 892">
     <span class='ocr_line' id='line_1_32' title="bbox 1979 813 3592 892; baseline -0.004 -19"><span class='ocrx_word' id='word_1_179' title='bbox 1979 817 2182 892; x_wconf 82' lang='lat' dir='ltr'><strong>legavit</strong></span> <span class='ocrx_word' id='word_1_180' title='bbox 2233 816 2336 883; x_wconf 90' lang='lat' dir='ltr'><strong>illi,</strong></span> <span class='ocrx_word' id='word_1_181' title='bbox 2375 815 2630 886; x_wconf 89' lang='lat' dir='ltr'><strong>illiusque</strong></span> <span class='ocrx_word' id='word_1_182' title='bbox 2661 814 2829 871; x_wconf 90' lang='lat' dir='ltr'><strong>tutori</strong></span> <span class='ocrx_word' id='word_1_183' title='bbox 2852 813 3186 872; x_wconf 79' lang='lat' dir='ltr'><strong>Landoaldo,</strong></span> <span class='ocrx_word' id='word_1_184' title='bbox 3235 821 3314 877; x_wconf 88' lang='lat' dir='ltr'><strong>ut,</strong></span> <span class='ocrx_word' id='word_1_185' title='bbox 3357 813 3592 868; x_wconf 90' lang='lat' dir='ltr'><strong>ecclesia</strong></span> 
     </span>
    </p>
   </div>
   <div class='ocr_carea' id='block_1_33' title="bbox 1977 904 3590 973">
    <p class='ocr_par' dir='ltr' id='par_1_33' title="bbox 1977 904 3590 973">
     <span class='ocr_line' id='line_1_33' title="bbox 1977 904 3590 973; baseline -0.003 -9"><span class='ocrx_word' id='word_1_186' title='bbox 1977 909 2053 964; x_wconf 88' lang='lat' dir='ltr'><strong>ibi</strong></span> <span class='ocrx_word' id='word_1_187' title='bbox 2108 915 2439 973; x_wconf 87' lang='lat' dir='ltr'><strong>constructa,</strong></span> <span class='ocrx_word' id='word_1_188' title='bbox 2493 914 2644 964; x_wconf 87' lang='lat' dir='ltr'><strong>tanto</strong></span> <span class='ocrx_word' id='word_1_189' title='bbox 2694 907 2985 962; x_wconf 85' lang='lat' dir='ltr'><strong>instantius</strong></span> <span class='ocrx_word' id='word_1_190' title='bbox 3029 912 3306 971; x_wconf 89' lang='lat' dir='ltr'><strong>vacarent,</strong></span> <span class='ocrx_word' id='word_1_191' title='bbox 3352 904 3446 960; x_wconf 90' lang='lat' dir='ltr'><strong>ille</strong></span> <span class='ocrx_word' id='word_1_192' title='bbox 3491 905 3590 960; x_wconf 88' lang='lat' dir='ltr'><strong>do-</strong></span> 
     </span>
    </p>
   </div>
   <div class='ocr_carea' id='block_1_34' title="bbox 1973 998 3592 1073">
    <p class='ocr_par' dir='ltr' id='par_1_34' title="bbox 1973 998 3592 1073">
     <span class='ocr_line' id='line_1_34' title="bbox 1973 998 3592 1073; baseline -0.002 -16"><span class='ocrx_word' id='word_1_193' title='bbox 1973 1001 2135 1058; x_wconf 91' lang='lat' dir='ltr'><strong>cendi</strong></span> <span class='ocrx_word' id='word_1_194' title='bbox 2165 1000 2370 1065; x_wconf 90' lang='lat' dir='ltr'><strong>studio,</strong></span> <span class='ocrx_word' id='word_1_195' title='bbox 2405 1000 2496 1056; x_wconf 92' lang='lat' dir='ltr'><strong>ille</strong></span> <span class='ocrx_word' id='word_1_196' title='bbox 2532 999 2808 1069; x_wconf 88' lang='lat' dir='ltr'><strong>discendi,</strong></span> <span class='ocrx_word' id='word_1_197' title='bbox 2851 1006 3057 1072; x_wconf 91' lang='lat' dir='ltr'><strong>quanto</strong></span> <span class='ocrx_word' id='word_1_198' title='bbox 3106 998 3372 1054; x_wconf 81' lang='lat' dir='ltr'><strong>remotius</strong></span> <span class='ocrx_word' id='word_1_199' title='bbox 3427 998 3592 1073; x_wconf 83' lang='lat' dir='ltr'><strong>dege-</strong></span> 
     </span>
    </p>
   </div>
   <div class='ocr_carea' id='block_1_35' title="bbox 1971 1091 2656 1148">
    <p class='ocr_par' dir='ltr' id='par_1_35' title="bbox 1971 1091 2656 1148">
     <span class='ocr_line' id='line_1_35' title="bbox 1971 1091 2656 1148; baseline -0.001 -1"><span class='ocrx_word' id='word_1_200' title='bbox 1971 1099 2093 1148; x_wconf 90' lang='lat' dir='ltr'><strong>rent</strong></span> <span class='ocrx_word' id='word_1_201' title='bbox 2122 1108 2154 1146; x_wconf 91' lang='lat' dir='ltr'><strong>a</strong></span> <span class='ocrx_word' id='word_1_202' title='bbox 2178 1091 2364 1146; x_wconf 72' lang='lat' dir='ltr'><strong>saeculi</strong></span> <span class='ocrx_word' id='word_1_203' title='bbox 2396 1091 2656 1146; x_wconf 80' lang='lat' dir='ltr'><strong>vanitate.</strong></span> 
     </span>
    </p>
   </div>
   <div class='ocr_carea' id='block_1_36' title="bbox 2041 1185 3594 1252">
    <p class='ocr_par' dir='ltr' id='par_1_36' title="bbox 2041 1185 3594 1252">
     <span class='ocr_line' id='line_1_36' title="bbox 2041 1185 3594 1252; baseline -0.002 -9"><span class='ocrx_word' id='word_1_204' title='bbox 2041 1188 2140 1244; x_wconf 91' lang='lat' dir='ltr'><strong>Ubi</strong></span> <span class='ocrx_word' id='word_1_205' title='bbox 2173 1187 2304 1242; x_wconf 91' lang='lat' dir='ltr'><strong>dum</strong></span> <span class='ocrx_word' id='word_1_206' title='bbox 2345 1187 2693 1243; x_wconf 87' lang='lat' dir='ltr'><strong>insisteretur</strong></span> <span class='ocrx_word' id='word_1_207' title='bbox 2721 1187 2776 1242; x_wconf 91' lang='lat' dir='ltr'><strong>in</strong></span> <span class='ocrx_word' id='word_1_208' title='bbox 2819 1186 3142 1242; x_wconf 71' lang='lat' dir='ltr'><strong>aedificanda</strong></span> <span class='ocrx_word' id='word_1_209' title='bbox 3168 1185 3425 1252; x_wconf 89' lang='lat' dir='ltr'><strong>ecclesia,</strong></span> <span class='ocrx_word' id='word_1_210' title='bbox 3467 1185 3594 1240; x_wconf 88' lang='lat' dir='ltr'><strong>arti-</strong></span> 
     </span>
    </p>
   </div>
   <div class='ocr_carea' id='block_1_37' title="bbox 1970 1274 3593 1348">
    <p class='ocr_par' dir='ltr' id='par_1_37' title="bbox 1970 1274 3593 1348">
     <span class='ocr_line' id='line_1_37' title="bbox 1970 1274 3593 1348; baseline 0 -18"><span class='ocrx_word' id='word_1_211' title='bbox 1970 1274 2102 1330; x_wconf 88' lang='lat' dir='ltr'><strong>ﬁces</strong></span> <span class='ocrx_word' id='word_1_212' title='bbox 2141 1291 2309 1346; x_wconf 90' lang='lat' dir='ltr'><strong>super</strong></span> <span class='ocrx_word' id='word_1_213' title='bbox 2347 1275 2580 1346; x_wconf 83' lang='lat' dir='ltr'><strong>penuria</strong></span> <span class='ocrx_word' id='word_1_214' title='bbox 2618 1275 2880 1346; x_wconf 86' lang='lat' dir='ltr'><strong>potabilis</strong></span> <span class='ocrx_word' id='word_1_215' title='bbox 2909 1291 3068 1347; x_wconf 68' lang='lat' dir='ltr'><strong>aquae</strong></span> <span class='ocrx_word' id='word_1_216' title='bbox 3108 1275 3593 1348; x_wconf 89' lang='lat' dir='ltr'><strong>conquerebantur</strong></span> 
     </span>
    </p>
   </div>
   <div class='ocr_carea' id='block_1_38' title="bbox 1969 1366 3587 1440">
    <p class='ocr_par' dir='ltr' id='par_1_38' title="bbox 1969 1366 3587 1440">
     <span class='ocr_line' id='line_1_38' title="bbox 1969 1366 3587 1440; baseline 0 -18"><span class='ocrx_word' id='word_1_217' title='bbox 1969 1367 2100 1440; x_wconf 89' lang='lat' dir='ltr'><strong>quia</strong></span> <span class='ocrx_word' id='word_1_218' title='bbox 2138 1367 2213 1421; x_wconf 90' lang='lat' dir='ltr'><strong>ibi</strong></span> <span class='ocrx_word' id='word_1_219' title='bbox 2257 1383 2422 1438; x_wconf 90' lang='lat' dir='ltr'><strong>aqua,</strong></span> <span class='ocrx_word' id='word_1_220' title='bbox 2457 1383 2520 1422; x_wconf 85' lang='lat' dir='ltr'><strong>ex</strong></span> <span class='ocrx_word' id='word_1_221' title='bbox 2561 1367 2788 1438; x_wconf 90' lang='lat' dir='ltr'><strong>palustri</strong></span> <span class='ocrx_word' id='word_1_222' title='bbox 2831 1366 3069 1423; x_wconf 86' lang='lat' dir='ltr'><strong>colluvie</strong></span> <span class='ocrx_word' id='word_1_223' title='bbox 3095 1367 3344 1432; x_wconf 90' lang='lat' dir='ltr'><strong>collecta,</strong></span> <span class='ocrx_word' id='word_1_224' title='bbox 3375 1383 3472 1422; x_wconf 88' lang='lat' dir='ltr'><strong>eos</strong></span> <span class='ocrx_word' id='word_1_225' title='bbox 3499 1366 3587 1422; x_wconf 84' lang='lat' dir='ltr'><strong>bi-</strong></span> 
     </span>
    </p>
   </div>
   <div class='ocr_carea' id='block_1_39' title="bbox 1971 1455 3590 1529">
    <p class='ocr_par' dir='ltr' id='par_1_39' title="bbox 1971 1455 3590 1529">
     <span class='ocr_line' id='line_1_39' title="bbox 1971 1455 3590 1529; baseline -0.001 -18"><span class='ocrx_word' id='word_1_226' title='bbox 1971 1457 2168 1511; x_wconf 92' lang='lat' dir='ltr'><strong>bentes</strong></span> <span class='ocrx_word' id='word_1_227' title='bbox 2206 1456 2382 1529; x_wconf 85' lang='lat' dir='ltr'><strong>magis</strong></span> <span class='ocrx_word' id='word_1_228' title='bbox 2413 1456 2710 1526; x_wconf 89' lang='lat' dir='ltr'><strong>torquebat</strong></span> <span class='ocrx_word' id='word_1_229' title='bbox 2761 1455 3128 1510; x_wconf 84' lang='lat' dir='ltr'><strong>amaritudine</strong></span> <span class='ocrx_word' id='word_1_230' title='bbox 3185 1472 3347 1528; x_wconf 89' lang='lat' dir='ltr'><strong>quam</strong></span> <span class='ocrx_word' id='word_1_231' title='bbox 3406 1455 3590 1528; x_wconf 87' lang='lat' dir='ltr'><strong>aliqua</strong></span> 
     </span>
    </p>
   </div>
   <div class='ocr_carea' id='block_1_40' title="bbox 1973 1543 3590 1618">
    <p class='ocr_par' dir='ltr' id='par_1_40' title="bbox 1973 1543 3590 1618">
     <span class='ocr_line' id='line_1_40' title="bbox 1973 1543 3590 1618; baseline -0.004 -14"><span class='ocrx_word' id='word_1_232' title='bbox 1973 1547 2242 1604; x_wconf 89' lang='lat' dir='ltr'><strong>suavitate</strong></span> <span class='ocrx_word' id='word_1_233' title='bbox 2273 1545 2634 1602; x_wconf 90' lang='lat' dir='ltr'><strong>refocillabat.</strong></span> <span class='ocrx_word' id='word_1_234' title='bbox 2667 1545 2720 1599; x_wconf 89' lang='lat' dir='ltr'><strong>S.</strong></span> <span class='ocrx_word' id='word_1_235' title='bbox 2757 1545 3020 1618; x_wconf 78' lang='lat' dir='ltr'><strong>magister</strong></span> <span class='ocrx_word' id='word_1_236' title='bbox 3040 1544 3394 1616; x_wconf 85' lang='lat' dir='ltr'><strong>sanctiorque</strong></span> <span class='ocrx_word' id='word_1_237' title='bbox 3413 1543 3590 1618; x_wconf 74' lang='lat' dir='ltr'><strong>magi-</strong></span> 
     </span>
    </p>
   </div>
   <div class='ocr_carea' id='block_1_41' title="bbox 1975 1633 3592 1710">
    <p class='ocr_par' dir='ltr' id='par_1_41' title="bbox 1975 1633 3592 1710">
     <span class='ocr_line' id='line_1_41' title="bbox 1975 1633 3592 1710; baseline -0.004 -15"><span class='ocrx_word' id='word_1_238' title='bbox 1975 1645 2088 1696; x_wconf 88' lang='lat' dir='ltr'><strong>stro</strong></span> <span class='ocrx_word' id='word_1_239' title='bbox 2116 1638 2443 1710; x_wconf 90' lang='lat' dir='ltr'><strong>discipulus,</strong></span> <span class='ocrx_word' id='word_1_240' title='bbox 2476 1638 2640 1692; x_wconf 87' lang='lat' dir='ltr'><strong>fidem</strong></span> <span class='ocrx_word' id='word_1_241' title='bbox 2673 1637 2941 1692; x_wconf 88' lang='lat' dir='ltr'><strong>habentes</strong></span> <span class='ocrx_word' id='word_1_242' title='bbox 2994 1637 3049 1690; x_wconf 91' lang='lat' dir='ltr'><strong>in</strong></span> <span class='ocrx_word' id='word_1_243' title='bbox 3080 1651 3204 1690; x_wconf 92' lang='lat' dir='ltr'><strong>eum</strong></span> <span class='ocrx_word' id='word_1_244' title='bbox 3249 1635 3341 1706; x_wconf 91' lang='lat' dir='ltr'><strong>qui</strong></span> <span class='ocrx_word' id='word_1_245' title='bbox 3391 1633 3592 1689; x_wconf 89' lang='lat' dir='ltr'><strong>amaris</strong></span> 
     </span>
    </p>
   </div>
   <div class='ocr_carea' id='block_1_42' title="bbox 1973 1723 3592 1800">
    <p class='ocr_par' dir='ltr' id='par_1_42' title="bbox 1973 1723 3592 1800">
     <span class='ocr_line' id='line_1_42' title="bbox 1973 1723 3592 1800; baseline -0.002 -17"><span class='ocrx_word' id='word_1_246' title='bbox 1973 1727 2132 1800; x_wconf 89' lang='lat' dir='ltr'><strong>aquis</strong></span> <span class='ocrx_word' id='word_1_247' title='bbox 2161 1726 2230 1782; x_wconf 92' lang='lat' dir='ltr'><strong>de</strong></span> <span class='ocrx_word' id='word_1_248' title='bbox 2276 1725 2414 1781; x_wconf 89' lang='lat' dir='ltr'><strong>mari</strong></span> <span class='ocrx_word' id='word_1_249' title='bbox 2449 1726 2802 1782; x_wconf 87' lang='lat' dir='ltr'><strong>dulcedinem</strong></span> <span class='ocrx_word' id='word_1_250' title='bbox 2837 1725 3041 1780; x_wconf 86' lang='lat' dir='ltr'><strong>indidit</strong></span> <span class='ocrx_word' id='word_1_251' title='bbox 3067 1725 3236 1796; x_wconf 73' lang='lat' dir='ltr'><strong>(Exod</strong></span> <span class='ocrx_word' id='word_1_252' title='bbox 3262 1741 3350 1789; x_wconf 86' lang='lat' dir='ltr'><strong>xv,</strong></span> <span class='ocrx_word' id='word_1_253' title='bbox 3385 1723 3501 1794; x_wconf 72' lang='lat'><strong>25),</strong></span> <span class='ocrx_word' id='word_1_254' title='bbox 3533 1734 3592 1780; x_wconf 78' lang='lat' dir='ltr'><strong>et</strong></span> 
     </span>
    </p>
   </div>
   <div class='ocr_carea' id='block_1_43' title="bbox 1971 1814 3584 1891">
    <p class='ocr_par' dir='ltr' id='par_1_43' title="bbox 1971 1814 3584 1891">
     <span class='ocr_line' id='line_1_43' title="bbox 1971 1814 3584 1891; baseline -0.002 -17"><span class='ocrx_word' id='word_1_255' title='bbox 1971 1819 2065 1891; x_wconf 90' lang='lat' dir='ltr'><strong>qui</strong></span> <span class='ocrx_word' id='word_1_256' title='bbox 2097 1834 2270 1890; x_wconf 86' lang='lat' dir='ltr'><strong>aquas</strong></span> <span class='ocrx_word' id='word_1_257' title='bbox 2301 1817 2465 1872; x_wconf 89' lang='lat' dir='ltr'><strong>etiam</strong></span> <span class='ocrx_word' id='word_1_258' title='bbox 2498 1817 2566 1872; x_wconf 90' lang='lat' dir='ltr'><strong>de</strong></span> <span class='ocrx_word' id='word_1_259' title='bbox 2612 1823 2764 1887; x_wconf 91' lang='lat' dir='ltr'><strong>petra</strong></span> <span class='ocrx_word' id='word_1_260' title='bbox 2795 1815 3053 1887; x_wconf 89' lang='lat' dir='ltr'><strong>produxit</strong></span> <span class='ocrx_word' id='word_1_261' title='bbox 3109 1817 3294 1886; x_wconf 75' lang='lat' dir='ltr'><strong>(Exod.</strong></span> <span class='ocrx_word' id='word_1_262' title='bbox 3340 1831 3476 1880; x_wconf 85' lang='lat' dir='ltr'><strong>xvu,</strong></span> <span class='ocrx_word' id='word_1_263' title='bbox 3507 1814 3584 1887; x_wconf 88' lang='lat'><strong>6),</strong></span> 
     </span>
    </p>
   </div>
   <div class='ocr_carea' id='block_1_44' title="bbox 1971 1909 3587 1983">
    <p class='ocr_par' dir='ltr' id='par_1_44' title="bbox 1971 1909 3587 1983">
     <span class='ocr_line' id='line_1_44' title="bbox 1971 1909 3587 1983; baseline -0.004 -13"><span class='ocrx_word' id='word_1_264' title='bbox 1971 1912 2376 1970; x_wconf 85' lang='lat' dir='ltr'><strong>communicato</strong></span> <span class='ocrx_word' id='word_1_265' title='bbox 2404 1921 2554 1978; x_wconf 90' lang='lat' dir='ltr'><strong>voto,</strong></span> <span class='ocrx_word' id='word_1_266' title='bbox 2587 1911 2792 1983; x_wconf 91' lang='lat' dir='ltr'><strong>pariter</strong></span> <span class='ocrx_word' id='word_1_267' title='bbox 2839 1919 3068 1967; x_wconf 84' lang='lat' dir='ltr'><strong>exorant</strong></span> <span class='ocrx_word' id='word_1_268' title='bbox 3096 1911 3354 1980; x_wconf 86' lang='lat' dir='ltr'><strong>pietatem</strong></span> <span class='ocrx_word' id='word_1_269' title='bbox 3397 1909 3587 1964; x_wconf 80' lang='lat' dir='ltr'><strong>Omni-</strong></span> 
     </span>
    </p>
   </div>
   <div class='ocr_carea' id='block_1_45' title="bbox 1972 1999 3584 2078">
    <p class='ocr_par' dir='ltr' id='par_1_45' title="bbox 1972 1999 3584 2078">
     <span class='ocr_line' id='line_1_45' title="bbox 1972 1999 3584 2078; baseline -0.002 -16"><span class='ocrx_word' id='word_1_270' title='bbox 1972 2004 2230 2076; x_wconf 91' lang='lat' dir='ltr'><strong>potentis.</strong></span> <span class='ocrx_word' id='word_1_271' title='bbox 2260 2005 2515 2060; x_wconf 88' lang='lat' dir='ltr'><strong>lnvocato</strong></span> <span class='ocrx_word' id='word_1_272' title='bbox 2538 2017 2670 2078; x_wconf 90' lang='lat' dir='ltr'><strong>ergo</strong></span> <span class='ocrx_word' id='word_1_273' title='bbox 2701 2003 2756 2058; x_wconf 93' lang='lat' dir='ltr'><strong>S.</strong></span> <span class='ocrx_word' id='word_1_274' title='bbox 2797 2001 3079 2058; x_wconf 87' lang='lat' dir='ltr'><strong>Trinitatis</strong></span> <span class='ocrx_word' id='word_1_275' title='bbox 3105 2001 3352 2068; x_wconf 91' lang='lat' dir='ltr'><strong>nomine,</strong></span> <span class='ocrx_word' id='word_1_276' title='bbox 3386 1999 3584 2058; x_wconf 90' lang='lat' dir='ltr'><strong>baculo</strong></span> 
     </span>
    </p>
   </div>
   <div class='ocr_carea' id='block_1_46' title="bbox 1967 2089 3585 2168">
    <p class='ocr_par' dir='ltr' id='par_1_46' title="bbox 1967 2089 3585 2168">
     <span class='ocr_line' id='line_1_46' title="bbox 1967 2089 3585 2168; baseline -0.003 -19"><span class='ocrx_word' id='word_1_277' title='bbox 1967 2093 2295 2168; x_wconf 83' lang='lat' dir='ltr'><strong>designatur</strong></span> <span class='ocrx_word' id='word_1_278' title='bbox 2321 2091 2476 2148; x_wconf 92' lang='lat' dir='ltr'><strong>locus</strong></span> <span class='ocrx_word' id='word_1_279' title='bbox 2504 2091 2561 2146; x_wconf 90' lang='lat' dir='ltr'><strong>in</strong></span> <span class='ocrx_word' id='word_1_280' title='bbox 2593 2091 2816 2147; x_wconf 91' lang='lat' dir='ltr'><strong>modum</strong></span> <span class='ocrx_word' id='word_1_281' title='bbox 2844 2091 2898 2146; x_wconf 92' lang='lat' dir='ltr'><strong>S.</strong></span> <span class='ocrx_word' id='word_1_282' title='bbox 2931 2089 3130 2153; x_wconf 88' lang='lat' dir='ltr'><strong>crucis,</strong></span> <span class='ocrx_word' id='word_1_283' title='bbox 3169 2095 3276 2153; x_wconf 83' lang='lat' dir='ltr'><strong>(res</strong></span> <span class='ocrx_word' id='word_1_284' title='bbox 3295 2090 3452 2152; x_wconf 88' lang='lat' dir='ltr'><strong>mira,</strong></span> <span class='ocrx_word' id='word_1_285' title='bbox 3483 2089 3585 2144; x_wconf 88' lang='lat' dir='ltr'><strong>sed</strong></span> 
     </span>
    </p>
   </div>
   <div class='ocr_carea' id='block_1_47' title="bbox 1969 2184 3582 2257">
    <p class='ocr_par' dir='ltr' id='par_1_47' title="bbox 1969 2184 3582 2257">
     <span class='ocr_line' id='line_1_47' title="bbox 1969 2184 3582 2257; baseline -0.002 -14"><span class='ocrx_word' id='word_1_286' title='bbox 1969 2187 2098 2244; x_wconf 83' lang='lat' dir='ltr'><strong>ﬁdei</strong></span> <span class='ocrx_word' id='word_1_287' title='bbox 2117 2203 2228 2244; x_wconf 90' lang='lat' dir='ltr'><strong>non</strong></span> <span class='ocrx_word' id='word_1_288' title='bbox 2257 2188 2521 2243; x_wconf 86' lang='lat' dir='ltr'><strong>inusitata</strong></span> <span class='ocrx_word' id='word_1_289' title='bbox 2537 2187 2576 2256; x_wconf 93' lang='lat' dir='ltr'><strong>l)</strong></span> <span class='ocrx_word' id='word_1_290' title='bbox 2605 2187 2730 2242; x_wconf 90' lang='lat' dir='ltr'><strong>fons</strong></span> <span class='ocrx_word' id='word_1_291' title='bbox 2747 2185 2822 2241; x_wconf 87' lang='lat' dir='ltr'><strong>ibi</strong></span> <span class='ocrx_word' id='word_1_292' title='bbox 2845 2186 3122 2242; x_wconf 89' lang='lat' dir='ltr'><strong>emanavit</strong></span> <span class='ocrx_word' id='word_1_293' title='bbox 3141 2185 3234 2240; x_wconf 92' lang='lat' dir='ltr'><strong>lim</strong></span> <span class='ocrx_word' id='word_1_294' title='bbox 3244 2184 3582 2257; x_wconf 90' lang='lat' dir='ltr'><strong>pidissimus,</strong></span> 
     </span>
    </p>
   </div>
   <div class='ocr_carea' id='block_1_48' title="bbox 1969 2278 3582 2353">
    <p class='ocr_par' dir='ltr' id='par_1_48' title="bbox 1969 2278 3582 2353">
     <span class='ocr_line' id='line_1_48' title="bbox 1969 2278 3582 2353; baseline -0.003 -17"><span class='ocrx_word' id='word_1_295' title='bbox 1969 2281 2065 2353; x_wconf 87' lang='lat' dir='ltr'><strong>qui</strong></span> <span class='ocrx_word' id='word_1_296' title='bbox 2093 2287 2148 2336; x_wconf 91' lang='lat' dir='ltr'><strong>et</strong></span> <span class='ocrx_word' id='word_1_297' title='bbox 2177 2280 2396 2351; x_wconf 88' lang='lat' dir='ltr'><strong>aperuit</strong></span> <span class='ocrx_word' id='word_1_298' title='bbox 2421 2286 2685 2352; x_wconf 90' lang='lat' dir='ltr'><strong>quantum</strong></span> <span class='ocrx_word' id='word_1_299' title='bbox 2733 2279 2910 2334; x_wconf 88' lang='lat' dir='ltr'><strong>sancti</strong></span> <span class='ocrx_word' id='word_1_300' title='bbox 2950 2278 3096 2350; x_wconf 91' lang='lat' dir='ltr'><strong>apud</strong></span> <span class='ocrx_word' id='word_1_301' title='bbox 3129 2279 3300 2332; x_wconf 89' lang='lat' dir='ltr'><strong>Deum</strong></span> <span class='ocrx_word' id='word_1_302' title='bbox 3333 2283 3582 2348; x_wconf 90' lang='lat' dir='ltr'><strong>possent,</strong></span> 
     </span>
    </p>
   </div>
   <div class='ocr_carea' id='block_1_49' title="bbox 1968 2371 3584 2431">
    <p class='ocr_par' dir='ltr' id='par_1_49' title="bbox 1968 2371 3584 2431">
     <span class='ocr_line' id='line_1_49' title="bbox 1968 2371 3584 2431; baseline -0.002 -1"><span class='ocrx_word' id='word_1_303' title='bbox 1968 2380 2024 2430; x_wconf 87' lang='lat' dir='ltr'><strong>et</strong></span> <span class='ocrx_word' id='word_1_304' title='bbox 2054 2375 2252 2431; x_wconf 91' lang='lat' dir='ltr'><strong>incolis</strong></span> <span class='ocrx_word' id='word_1_305' title='bbox 2277 2390 2341 2430; x_wconf 88' lang='lat' dir='ltr'><strong>ex</strong></span> <span class='ocrx_word' id='word_1_306' title='bbox 2366 2379 2499 2430; x_wconf 92' lang='lat' dir='ltr'><strong>tunc</strong></span> <span class='ocrx_word' id='word_1_307' title='bbox 2513 2383 2568 2430; x_wconf 91' lang='lat' dir='ltr'><strong>et</strong></span> <span class='ocrx_word' id='word_1_308' title='bbox 2597 2375 2763 2430; x_wconf 88' lang='lat' dir='ltr'><strong>modo</strong></span> <span class='ocrx_word' id='word_1_309' title='bbox 2794 2374 2944 2430; x_wconf 93' lang='lat' dir='ltr'><strong>omni</strong></span> <span class='ocrx_word' id='word_1_310' title='bbox 2977 2391 3079 2430; x_wconf 90' lang='lat' dir='ltr'><strong>usu</strong></span> <span class='ocrx_word' id='word_1_311' title='bbox 3106 2373 3309 2429; x_wconf 88' lang='lat' dir='ltr'><strong>habilis</strong></span> <span class='ocrx_word' id='word_1_312' title='bbox 3331 2371 3452 2428; x_wconf 87' lang='lat' dir='ltr'><strong>fuit.</strong></span> <span class='ocrx_word' id='word_1_313' title='bbox 3481 2371 3584 2427; x_wconf 89' lang='lat' dir='ltr'><strong>Cu-</strong></span> 
     </span>
    </p>
   </div>
   <div class='ocr_carea' id='block_1_50' title="bbox 243 2461 3586 2538">
    <p class='ocr_par' dir='ltr' id='par_1_50' title="bbox 243 2461 3586 2538">
     <span class='ocr_line' id='line_1_50' title="bbox 243 2461 3586 2538; baseline 0 -21"><span class='ocrx_word' id='word_1_314' title='bbox 243 2463 354 2530; x_wconf 90' lang='lat' dir='ltr'><strong>vel,</strong></span> <span class='ocrx_word' id='word_1_315' title='bbox 385 2463 533 2534; x_wconf 92' lang='lat' dir='ltr'><strong>quod</strong></span> <span class='ocrx_word' id='word_1_316' title='bbox 560 2461 744 2518; x_wconf 87' lang='lat' dir='ltr'><strong>verius</strong></span> <span class='ocrx_word' id='word_1_317' title='bbox 770 2470 876 2528; x_wconf 90' lang='lat' dir='ltr'><strong>est,</strong></span> <span class='ocrx_word' id='word_1_318' title='bbox 916 2462 1092 2533; x_wconf 88' lang='lat' dir='ltr'><strong>ipsius</strong></span> <span class='ocrx_word' id='word_1_319' title='bbox 1107 2469 1296 2518; x_wconf 88' lang='lat' dir='ltr'><strong>auctor</strong></span> <span class='ocrx_word' id='word_1_320' title='bbox 1327 2473 1560 2532; x_wconf 66' lang='lat' dir='ltr'><strong>naturae,</strong></span> <span class='ocrx_word' id='word_1_321' title='bbox 1587 2467 1706 2522; x_wconf 63' lang='lat' dir='ltr'><strong>haec</strong></span> <span class='ocrx_word' id='word_1_322' title='bbox 1735 2483 1860 2524; x_wconf 89' lang='lat' dir='ltr'><strong>om-</strong></span> <span class='ocrx_word' id='word_1_323' title='bbox 1961 2467 2052 2537; x_wconf 91' lang='lat' dir='ltr'><strong>jus</strong></span> <span class='ocrx_word' id='word_1_324' title='bbox 2072 2465 2330 2522; x_wconf 88' lang='lat' dir='ltr'><strong>beneﬁcii</strong></span> <span class='ocrx_word' id='word_1_325' title='bbox 2363 2466 2709 2530; x_wconf 85' lang='lat' dir='ltr'><strong>memoriam,</strong></span> <span class='ocrx_word' id='word_1_326' title='bbox 2742 2466 2872 2521; x_wconf 94' lang='lat' dir='ltr'><strong>dum</strong></span> <span class='ocrx_word' id='word_1_327' title='bbox 2903 2473 3086 2536; x_wconf 89' lang='lat' dir='ltr'><strong>patres</strong></span> <span class='ocrx_word' id='word_1_328' title='bbox 3124 2465 3426 2538; x_wconf 82' lang='lat' dir='ltr'><strong>generatim</strong></span> <span class='ocrx_word' id='word_1_329' title='bbox 3459 2479 3586 2518; x_wconf 89' lang='lat' dir='ltr'><strong>nar-</strong></span> 
     </span>
    </p>
   </div>
   <div class='ocr_carea' id='block_1_51' title="bbox 247 2552 1866 2628">
    <p class='ocr_par' dir='ltr' id='par_1_51' title="bbox 247 2552 1866 2628">
     <span class='ocr_line' id='line_1_51' title="bbox 247 2552 1866 2628; baseline 0.004 -20"><span class='ocrx_word' id='word_1_330' title='bbox 247 2553 340 2608; x_wconf 91' lang='lat' dir='ltr'><strong>nia</strong></span> <span class='ocrx_word' id='word_1_331' title='bbox 375 2553 486 2623; x_wconf 89' lang='lat' dir='ltr'><strong>jam</strong></span> <span class='ocrx_word' id='word_1_332' title='bbox 539 2553 596 2607; x_wconf 92' lang='lat' dir='ltr'><strong>in</strong></span> <span class='ocrx_word' id='word_1_333' title='bbox 639 2553 761 2622; x_wconf 88' lang='lat' dir='ltr'><strong>ejus</strong></span> <span class='ocrx_word' id='word_1_334' title='bbox 802 2552 1034 2608; x_wconf 90' lang='lat' dir='ltr'><strong>infantia</strong></span> <span class='ocrx_word' id='word_1_335' title='bbox 1081 2554 1444 2625; x_wconf 89' lang='lat' dir='ltr'><strong>apparebant,</strong></span> <span class='ocrx_word' id='word_1_336' title='bbox 1487 2557 1618 2628; x_wconf 83' lang='lat' dir='ltr'><strong>quia</strong></span> <span class='ocrx_word' id='word_1_337' title='bbox 1651 2559 1763 2626; x_wconf 90' lang='lat' dir='ltr'><strong>jam</strong></span> <span class='ocrx_word' id='word_1_338' title='bbox 1810 2569 1866 2615; x_wconf 92' lang='lat' dir='ltr'><strong>et</strong></span> 
     </span>
    </p>
   </div>
   <div class='ocr_carea' id='block_1_52' title="bbox 246 2645 1869 2726">
    <p class='ocr_par' dir='ltr' id='par_1_52' title="bbox 246 2645 1869 2726">
     <span class='ocr_line' id='line_1_52' title="bbox 246 2645 1869 2726; baseline 0.006 -26"><span class='ocrx_word' id='word_1_339' title='bbox 246 2647 512 2701; x_wconf 85' lang='lat' dir='ltr'><strong>membris</strong></span> <span class='ocrx_word' id='word_1_340' title='bbox 542 2645 813 2702; x_wconf 90' lang='lat' dir='ltr'><strong>formosus</strong></span> <span class='ocrx_word' id='word_1_341' title='bbox 851 2656 907 2702; x_wconf 92' lang='lat' dir='ltr'><strong>et</strong></span> <span class='ocrx_word' id='word_1_342' title='bbox 956 2663 1056 2718; x_wconf 90' lang='lat' dir='ltr'><strong>pro</strong></span> <span class='ocrx_word' id='word_1_343' title='bbox 1099 2654 1284 2717; x_wconf 74' lang='lat' dir='ltr'><strong>aetate,</strong></span> <span class='ocrx_word' id='word_1_344' title='bbox 1334 2648 1480 2704; x_wconf 90' lang='lat' dir='ltr'><strong>inter</strong></span> <span class='ocrx_word' id='word_1_345' title='bbox 1518 2661 1784 2726; x_wconf 88' lang='lat' dir='ltr'><strong>cognatos</strong></span> <span class='ocrx_word' id='word_1_346' title='bbox 1813 2663 1869 2710; x_wconf 90' lang='lat' dir='ltr'><strong>et</strong></span> 
     </span>
    </p>
   </div>
   <div class='ocr_carea' id='block_1_53' title="bbox 248 2737 1867 2814">
    <p class='ocr_par' dir='ltr' id='par_1_53' title="bbox 248 2737 1867 2814">
     <span class='ocr_line' id='line_1_53' title="bbox 248 2737 1867 2814; baseline 0.006 -20"><span class='ocrx_word' id='word_1_347' title='bbox 248 2737 506 2806; x_wconf 88' lang='lat' dir='ltr'><strong>famulos,</strong></span> <span class='ocrx_word' id='word_1_348' title='bbox 528 2739 679 2794; x_wconf 89' lang='lat' dir='ltr'><strong>vultu</strong></span> <span class='ocrx_word' id='word_1_349' title='bbox 713 2748 768 2794; x_wconf 88' lang='lat' dir='ltr'><strong>et</strong></span> <span class='ocrx_word' id='word_1_350' title='bbox 796 2738 992 2795; x_wconf 66' lang='lat' dir='ltr'><strong>aﬁ‘ectu</strong></span> <span class='ocrx_word' id='word_1_351' title='bbox 1021 2740 1297 2814; x_wconf 84' lang='lat' dir='ltr'><strong>benignus</strong></span> <span class='ocrx_word' id='word_1_352' title='bbox 1318 2759 1439 2800; x_wconf 87' lang='lat' dir='ltr'><strong>esse</strong></span> <span class='ocrx_word' id='word_1_353' title='bbox 1469 2747 1778 2814; x_wconf 85' lang='lat' dir='ltr'><strong>videbatur,</strong></span> <span class='ocrx_word' id='word_1_354' title='bbox 1803 2764 1867 2804; x_wconf 90' lang='lat' dir='ltr'><strong>ac</strong></span> 
     </span>
    </p>
   </div>
   <div class='ocr_carea' id='block_1_54' title="bbox 245 2829 1342 2909">
    <p class='ocr_par' dir='ltr' id='par_1_54' title="bbox 245 2829 1342 2909">
     <span class='ocr_line' id='line_1_54' title="bbox 245 2829 1342 2909; baseline 0.006 -25"><span class='ocrx_word' id='word_1_355' title='bbox 245 2845 348 2901; x_wconf 87' lang='lat' dir='ltr'><strong>per</strong></span> <span class='ocrx_word' id='word_1_356' title='bbox 375 2831 480 2884; x_wconf 90' lang='lat' dir='ltr'><strong>hoc</strong></span> <span class='ocrx_word' id='word_1_357' title='bbox 516 2829 761 2886; x_wconf 88' lang='lat' dir='ltr'><strong>omnium</strong></span> <span class='ocrx_word' id='word_1_358' title='bbox 790 2831 1088 2888; x_wconf 88' lang='lat' dir='ltr'><strong>dilectione</strong></span> <span class='ocrx_word' id='word_1_359' title='bbox 1119 2833 1342 2909; x_wconf 86' lang='lat' dir='ltr'><strong>dignus.</strong></span> 
     </span>
    </p>
   </div>
   <div class='ocr_carea' id='block_1_55' title="bbox 323 2924 1866 3004">
    <p class='ocr_par' dir='ltr' id='par_1_55' title="bbox 323 2924 1866 3004">
     <span class='ocr_line' id='line_1_55' title="bbox 323 2924 1866 3004; baseline 0.004 -24"><span class='ocrx_word' id='word_1_360' title='bbox 323 2924 479 2980; x_wconf 91' lang='lat' dir='ltr'><strong>Unde</strong></span> <span class='ocrx_word' id='word_1_361' title='bbox 535 2931 691 2994; x_wconf 89' lang='lat' dir='ltr'><strong>pater</strong></span> <span class='ocrx_word' id='word_1_362' title='bbox 735 2925 876 2993; x_wconf 89' lang='lat' dir='ltr'><strong>ejus,</strong></span> <span class='ocrx_word' id='word_1_363' title='bbox 925 2941 1036 2982; x_wconf 91' lang='lat' dir='ltr'><strong>non</strong></span> <span class='ocrx_word' id='word_1_364' title='bbox 1067 2927 1316 3001; x_wconf 89' lang='lat' dir='ltr'><strong>ingratus</strong></span> <span class='ocrx_word' id='word_1_365' title='bbox 1355 2929 1486 2997; x_wconf 90' lang='lat' dir='ltr'><strong>Deo,</strong></span> <span class='ocrx_word' id='word_1_366' title='bbox 1519 2931 1611 3004; x_wconf 90' lang='lat' dir='ltr'><strong>qui</strong></span> <span class='ocrx_word' id='word_1_367' title='bbox 1655 2939 1866 2988; x_wconf 87' lang='lat' dir='ltr'><strong>tantum</strong></span> 
     </span>
    </p>
   </div>
   <div class='ocr_carea' id='block_1_56' title="bbox 241 3011 1940 3089">
    <p class='ocr_par' dir='ltr' id='par_1_56' title="bbox 241 3011 1940 3089">
     <span class='ocr_line' id='line_1_56' title="bbox 241 3011 1940 3089; baseline 0.006 -23"><span class='ocrx_word' id='word_1_368' title='bbox 241 3011 352 3066; x_wconf 90' lang='lat' dir='ltr'><strong>sibi</strong></span> <span class='ocrx_word' id='word_1_369' title='bbox 373 3013 444 3068; x_wconf 92' lang='lat' dir='ltr'><strong>de</strong></span> <span class='ocrx_word' id='word_1_370' title='bbox 470 3011 582 3068; x_wconf 84' lang='lat' dir='ltr'><strong>ﬁlio</strong></span> <span class='ocrx_word' id='word_1_371' title='bbox 610 3012 980 3084; x_wconf 88' lang='lat' dir='ltr'><strong>promittebat,</strong></span> <span class='ocrx_word' id='word_1_372' title='bbox 1022 3015 1224 3072; x_wconf 76' lang='lat' dir='ltr'><strong>divinae</strong></span> <span class='ocrx_word' id='word_1_373' title='bbox 1261 3019 1525 3074; x_wconf 88' lang='lat' dir='ltr'><strong>voluntati</strong></span> <span class='ocrx_word' id='word_1_374' title='bbox 1556 3036 1710 3076; x_wconf 87' lang='lat' dir='ltr'><strong>suam</strong></span> <span class='ocrx_word' id='word_1_375' title='bbox 1740 3037 1868 3077; x_wconf 91' lang='lat' dir='ltr'><strong>con-</strong></span> <span class='ocrx_word' id='word_1_376' title='bbox 1897 3068 1940 3089; x_wconf 60' lang='grc' dir='ltr'><strong>η</strong></span> 
     </span>
    </p>
   </div>
   <div class='ocr_carea' id='block_1_57' title="bbox 1965 2553 3585 2621">
    <p class='ocr_par' dir='ltr' id='par_1_57' title="bbox 1965 2553 3585 2621">
     <span class='ocr_line' id='line_1_57' title="bbox 1965 2553 3585 2621; baseline -0.001 -12"><span class='ocrx_word' id='word_1_377' title='bbox 1965 2555 2137 2610; x_wconf 90' lang='lat' dir='ltr'><strong>rando</strong></span> <span class='ocrx_word' id='word_1_378' title='bbox 2177 2554 2554 2610; x_wconf 87' lang='lat' dir='ltr'><strong>transmittunt</strong></span> <span class='ocrx_word' id='word_1_379' title='bbox 2591 2555 2659 2608; x_wconf 89' lang='lat' dir='ltr'><strong>ad</strong></span> <span class='ocrx_word' id='word_1_380' title='bbox 2702 2553 2865 2621; x_wconf 87' lang='lat' dir='ltr'><strong>ﬁlios,</strong></span> <span class='ocrx_word' id='word_1_381' title='bbox 2924 2555 3119 2610; x_wconf 88' lang='lat' dir='ltr'><strong>merita</strong></span> <span class='ocrx_word' id='word_1_382' title='bbox 3149 2559 3459 2610; x_wconf 88' lang='lat' dir='ltr'><strong>sanctorum</strong></span> <span class='ocrx_word' id='word_1_383' title='bbox 3491 2567 3585 2608; x_wconf 90' lang='lat' dir='ltr'><strong>ac-</strong></span> 
     </span>
    </p>
   </div>
   <div class='ocr_carea' id='block_1_58' title="bbox 1969 2639 3588 2713">
    <p class='ocr_par' dir='ltr' id='par_1_58' title="bbox 1969 2639 3588 2713">
     <span class='ocr_line' id='line_1_58' title="bbox 1969 2639 3588 2713; baseline -0.003 -14"><span class='ocrx_word' id='word_1_384' title='bbox 1969 2644 2269 2708; x_wconf 85' lang='lat' dir='ltr'><strong>cumulant,</strong></span> <span class='ocrx_word' id='word_1_385' title='bbox 2302 2642 2431 2697; x_wconf 92' lang='lat' dir='ltr'><strong>dum</strong></span> <span class='ocrx_word' id='word_1_386' title='bbox 2461 2658 2561 2713; x_wconf 85' lang='lat' dir='ltr'><strong>per</strong></span> <span class='ocrx_word' id='word_1_387' title='bbox 2589 2659 2686 2699; x_wconf 90' lang='lat' dir='ltr'><strong>eos</strong></span> <span class='ocrx_word' id='word_1_388' title='bbox 2728 2659 2930 2699; x_wconf 91' lang='lat' dir='ltr'><strong>nomen</strong></span> <span class='ocrx_word' id='word_1_389' title='bbox 2960 2643 3175 2699; x_wconf 89' lang='lat' dir='ltr'><strong>Domini</strong></span> <span class='ocrx_word' id='word_1_390' title='bbox 3201 2641 3464 2697; x_wconf 88' lang='lat' dir='ltr'><strong>benedici</strong></span> <span class='ocrx_word' id='word_1_391' title='bbox 3504 2639 3588 2695; x_wconf 87' lang='lat' dir='ltr'><strong>fa-</strong></span> 
     </span>
    </p>
   </div>
   <div class='ocr_carea' id='block_1_59' title="bbox 1969 2734 3587 2804">
    <p class='ocr_par' dir='ltr' id='par_1_59' title="bbox 1969 2734 3587 2804">
     <span class='ocr_line' id='line_1_59' title="bbox 1969 2734 3587 2804; baseline -0.002 -14"><span class='ocrx_word' id='word_1_392' title='bbox 1969 2735 2137 2790; x_wconf 90' lang='lat' dir='ltr'><strong>ciunt.</strong></span> <span class='ocrx_word' id='word_1_393' title='bbox 2175 2736 2252 2789; x_wconf 90' lang='lat' dir='ltr'><strong>lta</strong></span> <span class='ocrx_word' id='word_1_394' title='bbox 2281 2734 2568 2790; x_wconf 90' lang='lat' dir='ltr'><strong>Lamberto</strong></span> <span class='ocrx_word' id='word_1_395' title='bbox 2593 2742 2648 2790; x_wconf 88' lang='lat' dir='ltr'><strong>et</strong></span> <span class='ocrx_word' id='word_1_396' title='bbox 2679 2735 3018 2799; x_wconf 86' lang='lat' dir='ltr'><strong>Landoaldo,</strong></span> <span class='ocrx_word' id='word_1_397' title='bbox 3049 2735 3392 2804; x_wconf 76' lang='lat' dir='ltr'><strong>diligentibus</strong></span> <span class='ocrx_word' id='word_1_398' title='bbox 3422 2737 3587 2788; x_wconf 84' lang='lat' dir='ltr'><strong>Deum</strong></span> 
     </span>
    </p>
   </div>
   <div class='ocr_carea' id='block_1_60' title="bbox 1966 2825 3586 2900">
    <p class='ocr_par' dir='ltr' id='par_1_60' title="bbox 1966 2825 3586 2900">
     <span class='ocr_line' id='line_1_60' title="bbox 1966 2825 3586 2900; baseline -0.004 -14"><span class='ocrx_word' id='word_1_399' title='bbox 1966 2833 2148 2886; x_wconf 80' lang='lat' dir='ltr'><strong>omnia</strong></span> <span class='ocrx_word' id='word_1_400' title='bbox 2161 2830 2588 2899; x_wconf 69' lang='lat' dir='ltr'><strong>conparabantur</strong></span> <span class='ocrx_word' id='word_1_401' title='bbox 2607 2833 2666 2886; x_wconf 82' lang='lat' dir='ltr'><strong>in</strong></span> <span class='ocrx_word' id='word_1_402' title='bbox 2687 2830 2908 2897; x_wconf 84' lang='lat' dir='ltr'><strong>bonum,</strong></span> <span class='ocrx_word' id='word_1_403' title='bbox 2931 2829 3046 2900; x_wconf 88' lang='lat' dir='ltr'><strong>qui,</strong></span> <span class='ocrx_word' id='word_1_404' title='bbox 3071 2835 3151 2891; x_wconf 91' lang='lat' dir='ltr'><strong>ut,</strong></span> <span class='ocrx_word' id='word_1_405' title='bbox 3177 2833 3368 2882; x_wconf 89' lang='lat' dir='ltr'><strong>essent</strong></span> <span class='ocrx_word' id='word_1_406' title='bbox 3387 2825 3586 2894; x_wconf 87' lang='lat' dir='ltr'><strong>sancti,</strong></span> 
     </span>
    </p>
   </div>
   <div class='ocr_carea' id='block_1_61' title="bbox 1966 2919 3585 2996">
    <p class='ocr_par' dir='ltr' id='par_1_61' title="bbox 1966 2919 3585 2996">
     <span class='ocr_line' id='line_1_61' title="bbox 1966 2919 3585 2996; baseline -0.003 -17"><span class='ocrx_word' id='word_1_407' title='bbox 1966 2925 2260 2980; x_wconf 81' lang='lat' dir='ltr'><strong>secundam</strong></span> <span class='ocrx_word' id='word_1_408' title='bbox 2281 2929 2616 2996; x_wconf 81' lang='lat' dir='ltr'><strong>propositum</strong></span> <span class='ocrx_word' id='word_1_409' title='bbox 2643 2927 2735 2979; x_wconf 79' lang='lat' dir='ltr'><strong>Dei</strong></span> <span class='ocrx_word' id='word_1_410' title='bbox 2766 2926 2942 2979; x_wconf 84' lang='lat' dir='ltr'><strong>vocati</strong></span> <span class='ocrx_word' id='word_1_411' title='bbox 2965 2929 3096 2978; x_wconf 81' lang='lat' dir='ltr'><strong>sunt</strong></span> <span class='ocrx_word' id='word_1_412' title='bbox 3127 2921 3292 2988; x_wconf 83' lang='lat' dir='ltr'><strong>(Rom.</strong></span> <span class='ocrx_word' id='word_1_413' title='bbox 3328 2937 3446 2984; x_wconf 81' lang='lat' dir='ltr'><strong>vm,</strong></span> <span class='ocrx_word' id='word_1_414' title='bbox 3475 2919 3585 2986; x_wconf 75' lang='lat'><strong>28).</strong></span> 
     </span>
    </p>
   </div>
   <div class='ocr_carea' id='block_1_62' title="bbox 2041 3011 3588 3090">
    <p class='ocr_par' dir='ltr' id='par_1_62' title="bbox 2041 3011 3588 3090">
     <span class='ocr_line' id='line_1_62' title="bbox 2041 3011 3588 3090; baseline -0.004 -18"><span class='ocrx_word' id='word_1_415' title='bbox 2041 3017 2102 3072; x_wconf 88' lang='lat' dir='ltr'><strong>Et</strong></span> <span class='ocrx_word' id='word_1_416' title='bbox 2133 3033 2272 3087; x_wconf 87' lang='lat' dir='ltr'><strong>puer</strong></span> <span class='ocrx_word' id='word_1_417' title='bbox 2299 3019 2523 3090; x_wconf 91' lang='lat' dir='ltr'><strong>quidem</strong></span> <span class='ocrx_word' id='word_1_418' title='bbox 2581 3023 2857 3080; x_wconf 86' lang='lat' dir='ltr'><strong>strenuus,</strong></span> <span class='ocrx_word' id='word_1_419' title='bbox 2895 3015 3004 3082; x_wconf 89' lang='lat' dir='ltr'><strong>jam</strong></span> <span class='ocrx_word' id='word_1_420' title='bbox 3063 3022 3194 3069; x_wconf 91' lang='lat' dir='ltr'><strong>tunc</strong></span> <span class='ocrx_word' id='word_1_421' title='bbox 3222 3012 3404 3067; x_wconf 89' lang='lat' dir='ltr'><strong>nitens</strong></span> <span class='ocrx_word' id='word_1_422' title='bbox 3459 3011 3588 3068; x_wconf 91' lang='lat' dir='ltr'><strong>totis</strong></span> 
     </span>
    </p>
   </div>
   <div class='ocr_carea' id='block_1_63' title="bbox 247 3071 3588 3187">
    <p class='ocr_par' dir='ltr' id='par_1_63' title="bbox 247 3071 3588 3187">
     <span class='ocr_line' id='line_1_63' title="bbox 247 3071 3588 3187; baseline -0.003 -24"><span class='ocrx_word' id='word_1_423' title='bbox 247 3114 521 3178; x_wconf 88' lang='lat' dir='ltr'><strong>temperat</strong></span> <span class='ocrx_word' id='word_1_424' title='bbox 545 3109 904 3177; x_wconf 88' lang='lat' dir='ltr'><strong>voluntatem,</strong></span> <span class='ocrx_word' id='word_1_425' title='bbox 935 3117 991 3166; x_wconf 89' lang='lat' dir='ltr'><strong>et</strong></span> <span class='ocrx_word' id='word_1_426' title='bbox 1020 3109 1192 3168; x_wconf 86' lang='lat' dir='ltr'><strong>ﬁlium</strong></span> <span class='ocrx_word' id='word_1_427' title='bbox 1224 3113 1413 3170; x_wconf 79' lang='lat' dir='ltr'><strong>divino</strong></span> <span class='ocrx_word' id='word_1_428' title='bbox 1441 3116 1718 3187; x_wconf 65' lang='lat' dir='ltr'><strong>mancipat</strong></span> <span class='ocrx_word' id='word_1_429' title='bbox 1744 3133 1865 3172; x_wconf 69' lang='lat' dir='ltr'><strong>ser-</strong></span> <span class='ocrx_word' id='word_1_430' title='bbox 1895 3071 1942 3136; x_wconf 79' lang='grc'><strong>(¹</strong></span> <span class='ocrx_word' id='word_1_431' title='bbox 1967 3106 2180 3162; x_wconf 90' lang='lat' dir='ltr'><strong>viribus</strong></span> <span class='ocrx_word' id='word_1_432' title='bbox 2206 3105 2326 3163; x_wconf 88' lang='lat' dir='ltr'><strong>ﬁeri</strong></span> <span class='ocrx_word' id='word_1_433' title='bbox 2351 3108 2435 3162; x_wconf 89' lang='lat' dir='ltr'><strong>vir</strong></span> <span class='ocrx_word' id='word_1_434' title='bbox 2459 3105 2757 3178; x_wconf 86' lang='lat' dir='ltr'><strong>perfectus,</strong></span> <span class='ocrx_word' id='word_1_435' title='bbox 2788 3111 3050 3176; x_wconf 89' lang='lat' dir='ltr'><strong>quantum</strong></span> <span class='ocrx_word' id='word_1_436' title='bbox 3085 3102 3189 3158; x_wconf 91' lang='lat' dir='ltr'><strong>sub</strong></span> <span class='ocrx_word' id='word_1_437' title='bbox 3218 3102 3395 3158; x_wconf 79' lang='lat' dir='ltr'><strong>ferula</strong></span> <span class='ocrx_word' id='word_1_438' title='bbox 3411 3100 3588 3157; x_wconf 87' lang='lat' dir='ltr'><strong>sancti</strong></span> 
     </span>
    </p>
   </div>
   <div class='ocr_carea' id='block_1_64' title="bbox 245 3199 1864 3280">
    <p class='ocr_par' dir='ltr' id='par_1_64' title="bbox 245 3199 1864 3280">
     <span class='ocr_line' id='line_1_64' title="bbox 245 3199 1864 3280; baseline 0.007 -26"><span class='ocrx_word' id='word_1_439' title='bbox 245 3199 404 3264; x_wconf 88' lang='lat' dir='ltr'><strong>vitio,</strong></span> <span class='ocrx_word' id='word_1_440' title='bbox 421 3201 488 3256; x_wconf 92' lang='lat' dir='ltr'><strong>ad</strong></span> <span class='ocrx_word' id='word_1_441' title='bbox 511 3201 658 3272; x_wconf 86' lang='lat' dir='ltr'><strong>quod</strong></span> <span class='ocrx_word' id='word_1_442' title='bbox 681 3217 806 3256; x_wconf 90' lang='lat' dir='ltr'><strong>eum</strong></span> <span class='ocrx_word' id='word_1_443' title='bbox 825 3201 938 3271; x_wconf 87' lang='lat' dir='ltr'><strong>jam</strong></span> <span class='ocrx_word' id='word_1_444' title='bbox 968 3204 1376 3274; x_wconf 90' lang='lat' dir='ltr'><strong>quodammodo</strong></span> <span class='ocrx_word' id='word_1_445' title='bbox 1407 3207 1630 3263; x_wconf 88' lang='lat' dir='ltr'><strong>videbat</strong></span> <span class='ocrx_word' id='word_1_446' title='bbox 1655 3210 1864 3280; x_wconf 84' lang='lat' dir='ltr'><strong>aspira-</strong></span> 
     </span>
    </p>
   </div>
   <div class='ocr_carea' id='block_1_65' title="bbox 246 3292 1869 3374">
    <p class='ocr_par' dir='ltr' id='par_1_65' title="bbox 246 3292 1869 3374">
     <span class='ocr_line' id='line_1_65' title="bbox 246 3292 1869 3374; baseline 0.008 -29"><span class='ocrx_word' id='word_1_447' title='bbox 246 3307 325 3345; x_wconf 91' lang='lat' dir='ltr'><strong>re.</strong></span> <span class='ocrx_word' id='word_1_448' title='bbox 355 3292 417 3347; x_wconf 90' lang='lat' dir='ltr'><strong>Et</strong></span> <span class='ocrx_word' id='word_1_449' title='bbox 443 3292 836 3363; x_wconf 87' lang='lat' dir='ltr'><strong>quiadoctrina</strong></span> <span class='ocrx_word' id='word_1_450' title='bbox 881 3293 990 3348; x_wconf 92' lang='lat' dir='ltr'><strong>vim</strong></span> <span class='ocrx_word' id='word_1_451' title='bbox 1013 3304 1319 3366; x_wconf 82' lang='lat' dir='ltr'><strong>promovet,</strong></span> <span class='ocrx_word' id='word_1_452' title='bbox 1346 3298 1592 3364; x_wconf 87' lang='lat' dir='ltr'><strong>insitam,</strong></span> <span class='ocrx_word' id='word_1_453' title='bbox 1619 3302 1869 3374; x_wconf 88' lang='lat' dir='ltr'><strong>rectique</strong></span> 
     </span>
    </p>
   </div>
   <div class='ocr_carea' id='block_1_66' title="bbox 240 3381 1868 3464">
    <p class='ocr_par' dir='ltr' id='par_1_66' title="bbox 240 3381 1868 3464">
     <span class='ocr_line' id='line_1_66' title="bbox 240 3381 1868 3464; baseline 0.005 -28"><span class='ocrx_word' id='word_1_454' title='bbox 240 3381 424 3436; x_wconf 92' lang='lat' dir='ltr'><strong>cultus</strong></span> <span class='ocrx_word' id='word_1_455' title='bbox 451 3396 683 3452; x_wconf 89' lang='lat' dir='ltr'><strong>corpora</strong></span> <span class='ocrx_word' id='word_1_456' title='bbox 713 3381 994 3448; x_wconf 90' lang='lat' dir='ltr'><strong>roborant,</strong></span> <span class='ocrx_word' id='word_1_457' title='bbox 1023 3391 1274 3439; x_wconf 89' lang='lat' dir='ltr'><strong>sanctum</strong></span> <span class='ocrx_word' id='word_1_458' title='bbox 1306 3393 1496 3442; x_wconf 87' lang='lat' dir='ltr'><strong>sancto</strong></span> <span class='ocrx_word' id='word_1_459' title='bbox 1537 3386 1650 3444; x_wconf 87' lang='lat' dir='ltr'><strong>ﬁlio</strong></span> <span class='ocrx_word' id='word_1_460' title='bbox 1693 3391 1868 3464; x_wconf 86' lang='lat' dir='ltr'><strong>magi-</strong></span> 
     </span>
    </p>
   </div>
   <div class='ocr_carea' id='block_1_67' title="bbox 243 3475 1864 3551">
    <p class='ocr_par' dir='ltr' id='par_1_67' title="bbox 243 3475 1864 3551">
     <span class='ocr_line' id='line_1_67' title="bbox 243 3475 1864 3551; baseline 0.007 -23"><span class='ocrx_word' id='word_1_461' title='bbox 243 3484 416 3529; x_wconf 90' lang='lat' dir='ltr'><strong>strum</strong></span> <span class='ocrx_word' id='word_1_462' title='bbox 443 3475 629 3547; x_wconf 84' lang='lat' dir='ltr'><strong>elegit,</strong></span> <span class='ocrx_word' id='word_1_463' title='bbox 670 3491 741 3530; x_wconf 91' lang='lat' dir='ltr'><strong>ne</strong></span> <span class='ocrx_word' id='word_1_464' title='bbox 778 3475 1085 3546; x_wconf 91' lang='lat' dir='ltr'><strong>simplicem</strong></span> <span class='ocrx_word' id='word_1_465' title='bbox 1138 3477 1362 3533; x_wconf 90' lang='lat' dir='ltr'><strong>oculum</strong></span> <span class='ocrx_word' id='word_1_466' title='bbox 1403 3479 1663 3551; x_wconf 89' lang='lat' dir='ltr'><strong>discipuli</strong></span> <span class='ocrx_word' id='word_1_467' title='bbox 1706 3490 1864 3539; x_wconf 93' lang='lat' dir='ltr'><strong>tene-</strong></span> 
     </span>
    </p>
   </div>
   <div class='ocr_carea' id='block_1_68' title="bbox 245 3561 1150 3636">
    <p class='ocr_par' dir='ltr' id='par_1_68' title="bbox 245 3561 1150 3636">
     <span class='ocr_line' id='line_1_68' title="bbox 245 3561 1150 3636; baseline 0.001 -19"><span class='ocrx_word' id='word_1_468' title='bbox 245 3563 433 3618; x_wconf 89' lang='lat' dir='ltr'><strong>braret</strong></span> <span class='ocrx_word' id='word_1_469' title='bbox 461 3561 646 3632; x_wconf 89' lang='lat' dir='ltr'><strong>aliqua</strong></span> <span class='ocrx_word' id='word_1_470' title='bbox 682 3562 844 3633; x_wconf 84' lang='lat' dir='ltr'><strong>culpa</strong></span> <span class='ocrx_word' id='word_1_471' title='bbox 883 3563 1150 3636; x_wconf 88' lang='lat' dir='ltr'><strong>magistri.</strong></span> 
     </span>
    </p>
   </div>
   <div class='ocr_carea' id='block_1_69' title="bbox 321 3651 1868 3729">
    <p class='ocr_par' dir='ltr' id='par_1_69' title="bbox 321 3651 1868 3729">
     <span class='ocr_line' id='line_1_69' title="bbox 321 3651 1868 3729; baseline 0.006 -23"><span class='ocrx_word' id='word_1_472' title='bbox 321 3651 660 3707; x_wconf 90' lang='lat' dir='ltr'><strong>lnitiandum</strong></span> <span class='ocrx_word' id='word_1_473' title='bbox 730 3669 863 3729; x_wconf 90' lang='lat' dir='ltr'><strong>ergo</strong></span> <span class='ocrx_word' id='word_1_474' title='bbox 920 3654 1105 3710; x_wconf 89' lang='lat' dir='ltr'><strong>studio</strong></span> <span class='ocrx_word' id='word_1_475' title='bbox 1159 3655 1380 3711; x_wconf 90' lang='lat' dir='ltr'><strong>litterali</strong></span> <span class='ocrx_word' id='word_1_476' title='bbox 1412 3659 1689 3714; x_wconf 88' lang='lat' dir='ltr'><strong>commisit</strong></span> <span class='ocrx_word' id='word_1_477' title='bbox 1741 3675 1868 3715; x_wconf 91' lang='lat' dir='ltr'><strong>eum</strong></span> 
     </span>
    </p>
   </div>
   <div class='ocr_carea' id='block_1_70' title="bbox 249 3741 1867 3816">
    <p class='ocr_par' dir='ltr' id='par_1_70' title="bbox 249 3741 1867 3816">
     <span class='ocr_line' id='line_1_70' title="bbox 249 3741 1867 3816; baseline 0.004 -19"><span class='ocrx_word' id='word_1_478' title='bbox 249 3741 590 3808; x_wconf 82' lang='lat' dir='ltr'><strong>Landoaldo,</strong></span> <span class='ocrx_word' id='word_1_479' title='bbox 620 3741 739 3798; x_wconf 92' lang='lat' dir='ltr'><strong>viro</strong></span> <span class='ocrx_word' id='word_1_480' title='bbox 764 3742 898 3798; x_wconf 83' lang='lat' dir='ltr'><strong>satis</strong></span> <span class='ocrx_word' id='word_1_481' title='bbox 923 3749 1172 3814; x_wconf 88' lang='lat' dir='ltr'><strong>spectato</strong></span> <span class='ocrx_word' id='word_1_482' title='bbox 1210 3744 1487 3816; x_wconf 87' lang='lat' dir='ltr'><strong>sapientia</strong></span> <span class='ocrx_word' id='word_1_483' title='bbox 1516 3756 1574 3802; x_wconf 89' lang='lat' dir='ltr'><strong>et</strong></span> <span class='ocrx_word' id='word_1_484' title='bbox 1611 3747 1867 3816; x_wconf 87' lang='lat' dir='ltr'><strong>scientia,</strong></span> 
     </span>
    </p>
   </div>
   <div class='ocr_carea' id='block_1_71' title="bbox 249 3837 1869 3908">
    <p class='ocr_par' dir='ltr' id='par_1_71' title="bbox 249 3837 1869 3908">
     <span class='ocr_line' id='line_1_71' title="bbox 249 3837 1869 3908; baseline 0.005 -15"><span class='ocrx_word' id='word_1_485' title='bbox 249 3837 544 3894; x_wconf 89' lang='lat' dir='ltr'><strong>sanctitate</strong></span> <span class='ocrx_word' id='word_1_486' title='bbox 587 3844 642 3893; x_wconf 91' lang='lat' dir='ltr'><strong>et</strong></span> <span class='ocrx_word' id='word_1_487' title='bbox 671 3837 962 3894; x_wconf 89' lang='lat' dir='ltr'><strong>industria.</strong></span> <span class='ocrx_word' id='word_1_488' title='bbox 999 3838 1058 3894; x_wconf 85' lang='lat' dir='ltr'><strong>Hi</strong></span> <span class='ocrx_word' id='word_1_489' title='bbox 1118 3839 1487 3908; x_wconf 90' lang='lat' dir='ltr'><strong>Landoaldus,</strong></span> <span class='ocrx_word' id='word_1_490' title='bbox 1521 3850 1725 3900; x_wconf 71' lang='lat' dir='ltr'><strong>sanctae</strong></span> <span class='ocrx_word' id='word_1_491' title='bbox 1755 3845 1869 3901; x_wconf 82' lang='lat' dir='ltr'><strong>Ro-</strong></span> 
     </span>
    </p>
   </div>
   <div class='ocr_carea' id='block_1_72' title="bbox 257 3931 1874 4007">
    <p class='ocr_par' dir='ltr' id='par_1_72' title="bbox 257 3931 1874 4007">
     <span class='ocr_line' id='line_1_72' title="bbox 257 3931 1874 4007; baseline 0.006 -21"><span class='ocrx_word' id='word_1_492' title='bbox 257 3947 435 3986; x_wconf 70' lang='lat' dir='ltr'><strong>mana:</strong></span> <span class='ocrx_word' id='word_1_493' title='bbox 467 3931 724 3988; x_wconf 74' lang='lat' dir='ltr'><strong>Ecclesiae</strong></span> <span class='ocrx_word' id='word_1_494' title='bbox 745 3933 1052 4005; x_wconf 72' lang='lat' dir='ltr'><strong>Epresbyter</strong></span> <span class='ocrx_word' id='word_1_495' title='bbox 1081 3932 1204 3999; x_wconf 88' lang='lat' dir='ltr'><strong>fuit,</strong></span> <span class='ocrx_word' id='word_1_496' title='bbox 1235 3942 1291 3991; x_wconf 88' lang='lat' dir='ltr'><strong>et</strong></span> <span class='ocrx_word' id='word_1_497' title='bbox 1313 3935 1444 4007; x_wconf 90' lang='lat' dir='ltr'><strong>quia</strong></span> <span class='ocrx_word' id='word_1_498' title='bbox 1473 3937 1783 4004; x_wconf 84' lang='lat' dir='ltr'><strong>sanctitate,</strong></span> <span class='ocrx_word' id='word_1_499' title='bbox 1813 3948 1874 3995; x_wconf 93' lang='lat' dir='ltr'><strong>ut</strong></span> 
     </span>
    </p>
   </div>
   <div class='ocr_carea' id='block_1_73' title="bbox 257 4021 1874 4103">
    <p class='ocr_par' dir='ltr' id='par_1_73' title="bbox 257 4021 1874 4103">
     <span class='ocr_line' id='line_1_73' title="bbox 257 4021 1874 4103; baseline 0.005 -25"><span class='ocrx_word' id='word_1_500' title='bbox 257 4021 463 4078; x_wconf 90' lang='lat' dir='ltr'><strong>dictum</strong></span> <span class='ocrx_word' id='word_1_501' title='bbox 498 4029 600 4092; x_wconf 90' lang='lat' dir='ltr'><strong>est,</strong></span> <span class='ocrx_word' id='word_1_502' title='bbox 628 4031 684 4080; x_wconf 90' lang='lat' dir='ltr'><strong>et</strong></span> <span class='ocrx_word' id='word_1_503' title='bbox 707 4023 940 4080; x_wconf 86' lang='lat' dir='ltr'><strong>scientia</strong></span> <span class='ocrx_word' id='word_1_504' title='bbox 971 4025 1382 4097; x_wconf 72' lang='lat' dir='ltr'><strong>praeeminebat,</strong></span> <span class='ocrx_word' id='word_1_505' title='bbox 1414 4043 1446 4084; x_wconf 89' lang='lat' dir='ltr'><strong>a</strong></span> <span class='ocrx_word' id='word_1_506' title='bbox 1473 4027 1705 4086; x_wconf 82' lang='lat' dir='ltr'><strong>Martino</strong></span> <span class='ocrx_word' id='word_1_507' title='bbox 1730 4047 1874 4103; x_wconf 89' lang='lat' dir='ltr'><strong>papa</strong></span> 
     </span>
    </p>
   </div>
   <div class='ocr_carea' id='block_1_74' title="bbox 259 4111 1870 4192">
    <p class='ocr_par' dir='ltr' id='par_1_74' title="bbox 259 4111 1870 4192">
     <span class='ocr_line' id='line_1_74' title="bbox 259 4111 1870 4192; baseline 0.004 -24"><span class='ocrx_word' id='word_1_508' title='bbox 259 4111 632 4169; x_wconf 77' lang='lat' dir='ltr'><strong>Romanorum</strong></span> <span class='ocrx_word' id='word_1_509' title='bbox 699 4119 890 4170; x_wconf 90' lang='lat' dir='ltr'><strong>sancto</strong></span> <span class='ocrx_word' id='word_1_510' title='bbox 945 4115 1194 4171; x_wconf 84' lang='lat' dir='ltr'><strong>Amando</strong></span> <span class='ocrx_word' id='word_1_511' title='bbox 1259 4116 1690 4188; x_wconf 89' lang='lat' dir='ltr'><strong>Trajectensium</strong></span> <span class='ocrx_word' id='word_1_512' title='bbox 1743 4119 1870 4192; x_wconf 83' lang='lat' dir='ltr'><strong>epi-</strong></span> 
     </span>
    </p>
   </div>
   <div class='ocr_carea' id='block_1_75' title="bbox 255 4201 1873 4280">
    <p class='ocr_par' dir='ltr' id='par_1_75' title="bbox 255 4201 1873 4280">
     <span class='ocr_line' id='line_1_75' title="bbox 255 4201 1873 4280; baseline 0.006 -25"><span class='ocrx_word' id='word_1_513' title='bbox 255 4215 428 4272; x_wconf 88' lang='lat' dir='ltr'><strong>scopo</strong></span> <span class='ocrx_word' id='word_1_514' title='bbox 475 4201 544 4256; x_wconf 87' lang='lat' dir='ltr'><strong>ad</strong></span> <span class='ocrx_word' id='word_1_515' title='bbox 573 4201 837 4258; x_wconf 88' lang='lat' dir='ltr'><strong>auxilium</strong></span> <span class='ocrx_word' id='word_1_516' title='bbox 865 4204 1192 4260; x_wconf 63' lang='lat' dir='ltr'><strong>exercendae</strong></span> <span class='ocrx_word' id='word_1_517' title='bbox 1231 4205 1642 4276; x_wconf 67' lang='lat' dir='ltr'><strong>praedicationis</strong></span> <span class='ocrx_word' id='word_1_518' title='bbox 1694 4208 1873 4280; x_wconf 89' lang='lat' dir='ltr'><strong>depu-</strong></span> 
     </span>
    </p>
   </div>
   <div class='ocr_carea' id='block_1_76' title="bbox 261 4291 1872 4366">
    <p class='ocr_par' dir='ltr' id='par_1_76' title="bbox 261 4291 1872 4366">
     <span class='ocr_line' id='line_1_76' title="bbox 261 4291 1872 4366; baseline 0.006 -20"><span class='ocrx_word' id='word_1_519' title='bbox 261 4296 424 4357; x_wconf 90' lang='lat' dir='ltr'><strong>tatus,</strong></span> <span class='ocrx_word' id='word_1_520' title='bbox 463 4291 532 4346; x_wconf 89' lang='lat' dir='ltr'><strong>ad</strong></span> <span class='ocrx_word' id='word_1_521' title='bbox 559 4291 760 4348; x_wconf 76' lang='lat' dir='ltr'><strong>Gallias</strong></span> <span class='ocrx_word' id='word_1_522' title='bbox 783 4293 954 4360; x_wconf 86' lang='lat' dir='ltr'><strong>venit,</strong></span> <span class='ocrx_word' id='word_1_523' title='bbox 982 4299 1039 4350; x_wconf 86' lang='lat' dir='ltr'><strong>et</strong></span> <span class='ocrx_word' id='word_1_524' title='bbox 1077 4293 1366 4351; x_wconf 88' lang='lat' dir='ltr'><strong>ordinatus</strong></span> <span class='ocrx_word' id='word_1_525' title='bbox 1389 4295 1755 4366; x_wconf 87' lang='lat' dir='ltr'><strong>Trajectensis</strong></span> <span class='ocrx_word' id='word_1_526' title='bbox 1774 4297 1872 4355; x_wconf 84' lang='lat' dir='ltr'><strong>Ec-</strong></span> 
     </span>
    </p>
   </div>
   <div class='ocr_carea' id='block_1_77' title="bbox 1971 3190 3590 3272">
    <p class='ocr_par' dir='ltr' id='par_1_77' title="bbox 1971 3190 3590 3272">
     <span class='ocr_line' id='line_1_77' title="bbox 1971 3190 3590 3272; baseline -0.004 -22"><span class='ocrx_word' id='word_1_527' title='bbox 1971 3195 2217 3272; x_wconf 88' lang='lat' dir='ltr'><strong>magistri</strong></span> <span class='ocrx_word' id='word_1_528' title='bbox 2246 3195 2506 3268; x_wconf 87' lang='lat' dir='ltr'><strong>profecit,</strong></span> <span class='ocrx_word' id='word_1_529' title='bbox 2536 3211 2698 3266; x_wconf 86' lang='lat' dir='ltr'><strong>quam</strong></span> <span class='ocrx_word' id='word_1_530' title='bbox 2713 3209 2850 3264; x_wconf 86' lang='lat' dir='ltr'><strong>puro</strong></span> <span class='ocrx_word' id='word_1_531' title='bbox 2881 3200 3105 3265; x_wconf 88' lang='lat' dir='ltr'><strong>pectore</strong></span> <span class='ocrx_word' id='word_1_532' title='bbox 3123 3191 3444 3248; x_wconf 84' lang='lat' dir='ltr'><strong>adhibuerit</strong></span> <span class='ocrx_word' id='word_1_533' title='bbox 3471 3190 3590 3261; x_wconf 87' lang='lat' dir='ltr'><strong>pie-</strong></span> 
     </span>
    </p>
   </div>
   <div class='ocr_carea' id='block_1_78' title="bbox 1973 3278 3590 3348">
    <p class='ocr_par' dir='ltr' id='par_1_78' title="bbox 1973 3278 3590 3348">
     <span class='ocr_line' id='line_1_78' title="bbox 1973 3278 3590 3348; baseline -0.005 -8"><span class='ocrx_word' id='word_1_534' title='bbox 1973 3284 2100 3340; x_wconf 90' lang='lat' dir='ltr'><strong>tatis</strong></span> <span class='ocrx_word' id='word_1_535' title='bbox 2131 3301 2194 3340; x_wconf 87' lang='lat' dir='ltr'><strong>ac</strong></span> <span class='ocrx_word' id='word_1_536' title='bbox 2232 3284 2480 3340; x_wconf 75' lang='lat' dir='ltr'><strong>scientiae</strong></span> <span class='ocrx_word' id='word_1_537' title='bbox 2518 3283 2708 3348; x_wconf 74' lang='lat' dir='ltr'><strong>verba,</strong></span> <span class='ocrx_word' id='word_1_538' title='bbox 2761 3281 2995 3337; x_wconf 85' lang='lat' dir='ltr'><strong>otiosum</strong></span> <span class='ocrx_word' id='word_1_539' title='bbox 3037 3291 3120 3336; x_wconf 89' lang='lat' dir='ltr'><strong>est</strong></span> <span class='ocrx_word' id='word_1_540' title='bbox 3167 3280 3258 3335; x_wconf 89' lang='lat' dir='ltr'><strong>hic</strong></span> <span class='ocrx_word' id='word_1_541' title='bbox 3310 3278 3590 3334; x_wconf 90' lang='lat' dir='ltr'><strong>inculcare</strong></span> 
     </span>
    </p>
   </div>
   <div class='ocr_carea' id='block_1_79' title="bbox 1973 3367 3592 3440">
    <p class='ocr_par' dir='ltr' id='par_1_79' title="bbox 1973 3367 3592 3440">
     <span class='ocr_line' id='line_1_79' title="bbox 1973 3367 3592 3440; baseline -0.004 -14"><span class='ocrx_word' id='word_1_542' title='bbox 1973 3373 2181 3438; x_wconf 86' lang='lat' dir='ltr'><strong>verbis,</strong></span> <span class='ocrx_word' id='word_1_543' title='bbox 2223 3388 2346 3428; x_wconf 91' lang='lat' dir='ltr'><strong>cum</strong></span> <span class='ocrx_word' id='word_1_544' title='bbox 2405 3371 2639 3426; x_wconf 87' lang='lat' dir='ltr'><strong>fructum</strong></span> <span class='ocrx_word' id='word_1_545' title='bbox 2690 3377 2794 3424; x_wconf 89' lang='lat' dir='ltr'><strong>tam</strong></span> <span class='ocrx_word' id='word_1_546' title='bbox 2840 3368 3070 3440; x_wconf 86' lang='lat' dir='ltr'><strong>proﬁcui</strong></span> <span class='ocrx_word' id='word_1_547' title='bbox 3118 3368 3344 3432; x_wconf 88' lang='lat' dir='ltr'><strong>laboris,</strong></span> <span class='ocrx_word' id='word_1_548' title='bbox 3409 3367 3592 3421; x_wconf 88' lang='lat' dir='ltr'><strong>adhuc</strong></span> 
     </span>
    </p>
   </div>
   <div class='ocr_carea' id='block_1_80' title="bbox 1965 3458 3037 3530">
    <p class='ocr_par' dir='ltr' id='par_1_80' title="bbox 1965 3458 3037 3530">
     <span class='ocr_line' id='line_1_80' title="bbox 1965 3458 3037 3530; baseline -0.004 -16"><span class='ocrx_word' id='word_1_549' title='bbox 1965 3460 2136 3516; x_wconf 89' lang='lat' dir='ltr'><strong>hodie</strong></span> <span class='ocrx_word' id='word_1_550' title='bbox 2166 3461 2368 3530; x_wconf 90' lang='lat' dir='ltr'><strong>passim</strong></span> <span class='ocrx_word' id='word_1_551' title='bbox 2397 3459 2699 3514; x_wconf 79' lang='lat' dir='ltr'><strong>exuberare</strong></span> <span class='ocrx_word' id='word_1_552' title='bbox 2732 3458 3037 3513; x_wconf 89' lang='lat' dir='ltr'><strong>videamus.</strong></span> 
     </span>
    </p>
   </div>
   <div class='ocr_carea' id='block_1_81' title="bbox 2038 3541 3589 3603">
    <p class='ocr_par' dir='ltr' id='par_1_81' title="bbox 2038 3541 3589 3603">
     <span class='ocr_line' id='line_1_81' title="bbox 2038 3541 3589 3603; baseline -0.004 -1"><span class='ocrx_word' id='word_1_553' title='bbox 2038 3547 2150 3602; x_wconf 90' lang='lat' dir='ltr'><strong>Sub</strong></span> <span class='ocrx_word' id='word_1_554' title='bbox 2184 3547 2496 3603; x_wconf 85' lang='lat' dir='ltr'><strong>Landoaldo</strong></span> <span class='ocrx_word' id='word_1_555' title='bbox 2529 3545 2660 3600; x_wconf 82' lang='lat' dir='ltr'><strong>felix</strong></span> <span class='ocrx_word' id='word_1_556' title='bbox 2699 3545 3028 3600; x_wconf 90' lang='lat' dir='ltr'><strong>adolescens</strong></span> <span class='ocrx_word' id='word_1_557' title='bbox 3057 3559 3166 3599; x_wconf 92' lang='lat' dir='ltr'><strong>non</strong></span> <span class='ocrx_word' id='word_1_558' title='bbox 3199 3541 3392 3598; x_wconf 88' lang='lat' dir='ltr'><strong>leviter</strong></span> <span class='ocrx_word' id='word_1_559' title='bbox 3431 3557 3589 3596; x_wconf 87' lang='lat' dir='ltr'><strong>exer-</strong></span> 
     </span>
    </p>
   </div>
   <div class='ocr_carea' id='block_1_82' title="bbox 1969 3629 3590 3710">
    <p class='ocr_par' dir='ltr' id='par_1_82' title="bbox 1969 3629 3590 3710">
     <span class='ocr_line' id='line_1_82' title="bbox 1969 3629 3590 3710; baseline -0.003 -19"><span class='ocrx_word' id='word_1_560' title='bbox 1969 3637 2167 3692; x_wconf 88' lang='lat' dir='ltr'><strong>citatus</strong></span> <span class='ocrx_word' id='word_1_561' title='bbox 2193 3637 2260 3692; x_wconf 88' lang='lat' dir='ltr'><strong>ad</strong></span> <span class='ocrx_word' id='word_1_562' title='bbox 2301 3635 2610 3710; x_wconf 84' lang='lat' dir='ltr'><strong>genitorem</strong></span> <span class='ocrx_word' id='word_1_563' title='bbox 2659 3649 2944 3709; x_wconf 86' lang='lat' dir='ltr'><strong>regressus</strong></span> <span class='ocrx_word' id='word_1_564' title='bbox 3001 3638 3086 3687; x_wconf 91' lang='lat' dir='ltr'><strong>est</strong></span> <span class='ocrx_word' id='word_1_565' title='bbox 3165 3631 3276 3686; x_wconf 83' lang='lat' dir='ltr'><strong>Nec</strong></span> <span class='ocrx_word' id='word_1_566' title='bbox 3314 3638 3398 3686; x_wconf 89' lang='lat' dir='ltr'><strong>est</strong></span> <span class='ocrx_word' id='word_1_567' title='bbox 3428 3629 3590 3686; x_wconf 86' lang='lat' dir='ltr'><strong>facile</strong></span> 
     </span>
    </p>
   </div>
   <div class='ocr_carea' id='block_1_83' title="bbox 1970 3717 3587 3796">
    <p class='ocr_par' dir='ltr' id='par_1_83' title="bbox 1970 3717 3587 3796">
     <span class='ocr_line' id='line_1_83' title="bbox 1970 3717 3587 3796; baseline -0.006 -14"><span class='ocrx_word' id='word_1_568' title='bbox 1970 3726 2122 3782; x_wconf 89' lang='lat' dir='ltr'><strong>dictu</strong></span> <span class='ocrx_word' id='word_1_569' title='bbox 2149 3739 2258 3796; x_wconf 91' lang='lat' dir='ltr'><strong>quo</strong></span> <span class='ocrx_word' id='word_1_570' title='bbox 2289 3730 2520 3794; x_wconf 90' lang='lat' dir='ltr'><strong>uterque</strong></span> <span class='ocrx_word' id='word_1_571' title='bbox 2553 3719 2780 3777; x_wconf 70' lang='lat' dir='ltr'><strong>affectus</strong></span> <span class='ocrx_word' id='word_1_572' title='bbox 2803 3719 2879 3774; x_wconf 90' lang='lat' dir='ltr'><strong>sit</strong></span> <span class='ocrx_word' id='word_1_573' title='bbox 2917 3719 3144 3791; x_wconf 82' lang='lat' dir='ltr'><strong>gaudio,</strong></span> <span class='ocrx_word' id='word_1_574' title='bbox 3175 3719 3306 3773; x_wconf 89' lang='lat' dir='ltr'><strong>dum</strong></span> <span class='ocrx_word' id='word_1_575' title='bbox 3339 3718 3387 3774; x_wconf 90' lang='lat' dir='ltr'><strong>ei</strong></span> <span class='ocrx_word' id='word_1_576' title='bbox 3421 3717 3587 3784; x_wconf 84' lang='lat' dir='ltr'><strong>ﬁlius,</strong></span> 
     </span>
    </p>
   </div>
   <div class='ocr_carea' id='block_1_84' title="bbox 1971 3809 3591 3889">
    <p class='ocr_par' dir='ltr' id='par_1_84' title="bbox 1971 3809 3591 3889">
     <span class='ocr_line' id='line_1_84' title="bbox 1971 3809 3591 3889; baseline -0.004 -18"><span class='ocrx_word' id='word_1_577' title='bbox 1971 3825 2205 3889; x_wconf 89' lang='lat' dir='ltr'><strong>paterno</strong></span> <span class='ocrx_word' id='word_1_578' title='bbox 2235 3812 2456 3881; x_wconf 68' lang='lat' dir='ltr'><strong>aﬁ‘cctu,</strong></span> <span class='ocrx_word' id='word_1_579' title='bbox 2487 3819 2542 3869; x_wconf 89' lang='lat' dir='ltr'><strong>et</strong></span> <span class='ocrx_word' id='word_1_580' title='bbox 2581 3819 2738 3884; x_wconf 88' lang='lat' dir='ltr'><strong>pater</strong></span> <span class='ocrx_word' id='word_1_581' title='bbox 2784 3827 2883 3883; x_wconf 88' lang='lat' dir='ltr'><strong>pro</strong></span> <span class='ocrx_word' id='word_1_582' title='bbox 2929 3809 3026 3866; x_wconf 87' lang='lat' dir='ltr'><strong>ﬁlii</strong></span> <span class='ocrx_word' id='word_1_583' title='bbox 3067 3809 3313 3882; x_wconf 87' lang='lat' dir='ltr'><strong>profectu</strong></span> <span class='ocrx_word' id='word_1_584' title='bbox 3345 3809 3591 3883; x_wconf 83' lang='lat' dir='ltr'><strong>gratula-</strong></span> 
     </span>
    </p>
   </div>
   <div class='ocr_carea' id='block_1_85' title="bbox 1973 3901 2153 3958">
    <p class='ocr_par' dir='ltr' id='par_1_85' title="bbox 1973 3901 2153 3958">
     <span class='ocr_line' id='line_1_85' title="bbox 1973 3901 2153 3958; baseline 0 0"><span class='ocrx_word' id='word_1_585' title='bbox 1973 3901 2153 3958; x_wconf 88' lang='lat' dir='ltr'><strong>batur.</strong></span> 
     </span>
    </p>
   </div>
   <div class='ocr_carea' id='block_1_86' title="bbox 2629 4030 2950 4088">
    <p class='ocr_par' dir='ltr' id='par_1_86' title="bbox 2629 4030 2950 4088">
     <span class='ocr_line' id='line_1_86' title="bbox 2629 4030 2950 4088; baseline -0.006 0"><span class='ocrx_word' id='word_1_586' title='bbox 2629 4030 2836 4088; x_wconf 77' lang='lat' dir='ltr'><strong>CAPUT</strong></span> <span class='ocrx_word' id='word_1_587' title='bbox 2866 4031 2950 4086; x_wconf 88' lang='lat' dir='ltr'><strong>IV.</strong></span> 
     </span>
    </p>
   </div>
   <div class='ocr_carea' id='block_1_87' title="bbox 2081 4168 3480 4234">
    <p class='ocr_par' dir='ltr' id='par_1_87' title="bbox 2081 4168 3480 4234">
     <span class='ocr_line' id='line_1_87' title="bbox 2081 4168 3480 4234; baseline -0.004 -9"><span class='ocrx_word' id='word_1_588' title='bbox 2081 4169 2226 4234; x_wconf 82' lang='lat' dir='ltr'><strong>Quod</strong></span> <span class='ocrx_word' id='word_1_589' title='bbox 2253 4185 2287 4222; x_wconf 87' lang='lat' dir='ltr'><strong>a</strong></span> <span class='ocrx_word' id='word_1_590' title='bbox 2305 4171 2356 4224; x_wconf 90' lang='lat' dir='ltr'><strong>s.</strong></span> <span class='ocrx_word' id='word_1_591' title='bbox 2401 4168 2694 4224; x_wconf 83' lang='lat' dir='ltr'><strong>Theodardo</strong></span> <span class='ocrx_word' id='word_1_592' title='bbox 2725 4168 3034 4224; x_wconf 79' lang='lat' dir='ltr'><strong>Lambertus</strong></span> <span class='ocrx_word' id='word_1_593' title='bbox 3063 4170 3364 4224; x_wconf 78' lang='lat' dir='ltr'><strong>instructus</strong></span> <span class='ocrx_word' id='word_1_594' title='bbox 3390 4170 3480 4223; x_wconf 82' lang='lat' dir='ltr'><strong>sit.</strong></span> 
     </span>
    </p>
   </div>
   <div class='ocr_carea' id='block_1_88' title="bbox 2048 4291 3594 4365">
    <p class='ocr_par' dir='ltr' id='par_1_88' title="bbox 2048 4291 3594 4365">
     <span class='ocr_line' id='line_1_88' title="bbox 2048 4291 3594 4365; baseline -0.004 -13"><span class='ocrx_word' id='word_1_595' title='bbox 2048 4298 2247 4352; x_wconf 86' lang='lat' dir='ltr'><strong>Sancto</strong></span> <span class='ocrx_word' id='word_1_596' title='bbox 2294 4295 2618 4352; x_wconf 87' lang='lat' dir='ltr'><strong>Theodardo</strong></span> <span class='ocrx_word' id='word_1_597' title='bbox 2670 4295 3102 4365; x_wconf 85' lang='lat' dir='ltr'><strong>Trajectensium</strong></span> <span class='ocrx_word' id='word_1_598' title='bbox 3161 4294 3425 4364; x_wconf 83' lang='lat' dir='ltr'><strong>episcOpo</strong></span> <span class='ocrx_word' id='word_1_599' title='bbox 3465 4291 3594 4347; x_wconf 88' lang='lat' dir='ltr'><strong>sub-</strong></span> 
     </span>
    </p>
   </div>
   <div class='ocr_carea' id='block_1_89' title="bbox 259 4345 3592 4458">
    <p class='ocr_par' dir='ltr' id='par_1_89' title="bbox 259 4345 3592 4458">
     <span class='ocr_line' id='line_1_89' title="bbox 259 4345 3592 4458; baseline 0.002 -23"><span class='ocrx_word' id='word_1_600' title='bbox 259 4379 448 4436; x_wconf 67' lang='lat' dir='ltr'><strong>clesias</strong></span> <span class='ocrx_word' id='word_1_601' title='bbox 504 4381 968 4455; x_wconf 79' lang='lat' dir='ltr'><strong>archipresbyter,</strong></span> <span class='ocrx_word' id='word_1_602' title='bbox 1025 4383 1232 4440; x_wconf 89' lang='lat' dir='ltr'><strong>ibidem</strong></span> <span class='ocrx_word' id='word_1_603' title='bbox 1282 4385 1392 4442; x_wconf 88' lang='lat' dir='ltr'><strong>Deo</strong></span> <span class='ocrx_word' id='word_1_604' title='bbox 1446 4345 1739 4458; x_wconf 72' lang='lat' dir='ltr'><strong>niilitabat,</strong></span> <span class='ocrx_word' id='word_1_605' title='bbox 1769 4345 2166 4448; x_wconf 84' lang='lat' dir='ltr'><strong>susttituto</strong></span> <span class='ocrx_word' id='word_1_606' title='bbox 2205 4391 2626 4447; x_wconf 87' lang='lat' dir='ltr'><strong>commendatur</strong></span> <span class='ocrx_word' id='word_1_607' title='bbox 2653 4345 2816 4445; x_wconf 68' lang='lat' dir='ltr'><strong>etiam</strong></span> <span class='ocrx_word' id='word_1_608' title='bbox 2869 4389 2998 4444; x_wconf 92' lang='lat' dir='ltr'><strong>huic</strong></span> <span class='ocrx_word' id='word_1_609' title='bbox 3053 4345 3374 4442; x_wconf 68' lang='lat' dir='ltr'><strong>Lambertus</strong></span> <span class='ocrx_word' id='word_1_610' title='bbox 3428 4401 3460 4440; x_wconf 92' lang='lat' dir='ltr'><strong>a</strong></span> <span class='ocrx_word' id='word_1_611' title='bbox 3490 4401 3592 4441; x_wconf 94' lang='lat' dir='ltr'><strong>suo</strong></span> 
     </span>
    </p>
   </div>
   <div class='ocr_carea' id='block_1_90' title="bbox 259 4471 1870 4548">
    <p class='ocr_par' dir='ltr' id='par_1_90' title="bbox 259 4471 1870 4548">
     <span class='ocr_line' id='line_1_90' title="bbox 259 4471 1870 4548; baseline 0.005 -24"><span class='ocrx_word' id='word_1_612' title='bbox 259 4475 452 4526; x_wconf 88' lang='lat' dir='ltr'><strong>sancto</strong></span> <span class='ocrx_word' id='word_1_613' title='bbox 482 4471 728 4528; x_wconf 83' lang='lat' dir='ltr'><strong>Amando</strong></span> <span class='ocrx_word' id='word_1_614' title='bbox 754 4472 1048 4544; x_wconf 87' lang='lat' dir='ltr'><strong>episcopo;</strong></span> <span class='ocrx_word' id='word_1_615' title='bbox 1087 4479 1143 4528; x_wconf 88' lang='lat' dir='ltr'><strong>et</strong></span> <span class='ocrx_word' id='word_1_616' title='bbox 1197 4474 1328 4545; x_wconf 88' lang='lat' dir='ltr'><strong>quia</strong></span> <span class='ocrx_word' id='word_1_617' title='bbox 1365 4473 1513 4530; x_wconf 91' lang='lat' dir='ltr'><strong>idem</strong></span> <span class='ocrx_word' id='word_1_618' title='bbox 1556 4477 1870 4548; x_wconf 88' lang='lat' dir='ltr'><strong>episcopus,</strong></span> 
     </span>
    </p>
   </div>
   <div class='ocr_carea' id='block_1_91' title="bbox 259 4564 1872 4642">
    <p class='ocr_par' dir='ltr' id='par_1_91' title="bbox 259 4564 1872 4642">
     <span class='ocr_line' id='line_1_91' title="bbox 259 4564 1872 4642; baseline 0.007 -22"><span class='ocrx_word' id='word_1_619' title='bbox 259 4564 444 4620; x_wconf 82' lang='lat' dir='ltr'><strong>studio</strong></span> <span class='ocrx_word' id='word_1_620' title='bbox 475 4565 836 4636; x_wconf 64' lang='lat' dir='ltr'><strong>praedicandi,</strong></span> <span class='ocrx_word' id='word_1_621' title='bbox 867 4582 927 4622; x_wconf 91' lang='lat' dir='ltr'><strong>se</strong></span> <span class='ocrx_word' id='word_1_622' title='bbox 953 4569 1273 4639; x_wconf 87' lang='lat' dir='ltr'><strong>expedierat</strong></span> <span class='ocrx_word' id='word_1_623' title='bbox 1297 4569 1602 4642; x_wconf 82' lang='lat' dir='ltr'><strong>episcOpali</strong></span> <span class='ocrx_word' id='word_1_624' title='bbox 1637 4575 1872 4634; x_wconf 88' lang='lat' dir='ltr'><strong>sarcina.</strong></span> 
     </span>
    </p>
   </div>
   <div class='ocr_carea' id='block_1_92' title="bbox 259 4652 1872 4730">
    <p class='ocr_par' dir='ltr' id='par_1_92' title="bbox 259 4652 1872 4730">
     <span class='ocr_line' id='line_1_92' title="bbox 259 4652 1872 4730; baseline 0.004 -22"><span class='ocrx_word' id='word_1_625' title='bbox 259 4653 383 4725; x_wconf 90' lang='lat' dir='ltr'><strong>ipse</strong></span> <span class='ocrx_word' id='word_1_626' title='bbox 397 4652 547 4710; x_wconf 87' lang='lat' dir='ltr'><strong>vices</strong></span> <span class='ocrx_word' id='word_1_627' title='bbox 566 4654 1129 4730; x_wconf 88' lang='lat' dir='ltr'><strong>episcopidiligenter</strong></span> <span class='ocrx_word' id='word_1_628' title='bbox 1155 4663 1210 4714; x_wconf 90' lang='lat' dir='ltr'><strong>et</strong></span> <span class='ocrx_word' id='word_1_629' title='bbox 1225 4666 1538 4730; x_wconf 86' lang='lat' dir='ltr'><strong>Opportune</strong></span> <span class='ocrx_word' id='word_1_630' title='bbox 1559 4659 1872 4730; x_wconf 90' lang='lat' dir='ltr'><strong>supplebat,</strong></span> 
     </span>
    </p>
   </div>
   <div class='ocr_carea' id='block_1_93' title="bbox 261 4743 1876 4820">
    <p class='ocr_par' dir='ltr' id='par_1_93' title="bbox 261 4743 1876 4820">
     <span class='ocr_line' id='line_1_93' title="bbox 261 4743 1876 4820; baseline 0.004 -22"><span class='ocrx_word' id='word_1_631' title='bbox 261 4747 320 4798; x_wconf 89' lang='lat' dir='ltr'><strong>et</strong></span> <span class='ocrx_word' id='word_1_632' title='bbox 361 4757 463 4813; x_wconf 87' lang='lat' dir='ltr'><strong>per</strong></span> <span class='ocrx_word' id='word_1_633' title='bbox 489 4756 686 4798; x_wconf 91' lang='lat' dir='ltr'><strong>novem</strong></span> <span class='ocrx_word' id='word_1_634' title='bbox 738 4757 915 4800; x_wconf 86' lang='lat' dir='ltr'><strong>annos</strong></span> <span class='ocrx_word' id='word_1_635' title='bbox 962 4743 1103 4800; x_wconf 87' lang='lat' dir='ltr'><strong>rexit</strong></span> <span class='ocrx_word' id='word_1_636' title='bbox 1142 4745 1439 4801; x_wconf 86' lang='lat' dir='ltr'><strong>Ecclesiam</strong></span> <span class='ocrx_word' id='word_1_637' title='bbox 1481 4747 1746 4820; x_wconf 86' lang='lat' dir='ltr'><strong>episcOpo</strong></span> <span class='ocrx_word' id='word_1_638' title='bbox 1783 4764 1876 4804; x_wconf 84' lang='lat' dir='ltr'><strong>va-</strong></span> 
     </span>
    </p>
   </div>
   <div class='ocr_carea' id='block_1_94' title="bbox 261 4831 1879 4908">
    <p class='ocr_par' dir='ltr' id='par_1_94' title="bbox 261 4831 1879 4908">
     <span class='ocr_line' id='line_1_94' title="bbox 261 4831 1879 4908; baseline 0.004 -22"><span class='ocrx_word' id='word_1_639' title='bbox 261 4836 512 4896; x_wconf 90' lang='lat' dir='ltr'><strong>cantem,</strong></span> <span class='ocrx_word' id='word_1_640' title='bbox 563 4831 744 4888; x_wconf 88' lang='lat' dir='ltr'><strong>donec</strong></span> <span class='ocrx_word' id='word_1_641' title='bbox 809 4831 1098 4888; x_wconf 85' lang='lat' dir='ltr'><strong>Remaclus</strong></span> <span class='ocrx_word' id='word_1_642' title='bbox 1143 4833 1461 4890; x_wconf 87' lang='lat' dir='ltr'><strong>cathedram</strong></span> <span class='ocrx_word' id='word_1_643' title='bbox 1507 4833 1879 4908; x_wconf 74' lang='lat' dir='ltr'><strong>Trajectensis</strong></span> 
     </span>
    </p>
   </div>
   <div class='ocr_carea' id='block_1_95' title="bbox 265 4921 820 4995">
    <p class='ocr_par' dir='ltr' id='par_1_95' title="bbox 265 4921 820 4995">
     <span class='ocr_line' id='line_1_95' title="bbox 265 4921 820 4995; baseline 0.004 -17"><span class='ocrx_word' id='word_1_644' title='bbox 265 4921 520 4979; x_wconf 84' lang='lat' dir='ltr'><strong>Ecclesiae</strong></span> <span class='ocrx_word' id='word_1_645' title='bbox 557 4923 820 4995; x_wconf 90' lang='lat' dir='ltr'><strong>suscepit.</strong></span> 
     </span>
    </p>
   </div>
   <div class='ocr_carea' id='block_1_96' title="bbox 908 5011 1240 5070">
    <p class='ocr_par' dir='ltr' id='par_1_96' title="bbox 908 5011 1240 5070">
     <span class='ocr_line' id='line_1_96' title="bbox 908 5011 1240 5070; baseline 0 -2"><span class='ocrx_word' id='word_1_646' title='bbox 908 5011 1115 5070; x_wconf 83' lang='lat' dir='ltr'><strong>CAPUT</strong></span> <span class='ocrx_word' id='word_1_647' title='bbox 1140 5012 1240 5068; x_wconf 86' lang='lat' dir='ltr'><strong>Ill.</strong></span> 
     </span>
    </p>
   </div>
   <div class='ocr_carea' id='block_1_97' title="bbox 405 5111 1735 5180">
    <p class='ocr_par' dir='ltr' id='par_1_97' title="bbox 405 5111 1735 5180">
     <span class='ocr_line' id='line_1_97' title="bbox 405 5111 1735 5180; baseline 0.002 -16"><span class='ocrx_word' id='word_1_648' title='bbox 405 5113 476 5164; x_wconf 84' lang='lat' dir='ltr'><strong>De</strong></span> <span class='ocrx_word' id='word_1_649' title='bbox 501 5111 651 5178; x_wconf 80' lang='lat' dir='ltr'><strong>fonte</strong></span> <span class='ocrx_word' id='word_1_650' title='bbox 668 5123 766 5180; x_wconf 85' lang='lat' dir='ltr'><strong>per</strong></span> <span class='ocrx_word' id='word_1_651' title='bbox 789 5111 1091 5166; x_wconf 80' lang='lat' dir='ltr'><strong>orationem</strong></span> <span class='ocrx_word' id='word_1_652' title='bbox 1124 5115 1442 5166; x_wconf 80' lang='lat' dir='ltr'><strong>sanctorum</strong></span> <span class='ocrx_word' id='word_1_653' title='bbox 1461 5111 1735 5180; x_wconf 80' lang='lat' dir='ltr'><strong>producto.</strong></span> 
     </span>
    </p>
   </div>
   <div class='ocr_carea' id='block_1_98' title="bbox 339 5197 1880 5273">
    <p class='ocr_par' dir='ltr' id='par_1_98' title="bbox 339 5197 1880 5273">
     <span class='ocr_line' id='line_1_98' title="bbox 339 5197 1880 5273; baseline 0.003 -21"><span class='ocrx_word' id='word_1_654' title='bbox 339 5197 689 5255; x_wconf 87' lang='lat' dir='ltr'><strong>Landoaldus</strong></span> <span class='ocrx_word' id='word_1_655' title='bbox 738 5204 959 5254; x_wconf 83' lang='lat' dir='ltr'><strong>teneros</strong></span> <span class='ocrx_word' id='word_1_656' title='bbox 1007 5213 1186 5254; x_wconf 89' lang='lat' dir='ltr'><strong>annos</strong></span> <span class='ocrx_word' id='word_1_657' title='bbox 1225 5199 1400 5254; x_wconf 89' lang='lat' dir='ltr'><strong>sancti</strong></span> <span class='ocrx_word' id='word_1_658' title='bbox 1440 5199 1600 5272; x_wconf 88' lang='lat' dir='ltr'><strong>pueri</strong></span> <span class='ocrx_word' id='word_1_659' title='bbox 1652 5206 1880 5273; x_wconf 86' lang='lat' dir='ltr'><strong>paterno</strong></span> 
     </span>
    </p>
   </div>
   <div class='ocr_carea' id='block_1_99' title="bbox 339 5395 1871 5474">
    <p class='ocr_par' dir='ltr' id='par_1_99' title="bbox 339 5395 1871 5474">
     <span class='ocr_line' id='line_1_99' title="bbox 339 5395 1871 5474; baseline 0.003 -21"><span class='ocrx_word' id='word_1_660' title='bbox 339 5395 483 5465; x_wconf 84' lang='lat'><strong>(990)</strong></span> <span class='ocrx_word' id='word_1_661' title='bbox 534 5396 632 5452; x_wconf 89' lang='lat' dir='ltr'><strong>llic</strong></span> <span class='ocrx_word' id='word_1_662' title='bbox 682 5397 948 5468; x_wconf 89' lang='lat' dir='ltr'><strong>Pippinus</strong></span> <span class='ocrx_word' id='word_1_663' title='bbox 994 5395 1290 5474; x_wconf 32' lang='lat' dir='ltr'><strong>ﬁlius‘fuit</strong></span> <span class='ocrx_word' id='word_1_664' title='bbox 1328 5397 1695 5474; x_wconf 74' lang='lat' dir='ltr'><strong>Carlomanni,</strong></span> <span class='ocrx_word' id='word_1_665' title='bbox 1755 5403 1871 5474; x_wconf 91' lang='lat' dir='ltr'><strong>qui,</strong></span> 
     </span>
    </p>
   </div>
   <div class='ocr_carea' id='block_1_100' title="bbox 264 5469 1876 5543">
    <p class='ocr_par' dir='ltr' id='par_1_100' title="bbox 264 5469 1876 5543">
     <span class='ocr_line' id='line_1_100' title="bbox 264 5469 1876 5543; baseline 0.004 -21"><span class='ocrx_word' id='word_1_666' title='bbox 264 5482 432 5543; x_wconf 57' lang='lat' dir='ltr'><strong>ustore</strong></span> <span class='ocrx_word' id='word_1_667' title='bbox 479 5474 638 5543; x_wconf 81' lang='lat' dir='ltr'><strong>capta</strong></span> <span class='ocrx_word' id='word_1_668' title='bbox 685 5483 750 5522; x_wconf 87' lang='lat' dir='ltr'><strong>ex</strong></span> <span class='ocrx_word' id='word_1_669' title='bbox 786 5477 968 5543; x_wconf 79' lang='lat' dir='ltr'><strong>gente</strong></span> <span class='ocrx_word' id='word_1_670' title='bbox 1025 5469 1348 5543; x_wconf 84' lang='lat' dir='ltr'><strong>Aquitanica</strong></span> <span class='ocrx_word' id='word_1_671' title='bbox 1413 5471 1625 5543; x_wconf 56' lang='lat' dir='ltr'><strong>Sueva,</strong></span> <span class='ocrx_word' id='word_1_672' title='bbox 1666 5469 1876 5530; x_wconf 70' lang='lat' dir='ltr'><strong>Suevos</strong></span> 
     </span>
    </p>
   </div>
   <div class='ocr_carea' id='block_1_101' title="bbox 263 5538 1876 5611">
    <p class='ocr_par' dir='ltr' id='par_1_101' title="bbox 263 5538 1876 5611">
     <span class='ocr_line' id='line_1_101' title="bbox 263 5538 1876 5611; baseline 0.005 -19"><span class='ocrx_word' id='word_1_673' title='bbox 263 5539 517 5611; x_wconf 81' lang='lat' dir='ltr'><strong>aliosque</strong></span> <span class='ocrx_word' id='word_1_674' title='bbox 547 5538 849 5611; x_wconf 64' lang='lat' dir='ltr'><strong>Germaniae</strong></span> <span class='ocrx_word' id='word_1_675' title='bbox 902 5538 1158 5611; x_wconf 81' lang='lat' dir='ltr'><strong>populos,</strong></span> <span class='ocrx_word' id='word_1_676' title='bbox 1191 5540 1338 5596; x_wconf 91' lang='lat' dir='ltr'><strong>bello</strong></span> <span class='ocrx_word' id='word_1_677' title='bbox 1389 5541 1540 5598; x_wconf 91' lang='lat' dir='ltr'><strong>vicit.</strong></span> <span class='ocrx_word' id='word_1_678' title='bbox 1589 5541 1723 5598; x_wconf 83' lang='lat' dir='ltr'><strong>Huic</strong></span> <span class='ocrx_word' id='word_1_679' title='bbox 1765 5551 1876 5600; x_wconf 89' lang='lat' dir='ltr'><strong>tres</strong></span> 
     </span>
    </p>
   </div>
   <div class='ocr_carea' id='block_1_102' title="bbox 267 5607 1876 5688">
    <p class='ocr_par' dir='ltr' id='par_1_102' title="bbox 267 5607 1876 5688">
     <span class='ocr_line' id='line_1_102' title="bbox 267 5607 1876 5688; baseline 0.005 -24"><span class='ocrx_word' id='word_1_680' title='bbox 267 5607 615 5666; x_wconf 38' lang='lat' dir='ltr'><strong>fuere—liberi</strong></span> <span class='ocrx_word' id='word_1_681' title='bbox 634 5608 784 5680; x_wconf 72' lang='lat' dir='ltr'><strong>ﬁliae,</strong></span> <span class='ocrx_word' id='word_1_682' title='bbox 815 5607 1022 5684; x_wconf 69' lang='lat' dir='ltr'><strong>Begga:</strong></span> <span class='ocrx_word' id='word_1_683' title='bbox 1051 5619 1108 5668; x_wconf 91' lang='lat' dir='ltr'><strong>et</strong></span> <span class='ocrx_word' id='word_1_684' title='bbox 1147 5607 1462 5681; x_wconf 35' lang='lat' dir='ltr'><strong>&#39;Gertrudis,</strong></span> <span class='ocrx_word' id='word_1_685' title='bbox 1492 5629 1726 5688; x_wconf 87' lang='lat' dir='ltr'><strong>quarum</strong></span> <span class='ocrx_word' id='word_1_686' title='bbox 1758 5615 1876 5673; x_wconf 68' lang='lat' dir='ltr'><strong>haec</strong></span> 
     </span>
    </p>
   </div>
   <div class='ocr_carea' id='block_1_103' title="bbox 1978 4473 3593 4552">
    <p class='ocr_par' dir='ltr' id='par_1_103' title="bbox 1978 4473 3593 4552">
     <span class='ocr_line' id='line_1_103' title="bbox 1978 4473 3593 4552; baseline -0.004 -15"><span class='ocrx_word' id='word_1_687' title='bbox 1978 4489 2151 4552; x_wconf 87' lang='lat' dir='ltr'><strong>patre,</strong></span> <span class='ocrx_word' id='word_1_688' title='bbox 2179 4479 2324 4536; x_wconf 89' lang='lat' dir='ltr'><strong>utad</strong></span> <span class='ocrx_word' id='word_1_689' title='bbox 2343 4480 2464 4549; x_wconf 86' lang='lat' dir='ltr'><strong>ejus</strong></span> <span class='ocrx_word' id='word_1_690' title='bbox 2496 4478 2778 4548; x_wconf 84' lang='lat' dir='ltr'><strong>exemplar</strong></span> <span class='ocrx_word' id='word_1_691' title='bbox 2799 4476 3102 4537; x_wconf 86' lang='lat' dir='ltr'><strong>erudiatur.</strong></span> <span class='ocrx_word' id='word_1_692' title='bbox 3135 4476 3230 4548; x_wconf 92' lang='lat' dir='ltr'><strong>qui</strong></span> <span class='ocrx_word' id='word_1_693' title='bbox 3264 4475 3322 4530; x_wconf 90' lang='lat' dir='ltr'><strong>in</strong></span> <span class='ocrx_word' id='word_1_694' title='bbox 3355 4473 3593 4531; x_wconf 84' lang='lat' dir='ltr'><strong>Ecclesia</strong></span> 
     </span>
    </p>
   </div>
   <div class='ocr_carea' id='block_1_104' title="bbox 1975 4563 3302 4636">
    <p class='ocr_par' dir='ltr' id='par_1_104' title="bbox 1975 4563 3302 4636">
     <span class='ocr_line' id='line_1_104' title="bbox 1975 4563 3302 4636; baseline -0.006 -10"><span class='ocrx_word' id='word_1_695' title='bbox 1975 4577 2030 4626; x_wconf 90' lang='lat' dir='ltr'><strong>et</strong></span> <span class='ocrx_word' id='word_1_696' title='bbox 2061 4570 2115 4625; x_wconf 89' lang='lat' dir='ltr'><strong>in</strong></span> <span class='ocrx_word' id='word_1_697' title='bbox 2145 4569 2299 4625; x_wconf 89' lang='lat' dir='ltr'><strong>curia</strong></span> <span class='ocrx_word' id='word_1_698' title='bbox 2324 4568 2560 4624; x_wconf 88' lang='lat' dir='ltr'><strong>multum</strong></span> <span class='ocrx_word' id='word_1_699' title='bbox 2588 4565 2880 4622; x_wconf 88' lang='lat' dir='ltr'><strong>videbatur</strong></span> <span class='ocrx_word' id='word_1_700' title='bbox 2895 4563 3302 4636; x_wconf 89' lang='lat' dir='ltr'><strong>suspiciendus.</strong></span> 
     </span>
    </p>
   </div>
   <div class='ocr_carea' id='block_1_105' title="bbox 2050 4651 3594 4726">
    <p class='ocr_par' dir='ltr' id='par_1_105' title="bbox 2050 4651 3594 4726">
     <span class='ocr_line' id='line_1_105' title="bbox 2050 4651 3594 4726; baseline -0.005 -12"><span class='ocrx_word' id='word_1_701' title='bbox 2050 4659 2124 4713; x_wconf 84' lang='lat' dir='ltr'><strong>Ex</strong></span> <span class='ocrx_word' id='word_1_702' title='bbox 2161 4657 2320 4726; x_wconf 89' lang='lat' dir='ltr'><strong>cujus</strong></span> <span class='ocrx_word' id='word_1_703' title='bbox 2345 4655 2447 4711; x_wconf 90' lang='lat' dir='ltr'><strong>viri</strong></span> <span class='ocrx_word' id='word_1_704' title='bbox 2488 4656 2662 4711; x_wconf 90' lang='lat' dir='ltr'><strong>latere</strong></span> <span class='ocrx_word' id='word_1_705' title='bbox 2715 4655 2855 4710; x_wconf 91' lang='lat' dir='ltr'><strong>adeo</strong></span> <span class='ocrx_word' id='word_1_706' title='bbox 2908 4651 3143 4724; x_wconf 88' lang='lat' dir='ltr'><strong>profecit</strong></span> <span class='ocrx_word' id='word_1_707' title='bbox 3179 4659 3240 4708; x_wconf 93' lang='lat' dir='ltr'><strong>ut</strong></span> <span class='ocrx_word' id='word_1_708' title='bbox 3278 4653 3333 4708; x_wconf 92' lang='lat' dir='ltr'><strong>in</strong></span> <span class='ocrx_word' id='word_1_709' title='bbox 3379 4653 3594 4709; x_wconf 90' lang='lat' dir='ltr'><strong>cunctis</strong></span> 
     </span>
    </p>
   </div>
   <div class='ocr_carea' id='block_1_106' title="bbox 1982 4741 3592 4820">
    <p class='ocr_par' dir='ltr' id='par_1_106' title="bbox 1982 4741 3592 4820">
     <span class='ocr_line' id='line_1_106' title="bbox 1982 4741 3592 4820; baseline -0.001 -19"><span class='ocrx_word' id='word_1_710' title='bbox 1982 4745 2238 4820; x_wconf 85' lang='lat' dir='ltr'><strong>negotiis,</strong></span> <span class='ocrx_word' id='word_1_711' title='bbox 2273 4759 2384 4800; x_wconf 91' lang='lat' dir='ltr'><strong>non</strong></span> <span class='ocrx_word' id='word_1_712' title='bbox 2425 4749 2631 4798; x_wconf 92' lang='lat' dir='ltr'><strong>tantum</strong></span> <span class='ocrx_word' id='word_1_713' title='bbox 2681 4742 2959 4814; x_wconf 85' lang='lat' dir='ltr'><strong>exemplo,</strong></span> <span class='ocrx_word' id='word_1_714' title='bbox 2991 4741 3092 4796; x_wconf 90' lang='lat' dir='ltr'><strong>sed</strong></span> <span class='ocrx_word' id='word_1_715' title='bbox 3122 4741 3287 4798; x_wconf 90' lang='lat' dir='ltr'><strong>etiam</strong></span> <span class='ocrx_word' id='word_1_716' title='bbox 3329 4741 3592 4800; x_wconf 87' lang='lat' dir='ltr'><strong>miraculo</strong></span> 
     </span>
    </p>
   </div>
   <div class='ocr_carea' id='block_1_107' title="bbox 1980 4831 3595 4907">
    <p class='ocr_par' dir='ltr' id='par_1_107' title="bbox 1980 4831 3595 4907">
     <span class='ocr_line' id='line_1_107' title="bbox 1980 4831 3595 4907; baseline -0.002 -16"><span class='ocrx_word' id='word_1_717' title='bbox 1980 4843 2130 4891; x_wconf 86' lang='lat' dir='ltr'><strong>esset</strong></span> <span class='ocrx_word' id='word_1_718' title='bbox 2155 4832 2444 4898; x_wconf 85' lang='lat' dir='ltr'><strong>omnibus;</strong></span> <span class='ocrx_word' id='word_1_719' title='bbox 2472 4839 2591 4888; x_wconf 89' lang='lat' dir='ltr'><strong>erat</strong></span> <span class='ocrx_word' id='word_1_720' title='bbox 2615 4831 2762 4888; x_wconf 88' lang='lat' dir='ltr'><strong>enim</strong></span> <span class='ocrx_word' id='word_1_721' title='bbox 2792 4848 2921 4888; x_wconf 89' lang='lat' dir='ltr'><strong>vere</strong></span> <span class='ocrx_word' id='word_1_722' title='bbox 2953 4831 3174 4907; x_wconf 86' lang='lat' dir='ltr'><strong>dignus,</strong></span> <span class='ocrx_word' id='word_1_723' title='bbox 3193 4841 3420 4905; x_wconf 86' lang='lat' dir='ltr'><strong>aspectu</strong></span> <span class='ocrx_word' id='word_1_724' title='bbox 3443 4849 3595 4888; x_wconf 87' lang='lat' dir='ltr'><strong>ama-</strong></span> 
     </span>
    </p>
   </div>
   <div class='ocr_carea' id='block_1_108' title="bbox 1983 4924 3595 4998">
    <p class='ocr_par' dir='ltr' id='par_1_108' title="bbox 1983 4924 3595 4998">
     <span class='ocr_line' id='line_1_108' title="bbox 1983 4924 3595 4998; baseline -0.001 -15"><span class='ocrx_word' id='word_1_725' title='bbox 1983 4928 2132 4993; x_wconf 90' lang='lat' dir='ltr'><strong>bilis,</strong></span> <span class='ocrx_word' id='word_1_726' title='bbox 2164 4926 2442 4998; x_wconf 90' lang='lat' dir='ltr'><strong>colloquio</strong></span> <span class='ocrx_word' id='word_1_727' title='bbox 2488 4924 2748 4994; x_wconf 83' lang='lat' dir='ltr'><strong>aﬁ&#39;abilis,</strong></span> <span class='ocrx_word' id='word_1_728' title='bbox 2782 4925 2836 4980; x_wconf 91' lang='lat' dir='ltr'><strong>in</strong></span> <span class='ocrx_word' id='word_1_729' title='bbox 2877 4933 3025 4981; x_wconf 89' lang='lat' dir='ltr'><strong>recta</strong></span> <span class='ocrx_word' id='word_1_730' title='bbox 3067 4927 3489 4984; x_wconf 87' lang='lat' dir='ltr'><strong>conversatione</strong></span> <span class='ocrx_word' id='word_1_731' title='bbox 3539 4935 3595 4982; x_wconf 88' lang='lat' dir='ltr'><strong>et</strong></span> 
     </span>
    </p>
   </div>
   <div class='ocr_carea' id='block_1_109' title="bbox 1983 5017 3593 5090">
    <p class='ocr_par' dir='ltr' id='par_1_109' title="bbox 1983 5017 3593 5090">
     <span class='ocr_line' id='line_1_109' title="bbox 1983 5017 3593 5090; baseline 0 -16"><span class='ocrx_word' id='word_1_732' title='bbox 1983 5019 2242 5076; x_wconf 90' lang='lat' dir='ltr'><strong>omnibus</strong></span> <span class='ocrx_word' id='word_1_733' title='bbox 2271 5017 2564 5086; x_wconf 85' lang='lat' dir='ltr'><strong>conformi,</strong></span> <span class='ocrx_word' id='word_1_734' title='bbox 2597 5017 2686 5075; x_wconf 81' lang='lat' dir='ltr'><strong>vix</strong></span> <span class='ocrx_word' id='word_1_735' title='bbox 2714 5018 2813 5074; x_wconf 91' lang='lat' dir='ltr'><strong>ulli</strong></span> <span class='ocrx_word' id='word_1_736' title='bbox 2863 5017 3166 5074; x_wconf 91' lang='lat' dir='ltr'><strong>imitabilis.</strong></span> <span class='ocrx_word' id='word_1_737' title='bbox 3225 5018 3593 5090; x_wconf 88' lang='lat' dir='ltr'><strong>Parvipende-</strong></span> 
     </span>
    </p>
   </div>
   <div class='ocr_carea' id='block_1_110' title="bbox 1983 5108 3596 5181">
    <p class='ocr_par' dir='ltr' id='par_1_110' title="bbox 1983 5108 3596 5181">
     <span class='ocr_line' id='line_1_110' title="bbox 1983 5108 3596 5181; baseline -0.001 -16"><span class='ocrx_word' id='word_1_738' title='bbox 1983 5110 2076 5166; x_wconf 91' lang='lat' dir='ltr'><strong>bat</strong></span> <span class='ocrx_word' id='word_1_739' title='bbox 2100 5109 2418 5181; x_wconf 67' lang='lat' dir='ltr'><strong>praesentia,</strong></span> <span class='ocrx_word' id='word_1_740' title='bbox 2437 5109 2608 5165; x_wconf 88' lang='lat' dir='ltr'><strong>veluti</strong></span> <span class='ocrx_word' id='word_1_741' title='bbox 2637 5109 2932 5164; x_wconf 89' lang='lat' dir='ltr'><strong>devoverat</strong></span> <span class='ocrx_word' id='word_1_742' title='bbox 2954 5108 3007 5164; x_wconf 91' lang='lat' dir='ltr'><strong>in</strong></span> <span class='ocrx_word' id='word_1_743' title='bbox 3042 5109 3294 5180; x_wconf 88' lang='lat' dir='ltr'><strong>pueritia,</strong></span> <span class='ocrx_word' id='word_1_744' title='bbox 3317 5108 3596 5164; x_wconf 72' lang='lat' dir='ltr'><strong>aestimans</strong></span> 
     </span>
    </p>
   </div>
   <div class='ocr_carea' id='block_1_111' title="bbox 1983 5198 3595 5274">
    <p class='ocr_par' dir='ltr' id='par_1_111' title="bbox 1983 5198 3595 5274">
     <span class='ocr_line' id='line_1_111' title="bbox 1983 5198 3595 5274; baseline -0.001 -17"><span class='ocrx_word' id='word_1_745' title='bbox 1983 5217 2082 5274; x_wconf 90' lang='lat' dir='ltr'><strong>pro</strong></span> <span class='ocrx_word' id='word_1_746' title='bbox 2111 5201 2286 5258; x_wconf 89' lang='lat' dir='ltr'><strong>nihilo</strong></span> <span class='ocrx_word' id='word_1_747' title='bbox 2315 5201 2522 5269; x_wconf 88' lang='lat' dir='ltr'><strong>omnia,</strong></span> <span class='ocrx_word' id='word_1_748' title='bbox 2569 5209 2768 5272; x_wconf 67' lang='lat' dir='ltr'><strong>praeter</strong></span> <span class='ocrx_word' id='word_1_749' title='bbox 2804 5200 2954 5273; x_wconf 92' lang='lat' dir='ltr'><strong>quod</strong></span> <span class='ocrx_word' id='word_1_750' title='bbox 2993 5210 3110 5256; x_wconf 90' lang='lat' dir='ltr'><strong>erat</strong></span> <span class='ocrx_word' id='word_1_751' title='bbox 3141 5207 3362 5256; x_wconf 63' lang='lat' dir='ltr'><strong>aeternae</strong></span> <span class='ocrx_word' id='word_1_752' title='bbox 3399 5198 3595 5256; x_wconf 89' lang='lat' dir='ltr'><strong>salutis</strong></span> 
     </span>
    </p>
   </div>
   <div class='ocr_carea' id='block_1_112' title="bbox 1979 5397 3596 5472">
    <p class='ocr_par' dir='ltr' id='par_1_112' title="bbox 1979 5397 3596 5472">
     <span class='ocr_line' id='line_1_112' title="bbox 1979 5397 3596 5472; baseline -0.002 -14"><span class='ocrx_word' id='word_1_753' title='bbox 1979 5409 2062 5458; x_wconf 90' lang='lat' dir='ltr'><strong>est</strong></span> <span class='ocrx_word' id='word_1_754' title='bbox 2092 5407 2284 5472; x_wconf 89' lang='lat' dir='ltr'><strong>postea</strong></span> <span class='ocrx_word' id='word_1_755' title='bbox 2311 5401 2482 5456; x_wconf 90' lang='lat' dir='ltr'><strong>relata</strong></span> <span class='ocrx_word' id='word_1_756' title='bbox 2508 5401 2562 5456; x_wconf 89' lang='lat' dir='ltr'><strong>in</strong></span> <span class='ocrx_word' id='word_1_757' title='bbox 2596 5417 2886 5457; x_wconf 89' lang='lat' dir='ltr'><strong>numerum</strong></span> <span class='ocrx_word' id='word_1_758' title='bbox 2919 5410 3262 5472; x_wconf 87' lang='lat' dir='ltr'><strong>sanctarum;</strong></span> <span class='ocrx_word' id='word_1_759' title='bbox 3306 5397 3452 5472; x_wconf 79' lang='lat' dir='ltr'><strong>filius</strong></span> <span class='ocrx_word' id='word_1_760' title='bbox 3473 5399 3596 5472; x_wconf 70' lang='lat' dir='ltr'><strong>Gri-</strong></span> 
     </span>
    </p>
   </div>
   <div class='ocr_carea' id='block_1_113' title="bbox 1978 5471 3593 5544">
    <p class='ocr_par' dir='ltr' id='par_1_113' title="bbox 1978 5471 3593 5544">
     <span class='ocr_line' id='line_1_113' title="bbox 1978 5471 3593 5544; baseline 0 -16"><span class='ocrx_word' id='word_1_761' title='bbox 1978 5471 2250 5539; x_wconf 84' lang='lat' dir='ltr'><strong>moaldus,</strong></span> <span class='ocrx_word' id='word_1_762' title='bbox 2281 5471 2376 5544; x_wconf 89' lang='lat' dir='ltr'><strong>qui</strong></span> <span class='ocrx_word' id='word_1_763' title='bbox 2408 5479 2614 5543; x_wconf 88' lang='lat' dir='ltr'><strong>patrem</strong></span> <span class='ocrx_word' id='word_1_764' title='bbox 2645 5482 2863 5530; x_wconf 89' lang='lat' dir='ltr'><strong>mortuo</strong></span> <span class='ocrx_word' id='word_1_765' title='bbox 2895 5472 3003 5528; x_wconf 87' lang='lat' dir='ltr'><strong>dux</strong></span> <span class='ocrx_word' id='word_1_766' title='bbox 3037 5471 3234 5538; x_wconf 88' lang='lat' dir='ltr'><strong>factus,</strong></span> <span class='ocrx_word' id='word_1_767' title='bbox 3269 5471 3593 5542; x_wconf 68' lang='lat' dir='ltr'><strong>reipublicae</strong></span> 
     </span>
    </p>
   </div>
   <div class='ocr_carea' id='block_1_114' title="bbox 1976 5543 3190 5618">
    <p class='ocr_par' dir='ltr' id='par_1_114' title="bbox 1976 5543 3190 5618">
     <span class='ocr_line' id='line_1_114' title="bbox 1976 5543 3190 5618; baseline -0.002 -18"><span class='ocrx_word' id='word_1_768' title='bbox 1976 5545 2211 5618; x_wconf 67' lang='lat' dir='ltr'><strong>praefuit.</strong></span> <span class='ocrx_word' id='word_1_769' title='bbox 2239 5543 2555 5600; x_wconf 57' lang='lat' dir='ltr'><strong>Butuntis</strong></span> <span class='ocrx_word' id='word_1_770' title='bbox 2577 5546 2633 5599; x_wconf 91' lang='lat' dir='ltr'><strong>ln</strong></span> <span class='ocrx_word' id='word_1_771' title='bbox 2662 5543 2952 5610; x_wconf 87' lang='lat' dir='ltr'><strong>Chronico,</strong></span> <span class='ocrx_word' id='word_1_772' title='bbox 2985 5559 3086 5616; x_wconf 87' lang='lat' dir='ltr'><strong>cap</strong></span> <span class='ocrx_word' id='word_1_773' title='bbox 3137 5545 3190 5599; x_wconf 86' lang='grc'><strong>1.</strong></span> 
     </span>
    </p>
   </div>
  </div>
