3948 6044
396 173 500 231 763

1612 189 1953 246 SlGEBERTl
1998 193 2485 252 GEMBLACENSIS

3620 208 3734 263 764

395 303 596 378 gratia;
651 307 971 362 caelestibus
1025 310 1210 366 animo
1241 312 1534 383 inhaerens,
1576 331 1699 374 sese
1738 320 2007 378 holocau-
2031 330 2076 396 Α
2106 329 2161 378 et
2190 325 2465 381 Lamberti
2495 333 2735 384 mentem
2777 331 2919 401 plus,
2964 334 3155 401 credo,
3189 336 3448 391 omnibus
3480 343 3730 394 conster-

393 401 534 448 stum
565 396 799 452 Domino
829 401 1120 456 mactabat.

463 485 568 541 Sed
582 489 713 558 quid
745 505 884 561 Opus
905 500 988 546 est
1031 493 1157 549 hinc
1187 495 1318 552 inde
1348 500 1597 570 quaesitis
1625 502 2001 562 laudationum

390 579 530 634 lucis
559 575 710 636 illum
758 585 1004 642 colorare
1050 603 1211 659 quem
1253 593 1524 663 sapientia
1568 597 1706 667 ipsis
1744 599 2005 657 coloravit

387 669 730 725 virtutibus?
761 673 1109 744 Superilnum
1142 687 1227 734 est
1257 691 1407 737 extra
1437 701 1686 754 quaerere
1715 691 2001 746 materiam

389 758 587 827 laudis,
607 777 730 816 cum
763 779 888 817 eum
924 763 1143 822 Creator
1169 769 1234 823 ad
1272 777 1474 828 tantam
1519 774 1836 834 formaverit
1865 797 1998 854 gra-

389 853 517 907 tiam
562 862 622 909 ut
662 857 714 910 in
747 863 857 912 toto
898 875 1128 931 corpore
1183 864 1302 934 ejus
1342 868 1432 921 vix
1461 873 1791 942 surrepserit
1815 877 2001 949 aliqua

387 949 594 997 naturae
633 947 864 1014 menda;
899 948 954 1002 in
979 951 1165 1008 animo
1203 970 1332 1010 vero
1379 958 1518 1027 ejus,
1560 961 1644 1015 vix
1679 963 1863 1036 aliqua
1893 947 1999 1025 no-

386 1034 506 1091 civa
534 1039 746 1093 macula
773 1044 1106 1111 apparuerit.

1024 1155 1231 1212 CAPUT
1269 1159 1330 1214 V.

384 1242 453 1293 De
503 1239 817 1296 habitudine
867 1249 1097 1314 corporis
1142 1252 1322 1332 sancti
1368 1253 1640 1310 Lamberti
1686 1264 1737 1312 et
1794 1261 2002 1318 dotibus

1082 1334 1276 1373 animi.

455 1397 590 1460 Quia
618 1407 796 1454 tamen
825 1411 1044 1472 oportet
1073 1421 1197 1460 eum
1240 1409 1482 1477 laudare,
1517 1421 1576 1468 ut
1617 1432 1679 1470 ex
1712 1435 1844 1476 vero
1875 1439 2000 1479 eum

383 1489 670 1544 laudemus
701 1493 876 1547 decet.
915 1495 1003 1548 His
1043 1497 1134 1566 qui
1191 1499 1574 1559 habitudinem
1603 1513 1851 1580 corporis
1881 1516 2001 1584 ejus

382 1587 474 1632 aut
505 1580 674 1643 novit,
697 1589 790 1636 aut
812 1583 880 1636 ab
911 1584 996 1638 his
1026 1587 1118 1656 qui
1151 1603 1274 1642 cum
1307 1604 1575 1650 noverunt
1607 1598 1798 1656 didicit
1827 1580 1991 1676 (99⁷1),

381 1667 752 1736 scripsitcum
807 1670 975 1726 fuisse
1017 1673 1230 1742 fortem,
1272 1680 1540 1749 velocem,
1593 1688 1818 1745 multum
1876 1667 1994 1767 agi-

381 1757 510 1823 lem,
556 1756 772 1814 iirmum
817 1762 868 1815 in
940 1764 1106 1829 bello,
1150 1766 1323 1824 forma
1369 1776 1726 1845 praecipuum,
1789 1756 1994 1840 statlira

381 1865 689 1919 procerum,
738 1851 875 1908 facie
935 1857 1158 1924 decora,
1206 1865 1416 1918 cesarie
1467 1865 1725 1939 formosa,
1776 1874 1993 1948 inclytis

378 1943 572 2008 oculis,
615 1944 868 2000 manibus
909 1947 1174 2017 honestis,
1209 1953 1397 2025 digitis
1437 1958 1634 2034 longis,
1657 1979 1823 2020 carne
1853 1984 1991 2024 can-

378 2035 527 2103 dida,
569 2046 625 2092 ut
667 2055 698 2093 a
731 2040 914 2109 planta
959 2045 1117 2112 pedis
1156 2063 1332 2120 usque
1385 2053 1453 2108 ad
1506 2058 1764 2115 verticem
1798 2065 1994 2134 capitis

377 2136 518 2183 esset
541 2130 1063 2201 irreprehensibilis.

446 2219 524 2282 Et,
577 2229 636 2276 ut
686 2223 974 2279 veniamus
1031 2228 1098 2281 ad
1133 2228 1277 2286 bona
1326 2235 1515 2305 animi,
1563 2249 1678 2298 erat
1730 2244 1990 2304 charitate

375 2307 590 2378 plenus,
632 2312 878 2367 castitate
933 2317 1282 2387 praecinctus,
1341 2322 1600 2383 fundatus
1659 2331 1714 2386 in
1768 2335 1990 2392 humili-

373 2404 501 2464 tate,
529 2409 840 2469 opportune
871 2404 1127 2473 orationi,
1158 2420 1466 2480 opportune
1499 2417 1746 2487 lectioni,
1783 2439 1988 2495 oppor-

375 2492 504 2541 tune
559 2489 780 2561 negotio
820 2493 1069 2548 saeculari
1126 2499 1212 2553 vel
1268 2502 1346 2555 rei
1405 2503 1658 2563 famitiari
1719 2511 1985 2573 intentus.

374 2755 660 2811 formatum
703 2775 733 2812 a
781 2759 910 2815 Deo.
948 2763 1105 2832 Ecce,
1160 2767 1408 2841 inquam,
1470 2776 1641 2834 habes
1683 2755 1982 2854 hominem,

369 2849 545 2904 cuivis
579 2867 829 2921 personae
861 2855 1100 2913 habilem
1134 2862 1486 2936 conformari,
1519 2870 1576 2925 in
1629 2890 1759 2945 quo,
1802 2879 1848 2932 si
1901 2890 1985 2935 at-

370 2939 563 2992 tendas
583 2957 648 2995 ea
679 2959 802 3013 quae
833 2953 959 3000 sunt
988 2947 1137 3018 laici,
1180 2954 1313 3024 quid
1345 2957 1414 3012 de
1453 2959 1592 3017 laico
1643 2939 1692 3019 ei
1740 2939 1982 3026 defuisse

369 3030 557 3086 dicas?
581 3033 627 3087 si
673 3051 886 3106 quaeras
911 3055 1034 3109 quae
1090 3053 1219 3100 sunt
1257 3047 1462 3117 clerici,
1521 3058 1688 3109 totum
1723 3058 1981 3117 clericum

367 3138 637 3180 inventas.

441 3211 530 3264 His
555 3213 716 3269 rebus
748 3214 907 3275 facile
937 3232 1310 3294 comparatum
1340 3239 1458 3288 erat
1489 3242 1548 3290 ut
1586 3238 1740 3293 omni
1773 3242 1982 3299 honore

365 3299 724 3375 omniumque
756 3323 942 3365 amore
1000 3312 1584 3388 dignquudicaretnr.
1634 3327 1738 3382 Per
1777 3329 1880 3386 hoc
1907 3332 1981 3387 ita

363 3386 688 3449 Theodardo
717 3396 980 3470 episcOpo
1036 3386 1153 3458 erat
1183 3409 1333 3462 cordi
1377 3417 1436 3466 ut
1489 3427 1823 3487 prmoptaret
1853 3386 1978 3477 eum

365 3479 470 3534 sibi
499 3481 706 3557 eligere
735 3503 1133 3558 successorem,
1184 3496 1288 3553 nisi
1327 3500 1492 3557 sciret
1537 3509 1838 3576 apostolica
1877 3528 1977 3566 au-

365 3574 615 3630 ctoritate
643 3593 765 3632 esse
788 3580 1070 3640 decretum
1100 3588 1248 3660 (99‘2)
1281 3607 1351 3646 ne
1390 3574 1708 3654 sacerdotes
1737 3601 1979 3660 audeant

364 3662 500 3719 alios
533 3667 832 3742 designatis
871 3677 1212 3747 nominibus,
1253 3683 1356 3738 sibi
1397 3687 1718 3764 subrogare,
1751 3709 1819 3748 ne
1859 3697 1981 3767 epi-

362 3765 619 3827 scopatus
642 3776 751 3814 non
779 3763 1026 3820 divinum
1055 3785 1276 3840 munus,
1309 3775 1405 3829 sed
1438 3763 1846 3839 hereditarium
1877 3803 1978 3857 pu-

361 3851 508 3901 tetur
547 3865 666 3904 esse
706 3858 1096 3923 compendium
1155 3872 1208 3916 et
1247 3880 1315 3919 ne
1358 3868 1646 3941 quisquam
1699 3878 1843 3946 quod
1877 3851 1970 3935 ἰ)θὶ

359 3943 441 3991 est
479 3947 630 4008 putet
685 3945 894 4000 homini
952 3950 1162 4006 deberi.
1209 3955 1372 4014 Porro
1429 3960 1481 4015 in
1515 3964 1640 4019 aula
1682 3943 1826 4040 regis
1859 3987 1968 4027 non

359 4025 496 4079 levis
529 4036 645 4083 erat
674 4032 962 4092 aestimatio
1010 4040 1079 4094 de
1120 4041 1390 4100 Lamberti
1421 4051 1668 4120 nomine,
1717 4025 1879 4127 quem
1914 4071 1968 4116 et

999 4293 1205 4352 CAPUT
1242 4299 1326 4355 VI.

635 4381 706 4431 De
731 4381 898 4436 relato
925 4400 1137 4455 corpore
1162 4396 1340 4447 sancti
1370 4396 1671 4457 Theodoreti.

352 4660 631 4717 territorio
685 4677 916 4723 mortem
969 4677 1300 4749 Oppetierat,
1363 4660 1469 4740 non
1528 4660 1830 4748 credebant
1863 4697 1966 4752 hoc

345 5043 546 5100 corpus
596 5034 716 5102 ejus
755 5047 1022 5111 asportari
1060 5065 1090 5103 a
1145 5068 1243 5106 sua
1301 5060 1584 5129 parochia,
1633 5066 1790 5133 cujus
1816 5085 1963 5138 prae-

344 5121 519 5176 sentia
547 5127 811 5195 optabant
839 5139 1174 5196 mternaliter
1210 5121 1453 5216 gloriari.

417 5212 541 5268 Haec
562 5218 833 5277 acerbitas
856 5228 932 5280 rei
951 5228 1180 5286 nimium
1217 5239 1524 5304 perculerat
1553 5241 1948 5318 Trajectenses,

615 5386 1358 5487 EodePSchallcum‘intelligit,
1393 5407 1485 5477 qui
1519 5425 1585 5464 ex
1622 5411 1964 5487 Thiedoeno,

344 5450 396 5557 δέ
437 5450 704 5540 Lamberti
760 5450 1485 5532 [επηυιοφέῐὶὶδδίιῖἶάἷηὲἶη
1515 5450 1966 5557 ἔὸιηρὁῖίῒῖῖῗίῗιζζ

344 5525 615 5623 ξξπὲῗῖῐῗιίζ
657 5531 886 5623 virtutes
933 5525 1124 5596 scribit
1172 5561 1232 5600 se
1282 5525 1962 5623 εοεηονίεεθνῖηωνῖίέυξί

346 5591 639 5664 Lamberti,
670 5617 788 5672 cap.
819 5606 870 5661 3,

2108 423 2364 484 naverat;
2422 420 2520 473 sed
2569 420 2687 491 ipse
2747 432 3063 494 temperans
3102 426 3374 490 dolorem,
3411 430 3641 500 quippe,
3673 433 3731 486 in

2105 525 2237 582 quo,
2291 517 2414 581 post
2452 512 2643 580 Deum,
2678 522 2792 569 tota
2849 515 2998 586 urbs,
3040 517 3302 572 inclinata
3349 521 3729 592 recumbebat,

2104 603 2172 656 ad
2201 603 2566 673 repetendum
2597 607 2846 675 prasulis
2873 623 3074 679 corpus
3101 626 3160 664 se
3189 611 3442 667 accinxit.
3467 614 3528 668 Et
3545 616 3730 685 primo

2104 690 2413 760 frustratus,
2437 709 2547 748 non
2576 695 2802 761 destitit,
2837 698 2930 750 sed
2967 704 3078 753 toto
3107 700 3291 755 animo
3323 712 3378 757 et
3402 719 3568 758 sensu
3597 693 3728 770 suo,

2100 780 2170 834 ad
2223 781 2550 851 explendam
2610 799 2834 855 Operam
2867 802 3018 841 suam
3061 804 3212 856 usus,
3274 806 3387 845 rem
3446 793 3631 850 eﬂ'ecit
3661 811 3730 848 ex

2100 875 2400 932 sententia.

2173 966 2424 1023 Relatum
2477 969 2663 1041 itaque
2716 972 2891 1027 sancti
2923 988 3140 1044 corpus,
3183 976 3236 1029 in
3294 977 3424 1032 villa
3480 980 3726 1049 publica,

2105 1058 2271 1133 Legia
2327 1061 2635 1130 tumulavit,
2698 1064 2998 1134 praesciens
3046 1068 3194 1138 quod
3258 1086 3377 1124 eam
3440 1071 3722 1135 divinitas,

2101 1152 2279 1223 ipsius
2329 1155 2496 1210 etiam
2529 1159 2802 1232 sanguine
2827 1166 2880 1214 et
2921 1161 3144 1216 nomine
3176 1164 3492 1234 specialiter
3521 1183 3721 1222 conse-

2103 1242 2384 1309 crandam,
2433 1247 2792 1314 praevidebat,
2825 1257 2880 1304 et
2919 1251 2983 1304 ad
3019 1253 3390 1322 ampliandam
3422 1264 3720 1329 martyrum

2101 1333 2330 1408 gloriam
2366 1337 2597 1407 parabat
2627 1339 2682 1394 in
2707 1341 2897 1395 urbem
2918 1344 3208 1414 ampliare.

2736 1431 2943 1488 CAPUT
2985 1435 3088 1490 Vll.

2418 1519 2561 1580 Quod
2595 1521 2666 1573 ad
2688 1525 3054 1591 episwpatum
3083 1526 3279 1582 electus
3303 1531 3396 1582 sit.

2164 1603 2294 1667 Quis
2335 1605 2761 1676 Trajectensium
2833 1612 3089 1668 Ecclesia:
3155 1617 3415 1672 substitui
3486 1618 3724 1677 deberet

2095 1693 2410 1766 episcopus,
2461 1699 2692 1753 multum
2742 1700 3155 1759 deliberabatur
3202 1706 3258 1760 in
3304 1706 3547 1762 Ecclesia
3592 1709 3718 1776 Dei,

2095 1787 2326 1841 multum
2358 1805 2525 1859 super
2564 1791 2668 1846 hoc
2698 1792 2753 1846 in
2772 1795 2896 1849 aula
2913 1796 3059 1868 regis
3098 1797 3320 1853 Hildrici
3351 1801 3716 1869 tractabatur,

2095 1875 2188 1946 qui
2219 1887 2434 1934 mortuo
2464 1889 2616 1950 patro
2675 1897 2775 1938 suo
2839 1884 3150 1958 Sigeberto,
3195 1903 3423 1963 regnum
3477 1891 3718 1948 Austrao

2094 1968 2189 2024 size
2216 1985 2246 2022 a
2272 1977 2425 2040 patre
2460 1988 2561 2028 suo
2601 1973 2874 2032 Clodoveo
2907 1987 3214 2049 acceperat,
3255 1981 3486 2054 Jamque
3514 1987 3717 2055 paula-

2095 2057 2191 2111 tim
2222 2074 2424 2127 sermo,
2455 2061 2525 2116 de
2581 2065 2785 2133 palatio
2816 2065 2885 2120 ad
2917 2067 3231 2136 ecclesiam,
3279 2072 3348 2125 ab
3385 2075 3615 2130 ecclesia
3643 2079 3716 2131 ad

2095 2149 2284 2220 pepuli
2337 2150 2705 2223 frequentiam
2753 2156 3102 2215 discurrebat
3163 2162 3375 2218 nullum
3419 2167 3712 2224 Lamberto

2093 2241 2378 2297 meliorem
2408 2259 2552 2309 esse,
2577 2263 2640 2301 ac
2671 2264 2769 2316 per
2812 2250 2917 2304 hoc
2964 2252 3175 2306 nullum
3214 2256 3535 2328 episcOpatu
3575 2260 3715 2314 Tra~

2087 2331 2418 2399 jectensium
2460 2351 2582 2390 esse
2613 2337 2945 2410 digniorem,
2976 2343 3027 2396 ei
3075 2353 3409 2416 competere,
3444 2366 3507 2403 ex
3548 2367 3720 2407 cano-

2092 2420 2214 2475 nica
2246 2423 2590 2492 auctoritate,
2633 2433 2690 2481 ut
2741 2428 2796 2482 in
2855 2431 3096 2487 Ecclesia
3141 2451 3240 2490 sua
3273 2435 3506 2494 fructum
3566 2444 3718 2497 mili-

2089 2701 2335 2756 omnium
2378 2703 2564 2771 corda,
2617 2707 2788 2762 millia
2837 2712 3025 2782 p0puli
3087 2731 3198 2770 uno
3227 2731 3324 2770 ore
3380 2720 3703 2777 acclamant.

2088 2790 2156 2845 Se
2189 2791 2267 2845 illi
2293 2795 2450 2848 oneri
2487 2808 2648 2867 negat
2671 2815 2790 2855 esse
2811 2818 3022 2872 parem,
3046 2821 3110 2860 ac
3138 2823 3234 2877 per
3254 2810 3361 2864 hoc
3383 2813 3556 2886 magis
3583 2815 3706 2889 cogi

2087 2892 2344 2939 meretur.
2381 2887 2622 2945 Tandem
2672 2892 2774 2959 vir,
2808 2894 3013 2952 ditatus
3045 2899 3349 2956 honoribus
3399 2887 3703 2961 sanctimo-

2007 3007 2056 3076 Ο
2089 2979 2218 3047 nise,
2290 2980 2592 3040 illustratus
2647 2991 2997 3047 commerciis
3050 2997 3444 3064 parcimoniae,
3513 3003 3709 3056 annuit

2087 3086 2231 3126 unus
2275 3075 2532 3131 omnibus
2574 3079 2918 3154 morigerari,
2951 3090 3012 3139 ut
3047 3101 3240 3142 omnes
3271 3089 3338 3144 de
3399 3107 3458 3146 se
3489 3108 3598 3148 uno
3647 3094 3700 3148 in

2086 3157 2297 3216 Christo
2327 3162 2549 3234 gloriari
2597 3177 2844 3238 possent.

2156 3249 2398 3320 Adeptus
2452 3254 2672 3311 culmen
2737 3259 3023 3333 religionis
3093 3272 3425 3335 perpetuae,
3494 3270 3705 3326 studuit

2083 3341 2308 3411 pietatis
2360 3360 2565 3419 augere
2607 3364 2798 3420 opera,
2856 3354 2950 3424 qui
2994 3355 3293 3425 pontificali
3354 3370 3550 3416 auctus
3584 3373 3702 3419 erat

2081 3434 2272 3490 infula.
2321 3437 2589 3496 Mactabat
2611 3445 2760 3498 omni
2802 3445 2892 3500 die
2916 3447 3292 3506 holocaustum
3325 3453 3558 3511 Domino
3584 3473 3697 3512 non

2077 3540 2140 3580 ex
2195 3543 2396 3596 pecore
2425 3529 2625 3587 alieno.
2689 3532 2985 3591 Consilium
3015 3546 3070 3592 et
3115 3555 3254 3611 opus
3283 3558 3444 3597 suum
3478 3561 3703 3616 semper

2079 3618 2147 3672 ad
2187 3619 2358 3675 Deum
2399 3626 2775 3694 convertebat,
2818 3644 2913 3684 cor
2949 3638 3004 3685 et
3061 3633 3234 3702 pedes
3291 3635 3572 3707 dirigebat
3627 3640 3698 3692 ad

2080 3712 2566 3785 evangelizandam
2598 3733 2809 3787 pacem.
2842 3719 3062 3791 Septem
3105 3726 3311 3796 quippe
3350 3727 3495 3782 dona
3523 3729 3703 3800 Spiri-

2079 3803 2164 3852 tus
2203 3802 2375 3855 sancti
2411 3819 2534 3874 qua:
2575 3804 2783 3863 Christo
2838 3810 3275 3869 substantialiter
3325 3816 3532 3883 insunt,
3567 3819 3701 3874 huic

2077 3903 2318 3959 quoque,
2353 3908 2452 3960 pro
2481 3902 2645 3964 captu
2697 3897 2960 3966 humano,
2993 3902 3407 3959 accidentaliter
3436 3907 3696 3964 aderant.

2071 3975 2304 4045 Spiritus
2334 3981 2548 4036 consilii
2597 3984 2654 4038 in
2695 4001 2760 4040 eo
2792 3987 3008 4060 vigebat
3039 3994 3292 4067 egregie;
3325 3995 3395 4065 jet
3425 3997 3699 4068 quidquid

2069 4066 2287 4140 agebat,
2321 4069 2514 4139 spiritu
2552 4075 2842 4144 sapientiae
2891 4066 3230 4138 moderabat.
3266 4085 3374 4140 Rex
3415 4066 3545 4142 vero
3580 4066 3697 4143 ilil-

2069 4159 2276 4227 dricus,
2299 4161 2493 4218 videns
2522 4181 2647 4220 eum
2676 4171 2889 4225 cunctis
2916 4181 3200 4243 praestare,
3230 4177 3403 4248 pluris
3434 4195 3560 4234 eum
3593 4181 3696 4236 ha-

2068 4249 2232 4306 bebat
2257 4255 2470 4309 cunctis
2499 4257 2655 4329 regni
2701 4261 3037 4331 primoribus
3085 4266 3337 4340 ipsisque
3385 4271 3697 4342 episc0pis,

1982 4329 2039 4397 D
2064 4338 2228 4410 eique
2267 4344 2413 4412 apud
2443 4345 2686 4402 animum
2718 4366 2899 4419 suum,
2935 4355 3079 4424 apud
3119 4373 3282 4413 aures
3319 4367 3374 4414 et
3415 4375 3476 4416 os
3506 4377 3692 4427 suum,

2071 4430 2307 4498 primum
2343 4432 2522 4489 locum
2565 4435 2747 4502 dabat,
2807 4448 2860 4496 et
2889 4444 3046 4512 cujus
3077 4461 3171 4500 cor
3219 4448 3479 4503 credebat
3507 4451 3686 4522 Spiri-

2068 4526 2156 4572 tus
2185 4522 2358 4576 sancti
2411 4526 2691 4582 oraculum
2725 4545 2869 4598 esse,
2901 4533 3170 4606 cujusque
3216 4536 3460 4612 linguam
3515 4541 3696 4597 habe-

2885 4625 2936 4680 ei
2978 4628 3122 4684 ultro
3166 4629 3396 4687 dederat
3434 4634 3694 4690 amicitiae

2067 4719 2178 4758 suae
2205 4722 2497 4777 summam,
2529 4727 2768 4784 eumque
2817 4715 2922 4769 sibi
2963 4733 2994 4772 a
3031 4720 3260 4775 secretis
3291 4721 3516 4790 fecerat,
3570 4725 3689 4796 qui,

2073 4801 2132 4849 ut
2171 4795 2364 4865 fertur,
2411 4807 2528 4855 erat
2573 4803 2625 4857 ei
2667 4804 2832 4859 etiam
2871 4822 2903 4861 a
2952 4811 3393 4878 commentariis;
3454 4814 3603 4870 unde
3661 4832 3693 4870 a

2071 4889 2235 4943 corde
2267 4892 2418 4945 etab
2449 4907 2544 4948 ore
2597 4895 2766 4963 illius,
2818 4899 3000 4954 omnis
3048 4902 3328 4958 Austrasia
3386 4906 3686 4976 pendebat,

2069 4997 2306 5053 eumque
2339 4992 2448 5040 tota
2469 4989 2670 5062 regalis
2691 4991 2845 5046 curia
2872 4997 3243 5052 reverebatur.

2138 5071 2322 5126 Frater
2367 5091 2609 5147 quoque,
2672 5079 2892 5136 Hildrici
2944 5085 3089 5158 regis
3137 5085 3533 5156 Theodericus,
3587 5090 3681 5161 qui

2057 5161 2113 5216 in
2164 5172 2319 5234 parte
2363 5167 2625 5236 Franciae,
2668 5190 2790 5245 quae
2823 5175 3073 5232 Neustria
3119 5179 3343 5246 dicitur,
3394 5183 3684 5254 regnabat,

2054 5259 2398 5325 praesentiam
2453 5265 2749 5334 appetebat
2793 5267 3092 5336 Lamberti,
3137 5277 3192 5326 et
3242 5272 3390 5328 inter
3425 5289 3686 5345 proceres

2141 5424 2492 5511 (992lllabes
2521 5432 2623 5487 hoc
2652 5434 2978 5511 decretum_:_
2999 5443 3066 5493 De
3093 5441 3223 5504 ﬁliis
3251 5443 3686 5511 presbyterorum

2067 5497 2378 5554 ordinandi:
2403 5503 2482 5556 vel
2510 5519 2650 5585 εφη,
2683 5522 2803 5585 cap.
2938 5508 3053 5585 Non
3093 5497 3298 5577 minus,
3351 5497 3561 5585 inquit,
3586 5497 3687 5570 eb-

2067 5577 2280 5648 servato
2313 5574 3165 5654 apostolicimrescriptidecreto,
3196 5574 3343 5654 quod
3369 5574 3683 5643 successio-

2067 5652 2190 5691 nem
2227 5639 2279 5693 in
2322 5639 2566 5701 Ecclesia
2598 5647 2693 5704 Dei
2722 5639 3122 5708 haereditariam
3149 5639 3470 5711 detestatur.
