3930 6052
243 225 352 282 765

1465 222 1614 278 νιΤΑ
1655 219 1856 276 PRIOR
1897 219 1953 272 S.
2000 220 2350 278 LAMBERTI.

3468 232 3578 288 766

241 360 299 408 et
336 352 544 408 amicos
573 367 724 419 suos,
755 353 806 407 ei
845 353 1100 408 servabat
1149 352 1339 428 gratia
1395 351 1634 424 cepiam,
1665 356 1756 418 et;
1807 349 1852 405 si
1879 352 1935 420 Α
1957 356 2257 407 torrentem
2289 352 2512 408 brachia
2557 354 2788 410 tendere
2820 370 2931 411 non
2981 357 3183 428 potuit,
3243 375 3391 426 nam,
3450 361 3581 432 quia

240 445 375 517 quid
413 446 468 500 in
496 461 670 517 regno
699 461 800 501 suo
831 445 1281 502 auctorizandum
1315 451 1449 512 erat,
1484 460 1592 500 non
1628 444 1856 515 putaba-

242 547 334 595 tur
363 539 497 595 satis
525 545 701 594 ratum
752 539 890 608 fere,
924 539 1031 596 nisi
1062 539 1226 596 etiam
1281 539 1552 595 Lamberti
1582 537 1860 610 approba-

243 638 358 687 tum
395 638 543 687 esset
571 631 825 688 consilio.

862 721 1070 780 CAPUT
1103 723 1236 778 VIII.

315 811 420 879 Qui
473 813 685 878 fuerint
713 815 954 883 episcOpi
987 817 1038 868 et
1097 812 1316 868 abbates
1362 811 1784 882 contemporales

858 885 916 940 S.
944 885 1238 939 Lamberti.

317 975 424 1046 lpsi
447 991 579 1029 sane
611 975 944 1031 Francorum
975 991 1154 1048 reges,
1183 973 1559 1030 Theodericus
1576 983 1632 1030 et
1657 973 1857 1030 Hildri-

238 1081 358 1132 cus,
392 1066 642 1136 quamvis
675 1081 774 1137 pro
812 1065 1161 1136 simplicitate
1206 1065 1389 1121 minus
1427 1081 1527 1138 per
1581 1081 1641 1120 se
1695 1080 1856 1136 sape-

235 1165 380 1222 rent,
415 1156 471 1210 in
521 1157 627 1212 hoc
672 1163 854 1211 tamen
905 1157 1214 1227 sepiebant,
1258 1155 1388 1228 quia
1433 1154 1734 1210 audiebant
1769 1170 1857 1210 sa-

236 1245 480 1314 pientes:
514 1245 723 1316 primus
757 1246 902 1300 enim
938 1245 1224 1316 sapientia
1255 1244 1458 1320 gradus
1491 1251 1594 1310 est,
1623 1259 1846 1316 sapere;

231 1337 533 1403 secundus,
587 1337 776 1392 audire
815 1337 1141 1408 sapientem.
1179 1337 1352 1402 Unde,
1408 1337 1536 1409 quia
1575 1335 1848 1392 Lamberti

235 1433 346 1481 tam
371 1428 546 1482 sancti
577 1436 632 1482 et
661 1435 767 1482 tam
793 1428 1082 1498 prudentis
1111 1427 1212 1481 viri
1251 1427 1596 1498 aliorumque
1625 1434 1847 1483 sancte-

232 1536 356 1574 rum
397 1521 788 1592 episcOporum
828 1521 1058 1578 consilio
1088 1521 1459 1593 disponebant
1489 1520 1644 1593 regni
1676 1536 1851 1595 nego-

231 1609 326 1675 tia,
365 1617 482 1664 erat
537 1610 593 1664 in
635 1618 870 1682 utroque
910 1625 1080 1686 regno
1143 1609 1370 1681 pulchra
1419 1624 1597 1664 rerum
1656 1609 1844 1677 facies,

229 1711 285 1756 et
316 1703 746 1775 prosperabatur
767 1702 904 1759 fides
930 1703 1206 1759 Ecclesia.

303 1796 464 1850 Erant
512 1797 720 1868 quippe
753 1803 884 1852 tunc
916 1795 1182 1868 temporis
1218 1793 1394 1850 sancti
1421 1794 1690 1866 episcOpi,
1723 1795 1839 1867 qui,

224 1887 463 1944 scientia
519 1888 737 1960 praditi
779 1896 834 1944 et
873 1889 1166 1958 sapientia,
1205 1895 1391 1944 sancte
1445 1895 1500 1944 et
1537 1889 1684 1959 juste
1741 1905 1838 1944 se-

224 1981 437 2036 cundas
458 1981 611 2054 regni
641 1988 826 2052 partes
845 1981 1328 2036 administrabant.
1379 1981 1438 2035 ln
1467 1980 1551 2035 his
1577 1980 1838 2051 praemi-

228 2070 440 2125 nebant
520 2070 822 2126 Andoenus
903 2069 1384 2144 Bothomagensis,
1462 2070 1840 2141 Austrigisilus

229 2162 612 2233 Biturigensis;
649 2162 856 2237 Eligius
897 2163 1295 2220 Noviemensis.
1356 2163 1713 2218 Vindicianus
1745 2161 1841 2217 Ca-

225 2251 588 2318 meracensis,
639 2251 982 2308 Audemarus
1033 2253 1411 2319 Tervanensis,
1480 2251 1846 2326 Leodegarius

226 2343 766 2417 Augustedunensis,
797 2343 932 2399 Faro
979 2344 1292 2400 Meldensis.
1327 2345 1478 2400 Inter
1507 2345 1608 2400 hos
1637 2345 1844 2401 emica-

224 2433 317 2487 bat
363 2431 706 2497 Lambertus,
733 2448 958 2486 aureum
996 2433 1149 2488 sidus
1181 2433 1458 2500 Ecclesia,
1509 2434 1660 2489 velut
1697 2433 1841 2489 inter

223 2525 385 2597 ignes
412 2524 540 2578 luna
569 2523 815 2578 minores
870 2522 1089 2579 emicat.
1144 2524 1252 2580 lies
1283 2524 1606 2580 Lambertus
1651 2526 1836 2597 suspi-

217 2619 403 2676 ciebat
451 2625 511 2673 ut
540 2627 722 2688 patres
750 2626 803 2674 et
833 2627 964 2676 natu
1009 2619 1267 2688 majores,
1321 2635 1528 2692 eosque
1569 2620 1836 2678 imitando

217 2727 251 2765 a
281 2709 516 2784 singulis
567 2725 758 2766 eorum
803 2711 1013 2782 alipuid
1063 2711 1254 2784 gratia
1295 2711 1600 2766 hauriebat.
1669 2713 1835 2770 Porro

220 2799 302 2854 illi
355 2797 706 2854 Lambertum
749 2798 1186 2870 praeordialiter
1237 2799 1515 2868 amabant,
1547 2810 1605 2855 ut
1661 2799 1834 2856 filium

213 2894 330 2963 jam
355 2893 424 2948 de
466 2892 600 2949 ﬂore
649 2894 825 2948 atatis
853 2892 1064 2949 fructus
1111 2894 1474 2958 emittentem,
1505 2893 1669 2966 eique
1715 2901 1838 2966 post

221 3007 309 3058 se,
337 2991 490 3062 quasi
522 3007 586 3046 ex
621 2991 966 3047 hareditaria
1018 2991 1390 3054 successione,
1445 2991 1694 3066 regimen
1736 2991 1836 3046 Ec-

219 3177 392 3233 Deum
425 3185 479 3233 et
524 3178 781 3234 homines
809 3177 1094 3242 videbant,
1142 3177 1264 3232 sine
1294 3177 1543 3250 querela,
1577 3178 1633 3233 in
1661 3177 1837 3234 omni-

213 3270 322 3326 bus
345 3271 605 3328 incedere
632 3272 783 3344 (Luc.
819 3287 856 3339 t,
896 3271 976 3343 6),
1007 3277 1064 3327 et
1093 3271 1172 3325 ire
1208 3270 1263 3324 in
1294 3270 1417 3326 dies
1446 3271 1516 3326 de
1544 3271 1747 3328 virtute
1778 3270 1834 3325 in

209 3365 492 3422 virtutem.

289 3454 452 3510 Erant
504 3459 774 3525 praterea
826 3453 989 3508 etiam
1031 3453 1282 3518 abbates,
1324 3459 1382 3507 et
1436 3459 1566 3509 tunc
1595 3461 1649 3508 et
1687 3469 1840 3510 nunc

209 3542 595 3600 nominabiles
633 3543 946 3608 sanctitate,
977 3543 1255 3610 Bertinus,
1279 3541 1630 3602 Philibertus.
1673 3543 1840 3598 Wan-

207 3631 542 3702 dregisilus;
579 3631 868 3686 Ursmarus
924 3631 1216 3687 Lebiensis
1264 3631 1316 3685 in
1349 3631 1585 3686 tironem
1643 3630 1843 3688 Christi

209 3723 588 3779 adolescebat.
625 3722 685 3776 Hi
718 3731 874 3777 erant
899 3723 1167 3778 Lamberti
1201 3723 1662 3794 contemporales,
1697 3723 1835 3780 tales

208 3822 369 3871 erant
398 3816 518 3884 ejus
563 3815 1008 3871 contubernales.
1068 3815 1150 3881 Hi,
1209 3823 1268 3870 ut
1315 3815 1610 3882 cherubin,
1659 3816 1836 3872 virtu-

213 3914 328 3963 tum
369 3923 589 3962 suarum
623 3907 735 3962 alas
781 3907 1193 3974 concutiebant,
1225 3909 1362 3965 alter
1390 3908 1460 3964 ad
1489 3907 1745 3971 alterum,
1778 3918 1834 3964 et

211 4001 271 4056 in
302 3999 520 4055 laudem
548 3999 664 4067 Dei,
708 3999 900 4056 orbem
932 4009 1086 4056 terra
1137 4001 1562 4058 commovebant
1615 4002 1826 4070 (Ezech.

211 4109 270 4159 χ,
297 4093 404 4160 11).
453 4093 650 4149 Herum
694 4091 907 4148 meritis
935 4093 1030 4148 diu
1069 4092 1419 4164 tranquillata
1460 4099 1544 4149 est
1590 4092 1832 4149 Ecclesia

211 4182 333 4245 Dei,
363 4182 570 4254 diuque
596 4192 772 4238 status
793 4183 949 4256 regni
980 4191 1338 4254 prosperatus
1365 4191 1468 4240 est.

288 4271 662 4338 Postmedum,
703 4279 928 4343 prepter
965 4273 1153 4344 populi
1178 4281 1482 4346 torporem,
1525 4275 1831 4332 dormiente

1960 439 2205 496 severior
2239 449 2411 510 justo,
2466 443 2760 514 quemdam
2811 443 3056 500 nobilem
3115 446 3442 504 Francorum
3475 449 3578 506 Bo-

1959 530 2203 588 dilenem
2221 539 2412 588 contra
2433 534 2612 608 legem
2641 535 2778 590 cadi
2809 535 2938 592 fecit
2963 537 3031 591 ad
3058 535 3302 608 stipitem
3329 539 3576 613 ligatum,

1959 621 2029 676 ab
2053 623 2248 677 eodem
2296 623 2559 679 Bodilone
2614 625 2670 679 in
2719 627 2974 682 venando
3025 637 3307 700 exceptus,
3348 631 3574 687 interiit.

1954 711 2328 770 Theodericus
2360 723 2530 771 totum
2569 733 2799 792 regnum
2829 719 3044 791 recipit,
3087 722 3426 780 recrudescit
3455 741 3576 781 ma-

1954 801 2082 859 licia
2123 804 2366 868 Ebroini,
2398 823 2778 880 quoscumque
2836 811 3120 882 reperiunt
3153 812 3376 876 ,favisse
3403 817 3577 887 perti-

1956 897 2147 951 nacius
2173 897 2423 968 partibus
2456 899 2696 968 Hildrici,
2735 902 2834 957 hos
2865 905 3248 974 pessumdunt,
3281 907 3574 976 trucidant,

1961 985 2175 1056 privant
2197 987 2522 1057 honoribus,
2555 991 2824 1047 mulclant
2863 995 3294 1067 proscriptione,
3327 996 3576 1070 relegant

1957 1077 2184 1134 exsiliis.

2611 1193 2818 1252 CAPUT
2856 1196 2917 1251 X.

2091 1280 2243 1347 Quod
2265 1283 2577 1351 episcopatu
2622 1282 2656 1337 S
2717 1285 3034 1340 Lambertus
3067 1288 3316 1356 priuatus
3346 1291 3436 1344 sit.

2027 1391 2162 1457 Quia
2210 1393 2448 1450 Hildrice
2503 1395 2690 1450 nullus
2745 1395 2984 1463 fidelior,
3041 1399 3125 1454 vel
3181 1402 3408 1458 amicior
3472 1403 3576 1460 fuit

1955 1499 2117 1554 quam
2159 1483 2502 1552 Lambertus,
2531 1493 2705 1542 totum
2739 1488 2958 1559 pondus
3008 1491 3380 1548 tribulationis
3407 1511 3575 1566 super

1951 1586 2077 1626 eum
2130 1572 2416 1638 incubuit;
2459 1573 2750 1630 videbatur
2805 1577 2953 1632 enim
2999 1579 3132 1632 nihil
3180 1587 3358 1635 actum
3399 1582 3568 1639 fuisse

1949 1671 2121 1718 morte
2173 1663 2419 1730 Hildrici,
2477 1665 2522 1719 si
2565 1666 2791 1723 intimus
2839 1669 3059 1727 llildrici
3102 1673 3428 1731 Lambertus
3457 1677 3570 1731 im-

1948 1753 2175 1824 punitus
2205 1755 2404 1822 abiret,
2449 1757 2517 1811 de
2545 1774 2656 1829 quo
2687 1768 2897 1817 certum
2950 1765 3216 1822 tenebant
3249 1768 3396 1840 quod
3423 1784 3568 1824 nun-

1945 1861 2107 1916 quam
2139 1845 2366 1901 factioni
2400 1847 2705 1920 iniquitatis
2735 1867 2847 1907 sua
2878 1857 3259 1914 assentiretur.

2015 1936 2146 1992 Ideo
2176 1938 2406 1994 consilio
2451 1938 2698 2006 Ebroini,
2733 1960 2764 1998 a
2795 1961 2923 2017 rege
2963 1948 3326 2019 Theoderico,
3359 1967 3561 2010 cenvo-

1944 2032 2062 2080 cata
2119 2025 2187 2080 ad
2237 2027 2509 2096 synodum
2562 2027 2948 2100 episcoporum
3001 2039 3182 2105 turba,
3229 2041 3344 2112 qui,
3404 2039 3561 2114 quasi

1942 2127 2098 2167 canes
2118 2118 2278 2179 muti,
2311 2130 2419 2170 non
2448 2115 2696 2169 valebant
2736 2117 2940 2172 latrare
2968 2119 3096 2190 (Isa.
3140 2137 3247 2187 LVI,
3275 2121 3388 2192 10),
3428 2139 3560 2179 cen-

1943 2211 2025 2258 tra
2082 2203 2334 2260 falsitatis
2385 2205 2760 2261 testimonium
2814 2208 2952 2264 alios
2995 2211 3288 2282 episcepos
3340 2217 3560 2271 exordi—

1944 2299 2076 2348 nant
2125 2291 2210 2359 Et,
2243 2311 2311 2349 ne
2344 2295 2468 2366 quis
2507 2294 2563 2349 in
2595 2312 2767 2371 regno
2797 2297 2881 2352 vel
2939 2299 3178 2356 Ecclesia
3205 2311 3436 2360 restaret
3463 2307 3558 2377 qui

1943 2396 2041 2452 pro
2069 2382 2312 2438 veritatis
2341 2383 2667 2440 defensione
2706 2384 2835 2441 ﬁdei
2889 2388 3141 2460 clypeum
3188 2392 3418 2449 auderet
3447 2396 3560 2450 eri-

1939 2488 2090 2545 gere,
2133 2475 2217 2529 vel
2258 2475 2511 2547 exemplo
2566 2477 2652 2532 vel
2685 2479 2947 2536 instinctu
2985 2481 3257 2540 Lamberti
3297 2487 3391 2558 qui
3447 2503 3557 2558 pra

1939 2565 2156 2650 cateris
2195 2572 2251 2622 et
2279 2582 2378 2638 pro
2423 2568 2639 2624 cateris
2678 2571 2907 2628 liberius
2951 2572 3231 2643 injustitia
3277 2578 3554 2649 adversari

1937 2652 2200 2721 audebat,
2264 2671 2458 2712 omnes
2515 2657 2723 2713 diaboli
2775 2661 3075 2732 complices
3151 2665 3442 2736 insurgunt
3496 2667 3553 2722 in

1938 2745 2311 2814 Lambertum,
2350 2748 2598 2804 veritatis
2635 2751 2896 2820 amicum,
2929 2763 2984 2810 et
3035 2757 3382 2814 concinnatis
3413 2758 3560 2828 inju-

1935 2838 2098 2894 stitia
2129 2839 2310 2894 causis
2337 2856 2464 2894 eum
2496 2843 2564 2896 ab
2604 2843 2926 2915 episcopatu
2959 2846 3268 2918 deponunt.

2014 2934 2204 2990 Fertur
2230 2934 2575 2994 Coloniensis
2595 2939 2892 3010 opiscepus
2907 2943 3256 3014 conSpirasse
3279 2945 3408 3002 huic
3431 2963 3554 3019 pra-

221 3025 309 3058 π’
337 3025 490 3062 Hum"
522 3025 586 3046 σι*
624 3025 966 3047 ιιωιυυιιαιια
1018 3025 1390 3054 δυυυσδδ⁸υ¹¹σ’
1446 3025 1694 3096 ςσὸυυυυ
1736 3025 1908 3112 “VC
1938 3041 2126 3082 verum
2173 3025 2418 3096 factioni,
2465 3030 2584 3085 zelo
2637 3029 2857 3087 invidia
2911 3033 3128 3100 ductus,
3186 3043 3242 3092 et
3290 3037 3558 3108 primores

221 3085 408 3142 θιθθίω
467 3097 786 3159 competere
841 3086 1178 3162 gandebamt
1227 3101 1392 3158 quem
1437 3095 1646 3156 Jusmm
1709 3093 1835 3141 ante
1895 3085 1910 3108 ‘
1938 3115 2126 3162 nnnnli
2154 3115 2277 3162 data
2309 3117 2564 3162 neminis-
2598 3119 2876 3162 mlmlinm
2917 3121 3186 3162 [φώκη-ις
3221 3127 3532 3162 nam-ngam

1938 3115 2128 3185 populi
2154 3115 2279 3172 data
2307 3117 2564 3188 pecunia,
2598 3119 2667 3173 ad
2688 3120 2877 3175 odium
2915 3121 3189 3180 Lamberti
3221 3127 3554 3196 concitasse,

1935 3207 2029 3278 qui
2056 3207 2217 3262 etiam
2249 3209 2508 3266 clericum
2550 3212 2810 3270 Ecclesia
2841 3231 2987 3282 sua,
3016 3218 3455 3277 Pharamundum
3487 3224 3555 3278 ad

1936 3296 2316 3368 episeepatum
2344 3299 2770 3368 Trajectensem,
2806 3311 2996 3360 contra
3019 3306 3112 3374 jus
3143 3315 3198 3363 et
3229 3309 3327 3376 fas,
3366 3328 3558 3382 passus

1937 3394 2019 3443 est
2047 3390 2373 3459 promoveri.
2410 3393 2508 3457 Qui
2550 3393 2734 3460 miser,
2766 3395 2895 3465 quia
2926 3399 3063 3452 abiit
3100 3402 3160 3455 in
3190 3403 3417 3457 concilio
3448 3407 3557 3460 im-

1934 3483 2156 3549 piorum
2195 3487 2258 3538 in
2286 3483 2546 3538 cathedra
2574 3487 2891 3554 pestilentia
2916 3489 3052 3543 sedit
3084 3493 3250 3556 (Psal.
3296 3509 3334 3558 ι,
3381 3496 3450 3563 1),
3483 3496 3555 3552 de

1941 3590 2052 3647 quo
2084 3572 2218 3645 quid
2242 3571 2393 3626 aliud
2416 3573 2766 3642 poteritdici,
2793 3590 2958 3644 quam
2984 3579 3133 3648 quod
3157 3579 3366 3637 Veritas
3386 3582 3550 3640 dicit;

1944 3664 2049 3730 Qui
2075 3677 2183 3716 non
2201 3662 2374 3716 intrat
2393 3675 2490 3730 per
2502 3663 2698 3716 ostium
2723 3665 2781 3716 iu
2809 3664 2946 3719 ovile
2994 3668 3195 3733 ovium,
3222 3669 3317 3724 sed
3359 3687 3550 3728 ascen-

1935 3751 2018 3807 dit
2040 3750 2280 3814 aliunde,
2312 3750 2404 3803 ille
2425 3750 2520 3816 fur
2549 3755 2627 3806 est
2655 3758 2701 3806 et
2729 3753 2900 3819 latro;
2934 3757 3029 3824 qui
3053 3763 3230 3812 autem
3256 3761 3435 3816 intrat
3453 3777 3555 3832 per

1933 3846 2150 3910 ostium,
2177 3846 2368 3914 pastor
2387 3846 2466 3897 est
2489 3845 2666 3897 ovium
2693 3842 2869 3914 (Joan.
2901 3861 2955 3913 ι,
2989 3845 3042 3912 1,
3082 3848 3136 3917 2)
3153 3866 3172 3914 ;
3205 3853 3314 3904 Fur
3335 3866 3442 3906 non
3463 3868 3552 3907 ue-

1931 3939 2036 4004 nit,
2062 3938 2176 3992 nisi
2194 3940 2258 3991 ut
2280 3937 2519 4003 furatur,
2551 3940 2602 3990 et
2627 3941 2839 4004 mactet,
2871 3942 2922 3994 et
2943 3941 3139 4010 perdat
3157 3942 3337 4011 (ibid,
3371 3944 3481 4018 10.)

2573 4062 2782 4120 CAPUT
2821 4064 2908 4121 ΧΙ.

2123 4161 2276 4227 Quod
2303 4159 2600 4217 Stabulaus
2628 4164 3013 4216 monasterium
3043 4164 3352 4233 expeticrit.

2005 4271 2328 4327 Lambertus
2354 4278 2539 4340 pastor
2567 4269 2766 4338 bonus,
2797 4270 3052 4340 exemplo
3085 4271 3320 4326 Pastoris
3347 4289 3550 4327 essen-

205 4365 343 4420 .lesu
375 4365 430 4418 in
461 4364 585 4420 navi
615 4373 819 4421 sancta
852 4365 1127 4432 Ecclesia,
1168 4382 1321 4433 ecce,
1369 4371 1544 4423 motus
1599 4384 1909 4475 magnusD
1937 4366 2138 4422 tialiter
2175 4363 2329 4430 boni,
2373 4369 2596 4435 paratus
2624 4362 2757 4417 dare
2808 4362 3048 4416 animam
3090 4379 3244 4417 suam
3288 4379 3387 4432 pro
3435 4364 3554 4419 ovi-

215 4456 392 4475 Δ--Α---
428 4459 497 4475 --.ι
527 4457 578 4475 ἔ..
613 4457 754 4475 ___-__°
781 4455 938 4475 LM}---
968 4455 1155 4475 ..-η-,12
1193 4458 1376 4475 Ιιιηιιι
1583 4459 1671 4475 θον
1729 4458 1766 4475 Ι)
1935 4456 2033 4475 L---
2070 4453 2180 4475 __-!_
2261 4467 2368 4475 ..-..
2405 4459 2460 4475 ..Δ
2507 4450 2878 4475 ...ιι-,Ληλ-ε..-
2936 4449 3070 4475 ι’..-ει
3132 4453 3282 4475 II"-..
3351 4467 3386 4475 ..
3461 4453 3517 4475 ΔΙ

207 4456 392 4523 factus
419 4459 497 4509 est
524 4457 583 4509 in
609 4457 754 4509 mari
781 4455 942 4526 hujus
967 4455 1157 4510 mundi
1189 4458 1404 4523 (Matth.
1439 4475 1556 4525 vin,
1583 4459 1696 4531 24).
1729 4458 1830 4514 Fa-

207 4545 319 4602 cile
360 4553 442 4601 est
471 4561 690 4602 causam
721 4545 856 4600 tanti
891 4552 1074 4601 metus
1103 4545 1375 4610 ediscere.

853 4632 1064 4690 CAPUT
1108 4634 1190 4688 IX.

557 4727 630 4778 De
655 4725 1024 4792 interfectione
1053 4723 1293 4778 Hildriri
1319 4727 1481 4794 regis.

277 4816 652 4873 Theodericus
691 4824 746 4871 et
777 4816 1050 4871 Hildricus
1082 4815 1281 4870 fratres
1310 4816 1627 4889 bipertitum
1671 4819 1832 4875 Fran-

205 4905 310 4961 cia
341 4922 568 4979 regnum
611 4906 900 4979 regebant,
955 4905 1053 4960 sed
1093 4904 1225 4978 quia
1259 4906 1632 4965 Theodericus
1670 4909 1835 4968 hebe-

201 4995 362 5052 tioris
391 4995 596 5070 ingenii
631 5003 770 5064 erat,
814 4994 1085 5050 Ebroinus
1128 4995 1304 5065 major
1349 4997 1565 5065 demus,
1619 5001 1834 5073 simpli-

203 5092 370 5147 citate
409 5091 529 5159 ejus
556 5091 785 5157 abusus,
825 5089 1123 5146 commovit
1151 5090 1205 5146 in
1266 5107 1451 5165 regem
1493 5093 1618 5148 odia
1659 5094 1824 5150 totius

203 5182 430 5254 populi;
467 5183 653 5237 Franci
683 5182 854 5244 enim.
899 5182 1136 5237 alienam
1171 5182 1433 5240 invidiam
1479 5185 1536 5240 in
1571 5186 1824 5243 Theode-

199 5273 376 5329 ricum
407 5281 807 5348 retorquentes,
841 5273 1112 5346 dejiciunt
1140 5291 1264 5331 eum
1293 5291 1488 5352 regno,
1519 5287 1576 5334 et
1599 5277 1820 5335 fratrem

200 5364 326 5433 ejus
370 5363 664 5420 llildricnm
716 5381 782 5421 ex
830 5366 1112 5421 Austrasia
1173 5363 1488 5434 invitantes,
1533 5383 1659 5424 eum
1713 5371 1822 5430 sibi

197 5470 388 5525 regem
429 5453 754 5524 praﬁciunt.
798 5457 948 5522 Quos
995 5456 1256 5528 quandiul
1286 5455 1481 5512 habuit
1526 5456 1818 5529 Hildricus,

195 5543 500 5610 moderate,
559 5551 814 5616 potenter
850 5547 1072 5620 utrique
1128 5564 1297 5622 regno
1354 5547 1574 5621 prafuit
1629 5549 1727 5606 Ubi
1765 5560 1820 5609 et

193 5636 317 5710 ipse
356 5635 580 5692 modum
611 5638 863 5703 excessit,
905 5639 1231 5698 insolentius
1263 5657 1455 5716 agens,
1487 5641 1588 5700 diu
1618 5652 1821 5701 contra

1935 4456 2038 4510 bus
2067 4453 2204 4518 suis,
2261 4467 2372 4508 non
2405 4459 2464 4506 ut
2507 4450 2882 4506 mercenarius
2936 4449 3074 4526 fugit
3130 4453 3300 4519 (Joan.
3351 4467 3408 4518 ι,
3459 4453 3546 4515 11,

1932 4545 2044 4612 12),
2079 4543 2176 4599 sed
2207 4541 2506 4598 declinavit
2536 4539 2902 4612 procellosum
2931 4539 3246 4594 domestica
3287 4555 3552 4610 persecu-

1931 4633 2099 4690 tionis
2151 4631 2533 4706 naufragium;
2589 4635 2644 4684 et
2695 4628 2999 4683 clementer
3068 4626 3254 4684 ferens
3301 4636 3500 4685 cuncta
3531 4673 3546 4698 ,

1937 4725 2262 4799 prasulatus
2318 4723 2477 4795 liquit
2547 4729 2849 4792 sceptrum,
2904 4721 3303 4778 commendans
3361 4738 3546 4778 curam

1935 4818 2121 4874 ovium
2153 4817 2203 4872 ei
2231 4816 2324 4889 qui
2357 4814 2486 4869 lavit
2515 4813 2848 4884 baptismate
2889 4828 2953 4869 ac
2983 4813 3224 4870 redemit
3252 4815 3545 4889 sanguine.

2008 4910 2282 4982 Expetens
2327 4923 2460 4980 ergo
2500 4905 2794 4960 Stabulaus
2849 4907 3270 4973 monasterium,
3329 4924 3360 4962 a
3397 4908 3548 4979 Sige-

1933 5006 2090 5060 berto
2120 5018 2249 5077 rege
2280 5001 2566 5057 fundatum
2594 5009 2720 5055 ante
2742 4999 2952 5071 aliquot
2991 5016 3190 5068 annos,
3221 5008 3276 5056 et
3307 5016 3405 5072 pre
3437 5001 3548 5056 fer-

1928 5109 2056 5150 vere
2086 5099 2288 5148 sancta
2320 5090 2626 5164 religionis,
2685 5089 2892 5162 ubique
2934 5091 3298 5157 nominatum,
3357 5105 3550 5146 mena-

1923 5184 2073 5240 stica
2101 5183 2306 5256 quietis
2339 5187 2553 5252 portum
2605 5179 2793 5253 elegit,
2835 5179 3024 5252 ibique
3057 5197 3156 5252 per
3183 5187 3412 5251 septem
3443 5195 3548 5234 an-

1926 5292 2027 5333 nos
2055 5276 2362 5352 angelicam
2393 5276 2603 5332 ducens
2631 5275 2820 5342 vitam,
2846 5275 3109 5331 habitavit
3137 5289 3347 5329 secum.
3378 5273 3444 5328 At
3474 5290 3540 5330 ex

1927 5371 2079 5426 omni
2138 5369 2529 5426 ecclesiastica
2588 5369 2810 5425 familia
2862 5382 3113 5430 numero,
3155 5366 3266 5422 duo
3336 5373 3548 5423 tantum

1925 5459 2081 5530 pueri
2152 5458 2273 5527 ejus
2325 5457 2596 5530 obsequio
2649 5458 3021 5522 adhaserunt,
3080 5469 3316 5528 quorum
3378 5456 3540 5524 alter,

1919 5549 2284 5606 Theodoenus
2315 5549 2561 5618 nomine,
2624 5550 2702 5605 illi
2743 5548 2838 5620 qui
2876 5548 3088 5619 primus
3123 5545 3347 5616 scripsit
3370 5545 3546 5604 Vitam

1919 5642 2095 5701 sancti
2135 5641 2260 5711 viri,
2293 5641 2496 5698 relator
2523 5655 2686 5697 verax
2743 5645 2798 5696 et
2829 5638 2986 5694 testis
3043 5638 3281 5696 idoneus
3311 5653 3543 5711 operum
