3948 6044
378 172 476 227 767
1592 170 1939 227 SIGEBERTI
1981 169 2469 228 GEMBLACENSIS
3585 169 3695 224 768

367 297 485 366 ejus
515 294 635 350 fuit.
671 295 824 363 Ecce,
857 295 1125 351 habemus
1148 298 1348 365 virum,
1391 297 1458 353 ad
1489 298 1774 370 exemplar
1799 298 1972 355 virtu-
2004 304 2053 372 Α
2075 314 2188 354 non
2212 298 2385 353 sensit
2412 298 2704 354 cruciatus.
2723 295 2928 353 Caelum
2961 296 3082 366 ejus
3103 294 3279 367 patuit
3307 295 3587 367 precibus,
3643 305 3702 350 et

365 397 478 447 tum
526 390 785 445 omnibus
837 393 1205 463 propositum,
1258 393 1353 466 qui
1401 394 1585 449 sciens
1614 396 1761 467 quod
1798 396 1978 452 solum
2078 389 2255 445 oratio
2285 389 2354 444 ad
2393 404 2665 459 supernos
2706 387 2960 460 pervenit
3000 387 3242 442 auditus.
3302 386 3431 459 Ipso
3471 384 3699 442 interim

364 494 610 534 summus
634 479 891 553 Magister
930 497 962 535 a
986 497 1046 536 se
1075 481 1291 537 discere
1322 482 1629 551 mandarat,
1670 483 1727 539 in
1756 485 1979 540 humili-
2077 485 2308 534 canente
2337 493 2553 534 versum
2575 477 2804 548 psalmi:
2838 477 3065 545 Quando
3093 480 3309 531 veniam
3354 481 3405 530 et
3425 476 3704 547 apparebo

365 580 495 639 tate,
519 572 670 627 mitis
712 573 880 628 corde
908 581 963 629 et
1020 574 1075 629 in
1109 576 1374 647 patientia
1408 594 1526 647 sua,
1588 580 1869 651 quaerebat
1897 597 1980 636 re—
2077 577 2201 628 ante
2224 575 2421 642 faciem
2457 572 2594 627 Dei?
2624 573 2791 641 (Psal.
2844 588 2953 641 xu,
2987 570 3040 644 3)
3070 570 3233 627 solito
3282 570 3447 626 citius
3475 576 3704 626 cantum

366 666 553 737 quiem
605 666 803 721 animae
856 683 968 724 sum
1009 668 1226 740 (Matth.
1260 687 1334 737 xx,
1392 671 1507 743 29),
1560 672 1618 727 in
1658 672 1979 729 obedientia
2080 664 2458 739 dabanlgalli-

365 772 497 812 vero
540 773 599 813 se
654 758 998 814 coliaeredem
1031 776 1133 815 suo
1191 760 1400 818 Christo
1436 763 1832 833 eonformabat,
1884 766 1978 838 qui
2151 757 2365 812 Fratres
2391 762 2624 831 surgunt
2662 755 2731 812 ad
2781 754 3102 826 ριἐεεονίρῑει
3142 754 3452 830 Vigiliarum
3486 754 3705 821 munia,

366 848 612 905 obedivit
640 850 782 905 Patri
820 867 997 922 usque
1027 853 1097 907 ad
1125 860 1355 909 mortem
1379 853 1610 927 (Philip
1645 872 1704 927 ιι,
1734 858 1806 927 8),
2083 852 2139 900 et
2185 852 2310 916 post
2361 845 2478 901 haec
2514 844 2736 901 domum
2784 843 3133 918 introgressi,
3167 843 3480 898 accendunt
3512 843 3707 919 ignem

440 942 628 1012 Quale,
662 959 817 1019 rogo,
849 949 965 999 erat
994 944 1179 1001 videre
1203 947 1380 1002 virum
1422 949 1666 1005 nobilem
1688 957 1842 1019 natu,
1869 967 1978 1007 no-

2111 936 2390 1008 .0piosum.
2440 937 2584 991 Inter
2628 934 3065 1013 calefaciendum
3096 975 3110 1002 ,
3165 933 3338 989 abbas
3418 935 3710 1006 inquirit,

370 1030 691 1086 minabilem
727 1033 1036 1096 sanctitate,
1077 1037 1370 1105 praesulem
1419 1036 1626 1105 officio,
1662 1040 1824 1095 rebus
1850 1040 1982 1095 olim

2111 1029 2310 1085 ibinam
2340 1030 2410 1084 sit
2435 1029 2774 1096 Lambertus,
2806 1032 2894 1101 qui
2926 1028 3153 1083 fratrum
3198 1027 3493 1083 conventui
3522 1026 3706 1082 desit!

370 1126 652 1191 potentem
691 1120 748 1175 in
792 1122 1008 1178 tantillo
1040 1125 1304 1194 temporis
1353 1133 1606 1201 agentem
1638 1129 1750 1198 jam
1782 1132 1986 1201 proba-
2088 1122 2236 1177 Unus
2278 1121 2502 1176 fratrum
2551 1120 2686 1175 dixit
2742 1120 3091 1175 Lambertum
3152 1135 3294 1182 esse,
3339 1119 3436 1190 qui
3464 1118 3708 1192 regulari

370 1218 485 1266 tum
532 1213 886 1281 monachum,
914 1215 1065 1286 quod
1105 1215 1188 1270 vix
1221 1217 1453 1288 quilibet
1503 1219 1643 1274 alter
1672 1227 1857 1292 posset
1895 1239 1987 1278 as-
2077 1212 2313 1282 judicio,
2363 1228 2461 1282 per
2507 1211 2890 1282 intempestam
2932 1217 3175 1277 noctem.
3232 1210 3380 1265 cruci
3433 1211 3505 1264 sit
3542 1209 3713 1264 addi-

370 1302 526 1373 sequi
553 1304 724 1358 multa
741 1320 1012 1359 annorum
1053 1308 1355 1378 quantitate
1377 1309 1405 1363 ?
1440 1309 1669 1377 Revera,
1700 1328 1813 1367 non
1856 1330 1981 1369 eum
2084 1311 2224 1361 ctus-
2253 1304 2436 1360 Abba?»
2466 1304 2800 1376 θκρᾶνοεϐίιν
2839 1312 2894 1359 et
2920 1305 2999 1359 ire
3036 1302 3232 1358 fratres
3281 1302 3349 1357 ad
3390 1319 3517 1358 eum
3549 1317 3709 1357 FBVO'

372 1390 496 1461 plus
522 1391 694 1446 nimio
726 1408 812 1447 res
850 1393 1196 1450 delectavere
1251 1398 1510 1453 secundae
1563 1417 1729 1472 quem
1762 1410 1984 1459 mutatae
2085 1397 2319 1452 candum
2351 1405 2531 1472 urget.
2576 1397 2734 1463 Eunt,
2779 1412 3020 1468 eumque
3061 1403 3349 1452 canentem
3381 1393 3711 1450 edendum:

372 1495 483 1535 non
529 1493 959 1551 quassaverant;
1016 1500 1299 1556 nunquam
1331 1487 1482 1543 enim
1536 1491 1805 1547 amittitur
1857 1494 1980 1549 sine

371 1567 564 1686 dplore
589 1570 749 1686 (1ιῖοᾲ⁸
768 1587 891 1625 cum
914 1587 1125 1672 .amore.
1162 1576 1495 1645 possidetur.
1551 1580 1651 1643 Qui
1689 1581 1862 1652 cupit,
1895 1582 1987 1638 ille
2016 1617 2069 1686 Β
2090 1601 2138 1650 ι,
2173 1585 2283 1656 19).
2318 1584 2393 1639 Eo
2434 1592 2710 1651 revocato,
2742 1582 3052 1638 advolvitur
3096 1583 3217 1654 ejus
3250 1582 3484 1655 genibus
3512 1580 3729 1645 abbas,‘

375 1657 539 1711 etiam
563 1659 782 1725 metuit;
831 1661 925 1731 qui
958 1663 1172 1731 metuit,
1207 1681 1485 1738 nunquam
1525 1668 1667 1725 liber
1702 1673 1788 1727 vel
1819 1688 1985 1728 secu-

375 1761 467 1800 rus
491 1746 644 1804 vivit.
680 1748 998 1805 Lambertus
1026 1759 1213 1807 noster
1245 1754 1388 1809 nihil
1434 1758 1627 1813 mundi
1658 1758 1835 1816 doluit
1864 1778 1990 1833 per-

376 1837 531 1904 dere,
563 1837 695 1909 quia
730 1838 871 1893 nihil
908 1841 1243 1913 concupivit,
1276 1859 1340 1899 ac
1369 1861 1467 1916 per
1500 1847 1604 1903 hoc
1640 1864 1861 1921 semper
1897 1867 1990 1907 se-

377 1943 541 1983 curus
588 1928 670 1983 sui
694 1929 814 1998 fuit,
846 1938 901 1986 et
932 1931 1074 1988 liber
1127 1934 1184 1989 in
1227 1934 1457 1993 Christo.
1492 1940 1719 1996 Amotus
1749 1941 1819 1996 ab
1857 1944 1985 2015 epi-

377 2030 605 2094 scopatu
662 2041 761 2096 per
810 2026 1155 2098 injustitiam,
1204 2033 1429 2103 quando
1486 2037 1852 2106 expostulavit
1917 2039 1988 2094 de

379 2115 620 2194 irregata
650 2117 754 2171 sibi
793 2118 1010 2191 injuria,
1039 2138 1201 2192 quam
1236 2124 1533 2196 appellavit
1554 2129 1888 2197 personam?
1918 2130 1995 2185 Ad

379 2204 537 2272 cujus
577 2221 638 2260 se
686 2208 1030 2264 audientiam
1072 2211 1327 2267 addixit?
1357 2213 1449 2269 Cui
1474 2216 1801 2287 jurisperito
1841 2236 1996 2275 suam

380 2297 657 2352 commisit
694 2302 955 2355 causam?
975 2303 1192 2358 Nullum
1218 2321 1393 2381 regno
1425 2310 1511 2363 vel
1541 2309 1796 2366 Ecclesiae
1824 2328 1991 2367 scan-

383 2387 567 2443 dalum
607 2392 924 2459 concitavit,
976 2410 1089 2450 sua:
1122 2397 1293 2452 ruinae
1324 2400 1532 2455 nullius
1562 2403 1734 2457 voluit
1762 2404 1995 2460 miscere

384 2480 619 2544 ruinam,
663 2484 765 2538 soli
811 2485 921 2540 Deo
969 2503 1190 2543 causam
1239 2507 1391 2546 suam
1457 2495 1738 2561 revelans;
1781 2496 2000 2553 dicebat

386 2568 532 2638 quod
566 2568 734 2624 Filius
766 2572 857 2626 Dei
905 2575 971 2627 ad
1003 2576 1215 2632 Patrem
1247 2581 1472 2637 dicebat
1500 2599 1600 2652 per
1638 2585 1995 2656 PrOphetam:

384 2661 658 2729 Exsurge,
717 2666 939 2719 Domine
971 2707 985 2733 ,
1047 2673 1098 2722 et
1153 2673 1364 2726 intende
1402 2675 1617 2742 judicio
1652 2692 1767 2732 meo
1796 2720 1810 2743 ,
1860 2682 1999 2735 Deus

385 2766 531 2805 meus
583 2757 634 2807 et
690 2757 947 2812 Dominus
985 2775 1151 2826 meus,
1206 2765 1262 2818 in
1316 2780 1533 2822 causam
1593 2786 1762 2826 meam
1829 2772 1996 2839 (Psal.

386 2858 569 2909 xxxrv,
600 2843 709 2915 23).

1010 2923 1225 2980 CAPUT
1267 2927 1379 2985 XII.

494 3013 570 3066 De
602 3014 936 3072 obsedientia
973 3024 1024 3074 et
1050 3021 1356 3079 humilitate
1392 3029 1567 3083 sancti
1602 3030 1895 3087 Lamberti.

459 3119 576 3174 Jam
609 3139 758 3178 nunc
786 3125 1069 3183 videamus
1093 3129 1147 3183 in
1175 3146 1285 3186 uno
1318 3134 1630 3192 testimonio
1662 3138 2001 3194 obedientite

390 3214 580 3282 quanti
611 3216 879 3272 aestimata
907 3220 977 3274 sit
1016 3219 1289 3278 Lamberti
1346 3227 1674 3284 eoenobialis
1703 3245 2005 3286 conversa-

391 3300 487 3396 tio.
511 3302 784 3396 ATendens
821 3325 1043 3381 semper
1071 3314 1140 3368 ad
1172 3316 1602 3385 perfectionem,-
1627 3321 1868 3396 augebat
1896 3323 2003 3377 ali-

393 3393 527 3465 quid
583 3398 651 3452 ad
700 3401 981 3458 servitutis
1033 3422 1146 3462 suae
1205 3424 1461 3479 pensum,
1518 3393 2005 3486 sciens—quidquid

395 3501 837 3564 supererogaret,
877 3512 908 3551 a
965 3514 1099 3554 vero
1131 3500 1475 3559 Samaritauo
1518 3505 1621 3561 sibi
1661 3508 2005 3564 reddendum

395 3591 559 3669 esse;
611 3582 761 3638 unde
798 3585 1051 3642 noctibus
1088 3592 1384 3647 canonicas
1413 3592 1629 3669 vigilias
1660 3597 2003 3667 praeveniens

393 3666 644 3725 solvebat
673 3671 781 3727 Deo
813 3673 1049 3742 privatas
1079 3678 1359 3735 excubias.

466 3763 547 3854 Ad
599 3764 704 3820 hoc
733 3782 843 3821 una
892 3769 1157 3837 noctium,
1205 3773 1529 3833 dormitorio
1573 3778 1766 3834 volens
1791 3781 2003 3854 egredi,

396 3853 723 3923 inquietavit
773 3857 975 3914 fratres
1028 3863 1388 3932 dormientes,
1437 3869 1609 3925 altero
1672 3853 1922 3930 sandalio
1979 3892 2009 3931 a

396 3956 561 3995 manu
589 3942 696 3998 sibi
738 3947 948 4017 elapso.
985 3950 1083 4015 Qui
1136 3956 1320 4011 sciens
1356 3958 1506 4028 quod
1546 3976 1613 4014 ex
1657 3977 1889 4019 censura
1919 3981 2008 4021 re-

396 4028 540 4124 gulae
577 4030 727 4087 adire
774 4033 1002 4124 deberet
1055 4056 1273 4098 crucem
1324 4047 1419 4117 qui
1481 4047 1706 4104 fratrum
1767 4054 2007 4124 quietem

398 4117 693 4210 turbasset,
726 4123 933 4192 statim,
960 4143 1071 4184 uno
1093 4137 1299 4187 tantum
1326 4150 1530 4207 aspero
1558 4117 2011 4210 indutus-cilicio,

398 4207 536 4265 clam
569 4210 709 4269 lecto
735 4215 996 4283 exsili-vit,
1031 4228 1087 4276 et
1122 4221 1269 4280 dicto
1309 4225 1497 4293 citius,
1533 4229 1600 4284 ad
1636 4238 1831 4287 nutum
1863 4207 2012 4288 indi;

2089 1490 2190 1546 Cor
2213 1495 2504 1547 contritum
2528 1496 2579 1547 et
2606 1492 2953 1546 humiliatum
2994 1493 3130 1546 Deus
3165 1506 3273 1545 non
3307 1492 3512 1561 spernit
3535 1488 3690 1559 (Psal

2090 1681 2145 1731 et
2172 1675 2353 1731 omnis
2382 1675 2757 1751 congregatio.
2795 1674 2977 1729 Abbas
3022 1690 3083 1729 se
3114 1674 3351 1740 incusat,
3383 1682 3438 1728 et
3489 1673 3710 1743 culpam

2090 1782 2384 1833 excusans,
2426 1767 2645 1823 veniam
2682 1767 2751 1822 de
2801 1765 3111 1840 ignorantia
3158 1767 3246 1821 vel
3285 1764 3717 1837 intemperantia

2089 1857 2349 1928 postulat.
2405 1855 2723 1911 Lambertus
2786 1861 3105 1925 accusator,
3154 1854 3275 1922 sui,
3326 1854 3555 1925 imputat
3600 1851 3720 1907 sibi

2089 1946 2330 2016 culpam,
2359 1945 2497 1999 nihil
2530 1961 2651 2000 esse
2680 1944 2872 2000 dicens
2911 1945 3057 2016 quod
3085 1944 3166 1999 eis
3193 1944 3467 2019 ignoscat.
3496 1943 3727 1997 Fratres

2091 2037 2492 2094 benevolentiae
2541 2038 2663 2106 ejus
2721 2045 3144 2108 recompensant
3199 2036 3450 2111 gratiam,
3492 2043 3546 2090 et
3600 2034 3732 2088 bal-

2098 2141 2263 2180 neum
2312 2124 2389 2179 illi
2425 2130 2698 2196 parantes,
2741 2124 3072 2180 vestimenta
3124 2124 3243 2193 ejus
3296 2130 3528 2179 mutant.
3580 2120 3726 2175 Inde

2099 2233 2293 2272 manus
2328 2217 2448 2288 ejus
2489 2217 2771 2290 pedesque
2811 2218 3217 2280 exosculantes,
3263 2215 3607 2289 gratulantur
3667 2213 3727 2267 ei

2097 2307 2411 2373 unanimes,
2453 2305 2702 2361 dicentes
2743 2306 2849 2360 hoc
2903 2306 3104 2361 factum
3159 2320 3279 2360 esse
3335 2319 3434 2375 pro
3466 2303 3588 2371 ejus
3616 2318 3727 2356 au-

2097 2395 2277 2469 genda
2308 2394 2505 2467 gloria.

2100 2486 2361 2562 Egregius
2390 2501 2521 2541 vero
2562 2485 2780 2557 presul,
2803 2484 3064 2556 expansis
3109 2484 3165 2539 in
3188 2484 3394 2540 coelum
3433 2480 3718 2545 manibus,

2100 2575 2295 2631 fratres
2322 2576 2401 2631 sic
2431 2574 2752 2631 benedixit:

2171 2670 2214 2725 Ο
2246 2671 2381 2723 Deus
2410 2670 2763 2737 omnipotens,
2797 2666 3027 2721 ccelestia
3065 2666 3268 2719 tamine
3295 2663 3579 2734 complens,

2172 2755 2281 2821 Qui
2308 2758 2513 2823 coelum,
2544 2760 2742 2823 terras,
2778 2760 3005 2826 pontum
3030 2754 3236 2809 ditione
3261 2754 3552 2822 gubernas,

2182 2848 2249 2902 Ut
2272 2848 2383 2901 sint
2409 2850 2601 2901 cuncta
2626 2848 2735 2900 tuis
2760 2846 2824 2899 in
2841 2848 3073 2915 tempore
3100 2843 3321 2898 subdita
3348 2845 3483 2897 votis
3510 2858 3524 2907 ;

2179 2938 2310 3004 Hos,
2338 2951 2584 3007 exposco,
2616 2940 2731 2990 tuos
2758 2934 2974 2989 benedic
2988 2949 3090 3004 per
3107 2933 3323 2999 saecula,
3353 2945 3553 2994 servos,

2031 2996 2081 3064 Ο
2182 2996 2497 3096 Ρνοέθρθάὸ
2525 2996 2767 3092 insidiis,
2798 3040 2957 3079 serua
2986 2996 3284 3078 uirtutibus
3310 2996 3494 3089 almis,

2173 3123 2345 3176 Donec
2374 3125 2423 3174 te
2450 3120 2689 3187 uideant,
2720 3122 2767 3171 et
2794 3117 2912 3172 caeli
2938 3130 3108 3184 regna
3126 3114 3486 3185 prehendunt,

2177 3215 2247 3267 Te
2274 3212 2558 3278 tribuente,
2589 3213 2752 3276 Deus,
2785 3212 2883 3279 qui
2904 3223 3049 3263 nunc
3077 3212 3127 3262 et
3153 3222 3361 3277 semper
3390 3208 3449 3260 in
3472 3219 3643 3260 meum

2173 3306 2238 3359 In
2257 3304 2465 3374 triplici
2491 3305 2691 3358 uirtute
2716 3303 2798 3357 tui
2828 3300 3132 3356 benedictus
3157 3299 3401 3353 haberis.

2722 3409 2932 3465 CAPUT
2960 3408 3103 3463 XIII.

2179 3502 2331 3570 Quod
2355 3501 2428 3556 ad
2449 3502 2813 3571 episcopatum
2829 3501 3108 3552 revocatus
3131 3499 3205 3552 sit
3228 3496 3284 3552 S.
3307 3495 3637 3551 Lambertus.

2175 3598 2404 3653 Evoluto
2432 3596 2746 3667 septennio,
2781 3593 3000 3649 tandem
3044 3592 3322 3647 Altissimo
3353 3589 3606 3662 placebat
3639 3596 3719 3654 ut,

2104 3692 2230 3758 post
2263 3685 2540 3741 horridam
2572 3690 2625 3739 et
2670 3684 2987 3739 diuturnam
3018 3688 3427 3752 tempestatem,
3476 3679 3600 3735 coeli
3642 3677 3723 3733 fa-

2109 3777 2248 3833 ciem
2280 3783 2579 3832 serenaret.
2616 3774 2882 3847 Pippinus
2904 3764 3205 3837 secundus,
3228 3770 3467 3846 Ansigisi
3498 3779 3553 3825 et
3585 3771 3723 3843 Beg-

2109 3885 2192 3944 gae
2218 3868 2387 3932 ﬁlius,
2420 3868 2517 3923 ubi
2537 3874 2763 3924 cunctos
2790 3867 2885 3938 qui
2911 3866 3058 3921 inter
3077 3882 3136 3921 se
3154 3864 3524 3921 concertando
3548 3863 3720 3917 Fran-

2112 3957 2250 4012 ciam
2277 3956 2663 4011 discindebant
2697 3955 2930 4009 viriliter
2962 3954 3112 4021 vicit,
3146 3954 3300 4008 solus
3338 3953 3440 4007 sub
3466 3953 3723 4008 Theode-

2113 4045 2226 4100 rico
2278 4060 2428 4119 rege,
2473 4051 2620 4100 totus
2671 4044 2913 4099 Francia-3
2955 4043 3325 4114 principatum
3380 4040 3642 4109 obtinuit,
3672 4048 3728 4096 et

2113 4134 2492 4205 perturbatum
2517 4134 2674 4208 regni
2704 4141 2759 4188 et
2780 4131 3039 4188 Ecclesia:
3068 4138 3266 4188 statum
3300 4130 3577 4202 disposuit
3616 4145 3728 4183 me-

2112 4228 2331 4283 liorare.

397 4301 620 4413 gnfntis
661 4305 900 4413 abbatis,
932 4311 1199 4413 sandaliis
1239 4323 1295 4370 et
1336 4333 1459 4389 qua:
1514 4319 1754 4377 habebat
1806 4323 1860 4378 in
1891 4340 2006 4380 ma-
2031 4345 2090 4413 D
2182 4318 2297 4386 Cui,
2338 4319 2485 4375 inter
2541 4320 2670 4388 alia,
2722 4320 2843 4376 haec
2897 4319 3076 4375 laudis
3136 4318 3395 4374 materies
3447 4316 3728 4373 occurrit:

399 4388 563 4446 nibus
608 4393 832 4464 relictis,
888 4399 1051 4455 nudis
1095 4401 1316 4472 plantis,
1358 4388 1711 4464 idiscalceatis
1748 4413 2006 4482 pedibus,

398 4505 541 4588 pene
560 4494 775 4588 nudus,
800 4512 1017 4553 crucem
1047 4501 1200 4566 adiit,
1237 4502 1424 4576 ibique
1455 4506 1683 4577 psalmis
1704 4515 1759 4565 et
1785 4508 2005 4580 hymnis

396 4584 661 4648 intentus,
679 4588 1020 4652 pernoctavit
1049 4588 1366 4648 immobilis.

474 4669 596 4725 Haec
627 4688 758 4728 crux
789 4675 1006 4746 lapidea
1035 4690 1170 4750 erat,
1212 4685 1354 4740 inter
1393 4688 1691 4744 oratorium
1722 4694 1774 4744 et
1805 4689 2010 4745 dormi-

398 4759 621 4827 torium,
652 4763 720 4817 ad
750 4765 857 4821 hoc
894 4776 1093 4826 statuta
1123 4779 1199 4840 ut,
1232 4786 1486 4847 respectu
1526 4778 1700 4849 ipsius
1728 4780 1927 4847 crucis,
1957 4780 2009 4835 hi

402 4850 681 4921 quierant
732 4854 950 4926 Christi,
996 4875 1214 4917 carnem
1245 4880 1398 4920 suam
1430 4867 1684 4923 devotius
1723 4867 2017 4944 cruciﬁge-

402 4950 525 4998 rent
552 4961 676 5000 cum
707 4948 857 5004 vitiis
885 4956 941 5006 et
986 4956 1457 5026 concupiscentiis
1498 4958 1642 5028 (Gal.
1673 4977 1726 5026 v,
1768 4960 1877 5030 24),
1935 4968 2010 5026 et,

401 5036 448 5091 si
477 5039 699 5110 quando
725 5043 1088 5116 graviusculis
1127 5048 1517 5123 delinquerent
1551 5055 1889 5121 excessibus,
1947 5055 2013 5109 ad

402 5128 543 5186 hanc
572 5132 776 5189 addicti
807 5138 1131 5211 regulariter
1149 5142 1505 5213 poeniterent.

472 5221 665 5297 Frigus
694 5228 870 5283 noctis
901 5229 1048 5286 illius
1075 5233 1202 5307 gelu
1243 5236 1626 5306 eanperabat,
1657 5244 1712 5291 et
1742 5236 1857 5304 nix,
1889 5252 2013 5293 cum

403 5309 553 5383 large
570 5312 863 5384 deﬂueret,
886 5333 1001 5374 non
1024 5325 1205 5375 tamen
1226 5322 1367 5377 ultra
1388 5322 1526 5379 talos
1555 5324 1806 5395 praesulis
1828 5340 2016 5379 ascen—

405 5405 589 5462 debat.
629 5407 758 5466 Tota
787 5427 1013 5483 prorsus
1042 5415 1296 5471 hiemalis
1327 5417 1494 5473 facies
1528 5418 1695 5473 nimis
1722 5419 2013 5484 horrebat;

405 5495 503 5548 sed
552 5497 645 5553 ille
695 5501 1038 5573 mitissimus,
1098 5506 1230 5577 quia
1285 5508 1516 5563 ardebat
1566 5508 1731 5580 plane
1783 5509 2017 5564 interius

409 5589 629 5648 ﬂamma
653 5598 912 5665 paracleti
962 5600 1222 5671 Spiritus,
1276 5602 1485 5660 idcirco
1517 5604 1758 5661 exterius
1796 5603 2016 5677 frigoris

2108 4411 2474 4481 Trajectensis
2535 4412 2912 4467 mercenarius
2959 4410 3375 4465 Pharamundus
3408 4450 3421 4476 ,
3506 4409 3729 4463 tandem

2099 4509 2248 4580 justa
2285 4501 2420 4557 cleri
2466 4511 2519 4556 et
2564 4502 2756 4573 populi
2803 4501 3093 4557 abdicatus
3123 4499 3420 4565 sententia,
3452 4514 3562 4553 non
3599 4506 3726 4552 tan-

2002 4636 2006 4639 -
2107 4595 2223 4650 tum
2254 4594 2323 4649 ab
2356 4593 2598 4650 Ecclesia
2639 4594 2995 4664 Trajectensi,
3047 4592 3146 4648 sed
3188 4592 3356 4647 etiam
3388 4608 3418 4645 a
3455 4599 3572 4646 tota
3606 4607 3738 4661 pro-

2109 4686 2290 4742 vincia
2321 4685 2633 4757 expellitur.
2688 4685 2841 4739 lllico
2871 4682 3119 4739 omnium
3176 4682 3244 4735 ad
3291 4681 3487 4736 caelum
3524 4680 3737 4735 tollitur

2113 4776 2311 4842 oratio,
2335 4775 2582 4830 omnium
2614 4774 2681 4828 ad
2714 4774 3021 4845 principem
3068 4771 3363 4843 Pippinum
3396 4771 3569 4824 oratio
3597 4769 3733 4823 diri-

2115 4868 2280 4943 gitur,
2320 4883 2392 4922 ne
2439 4866 2676 4937 amplius
2702 4864 3087 4934 Trajectenses
3117 4863 3192 4935 pii
3242 4862 3414 4917 Patris
3454 4861 3729 4916 Lamberti

2117 4967 2339 5015 careant
2366 4958 2583 5014 solatio.
2623 4958 2805 5013 Placet
2840 4958 2987 5027 justa
3022 4956 3214 5028 petitio
3247 4954 3502 5027 principi,
3528 4962 3583 5008 et
3613 4952 3737 5007 edi—

2115 5049 2188 5104 cit
2214 5056 2485 5119 pastorem
2535 5047 2732 5103 ovibus
2760 5047 2875 5102 suis
2931 5046 3163 5101 restitui.
3205 5045 3284 5099 lta
3314 5044 3474 5098 miles
3533 5042 3733 5098 emeri-

2115 5158 2220 5207 tus,
2252 5143 2591 5214 permaxima
2627 5141 2986 5197 tribulatione
3017 5147 3305 5213 purgatus,
3328 5138 3574 5193 omnium
3604 5150 3732 5189 suo-

2114 5251 2236 5290 rum
2275 5233 2505 5289 vocibus
2550 5232 2837 5298 attollitur,
2879 5238 2934 5285 et
2988 5230 3044 5283 in
3102 5227 3365 5284 cathedra
3420 5226 3736 5294 Trajeeten-

2115 5327 2258 5382 sium
2297 5328 2558 5383 decenter
2596 5326 2884 5381 relocatur.
2934 5324 2993 5377 Et
3039 5322 3256 5388 merito,
3314 5319 3444 5391 quia
3474 5318 3529 5371 in
3566 5316 3732 5372 corde

2118 5421 2263 5477 illius
2288 5426 2405 5476 erat
2428 5420 2721 5475 sinceritas
2752 5427 2807 5473 et
2837 5416 2974 5491 legis
3012 5413 3331 5486 plenitudo:
3376 5411 3431 5465 in
3458 5426 3555 5466 ore
3594 5408 3736 5463 illius

2116 5512 2318 5568 veritas
2348 5518 2402 5567 et
2448 5508 2817 5582 pulchritudo.

2191 5603 2402 5667 Quanta
2441 5616 2608 5673 super
2636 5600 2757 5669 ejus
2797 5598 2975 5654 reditu
3018 5594 3181 5652 fuerit
3243 5593 3535 5652 exsultatio
3583 5590 3730 5647 omni

3756 1737 3783 1750 ο
