3948 6044
200 199 314 254 769
1438 203 1584 258 VITA
1624 203 1824 260 PRIOR
1867 205 1919 258 S.
1969 203 2317 259 LAMBERTI.
3429 216 3532 271 770

195 327 402 386 ordini.
434 327 579 383 aetati
612 336 667 384 et
695 330 870 397 sexui,
903 337 1171 402 quantum
1221 332 1406 390 clerici
1439 340 1493 389 et
1539 337 1815 404 monachi,
1845 348 1896 414 Α
2556 337 2763 395 CAPUT
2795 341 2896 394 XV.

195 431 464 493 (inanium
515 423 742 478 advena?
800 433 857 479 ei
894 426 1191 501 peregrini,
1249 435 1514 499 quantum
1563 445 1729 486 senes
1766 438 1819 486 θί
2031 449 2179 503 Visio
2221 451 2402 502 sancto
2434 450 2712 528 Lambertp
2757 456 2988 528 ostensa,
3032 455 3097 509 de
3121 460 3426 528 sepeliendo

195 515 381 583 pueri,
409 523 672 586 quantum
709 517 948 584 juvenes
1003 523 1058 572 et
1097 519 1341 591 virgines
1399 520 1452 575 in
1505 538 1604 576 sua
1647 539 1817 578 unus-
2458 524 2980 580 sanctaLandrada.

195 605 437 677 quisque
484 622 648 662 causa
706 607 910 664 fuerint
953 610 1265 678 jucundati,
1307 612 1606 681 cujuslibet
1650 613 1812 667 etiam

196 695 390 750 diserti
432 711 540 751 non
587 695 865 753 sufficeret
905 698 1111 772 lingua,
1158 696 1204 752 si
1256 699 1425 755 vellet
1455 715 1677 755 currere
1716 716 1816 770 per

193 786 437 860 singula.

268 881 575 954 Regressus
605 882 772 956 igitur
802 882 884 938 vir
923 884 1262 954 apostolicus
1291 885 1356 939 ad
1401 886 1680 957 propriam
1711 903 1807 941 ur-

194 971 346 1040 bem,
387 973 733 1044 depravatam
765 991 796 1028 a
835 975 1388 1045 pseudochristianis,
1424 977 1814 1034 ecclesiasticae

195 1063 560 1118 institutionis
590 1065 862 1134 reparavit
889 1081 1157 1121 normam.

1986 651 2155 715 Quam
2208 651 2482 726 gloriosus
2529 655 2601 709 sit
2641 657 2782 710 Deus
2833 658 2888 712 in
2927 660 3134 730 seipso,
3178 665 3325 720 nullo
3367 667 3531 722 modo

1916 743 2427 813 deprehenderetur
2454 747 2522 801 ab
2563 749 2903 818 hominibus,
2932 751 3038 807 nisi
3081 755 3264 827 aliqua
3305 759 3532 813 mirabi-

1916 831 2042 887 liter
2067 833 2123 888 in
2149 836 2356 891 sanctis
2377 836 2492 890 suis
2521 848 2900 909 operarentur,
2935 860 3032 914 per
3055 863 3176 917 quae
3201 864 3230 902 a
3253 850 3411 904 nobis
3442 850 3530 904 in-

1916 922 2193 997 telligatur
2215 941 2340 980 vere
2379 942 2503 981 esse
2533 929 2820 985 mirabilis.

1987 1014 2210 1070 Francis
2227 1017 2460 1088 Pippino
2493 1019 2862 1091 principante,
2887 1028 3192 1082 construxit
3216 1032 3528 1088 coenobium

1916 1109 1971 1162 in
1998 1110 2127 1165 villa
2183 1112 2382 1167 Belizia
2413 1123 2600 1170 sancta
2651 1116 2937 1174 Landrada
2979 1122 3153 1195 virgo,
3214 1140 3310 1193 per
3341 1127 3530 1182 omnia

818 1182 1025 1238 CAPUT
1054 1183 1183 1237 XiV-
1915 1203 2086 1256 sancti
2144 1203 2414 1258 Lamberti
2472 1207 2704 1263 consilio
2753 1211 3011 1280 animata,
3056 1182 3111 1268 ξι
3164 1231 3262 1268 usa
3305 1217 3525 1272 auxilio.

265 1275 418 1340 Quod
457 1276 513 1329 S.
549 1276 864 1331 Lambertus
913 1277 1292 1332 Tamandriam
1335 1279 1404 1333 ab
1430 1279 1744 1334 idololatria

837 1349 1163 1403 liberaverit.

1939 1295 2042 1359 [uae
2074 1294 2397 1351 imminente
2425 1297 2515 1351 die
2547 1300 2629 1352 sui
2671 1302 2865 1367 exitus,
2899 1310 2956 1358 ut
2982 1312 3169 1374 parata
3206 1307 3274 1360 ad
3307 1308 3528 1378 nuptias

1915 1382 2116 1453 Sponsi
2141 1384 2386 1451 intraret,
2422 1402 2542 1440 cum
2577 1403 2809 1444 accensa
2838 1391 3104 1446 bonorum
3127 1411 3358 1464 operum
3385 1396 3525 1452 lam-

261 1457 471 1512 Μειθηε
511 1473 644 1533 ergo
674 1475 793 1514 esse
824 1476 986 1532 quam
1029 1459 1136 1515 diei
1188 1460 1503 1532 episcopus»
1552 1462 1808 1532 supeii'l‘
1913 1474 2072 1544 pade,
2110 1475 2397 1530 accersivit
2437 1476 2780 1536 familiariter
2807 1483 3060 1537 eumdem
3095 1492 3339 1541 sanctum
3374 1488 3529 1543 Lam-

191 1546 455 1600 tendebat
485 1547 780 1603 instantius
810 1549 934 1614 sibi,
982 1554 1032 1604 et
1059 1551 1310 1606 universo
1347 1553 1524 1618 gregi,
1555 1567 1658 1606 ηοη
1683 1552 1807 1606 ευὸ-
1909 1562 2148 1630 bertum,
2180 1572 2240 1619 ut
2269 1565 2338 1619 ab
2385 1581 2450 1621 eo
2481 1567 2605 1622 vitae
2659 1569 2919 1624 viaticum
2975 1572 3271 1642 acciperet.
3308 1575 3531 1630 Accele-

188 1636 490 1704 terfug-iens
517 1641 801 1707 quominus
829 1655 980 1694 omne
1005 1641 1286 1695 consilium
1317 1644 1413 1696 Dei
1453 1645 1806 1697 annuntiaret
1831 1678 1877 1744 Β
1909 1660 2061 1706 rante
2089 1652 2228 1707 viam
2275 1662 2466 1710 sancto
2488 1657 2627 1724 viro,
2654 1657 2747 1711 illa
2795 1659 3012 1713 interim
3042 1660 3218 1716 soluta
3240 1672 3322 1717 est
3350 1665 3531 1718 carnis

189 1726 436 1822 omnibus
481 1727 621 1794 (Aet.
655 1743 744 1822 xx,
773 1727 863 1794 27,
916 1728 1025 1822 28),
1063 1728 1373 1822 timensque
1404 1731 1549 1822 servi
1591 1730 1719 1822 mali
1751 1739 1805 1822 et
1831 1726 1877 1744 υ
1907 1745 2205 1816 ergastulo.
2242 1745 2346 1799 Sed
2382 1746 2542 1813 Deus,
2587 1749 2673 1803 cui
2717 1750 2853 1803 nihil
2911 1753 3119 1822 gratius
3181 1760 3264 1808 est
3295 1754 3532 1810 fraterna

191 1814 331 1886 pigri
361 1821 567 1880 notam,
592 1816 684 1886 qui
715 1820 951 1886 reposuit
977 1820 1034 1872 in
1065 1818 1288 1873 sudario
1296 1821 1578 1888 pecuniam
1605 1820 1808 1874 domini

1940 1832 2195 1897 haritate,
2250 1849 2354 1888 nec
2394 1835 2571 1902 illum,
2614 1852 2714 1891 nec
2755 1838 2900 1892 illam
2954 1857 3150 1910 passus
3181 1851 3265 1897 est
3325 1845 3527 1915 privari

191 1907 280 1958 sui
329 1905 474 1972 (Luc.
510 1922 620 1967 χιχ,
673 1904 786 1976 20),
829 1906 967 1960 nihil
998 1906 1214 1960 remissi
1269 1906 1505 1961 faciebat
1545 1907 1720 1973 cordi,
1753 1916 1806 1962 et

1939 1931 2086 1979 ructu
2117 1933 2322 1980 mutua:
2355 1927 2634 1982 amicitiae.

192 1997 408 2066 corpori
442 2013 581 2065 suo,
628 1997 725 2053 sed
757 1999 926 2052 urbes
957 2005 1010 2052 et
1059 1999 1361 2069 municipia
1413 1998 1698 2066 lustrabat,
1755 2005 1809 2054 et

1979 2012 2109 2067 Nam
2143 2012 2198 2066 in
2253 2014 2529 2070 veniendo
2555 2016 2802 2084 jucunda
2835 2020 3056 2089 praesuli
3086 2023 3340 2092 apparuit
3369 2026 3531 2082 visio.

193 2101 290 2155 per
306 2087 494 2156 corda,
519 2087 799 2159 ligonibus
815 2089 965 2142 verbi
981 2088 1216 2156 exculta,
1233 2105 1424 2143 semen
1442 2089 1566 2144 vitae
1590 2089 1646 2142 in
1669 2097 1808 2144 tem-

1939 2111 2050 2158 tnte
2080 2105 2271 2160 oculos
2297 2106 2556 2174 jacentis,
2591 2116 2645 2163 et
2685 2109 2840 2180 quasi
2875 2127 2972 2180 per
3024 2114 3276 2168 cxstasim
3311 2117 3534 2172 semivi-

192 2177 611 2247 porejaciebat.
642 2179 947 2250 Aliquando
976 2179 1143 2234 etiam
1180 2179 1386 2236 limites
1412 2197 1524 2235 suae
1553 2182 1813 2278 dimcesis
1913 2192 2139 2266 gilantis
2213 2194 2424 2248 astabat
2507 2196 2651 2250 clara
2703 2177 2888 2252 videri
2947 2199 3066 2270 ipsa
3121 2200 3317 2258 Christi
3379 2205 3533 2278 virgo

191 2267 513 2333 excedebat,
558 2284 628 2321 ne
660 2283 690 2320 a
746 2267 974 2322 Domino
1016 2267 1293 2323 diceretur
1329 2283 1520 2322 servus
1577 2267 1809 2334 inutilis,
1918 2281 2220 2346 Landrada,
2255 2299 2494 2354 eumque
2547 2285 2822 2340 amicabm
2877 2267 3060 2342 vultus
3103 2300 3156 2344 ει
3191 2292 3301 2345 (πίε
3361 2267 3535 2366 gratia

189 2357 336 2430 quod
367 2359 419 2412 id
451 2360 628 2414 solum
655 2358 866 2425 fecerit,
909 2359 1052 2430 quod
1095 2362 1276 2414 facere
1304 2359 1577 2414 debuerit.
1915 2373 2278 2443 compellans:
2310 2374 2486 2441 Unde,
2519 2377 2717 2447 inquit,
2752 2379 2870 2445 tibi,
2901 2394 2932 2434 ο
2957 2379 3033 2433 mi
3065 2381 3261 2446 amice,
3299 2357 3415 2439 11ch
3450 2384 3535 2438 in-

265 2454 388 2508 Erat
434 2455 491 2508 in
549 2454 800 2524 proximo
849 2452 1130 2524 provincia
1194 2452 1654 2516 TessandrOI‘um.
1712 2452 1809 2506 Ubi
1912 2463 2070 2519 solita
2103 2465 2210 2518 mei
2246 2465 2478 2534 incuria,
2514 2474 2572 2522 ut
2613 2475 2684 2533 te,
2727 2469 2793 2522 ad
2854 2487 2939 2524 me
2974 2472 3330 2540 visitandum,
3385 2483 3536 2531 tanta

187 2544 368 2599 adhuc
423 2543 644 2616 vigebat
680 2542 1011 2597 idololatria.
1059 2541 1120 2596 Et
1159 2541 1356 2632 dolens
1407 2541 1561 2595 fortis
1613 2539 1806 2632 Christi
1911 2557 2145 2611 ιεηιιριιίι
2199 2557 2401 2612 mora?
2467 2559 2811 2627 Lambertus,
2875 2565 3223 2632 praetendens
3273 2539 3533 2623 affectum

188 2632 414 2696 athleta,
447 2631 631 2685 hostes
660 2630 948 2686 Christiani
984 2629 1226 2684 nominis
1255 2630 1321 2683 de
1377 2635 1484 2682 iam
1517 2629 1808 2700 coniiguos
1910 2645 2318 2711 familiaritatis,
2347 2646 2611 2702 reddebat
2651 2650 2768 2704 haec
2799 2629 2968 2704 verba
3001 2654 3411 2710 excusationis:
3446 2656 3530 2710 Mc

190 2724 468 2778 adversari
487 2739 659 2795 regno
692 2723 857 2795 Regis
885 2723 992 2788 sui,
1023 2722 1188 2776 armis
1219 2720 1348 2776 fidei
1389 2722 1710 2796 accingitur,
1755 2729 1809 2776 et
1910 2749 2013 2788 nec
2041 2734 2290 2799 incuria},
2326 2750 2429 2789 nec
2460 2751 2629 2790 mora;
2664 2737 2914 2792 incusare
2956 2740 3148 2805 habes,
3184 2758 3346 2813 quem
3385 2743 3452 2797 ad
3481 2752 3533 2798 te

189 2813 372 2868 calore
403 2812 622 2866 virtutis
663 2810 1054 2877 inﬂammatus,
1103 2809 1314 2864 crebris
1363 2825 1460 2864 eos
1509 2809 1808 2899 assultibus
1909 2825 2102 2880 venire
2155 2833 2550 2894 maturantem,
2583 2831 2850 2899 praevenit
2892 2831 3046 2886 ocior
3069 2834 3262 2888 mortis
3299 2841 3402 2890 tua;
3436 2854 3530 2892 ne-

191 2900 514 2965 lacessebat,
568 2899 628 2954 Et
667 2898 851 2954 oblata
906 2898 987 2972 eis
1019 2913 1154 2968 pace
1186 2898 1427 2958 Domini,
1468 2914 1532 2952 ea
1560 2898 1811 2952 tentabat

1939 2913 2156 2968 essitas.
2202 2915 2358 2980 Ecce,
2420 2917 2548 2987 quia
2580 2898 2797 2985 adsum,
2849 2926 2903 2972 et
2952 2926 3008 2974 tu
3053 2921 3166 2989 jam
3217 2925 3440 2979 intrasti
3476 2929 3535 2980 in

190 2992 522 3048 omnimodis
552 2992 596 3046 si
628 2990 905 3064 quomodo
932 3005 1098 3060 super
1131 2988 1274 3044 filios
1307 2990 1461 3061 pacis
1493 2997 1546 3044 et
1574 3007 1678 3061 pax
1710 3005 1810 3044 sua
1833 3043 1878 3078 ρ
1910 3002 2174 3068 gaudium
2199 3007 2415 3058 Domini
2440 3008 2524 3060 ταί
2554 3006 2762 3075 (Matth,
2801 3025 2930 3074 xxv,
2960 2988 3074 3077 2'1);
3103 3010 3252 3078 justa
3294 3012 3387 3066 [ibi
3421 3014 3535 3068 θοι-

193 3043 823 3154 ιῖεξᾴἶιῖἑέξιέὶὲῖ(ἱ1ξιὶινιξ
866 3043 1074 3149 χ,ιὲ›);
1117 3043 1267 3133 sua
1307 3043 1461 3134 verbi
1513 3043 1808 3134 dlilcedine

1947 3043 2174 3056 ωυυωιυυιιν
2199 3043 2412 3058 uva-wn.
2440 3043 2522 3060 ww
2554 3043 2762 3075 \‘uuowh
2803 3043 2930 3074 .uu,
2962 3043 3074 3077 ιιι),
3103 3043 3252 3078 Juata
3295 3043 3387 3066 ιιυι
3421 3043 3533 3068 θυι-

1943 3109 2028 3148 am
2071 3109 2139 3148 ex
2177 3093 2394 3161 debito;
2430 3102 2507 3162 tu,
2533 3112 2742 3167 quasso,
2797 3097 2928 3151 mihi
2961 3098 3143 3154 indica
3175 3116 3284 3172 quo
3325 3101 3379 3155 in
3413 3103 3533 3160 loco

192 3192 288 3231 eos
315 3175 610 3240 mulcebat,
643 3182 703 3228 ut
730 3172 798 3226 ad
829 3172 968 3227 viam
1010 3170 1255 3225 veritatis
1281 3179 1533 3264 errantes
1563 3171 1808 3264 adduce—
1908 3202 2110 3257 corpus
2135 3196 2286 3243 tuum
2338 3206 2401 3244 ex
2448 3197 2540 3246 ιυο
2580 3191 2779 3262 placito
2811 3193 3095 3264 seponam,
3134 3170 3207 3250 Egi
3253 3197 3380 3252 ina;
3419 3199 3530 3255 su-

191 3276 273 3324 ret
294 3286 308 3335 ;
331 3283 478 3322 ηυηο
503 3267 644 3320 “lim
673 3281 732 3318 se
767 3264 1026 3358 inserens
1052 3261 1223 3327 bello:
1254 3263 1461 3358 ῖξθπιριει
1492 3269 1546 3358 ei
1576 3263 1806 3358 Βίηηξῖε·
1908 3278 2081 3348 spice,
2110 3279 2308 3351 inquit,
2340 3282 2394 3335 in
2426 3261 2650 3352 caelum,
2692 3291 2746 3338 et
2776 3261 3072 3358 diligenter
3108 3286 3262 3341 illum
3292 3288 3347 3344 in
3372 3293 3533 3348 terris

192 3374 283 3413 cra
325 3356 614 3429 gentilium
663 3352 1006 3417 destruebat,
1041 3359 1101 3406 ιιι
1131 3350 1324 3422 quavis
1369 3351 1661 3406 occasione
1698 3351 1808 3406 fre-
1907 3365 2085 3421 locum
2111 3350 2300 3424 ηοίθιο
2331 3370 2386 3423 in
2411 3387 2518 3441 quo
2549 3350 2752 3426 videris
2783 3350 2949 3428 moao
2985 3390 3084 3444 per
3113 3376 3405 3432 micantem
3438 3381 3528 3434 lu-

193 3451 360 3505 mitus
407 3463 598 3503 eorum
652 3449 1046 3515 compesceret.
1089 3441 1171 3496 illi
1214 3441 1543 3509 fremebant,
1577 3448 1636 3496 ut
1680 3443 1808 3496 bar-
1907 3470 2026 3508 cem
2061 3456 2297 3524 caelitus,
2329 3474 2596 3528 apparere
2623 3467 2826 3514 sancta;
2867 3441 3046 3516 crudis
3090 3464 3329 3537 signum,
3365 3467 3529 3522 Lam-

192 3541 305 3596 bari
372 3541 424 3594 ei
455 3555 604 3601 eum,
635 3544 694 3593 ut
721 3536 909 3592 bestiae
950 3533 1325 3595 ferocissimm,
1362 3533 1681 3603 discerpere
1710 3549 1808 3588 011-
1907 3546 2229 3602 bertuseam
2246 3557 2643 3606 monstrantem
2664 3554 3092 3623 sequensoculis
3115 3563 3532 3624 etmente,ecce

195 3630 440 3700 piebant.
497 3626 805 3698 Aliquando
857 3632 1080 3691 ιειῐηθυν
1142 3620 1506 3716 humaniiaiis
1555 3628 1808 3716 respecm
1907 3637 2058 3692 videt
2087 3636 2268 3694 locum
2292 3641 2347 3695 in
2367 3641 2525 3696 terris
2547 3620 3195 3716 coelestilucedesignari
3229 3647 3284 3702 in
3307 3620 3529 3705 modum

194 3721 436 3785 adducti,
477 3718 835 3775 attendebant
889 3716 1168 3780 viriliter".
1225 3720 1280 3767 ei
1325 3713 1586 3815 Ρίίξῐεξίοιη
1632 3715 1805 3815 itane“
1908 3737 2112 3784 sanctae
2167 3733 2366 3800 crucis,
2401 3741 2456 3788 et
2483 3735 2550 3788 ab
2603 3750 2697 3790 ore
2739 3713 3110 3808 colloquentis
3139 3739 3243 3793 sibi
3278 3741 3528 3815 virginis,

192 3809 423 3881 viri,qui
448 3808 596 3880 quod
619 3805 956 3877 praedicabat
981 3818 1079 3858 ore
1101 3816 1268 3872 Opere
1293 3799 1566 3871 explebat,
1597 3808 1652 3856 et
1675 3817 1800 3856 eum

1945 3833 2022 3872 asc
2048 3821 2240 3875 ultima
2286 3823 2454 3877 verba
2480 3824 2708 3895 accipit:
2755 3825 2924 3892 Hunc,
2982 3827 3292 3895 Lamberte,
3336 3799 3519 3885 locum

194 3899 393 3955 imitari
408 3899 674 3960 volentes,
706 3894 1058 3966 patiebantur
1082 3909 1142 3948 se
1172 3892 1241 3946 ab
1273 3907 1338 3947 eo
1380 3891 1434 3944 in
1467 3890 1574 3947 fide
1607 3892 1800 3948 Christi

1939 3910 2004 3963 ,bi
2035 3914 2252 3969 ccelitus
2284 3915 2642 3980 insinuatum,
2670 3919 2812 3972 scias
2844 3919 2975 3972 olim
3003 3920 3314 3994 delegatum
3348 3938 3379 3976 a
3411 3923 3524 3979 Deo

189 3990 521 4048 confirmari.
569 3991 644 4042 lta
673 3987 1026 4059 belligerator
1048 3983 1241 4039 Christi
1281 3983 1542 4054 paulatim
1572 3983 1802 4038 abolens
1904 4017 2041 4057 mea;
2063 4008 2378 4076 sepultum.
2423 4009 2528 4064 "ac
2567 4010 2684 4065 vice
2717 4027 3032 4066 sermonum
3080 3983 3266 4071 sa‘hcla
3311 4015 3526 4088 virgine

193 4085 259 4138 ab
276 4099 469 4138 eorum
499 4079 760 4136 cordibus
790 4078 1102 4132 barbariem
1140 4075 1500 4179 εξῖηίυίίδίίξζ
1526 4075 1816 4179 ’ίηιθξθίξιξδί
1915 4098 2056 4152 coelo
2088 4106 2328 4170 recepta,
2363 4101 2444 4154 vir
2463 4108 2707 4169 sanctus,
2739 4119 2933 4159 somno
2963 4105 3196 4175 solutus,
3221 4108 3532 4179 applaude-

191 4189 288 4229 eos
315 4173 386 4227 ad
413 4168 838 4226 Christianitatis
871 4165 1374 4233 mansuetudinem,
1403 4170 1458 4219 et
1487 4163 1813 4219 idololatriae
1917 4188 2132 4242 batsibi
2163 4163 2232 4244 δέ
2250 4163 2490 4246 (maestis
2523 4163 2750 4248 visionis
2778 4195 3061 4250 miraculo.

194 4266 422 4321 fetorem
456 4277 762 4324 removens»
795 4259 1089 4359 ερδτὲθιξξιί
1113 4257 1319 4329 Ubique
1356 4257 1577 4359 ’δοιξᾞη
1607 4254 1804 4359 fibris”
1829 4342 1881 4359 π
1979 4281 2153 4336 Locus
2180 4290 2360 4337 autem
2399 4285 2490 4355 qui
2523 4285 2920 4339 cmlestislucis
2952 4287 3112 4359 signo
3136 4286 3522 4355 irradiabatur,

193 4358 419 4413 odorem
455 4357 533 4424 (II
574 4357 690 4411 Cor.
743 4370 802 4421 ιι,
849 4353 955 4423 15).
1015 4349 1126 4405 Nec
1181 4356 1308 4404 ante
1339 4349 1549 4404 destitit
1577 4349 1808 4418 signifer

1939 4372 2364 4428 Ventershovum
2399 4381 2542 4440 erat;
2578 4390 2741 4444 quem
2772 4374 2892 4444 ipse
2923 4382 3144 4428 sanctus
3177 4375 3524 4444 Lambertus,

195 4446 390 4502 Christi
422 4461 592 4517 quam
631 4459 851 4500 omnem
907 4442 1054 4496 illam
1086 4447 1332 4516 geniem,
1363 4439 1434 4495 de
1481 4457 1651 4516 ι’θὲηο
1693 4441 1811 4496 dia‘
1911 4477 1942 4515 a
1970 4468 2161 4516 saneto
2195 4461 2507 4516 Landoaldo
2533 4439 2536 4440 ν
2564 4439 2701 4514 inibi
2742 4439 3000 4526 nutritus,
3043 4461 3221 4532 prima
3259 4463 3342 4516 sui
3384 4439 3520 4520 tiro;

192 4540 304 4594 boli
335 4539 607 4601 abactam,
640 4535 709 4590 ad
737 4551 968 4609 regnum
1001 4533 1164 4608 Regis
1192 4549 1383 4607 regum
1415 4534 1737 4589 transduxit.
1911 4553 2040 4607 οίηίί
2072 4551 2259 4606 indole
2282 4552 2659 4626 insigniverat,

267 4635 390 4688 Hmc
420 4640 501 4687 est
543 4630 772 4696 Christe.
802 4636 896 4684 tua
923 4628 1136 4704 gratia;
1179 4629 1296 4683 hac
1345 4635 1429 4682 θεῖ
1455 4627 1586 4682 boni
1617 4629 1810 4684 militis
1983 4642 2306 4697 Lambertus
2345 4649 2495 4697 tanto
2527 4641 2751 4713 quidem
2786 4640 3174 4712 preperantius
3213 4643 3524 4700 maturabat

195 4724 272 4780 tui
298 4722 629 4789 constantia,
661 4721 778 4792 qui,
811 4735 952 4791 opus
999 4720 1360 4791 apostolicum
1391 4734 1706 4792 aggressus,
1740 4718 1808 4772 ad

1939 4729 2076 4795 iam,
2110 4737 2315 4800 quanto
2346 4729 2557 4784 sciebat
2584 4730 2687 4784 hoc
2722 4723 2915 4783 Dco'et
2963 4745 3179 4799 sponsre
3233 4731 3355 4801 ejus
3406 4732 3522 4788 fore

191 4828 370 4875 castra
401 4827 491 4873 tua
531 4825 638 4872 tam
680 4815 954 4889 insignem
988 4813 1217 4869 adduxit
1272 4812 1632 4882 triumphum.
1675 4813 1810 4867 Ecce
1910 4817 2139 4890 gratius.
2175 4817 2232 4872 Et
2272 4817 2503 4873 veniens
2533 4817 2789 4871 Belisiam
2821 4817 3028 4872 tardius
3072 4825 3197 4873 voto
3229 4836 3390 4890 quam
3425 4838 3522 4892 pe-

191 4906 532 4964 Tessandrim
561 4904 894 4976 apostolum,
923 4903 1116 4957 merito
1147 4900 1411 4972 apostolis
1450 4905 1504 4954 et
1537 4901 1808 4970 apostoli-
1913 4909 2079 4963 dibus
2109 4909 2311 4978 (animo
2343 4909 2489 4964 enim
2531 4908 2774 4979 cupienti
2827 4907 2965 4961 nihil
3019 4909 3152 4963 satis
3185 4909 3517 4984 festinatur).

191 5000 272 5055 eis
320 4999 452 5054 viris
492 4996 910 5053 conferendum.
965 4993 1091 5049 Cum
1125 4993 1273 5048 enim
1325 4991 1393 5047 ad
1447 4989 1811 5059 judicandum
1909 4998 2178 5054 visionem
2226 4998 2484 5052 omnibus
2543 4997 2756 5067 pandit,
2804 5011 3012 5067 eosque
3059 4997 3126 5050 ad
3166 4996 3312 5050 illam
3367 5015 3522 5053 exse-

188 5090 407 5146 venerit
455 5089 715 5160 Princeps
779 5095 1081 5159 pastorum,
1137 5083 1482 5154 et-quisque
1531 5089 1807 5153 pastorum
1914 5087 2188 5160 quendam
2225 5087 2416 5142 nititur
2469 5085 2691 5140 flectere
2735 5101 2897 5156 quam
2935 5090 3113 5155 potest
3168 5083 3427 5140 blandius
3465 5096 3524 5142 et

189 5183 242 5238 ei
327 5181 802 5253 repraasentaverit
879 5183 1103 5250 quotam
1169 5183 1378 5246 partem
1455 5175 1647 5230 mundi
1713 5191 1812 5230 sua
1913 5182 2226 5238 facundius.
2272 5182 2472 5236 Omnes
2501 5185 2689 5235 contra
2742 5195 2911 5233 unum
2966 5178 3286 5244 reclamant,
3328 5194 3523 5234 omnes

188 5272 588 5344 pradicatione
646 5269 937 5326 adduxerit
973 5268 1041 5322 ad
1080 5265 1269 5332 ﬁdem.
1326 5265 1418 5321 hic
1473 5272 1658 5336 Pastor
1710 5281 1812 5321 ηο-
1914 5289 2023 5329 uno
2054 5288 2145 5327 ore
2165 5271 2547 5327 tumultuando
2574 5269 2953 5323 conclamant:
2997 5266 3170 5331 Absit,
3203 5265 3519 5322 Lamberte:

182 5378 303 5427 ster
333 5369 476 5424 inter
507 5377 756 5440 pastores
796 5382 906 5422 non
958 5364 1139 5419 inanis
1168 5361 1479 5434 apparebit,
1511 5360 1612 5415 sed
1642 5360 1808 5417 etiam
1909 5365 2074 5430 absit,
2101 5379 2133 5419 0
2157 5363 2358 5434 praesul
2389 5359 2578 5415 beatel
2616 5359 2709 5415 Hie
2732 5361 2849 5429 ipsa
2880 5365 3065 5412 sancta
3096 5356 3248 5430 virgo
3273 5364 3380 5412 ate
3411 5357 3520 5415 Deo

182 5459 306 5530 ipse
334 5459 556 5526 multos,
585 5472 685 5512 suo
715 5455 906 5510 labore
933 5452 1002 5508 ab
1030 5450 1340 5508 idololatria
1370 5448 1457 5503 vel
1487 5447 1696 5503 malitia
1722 5462 1808 5501 re-
1908 5460 2225 5511 consecrata
2252 5452 2382 5518 fuit;
2408 5451 2526 5505 haec
2554 5449 2807 5512 ecclesia,
2842 5447 2962 5516 ejus
2983 5462 3153 5517 Opera
3179 5453 3233 5500 et
3255 5447 3523 5518 impensis

181 5562 408 5620 tractos,
441 5560 566 5623 post
588 5568 646 5606 se
677 5550 876 5619 trahet,
903 5555 959 5604 et
996 5545 1233 5617 accipiet
1257 5543 1622 5615 multiplicem
1655 5556 1811 5601 coro-
1911 5551 2244 5610 constructa,
2277 5557 2306 5594 a
2334 5547 2388 5634 te
2441 5555 2541 5634 per
2578 5554 2720 5634 eam_
2760 5543 2846 5634 est
2873 5534 3161 5634 dedicata;
3203 5534 3293 5634 hic
3337 5537 3525 5634 omnia

184 5665 315 5704 nam
347 5647 558 5721 gloriae.
1912 5635 2053 5703 ejus,
2085 5648 2184 5703 per
2212 5636 2286 5691 te,
2308 5628 2376 5683 ab
2408 5643 2472 5682 ea
2504 5627 2616 5682 Deo
2646 5625 2887 5698 relegata
2906 5629 3063 5690 sunt;
3096 5623 3188 5679 hic
3207 5624 3318 5681 Deo
3350 5624 3523 5681 famu-
