3948 6044
395 208 491 261 7³71
1615 213 1960 270 SlGEBERTl
2002 215 2254 271 GEMBLA
2264 217 2508 273 CENSIS.
3615 216 3732 272 779

392 331 602 386 antium
642 330 822 396 turba,
868 347 967 402 per
1000 348 1146 400 eam,
1171 340 1226 388 et
1255 350 1354 404 per
1384 343 1434 389 te
1466 335 1650 392 adulta
1673 347 1788 399 est;
1829 346 1882 394 et
1910 340 2004 395 ubi
2035 346 2086 413 Α
2111 357 2282 412 super
2333 357 2526 396 omnes
2581 340 2866 412 principes
2945 339 3308 406 Francorum;
3385 340 3544 409 cujus
3602 339 3734 414 glo-

391 421 611 495 dignius
662 438 787 477 ossa
828 424 947 492 ejus
977 425 1271 496 quiescent
1301 443 1463 497 quam
1498 427 1607 496 hic,
1641 430 1732 484 ubi
1768 448 2012 500 praesen-
2113 433 2246 487 riam
2319 433 2594 507 augebant
2664 431 2841 487 crebri
2923 431 3272 486 victoriarum
3330 430 3496 486 tituli.
3556 432 3730 495 Quem

389 512 592 566 tialiter
622 520 701 568 tot
731 514 1005 570 bonorum
1039 517 1159 584 ejus
1192 532 1423 586 Operum
1466 527 1732 591 apparent
1761 524 2010 582 testimo—
2109 523 2178 578 ad
2250 525 2507 579 virtutem
2571 524 2802 578 incitare
2881 530 3135 593 poterant
3216 523 3408 577 saltem
3491 523 3733 578 deducta

389 602 517 657 nia?
558 603 616 657 Et
671 604 786 659 haec
837 606 1057 676 quidem
1105 608 1308 671 omnia,
1369 610 1533 664 etiam
1588 619 1696 667 tute
1744 615 2006 671 sanctita-
2107 614 2176 669 ab
2217 621 2449 686 utroque
2487 621 2716 685 parente
2766 614 3026 669 nobilitas
3052 619 3107 669 et
3162 613 3469 668 sanctitatis
3519 630 3727 669 monu-

385 690 454 745 tis
494 691 707 757 merita,
772 692 1080 763 Lamberte,
1139 698 1510 765 accumulant,
1571 700 1700 755 dum
1742 717 1842 772 per
1904 709 2009 759 tua:
2112 710 2317 760 menta.

383 781 771 851 pastoralitatis
827 784 1093 852 studium,
1163 786 1252 841 hic
1304 793 1360 843 et
1409 790 1608 845 merito
1667 798 1722 846 et
1776 809 2006 850 numero
2186 796 2250 851 Ut
2281 796 2426 852 enim
2455 796 2649 850 sileam
2677 795 2746 850 de
2785 795 3070 850 sanctitate
3103 795 3387 850 Gertrudis
3414 803 3727 850 matertera:

384 883 546 930 aucto
601 875 848 932 fidelium
894 880 1100 950 pepulo
1159 879 1289 937 fidei
1327 890 1382 938 et
1433 885 1652 940 virtutis
1705 887 2009 944 exuberant
2113 888 2253 956 ejus,
2285 888 2372 942 vel
2425 886 2735 957 Clodulphi,
2793 883 2890 939 lilii
2924 885 3096 940 sancti
3125 885 3415 956 Arnulphi,
3469 885 3729 940 Metensis

384 963 548 1020 dona.
1849 962 1863 969 ’
2113 978 2384 1049 episcopi,
2409 977 2503 1050 qui
2525 977 2629 1032 fuit
2650 977 2898 1048 patrinus
2925 977 3119 1048 ipsius,
3139 977 3264 1048 quis
3285 985 3489 1032 sancta:
3509 978 3728 1052 Beggue,

454 1051 774 1109 Lambertus
798 1054 1042 1112 offensus
1088 1059 1395 1129 pervicacia
1446 1063 1728 1118 omnium:
1781 1066 2001 1121 Gratum
2105 1070 2293 1125 matris
2319 1070 2460 1141 ejus,
2494 1070 2657 1125 vitam
2691 1085 2801 1124 non
2833 1068 3099 1123 miretur?
3127 1069 3260 1133 Quis
3293 1069 3498 1123 nesciat
3524 1070 3731 1123 sancti-

386 1151 488 1214 est,
521 1146 719 1219 inquit,
762 1164 1000 1218 praeesse
1042 1151 1273 1215 civibus,
1308 1153 1404 1207 sed
1435 1171 1598 1226 grave
1629 1165 1711 1211 est
1745 1158 2002 1215 omnibus
2104 1162 2343 1217 moniam
2377 1161 2590 1232 paterni
2618 1160 2702 1215 avi
2733 1161 2852 1229 ejus
2884 1159 3172 1230 Arnulphi,
3207 1161 3298 1231 qui
3335 1161 3511 1230 primo
3553 1161 3730 1230 major

385 1237 622 1307 placere.
659 1240 817 1308 Ecce,
849 1242 978 1312 quia
1005 1259 1186 1298 sermo
1227 1245 1320 1299 Dei
1359 1253 1414 1300 et
1445 1263 1600 1302 meus
1626 1264 1734 1304 non
1768 1251 1914 1322 capit
1941 1251 1996 1306 in
2104 1254 2302 1309 domus
2327 1254 2489 1327 regis,
2533 1261 2673 1324 post,
2711 1252 2970 1308 Metensis
3000 1252 3315 1323 episcopus,
3361 1258 3414 1306 et
3455 1253 3508 1306 in
3541 1253 3652 1307 vita
3678 1261 3732 1308 et

381 1330 540 1386 vobis
597 1333 767 1403 (Joan.
802 1352 912 1389 vnt.
973 1337 1082 1407 37),
1119 1354 1216 1392 vos
1270 1355 1465 1394 omnes
1499 1340 1702 1397 invitus
1751 1360 1998 1416 sequar;
2103 1341 2160 1396 in
2203 1349 2375 1397 morte
2431 1341 2697 1395 mirabilis
2755 1340 2963 1395 mundo
3004 1339 3155 1395 fuit?
3209 1341 3328 1396 lam
3377 1357 3506 1396 vero
3563 1341 3727 1396 etiam

381 1432 563 1481 certus
599 1443 719 1482 sum
769 1434 951 1483 tamen
983 1430 1112 1500 quia
1142 1433 1384 1486 caelestis
1433 1435 1640 1490 oraculi
1673 1452 1783 1493 non
1829 1438 2006 1494 deerit
2104 1435 2342 1492 filiorum
2403 1435 2523 1504 ejus
2582 1435 2828 1505 potentia
2878 1434 3098 1507 vigebat
3155 1433 3212 1488 in
3269 1450 3466 1508 regno,
3515 1451 3545 1489 e
3603 1436 3732 1506 qui-

383 1512 631 1569 eﬁectus.
2104 1525 2208 1579 bus
2291 1525 2469 1599 Drogo
2549 1523 2659 1578 dux
2740 1530 2856 1578 erat
2932 1522 3388 1593 Campanensium
3471 1523 3533 1577 At
3589 1523 3720 1576 Gri-

453 1604 773 1660 Lambertus
819 1608 1004 1681 igitur,
1045 1612 1262 1682 sepulta
1300 1619 1488 1668 sancta
1543 1613 1780 1689 virgine,
1828 1619 2002 1690 magis
2034 1613 2353 1690 nmoaldus
2407 1611 2812 1667 haereditarium
2871 1611 3040 1682 patris
3096 1611 3466 1681 principatum
3516 1627 3726 1681 exspe-

381 1710 449 1749 ex
491 1696 681 1767 pOpuli
710 1662 873 1770 quan'i
930 1662 1136 1756 cx'suor
1167 1703 1388 1773 placito,
1433 1662 2000 1776 animoalluctuabaat,
2030 1662 2301 1760 Bctabat.
2361 1704 2466 1760 Hos
2506 1704 2583 1758 illi
2632 1710 2900 1777 genuerat
2939 1702 3183 1774 legitima
3229 1718 3330 1758 sua
3354 1703 3555 1772 conjux
3597 1702 3728 1757 Ple-

384 1782 513 1839 hinc
559 1785 629 1840 de
675 1786 884 1842 caelesti
945 1791 1168 1846 oraculo
1220 1801 1426 1859 certus,
1479 1794 1633 1848 illinc
1667 1796 1906 1850 incertus
1935 1797 2003 1852 de
2103 1797 2333 1852 ctrudis.

378 1876 596 1946 sepulto
652 1877 879 1950 virginis
918 1883 1270 1952 corpusculo.
1322 1883 1398 1938 Ob
1455 1886 1578 1952 hoc,
1608 1888 1761 1941 omni
1808 1888 2002 1944 orandi
2175 1891 2236 1944 Et
2273 1906 2397 1945 cum
2456 1889 2688 1960 Pippino
2742 1887 2878 1941 nihil
2907 1886 3118 1960 gloriae,
3153 1887 3288 1942 nihil
3343 1887 3602 1958 potentiae
3635 1887 3732 1942 vel

384 1967 548 2022 modo
590 1984 649 2023 se
680 1969 964 2037 addicens,
1007 1974 1289 2044 quazrebat
1349 1992 1463 2030 rem
1498 1976 1566 2030 ab
1607 1993 1675 2032 eo
1723 1979 1811 2034 cui
1866 1980 2003 2034 nihil
2105 1979 2388 2034 felicitatis
2428 1978 2670 2044 deesset,
2733 1992 3012 2048 nunquam
3075 1977 3127 2031 ei
3183 1991 3350 2048 super
3400 1975 3732 2030 industriam

381 2054 728 2125 impossibile
768 2073 889 2113 esse
921 2060 1133 2116 sciebat
1173 2062 1321 2132 (Luc.
1356 2081 1391 2128 ι,
1422 2066 1536 2124 57).
1580 2065 1669 2120 Sic
1691 2074 1880 2122 exacto
1913 2067 2004 2121 tri-
2103 2070 2320 2125 fortuna
2349 2069 2472 2124 fuit.
2520 2069 2558 2124 0
2608 2068 2746 2123 nihil
2806 2083 3048 2140 unquam
3105 2076 3279 2123 tutum
3332 2066 3478 2138 apud
3535 2067 3734 2122 diabo-

383 2143 514 2206 duo,
541 2156 842 2204 convocato
871 2151 1098 2220 pOpulo,
1127 2151 1231 2206 ait:
1265 2152 1537 2226 Virginem
1571 2154 1766 2211 Christi
1795 2156 2007 2227 pridem
2109 2158 2255 2214 lum!
2290 2160 2370 2214 vir
2392 2169 2498 2212 tam
2529 2157 2856 2212 victoriosus
2886 2157 2952 2212 de
2969 2157 3155 2228 seipso
3187 2172 3294 2212 non
3325 2157 3505 2228 potuit
3534 2157 3732 2211 trium-

379 2231 720 2302 defunctam,
755 2247 940 2293 vestro
972 2239 1137 2294 etiam
1163 2241 1396 2310 judicio,
1441 2245 1625 2318 magni
1682 2246 1806 2302 dico
1840 2246 2008 2303 fuisse
2107 2251 2302 2322 phare.
2357 2257 2412 2306 et
2459 2250 2697 2305 ferreum
2742 2256 2933 2319 pectus
2987 2264 3148 2304 suum
3208 2265 3402 2319 passus
3456 2248 3730 2319 perforari

379 2324 586 2392 meriti,
623 2333 678 2381 et
709 2327 834 2384 ideo
866 2329 1007 2386 duco
1031 2347 1141 2387 non
1167 2333 1287 2388 leve
1314 2350 1437 2390 esse
1469 2336 1617 2407 quod
1647 2337 1716 2391 ab
1738 2353 1832 2393 ore
1862 2338 2003 2406 ejus,
2105 2343 2257 2398 molli
2292 2343 2399 2398 telo
2426 2341 2693 2397 libidinis.
2747 2341 2986 2396 Puellam
3021 2341 3263 2396 nobilem
3295 2349 3350 2395 et
3388 2341 3730 2415 elegantem,

372 2411 484 2480 jam
529 2429 652 2468 cum
686 2414 897 2472 Christo
943 2421 1250 2493 regnantis,
1301 2423 1437 2476 mihi
1479 2424 1780 2480 indicatum
1816 2435 1999 2482 teneo.
2106 2436 2329 2491 nomine
2369 2436 2676 2505 Alpaidem,
2709 2433 3032 2504 superduxit
3072 2433 3333 2506 legitimae
3360 2411 3579 2503 conjugi
3609 2449 3731 2487 sua:

380 2501 534 2570 Ideo,
587 2521 656 2560 ne
683 2509 988 2577 gravemini
1022 2513 1168 2582 quod
1210 2529 1429 2584 prec0r,
1463 2523 1522 2570 ut
1551 2524 1738 2588 aperta
1770 2518 2003 2592 virginis
2107 2530 2398 2592 Plectrudi,
2436 2501 2502 2584 ex
2537 2546 2639 2601 qua
2667 2501 2831 2583 etiam
2865 2501 3310 2598 suscepitiilium
3361 2501 3593 2590 Carlum,
3635 2528 3730 2582 cui

380 2596 589 2659 tumba,
628 2615 741 2654 rem
773 2600 947 2671 ipsam
984 2605 1161 2659 oculis
1199 2608 1586 2677 experiamini.
1619 2610 1698 2664 Ab
1740 2611 2001 2666 omnibus
2103 2631 2312 2692 postea,
2371 2596 2597 2694 propter
2648 2621 2967 2676 indomitam
3023 2596 3267 2674 bellandi
3318 2618 3728 2686 fortitudinem,

379 2685 637 2742 obeditur
667 2691 739 2757 ei,
787 2693 977 2747 tumba
1005 2697 1273 2764 aperitur,
1308 2698 1407 2753 sed
1451 2700 1586 2754 nihil
1617 2702 1890 2772 reperitur
1932 2704 2000 2758 de
2100 2685 2320 2767 Iudene
2371 2685 2507 2767 'siv'e
2561 2710 2836 2766 Mai-tellus
2889 2725 3162 2781 agnomen
3210 2708 3326 2763 fuit.
3389 2708 3515 2763 Haec
3563 2723 3725 2763 soror

376 2785 566 2834 sancto
591 2779 665 2834 ibi
696 2785 916 2852 sepulto
940 2801 1193 2856 corpore,
1214 2804 1336 2843 cum
1365 2790 1486 2860 ipso
1517 2794 1856 2866 sarcophago
1871 2794 2007 2850 alias
2106 2809 2222 2856 erat
2251 2802 2510 2863 Dodonis,
2547 2800 2641 2872 qui
2673 2779 3010 2854 domesticus
3035 2797 3250 2868 Pippini
3287 2797 3554 2868 principis
3583 2804 3724 2862 erat,

375 2870 726 2940 transposito.
775 2873 1021 2944 Expallet
1072 2878 1255 2933 vultus
1319 2882 1590 2949 omnium,
1636 2883 1786 2938 solus
1847 2884 2004 2939 Lam-
2106 2896 2190 2949 vir
2248 2896 2445 2967 plenus
2488 2870 2707 2965 opibus,
2763 2909 2972 2966 genere
3027 2892 3227 2959 clarus,
3277 2908 3378 2962 per
3415 2891 3624 2946 amicos
3665 2897 3723 2945 οι

374 2962 560 3018 bertus
574 2966 802 3039 gaudet,
832 2974 886 3022 et
906 2970 1170 3024 attonitos
1199 2979 1425 3041 paterne
1451 2975 1805 3030 demulcens:
1842 2977 1933 3041 Qui

2161 2962 2384 3061 ignatos.
2412 2993 2466 3041 et
2499 2962 2697 3040 multos
2722 2962 2830 3039 sibi
2857 2985 3229 3055 obsequentes
3256 2998 3458 3054 pueros
3493 2981 3720 3036 multam

375 3049 578 3122 inquit,
607 3052 975 3110 diflidentiam
1008 3064 1244 3112 vestram
1286 3061 1495 3130 experti
1527 3062 1682 3128 estis,
1707 3063 1819 3131 jam
1853 3080 1999 3120 nunc
2028 3049 2076 3100 ί)
2101 3049 2401 3149 ροῖοηιίειηι
2425 3083 2709 3132 assecutus
2739 3077 2793 3130 in
2825 3091 3013 3151 regno.

373 3137 471 3192 Dei
501 3138 912 3196 mirificentiam
945 3145 1314 3214 experiamur,
1356 3156 1410 3202 et
1442 3149 1496 3202 in
1527 3149 1647 3204 loco
1679 3151 1816 3205 mihi
1848 3152 1998 3208 desi-
2102 3137 2114 3149 ’
2170 3169 2298 3224 cum
2357 3177 2541 3224 autem
2583 3169 2765 3224 minus
2817 3137 2964 3223 essTet
3010 3168 3395 3238 episcoporum
3430 3166 3523 3237 qui
3551 3171 3728 3220 staret

373 3240 564 3306 gnato,
595 3237 768 3290 sancti
801 3239 1048 3308 corporis
1079 3240 1295 3313 glebam
1336 3259 1664 3314 quaeramus.
1719 3245 1792 3301 Eo
1831 3247 1932 3302 duc

2180 3259 2432 3322 adverso,
2463 3265 2517 3312 et
2543 3263 2851 3328 Opponeret
2873 3273 2934 3311 se
2963 3273 3180 3312 murum
3217 3272 3312 3326 pro
3334 3257 3497 3311 domo
3529 3255 3719 3320 Israel,

377 3323 835 3382 Wentershovum
865 3330 1130 3397 curritur;
1183 3331 1301 3403 qui,
1345 3341 1529 3389 mente
1552 3345 1606 3390 et
1635 3337 1811 3392 oculis
1842 3339 1936 3394 rell

2182 3355 2350 3406 staret
2371 3353 2429 3405 in
2467 3323 2598 3405 bello
2622 3323 2685 3404 in
2712 3351 2798 3404 die
2831 3352 3045 3404 Domini
3071 3323 3245 3417 (Ezec.
3283 3366 3400 3414 xm,
3439 3349 3516 3418 5).
3555 3347 3723 3401 Lam-

375 3431 514 3488 gens
545 3419 790 3475 caelestis
826 3421 970 3496 signi
1025 3431 1248 3479 ostensa
1285 3425 1391 3480 sibi
1445 3429 1701 3501 vestigia,
1761 3432 2003 3488 ostendit
2101 3441 2286 3496 bertus
2357 3442 2509 3497 solus
2542 3483 2556 3507 ,
2632 3442 2747 3496 zelo
2809 3442 3012 3496 zelatus
3085 3457 3184 3512 pro
3265 3442 3421 3495 domo
3505 3438 3724 3493 Domini

375 3506 557 3562 locum
591 3509 1002 3582 beneplacitum
1043 3524 1244 3572 sancta
1275 3517 1496 3590 virgini.
1531 3519 1570 3574 Ο
1613 3537 1726 3576 rem
1761 3524 1994 3579 novaml
2102 3529 2199 3598 (III
2222 3533 2345 3600 Reg.
2402 3530 2660 3602 x1x,14),
2723 3535 3037 3600 opportune,
3085 3506 3392 3599 importune
3450 3526 3722 3600 arguebat

381 3599 457 3653 ibi
487 3604 663 3658 sancti
698 3606 944 3676 corporis
983 3607 1224 3680 glebam,
1272 3626 1394 3664 cum
1453 3612 1573 3688 ipso
1629 3616 1992 3689 sarcOphago,
2096 3621 2402 3690 principem
2437 3619 2511 3691 (II
2538 3599 2672 3674 Tim.
2716 3599 2803 3685 1v,
2827 3619 2909 3687 2),
2943 3627 2996 3673 et
3041 3618 3270 3673 alterum
3301 3633 3361 3672 se
3415 3599 3604 3682 Eliam,
3631 3615 3721 3670 vel

378 3698 802 3764 transportatam
861 3699 1168 3766 inveniunt,
1241 3708 1350 3756 tam
1409 3691 1714 3776 composite
1771 3713 1995 3778 tamque
2096 3712 2363 3767 Joannem
2406 3713 2720 3769 exhibebat.
2769 3714 2924 3777 Quod
2963 3713 3130 3766 animi
3168 3712 3403 3766 habebat
3454 3710 3721 3765 Herodias

379 3777 645 3836 decenter
693 3786 990 3840 P91003131“
1035 3794 1094 3841 υι
1150 3788 1288 3842 num
1345 3801 1491 3847 0338!
1530 3794 1757 3849 dllbillm
1815 3777 1990 3869 ἂηέθ-
2095 3823 2217 3862 cum
2260 3808 2503 3863 Herodes
2555 3807 2777 3874 Joanni,
2818 3823 2941 3862 eum
3001 3823 3100 3877 pro
3141 3805 3412 3860 adulterio
3441 3803 3718 3879 arguenlil

374 3872 485 3927 lico
539 3875 847 3932 ministerio
888 3885 1130 3934 sanctam
1185 3881 1450 3954 virginem
1493 3886 1622 3942 illuc
1677 3889 1990 3946 translatam
2096 3897 2334 3953 libenter
2365 3899 2818 3954 accommodabat
2847 3914 3061 3964 aurem,
3092 3899 3198 3952 hoc
3247 3896 3415 3951 animi
3473 3896 3720 3951 habebat

374 3959 565 4015 ίυίεεθ·
2097 3989 2260 4044 etiam
2313 3990 2516 4060 Alpais,
2576 4006 2698 4044 eum
2755 3990 3022 4060 Pippinus
3076 3988 3387 4052 Lamberto,
3437 4004 3560 4042 eum
3613 4005 3716 4058 pro

445 4053 710 4110 Attollunt
735 4057 920 4112 cuncti
951 4059 1047 4114 Dei
1075 4060 1324 4129 virtutes,
1369 4080 1538 4134 super
1569 4068 1755 4123 omnia
1797 4072 1994 4140 prmdi-
2096 4078 2353 4148 pellicatu
2378 4053 2392 4060 ⁸
2426 4053 2526 4134 suo
2571 4053 2872 4154 arguenti,
2911 4078 3224 4133 obediebat.
3297 4074 3583 4146 Equidem,
3613 4053 3720 4128 'vir

375 4150 500 4198 cant
539 4142 705 4199 fidem
733 4152 786 4200 et
817 4149 1072 4204 meritum
1093 4151 1316 4225 gloriosi
1341 4153 1633 4220 Lamberti,
1667 4161 1822 4229 cujus
1860 4178 1991 4217 con-
2095 4142 2229 4225 alias
2257 4171 2552 4226 laudabilis
2587 4142 2666 4226 etv
2676 4142 2982 4245 religiosus,
3038 4173 3141 4226 hoc
3181 4142 3431 4238 excepio,
3475 4168 3712 4221 multum

371 4238 602 4290 versatio
624 4237 744 4305 jam
767 4240 828 4292 in
861 4240 1004 4294 caelis
1032 4248 1148 4296 erat
1179 4242 1401 4314 (Philip.
1433 4262 1514 4310 ιιι,
1562 4245 1678 4316 20),
1739 4267 1930 4320 quamv

2153 4261 2365 4315 tmberti
2393 4237 2806 4330 jucundabatur
2850 4237 3117 4324 consiliis,
3150 4267 3206 4314 et
3234 4237 3457 4313 monitis
3510 4256 3712 4311 ﬂecte-

373 4337 607 4393 corpore
639 4325 820 4381 adhuc
841 4334 1123 4384 teneretur
1167 4330 1222 4383 in
1263 4333 1455 4400 servis,
1499 4335 1554 4389 in
1585 4353 1692 4407 quo
1730 4339 2068 4408 videbantD
2093 4349 2279 4419 batur;
2313 4325 2426 4424 qui,
2483 4352 2528 4406 si
2561 4358 2831 4407 amantem
2891 4352 3148 4423 pellicem
3207 4349 3395 4404 fallere
3437 4347 3715 4418 potuisset

375 4413 590 4485 impleri
623 4416 766 4471 illam
799 4419 1017 4474 Domini
1050 4437 1278 4477 vocem:
1312 4425 1510 4481 Omnia
1535 4431 1822 4497 possibilia
1868 4439 1995 4490 sunt
2095 4413 2353 4497 nimirum
2408 4441 2624 4498 lucrose
2663 4443 2909 4498 audisset
2961 4459 3021 4498 se
3068 4441 3264 4497 merito
3319 4440 3709 4509 increpantem

372 4504 611 4560 credenti
656 4507 847 4576 (Marc.
879 4526 955 4577 χι,
986 4511 1100 4582 22).
1153 4511 1191 4567 Ο
1246 4513 1422 4569 virum
1481 4516 1707 4592 dignum
1740 4520 1870 4588 Deo,
1904 4524 1991 4578 cui
2095 4534 2404 4605 praesulem.

375 4595 512 4650 nihil
541 4597 697 4652 deest
724 4599 791 4652 ad
822 4601 1180 4671 perfectionis
1206 4608 1509 4676 cumulum,
1531 4617 1777 4680 paratum
1797 4629 1992 4670 ascen-
2097 4595 2108 4605 l
2701 4626 2906 4682 CAPUT
2945 4627 3100 4681 XVII.
3145 4625 3148 4627 Α

372 4686 700 4789 dere‘etia‘m
734 4691 814 4789 ad.
833 4691 980 4747 illam
1023 4694 1369 4765 charitatem,
1400 4715 1507 4771 qua
1536 4703 1794 4772 majorem
1844 4722 1992 4762 nemo
2091 4719 2165 4770 De
2198 4717 2329 4773 bello
2371 4724 2618 4789 nepotum
2681 4721 2914 4776 Dodonis
2961 4725 3148 4775 contra
3195 4721 3468 4787 familiam
3525 4721 3711 4774 sancti

373 4773 550 4839 habet,
601 4779 661 4830 ut
715 4780 957 4834 animam
1005 4797 1161 4838 suam
1196 4793 1364 4853 ponat
1418 4803 1521 4856 pro
1582 4793 1774 4848 amicis
1827 4795 1986 4850 suis!
2436 4773 2454 4789 ‘
2686 4773 2707 4774 ί
2735 4773 3043 4847 *Ιιᾶἦὶὸειλττὶο

370 4865 547 4967 LJoan.
579 4884 668 4935 xv,
703 4871 820 4967 13)Δ
843 4873 1198 4967 Ουειιιθιιίω
1251 4880 1512 4951 majorem
1544 4883 1773 4956 gloriam
1834 4889 1989 4945 daret
2160 4894 2342 4950 Pellex
2390 4913 2501 4952 rem
2546 4898 2614 4953 ad
2671 4897 2891 4954 fratrem
2953 4917 3114 4954 suum
3179 4900 3458 4955 Dodonem
3513 4900 3704 4967 refert,

368 4957 482 5013 Rex
512 4975 612 5015 suo
653 4963 887 5019 emerito
915 4966 1099 5033 militi,
1135 4987 1296 5041 quam
1330 4983 1391 5028 ut
1420 4985 1740 5033 coronatum
1784 4988 1984 5053 marty-
2085 4981 2245 5053 eique
2293 5000 2455 5040 omne
2512 4987 2806 5042 consilium
2867 5005 3022 5043 suum
3066 4989 3323 5043 deferens
3354 4999 3612 5060 precatur
3643 5001 3706 5046 ut

366 5047 718 5154 rioédonaret
749 5051 869 5107 luce
898 5060 1120 5112 aeternae
1143 5059 1360 5129 quietis.
2082 5073 2209 5140 ejus
2240 5090 2346 5146 Ope
2387 5077 2671 5133 aboleatur
2717 5081 3076 5152 Opprobrium
3126 5081 3348 5154 generis
3405 5081 3512 5146 sui,
3555 5083 3705 5152 quod

439 5137 567 5205 Nos,
599 5147 658 5194 ut
683 5147 988 5197 extremam
1021 5162 1242 5202 manum
1274 5151 1428 5219 operi
1472 5152 1842 5225 imponamus,
1869 5159 1981 5228 jam
2086 5161 2249 5216 nimis
2281 5163 2643 5222 invalesceret
2691 5171 2736 5223 si
2765 5187 2864 5240 per
2895 5171 3164 5224 Lamberti
3218 5186 3530 5237 censuram,
3562 5187 3704 5225 con-

369 5245 520 5288 nunc
545 5236 820 5304 passionis
857 5238 977 5306 ejus
1009 5241 1266 5297 vexillum
1301 5245 1597 5320 erigamus.
2088 5252 2328 5328 tingeret
2375 5274 2532 5313 suum
2593 5277 2624 5315 a
2669 5261 2922 5332 principe
2967 5261 3283 5316 divortium.
3321 5262 3436 5329 Ille,
3480 5279 3700 5318 causam

988 5347 1196 5405 CAPUT
1224 5352 1351 5406 XVI,
2089 5363 2244 5402 suam
2299 5359 2354 5404 et
2409 5351 2644 5418 sororis,
2706 5369 2828 5408 cum
2892 5353 3290 5408 valentioribus
3345 5354 3430 5410 sui
3478 5355 3704 5428 generis

431 5431 586 5498 Quod
618 5437 936 5494 Lambertus
968 5442 1263 5520 Pippinum
1299 5451 1546 5520 arguerit
1579 5465 1682 5520 ρνο
1729 5456 1919 5511 inicito
2089 5441 2522 5510 communicans,
2557 5461 2657 5514 per
2693 5461 2772 5512 se,
2827 5453 2882 5500 et
2913 5459 3009 5515 per
3037 5460 3133 5500 eos
3171 5447 3493 5517 episcopum
3546 5462 3703 5502 com-

992 5516 1356 5570 matrimonio.
1579 5516 1598 5520 ”
2089 5548 2315 5602 pescere
2361 5535 2431 5590 ab
2468 5536 2551 5590 inc

2139 5548 2315 5589 escere
2361 5535 2431 5590 ab
2468 5536 2848 5607 increpatione
2908 5537 3177 5608 principis
3243 5538 3468 5594 laborat.
3525 5539 3698 5604 Quem

431 5591 719 5666 Pippinus,
766 5605 826 5654 ut
873 5603 1250 5677 praediximus,
1312 5609 1734 5682 principabatur
1763 5620 1986 5693 egregie
2087 5624 2217 5695 quia
2245 5591 2859 5694 invenitinfleuiibilem,
2889 5643 2993 5684 nec
3021 5627 3213 5684 faciem
3245 5629 3476 5700 alicujus
3505 5638 3699 5686 contra
