3948 6044
197 219 308 277 773

1442 212 1592 266 VITA
1634 211 1834 267 PRIOR
1877 212 1930 266 S.
1977 209 2323 266 LAMBERTI.

3437 217 3538 273 774

190 348 464 419 justitiam
515 344 751 400 revereri
809 343 1002 410 sensit,
1057 342 1320 415 proximis
1360 348 1415 398 et
1453 341 1644 397 amicis
1699 342 1814 398 suis
1839 344 1894 413 Α
1988 340 2272 397 Tractabat
2317 341 2494 412 pellex
2537 349 2850 412 Opportune
2891 340 3128 412 aliquem
3187 358 3381 413 parare
3431 344 3536 398 sibi

197 437 470 510 promittit
508 436 577 490 de
607 450 774 490 causa
794 433 1000 488 sororis
1028 432 1317 488 ultionem.

272 528 408 581 Hinc
427 526 535 580 duo
575 524 790 588 fratres,
825 522 1008 576 Gallus
1047 531 1101 575 et
1133 521 1380 585 Rioldus,
1411 520 1814 593 consanguinei

196 617 444 672 Dodonis
502 614 686 684 neptis
757 628 869 666 sua
924 611 1168 682 Alpaidis
1235 611 1568 665 miserantes
1615 610 1814 678 vicem,

198 707 506 764 lacessendi
550 707 871 776 episcOpum
923 705 1392 775 Opportunitatem
1435 711 1710 776 quarunt,
1763 710 1817 759 et

195 799 551 872 insurgentes
599 812 723 850 cum
783 795 1041 850 omnibus
1099 795 1214 849 suis
1268 794 1323 848 in
1385 793 1641 850 Ecclesia
1696 793 1819 848 Tra-

186 887 457 955 jectensis
487 885 747 940 familiam
794 901 1036 950 omnem,
1070 884 1445 956 qualicunque
1478 892 1596 939 arte
1625 892 1818 941 contra

195 991 295 1032 eos
353 976 684 1031 calumniam
742 975 1118 1056 concinnant;
1163 974 1368 1028 nullam
1413 990 1576 1046 quam
1629 975 1711 1030 eis
1742 976 1822 1030 in-

194 1068 342 1122 terre
376 1075 603 1136 possunt
624 1065 933 1120 molestiam
959 1065 1405 1135 praetermittunt,
1446 1066 1492 1120 si
1541 1066 1821 1137 quomodo

195 1165 427 1230 possent
457 1174 554 1228 per
603 1159 707 1213 hoc
756 1157 1086 1212 sententiam
1141 1157 1392 1227 prasulis
1450 1157 1733 1214 inﬂectere
1764 1165 1822 1212 ut

193 1250 387 1304 saltem
430 1264 595 1302 causa
635 1261 858 1302 suorum
904 1263 935 1300 a
983 1247 1374 1321 redargutione
1417 1248 1685 1320 principis
1730 1248 1822 1304 de-

195 1338 436 1394 sisteret.
485 1337 593 1391 Sed
633 1352 721 1390 res
758 1336 916 1390 aliter
943 1352 1008 1391 ac
1046 1336 1145 1390 rati
1178 1344 1334 1391 erant
1381 1338 1580 1393 cessit:
1635 1339 1821 1408 justus

198 1447 421 1502 nempe,
438 1436 496 1484 ut
509 1431 606 1496 leo,
620 1430 1083 1499 conﬁdens(P1-ov.
1106 1446 1295 1494 xxvxu,
1314 1431 1380 1500 1),
1396 1431 1591 1502 clypeo
1605 1432 1823 1501 patien-

1919 435 2261 500 precatorem
2294 445 2393 498 per
2418 429 2578 499 cujus
2631 428 2951 482 instinctum
2991 436 3176 498 posset
3219 430 3320 484 sibi
3353 431 3541 486 conci-

1919 518 2051 573 liare
2106 519 2350 572 animum
2399 518 2669 587 episcopi,
2715 518 2796 571 vel
2851 519 3049 571 saltem
3107 518 3174 572 ab
3226 518 3542 588 importuna

1917 609 2353 679 reprehensione
2401 609 2695 679 principis,
2750 609 3241 679 impraesentiarum
3267 611 3536 682 mitigare.

1991 700 2307 757 Convivium
2360 709 2698 771 apparatur,
2747 700 3010 756 invitatur
3059 702 3352 773 episcOpus
3386 743 3400 764 ,
3450 704 3540 770 ju-

1919 789 2191 844 cundatur
2245 804 2470 858 prorsus
2519 790 2701 844 omnis
2736 788 2962 844 curialis
3010 791 3320 860 prasentia.
3372 791 3538 844 Prin-

1921 897 2053 952 ceps
2079 882 2324 937 oblatum
2365 882 2467 936 sibi
2499 898 2528 935 a
2579 882 2844 953 pincerna
2882 883 3137 952 poculum
3194 882 3373 936 innuit
3415 882 3543 938 offe—

1927 975 2159 1029 rendum
2201 990 2324 1029 esse
2371 976 2654 1045 episcopo,
2698 975 2909 1029 ducens
2957 973 3362 1029 benedictionis
3397 976 3539 1042 vice,

1924 1071 1968 1125 si
2001 1071 2068 1126 de
2091 1078 2408 1126 consecrata
2439 1072 2611 1126 sancti
2635 1071 2879 1142 episcOpi
2913 1087 3077 1125 manu
3110 1070 3365 1140 poculum
3397 1070 3542 1126 acci-

1924 1170 2083 1233 peret
2127 1163 2273 1235 quod
2329 1164 2461 1218 olim
2511 1181 2540 1218 a
2598 1164 2850 1231 Martino,
2893 1165 3158 1236 episcOpo
3209 1165 3538 1230 Turonensi,

1922 1253 2136 1308 sciebat
2163 1253 2449 1324 quasiisse
2491 1253 2760 1308 Casarem
2792 1255 3178 1326 imperatorem
3219 1257 3536 1310 maximum.

1925 1341 2031 1396 Sed
2089 1341 2355 1412 Pippinus
2403 1343 2664 1412 majorem
2715 1344 3160 1400 benedictionem
3193 1361 3223 1399 a
3255 1345 3540 1400 Lamberto

1925 1430 2287 1501 percepisset,
2338 1448 2498 1501 quam
2565 1431 2866 1501 imperator
2919 1433 3189 1488 maximus
3236 1451 3267 1488 a
3311 1434 3540 1490 Martino

193 1524 284 1579 tia
302 1531 495 1578 contra
521 1537 715 1578 omnes
745 1539 804 1576 se
838 1521 1071 1592 protexit
1103 1523 1375 1587 incursus,
1412 1528 1460 1576 et
1491 1524 1676 1591 gladio
1701 1527 1824 1594 spi-
1924 1526 2258 1595 perceperit,
2292 1527 2337 1580 si
2373 1527 2533 1580 talem
2568 1528 2796 1598 gratiam
2838 1529 2979 1598 apud
3029 1528 3378 1583 Lambertum
3408 1546 3546 1586 uxor

191 1620 352 1679 ritus,
403 1616 550 1686 quod
608 1619 683 1668 est
708 1615 927 1668 verbum
967 1616 1084 1677 Dei,
1143 1621 1332 1670 contra
1372 1615 1550 1669 minas
1579 1622 1814 1669 terrena
1846 1650 1892 1717 Β
1919 1615 2136 1686 Ρίρρὶηἱ
2206 1617 2545 1681 meruisset,
2596 1617 2814 1688 qualem
2877 1617 3023 1686 apud
3074 1616 3365 1671 Martinum
3407 1634 3544 1674 uxor

195 1709 505 1780 potestatis,
557 1723 619 1761 se
665 1707 921 1772 accinxit,
971 1711 1021 1760 et
1076 1708 1286 1774 galeam
1343 1708 1539 1761 salutis
1593 1707 1817 1760 indutus
1847 1705 2134 1760 "Maximi
2167 1707 2496 1776 promeruit.
2546 1707 2812 1762 Martinus
2845 1707 3090 1762 melioris
3149 1708 3385 1762 maximo
3436 1709 3542 1762 im-

193 1800 414 1868 (Ephes.
462 1813 537 1864 v1,
578 1798 666 1866 17)
725 1795 922 1868 agebat
978 1795 1365 1850 indubitanter
1396 1811 1509 1850 rem
1540 1796 1810 1850 veritatis.

201 1891 263 1946 Et
293 1891 472 1962 primo
501 1888 723 1959 quidem
774 1887 974 1941 blande
1006 1887 1374 1956 compellabat
1399 1903 1515 1955 eos,
1558 1894 1632 1954 et,
1683 1888 1812 1959 qui-

198 1987 300 2038 bus
339 1982 519 2036 modis
547 1981 720 2051 pietas
749 1980 946 2051 patris,
975 1987 1030 2034 et
1084 1995 1321 2035 censura
1371 1980 1620 2051 prasulis
1655 1985 1812 2050 pote-

195 2080 296 2138 rat,
333 2087 431 2126 eos
467 2072 536 2124 ab
565 2071 766 2137 injusta
797 2068 1112 2123 deterrebat
1133 2070 1416 2124 violentia.
1451 2069 1556 2124 Sed
1589 2069 1720 2140 quia
1753 2068 1811 2122 in

191 2168 415 2216 ventum
469 2159 741 2213 fundebat
793 2157 981 2224 verba,
1045 2173 1104 2212 se
1161 2174 1324 2228 quam
1367 2157 1711 2212 familiariter
1757 2157 1812 2211 in

195 2255 364 2308 Deum
415 2251 692 2322 rejiciens,
745 2251 979 2305 diccbat.
1053 2253 1572 2317 Easurge,Domine,
1632 2255 1679 2304 et
1717 2250 1816 2319 ju-

197 2345 324 2398 dica
351 2357 566 2397 causam
605 2357 810 2405 meam;
841 2357 1044 2395 memor
1082 2345 1190 2394 esto
1237 2341 1518 2410 opprobrii
1545 2355 1818 2394 servorum

196 2438 410 2488 tuorum
464 2435 627 2502 (Psal.
668 2447 853 2497 Lxxnt,
892 2429 1006 2498 22.)
1037 2435 1092 2484 at
1145 2428 1245 2482 ﬁlii
1294 2429 1459 2484 Belial
1515 2430 1696 2484 acrius
1723 2429 1818 2483 Dei

199 2520 395 2576 ﬁdeles
423 2520 784 2591 impetcbant,
826 2528 881 2574 et
907 2519 1059 2575 omni
1088 2517 1280 2590 generi
1311 2517 1548 2573 nocendi
1581 2516 1820 2571 tribula-

199 2617 335 2672 bant
383 2616 729 2670 innocentes.

275 2711 358 2764 Illi
413 2709 618 2780 quibus
673 2723 758 2762 res
811 2714 927 2760 erat
971 2720 1069 2775 pro
1112 2704 1316 2771 anima,
1358 2711 1414 2759 et
1457 2703 1659 2776 quibus
1714 2710 1826 2760 tota

198 2819 328 2874 spes
351 2803 407 2856 in
435 2802 549 2856 sola
575 2799 894 2854 innocentia
923 2797 1223 2869 pendebat,
1257 2796 1572 2852 inconsulto
1605 2795 1827 2867 episco-

204 2910 298 2966 po,
341 2894 508 2948 armis
559 2891 776 2946 obviam
845 2889 920 2943 ire
966 2897 1180 2958 parant,
1227 2897 1288 2943 ut
1327 2895 1420 2943 aut
1486 2887 1824 2943 ulciscantur

1916 1802 2168 1864 peratore
2201 1796 2489 1850 astimavit
2517 1796 2899 1866 presbyterum
2947 1812 3128 1861 suum,
3162 1797 3249 1851 cui
3285 1797 3541 1867 poculum

1916 1885 2159 1955 porrexit
2225 1893 2350 1940 ante
2397 1901 2600 1958 regem.
2664 1886 2987 1940 Lambertus
3039 1887 3250 1942 nullum
3310 1888 3540 1958 Pippino

1919 1975 2181 2045 pratulit.

1989 2067 2311 2137 Exemplum
2333 2082 2464 2122 vero
2488 2066 2754 2137 principis
2781 2068 2953 2122 secuti
2979 2068 3225 2123 minores
3264 2084 3544 2140 proceres,

1918 2175 2113 2215 omnes
2153 2176 2181 2213 a
2213 2168 2401 2214 sancta
2425 2175 2589 2213 manu
2619 2159 2789 2213 sancti
2840 2159 3111 2229 episcOpi.
3154 2160 3412 2229 poculum
3439 2160 3545 2214 sibi

1919 2252 2122 2325 porrigi
2159 2252 2481 2326 efflagitant.
2534 2253 2780 2322 Dumque
2822 2252 2889 2306 ad
2943 2252 3047 2306 hoc
3091 2266 3286 2306 omnes
3343 2253 3546 2307 mistim

1920 2343 2156 2409 irruunt,
2176 2350 2231 2396 et
2257 2358 2316 2396 se
2339 2341 2567 2397 confuse
2594 2343 2870 2413 ingerunt,
2894 2348 2952 2396 ut
2973 2342 3113 2395 alter
3141 2341 3371 2396 alterum
3397 2357 3544 2412 pra-

1920 2432 2125 2498 veniat,
2159 2448 2286 2487 ecce
2337 2433 2514 2502 pellex
2561 2448 2662 2486 sua
2710 2447 2871 2485 manu
2927 2429 3242 2486 clanculum
3295 2431 3549 2486 manibus

1923 2521 2156 2576 aliorum
2190 2522 2519 2588 intermista,
2549 2521 2854 2595 satagebat,
2885 2521 2967 2576 vel
3003 2521 3101 2588 sic,
3139 2519 3209 2574 de
3247 2537 3412 2574 manu
3437 2521 3550 2591 epi-

1924 2611 2075 2681 sc0pi
2111 2611 2406 2682 praripere
2430 2611 2710 2681 poculum.
2745 2609 2839 2663 ltle
2873 2616 3001 2664 ante
3027 2621 3083 2664 et
3129 2617 3274 2665 retro
3302 2611 3550 2665 oculatus

1927 2703 2186 2773 pracavit
2212 2702 2483 2757 femineas
2511 2701 2737 2756 insidias
2760 2700 2984 2756 callenti
3013 2701 3219 2768 animo,
3243 2709 3296 2756 et
3311 2703 3377 2756 ad
3400 2702 3551 2772 prin-

1925 2792 2103 2862 cipem
2129 2806 2447 2855 conversus,
2478 2791 2548 2844 de
2580 2790 2862 2844 nimietate
2895 2789 3149 2845 feminea
3175 2791 3556 2860 praesumptio-

1925 2883 2013 2936 nis
2034 2883 2410 2954 conqueritur,
2443 2897 2566 2953 qua
2591 2882 2789 2936 callida
2819 2888 2933 2935 arte
2961 2882 3293 2952 quasiisset,
3326 2881 3547 2936 inurere

203 3003 331 3042 suas
385 2984 631 3054 injurias.
690 2987 783 3036 aut
844 2997 916 3036 ne
979 2981 1284 3035 moriantur
1340 2979 1520 3035 inulti.
1582 2978 1823 3034 Concur-
1849 2974 2024 3054 psibi
2054 2981 2233 3030 notam
2269 2989 2377 3028 non
2426 2974 2640 3044 placita
2682 2974 2788 3028 Deo
2819 2973 3245 3028 communionis.
3307 2974 3442 3028 Inde
3471 2966 3552 3028 sei

203 3095 323 3134 sum
356 3084 458 3142 est,
519 3081 819 3150 pugnatum
870 3081 970 3128 est.
1025 3073 1274 3146 Pugnant
1322 3073 1400 3126 illi
1457 3087 1555 3142 pro
1596 3071 1822 3126 temeri-

206 3178 346 3232 tate;
381 3173 692 3240 repugnant
723 3165 799 3220 illi
845 3181 942 3236 pro
973 3165 1170 3219 salute.
1221 3165 1430 3218 Gallum
1464 3169 1519 3218 et
1546 3163 1824 3228 Rioldum,

207 3261 655 3330 consanguineos
713 3257 975 3316 Dodonis.
1034 3255 1177 3311 locat
1232 3255 1490 3325 superbia
1534 3254 1590 3308 in
1651 3255 1829 3326 prima

205 3349 382 3406 fronte
439 3348 598 3413 belli;
667 3346 883 3400 Petrum
960 3352 1015 3399 et
1085 3343 1435 3409 Andoletum,
1493 3343 1829 3416 consangui-

207 3454 346 3493 neos
401 3435 672 3508 prasulis,
721 3451 787 3488 ex
825 3433 1074 3497 adverso,
1127 3434 1184 3487 in
1239 3433 1415 3502 prima
1456 3433 1596 3498 acie,
1649 3447 1830 3504 oppo-

210 3526 526 3595 nitjustitia
581 3523 717 3578 Galli
763 3529 817 3576 et
865 3520 1044 3576 Rioldi
1076 3520 1357 3588 degeneres
1411 3523 1618 3576 animos
1666 3525 1831 3576 timor

209 3620 392 3686 arguit
422 3617 595 3684 (νίκα.
628 3617 750 3669 En.
794 3629 868 3681 iv,
909 3611 1027 3680 13);
1088 3611 1226 3666 Petri
1271 3621 1325 3667 et
1356 3612 1607 3667 Andoleti
1637 3613 1827 3668 dexte-

210 3725 298 3763 ras
333 3707 400 3761 ad
430 3706 686 3762 virtutem
719 3705 883 3778 erigit
915 3703 1251 3759 innocentia.
1285 3703 1468 3759 Virtus
1496 3703 1828 3759 innocentia

213 3797 362 3859 favit,
414 3797 645 3853 victoria
699 3795 867 3851 cessit
897 3793 1036 3864 parti
1090 3791 1504 3847 ecclesiastica.
1541 3791 1726 3846 Gallus
1778 3797 1832 3845 et

207 3889 456 3953 Rioldus,
523 3887 779 3944 factionis
835 3886 1040 3956 iniqua
1107 3883 1412 3955 principes,
1463 3885 1591 3940 casi
1651 3899 1830 3955 Oppe-

210 3986 358 4052 tuntt;
397 3981 587 4036 Petrus
623 3995 688 4034 ac
714 3977 1034 4042 Andoletus,
1068 3975 1328 4031 Ecclesia
1378 3976 1648 4043 vindices,
1683 3975 1831 4030 refe-

212 4080 342 4129 runt
369 4074 616 4128 victoria
647 4072 926 4127 vexillum.
963 4071 1184 4126 Confusi
1214 4077 1342 4126 sunt
1367 4069 1541 4140 impii,
1577 4084 1680 4123 nec
1710 4083 1834 4123 eru-

215 4165 489 4229 buerunt;
523 4164 649 4219 victi
681 4170 831 4228 sunt,
872 4163 971 4218 sed
995 4163 1277 4237 defatigati
1307 4177 1419 4218 non
1449 4168 1760 4216 cesserunt.

288 4259 442 4314 Dodo
483 4258 654 4323 enim,
710 4257 802 4327 qui
855 4257 1032 4312 fuerat
1080 4259 1330 4312 incentor
1382 4257 1630 4312 omnium
1671 4256 1840 4310 malo-

1923 3063 2046 3116 aula
2082 3063 2373 3134 proripuit,
2424 3070 2478 3117 et
2508 3077 2728 3117 omnem
2783 3061 2926 3116 illam
2959 3061 3281 3133 principalis
3306 3063 3526 3116 convivi

1928 3153 2205 3208 imminuit
2255 3153 2680 3221 jucunditatem,
2737 3168 2841 3207 nec
2902 3153 2982 3206 sic
3037 3153 3248 3223 quievit
3305 3154 3549 3208 versutia

1931 3248 2171 3314 femina,
2204 3247 2338 3302 nihil
2373 3247 2608 3302 volentis
2645 3246 2962 3316 relinquere
2991 3247 3358 3317 inexpertum.

2002 3338 2227 3408 Vesperi
2262 3344 2490 3408 parante
2547 3337 2729 3391 redire
2761 3337 3048 3406 episcopo,
3094 3337 3166 3401 ei,
3208 3353 3306 3405 per
3352 3353 3552 3411 sugge-

1929 3430 2161 3485 stionem
2196 3429 2430 3500 pellicis,
2461 3445 2492 3482 a
2542 3428 2794 3498 principe
2826 3427 3052 3494 iubetur
3079 3443 3147 3481 ne
3179 3427 3363 3491 abeat,
3399 3429 3546 3484 insa-

1931 3524 2100 3578 lutata
2129 3540 2225 3578 sua
2253 3524 2508 3597 conjuge.
2543 3523 2865 3591 Episcopus,
2926 3521 3191 3591 loquente
3223 3522 3277 3575 in
3326 3539 3384 3577 se
3416 3540 3552 3579 con-

1929 3620 2138 3667 stanter
2158 3612 2362 3682 Spiritu
2386 3611 2650 3666 veritatis:
2683 3611 2892 3672 Testor,
2923 3611 3017 3675 ait,
3048 3625 3079 3664 o
3112 3610 3348 3666 maxime
3381 3613 3541 3682 prin-

1929 3722 2079 3776 ceps,
2113 3710 2286 3760 testor
2310 3721 2436 3758 vere
2454 3704 2661 3769 Jesum,
2690 3719 2844 3773 spem
2869 3703 2996 3757 vita
3029 3712 3252 3767 nostra,
3287 3720 3376 3759 me
3409 3722 3553 3759 nun-

1931 3812 2091 3868 quam
2131 3794 2436 3850 fornicaria
2477 3793 3031 3856 communicaturum,
3081 3792 3212 3863 quia
3238 3794 3466 3864 scripsit
3497 3802 3551 3849 et

1932 3884 2213 3938 mandavit
2246 3882 2445 3937 Paulus
2497 3881 2658 3936 nobis
2688 3881 2909 3935 dicens:
2970 3883 3047 3937 Ne
3102 3885 3553 3937 commisceamini

1933 3975 2248 4040 fornicariis
2279 3973 2330 4043 (Ι
2365 3975 2485 4030 Cor.
2517 3988 2568 4033 v,
2601 3972 2676 4038 9).
2713 3972 2910 4026 Testor
2941 3971 3187 4042 inquam,
3240 3973 3433 4040 Deum,
3467 3988 3554 4028 me

1937 4082 2218 4138 nunquam
2240 4081 2359 4119 eam
2388 4064 2771 4126 salutaturum,
2793 4063 2920 4134 quia
2950 4063 3064 4118 scio
3083 4063 3551 4131 dixissejamicum

1938 4155 2032 4209 Dei
2059 4155 2357 4210 Joannem:
2381 4153 2442 4208 Si
2448 4155 2568 4222 quis
2585 4155 2970 4220 nonpermanet
3000 4154 3057 4205 in
3078 4153 3325 4206 doctrina
3347 4153 3551 4209 Christi

1939 4263 2045 4302 non
2083 4262 2200 4301 eum
2235 4247 2536 4314 recipiatis,
2581 4260 2674 4298 nec
2713 4259 2809 4297 ave
2861 4245 2909 4296 ei
2939 4243 3225 4307 dixeritis;
3267 4247 3362 4312 qui
3411 4248 3554 4300 enim

217 4367 357 4412 rum,
385 4350 496 4417 jam
522 4359 576 4404 ct
608 4322 988 4421 ipse'efﬁcitur
1007 4349 1139 4404 belli
1172 4356 1384 4416 auctor,
1411 4355 1464 4404 et
1488 4349 1841 4419 vilipendens
1865 4322 1918 4389 D
1942 4345 2077 4398 dicit
2104 4343 2223 4396 illi:
2254 4342 2388 4405 Ave,
2435 4341 2790 4394 communicat
2823 4337 3070 4405 operibus
3099 4338 3252 4391 illius
3296 4338 3554 4404 malignis

217 4439 365 4511 quod
390 4441 456 4494 de
495 4439 876 4494 sacerdotibus
911 4439 1111 4494 dicitur
1152 4455 1216 4493 ex
1249 4454 1344 4494 ore
1369 4439 1462 4493 Dei
1495 4455 1507 4492 :
1541 4439 1642 4505 Qui
1663 4439 1840 4504 tangit

213 4547 328 4596 vos,
359 4533 536 4598 tangit
555 4532 827 4600 pupillam
852 4532 994 4585 oculi
1025 4533 1129 4585 mei
1157 4530 1338 4599 (Zach.
1368 4546 1429 4596 ιι,
1461 4530 1534 4599 8),
1561 4535 1841 4602 grassatur

218 4619 276 4673 in
307 4619 485 4688 ipsum
519 4629 684 4690 caput
723 4619 896 4674 sancti
929 4619 1200 4689 episcOpi,
1230 4619 1464 4673 devovet
1494 4635 1617 4673 eum
1651 4617 1838 4683 morti,

219 4709 276 4762 in
305 4725 431 4764 eum
464 4709 641 4763 solum
671 4715 955 4779 retorquet
995 4715 1258 4778 nepotum
1293 4723 1516 4763 suorum
1549 4707 1836 4762 ultionem.

816 4796 1022 4852 CAPUT
1074 4797 1255 4852 XVIII.

220 4891 371 4956 Quod
390 4889 446 4944 S.
476 4889 798 4944 Lambertus
826 4906 861 4943 a
899 4892 1132 4960 Pippino
1157 4890 1417 4960 Jopiliam
1455 4891 1722 4944 invitatus
1749 4891 1841 4944 sit.

296 4983 564 5054 Pippinus
612 4985 874 5054 princeps
906 4984 1016 5038 illis
1056 4985 1257 5039 diebus
1296 4983 1554 5054 JOpiliam
1596 4992 1842 5049 venerat,

222 5071 294 5126 ad
335 5073 514 5125 villam
557 5073 735 5146 Legia
776 5073 1113 5146 contiguam,
1145 5073 1239 5128 ubi
1291 5073 1374 5128 vir
1404 5072 1458 5126 S.
1498 5072 1839 5140 Lambertus,

223 5161 383 5232 quasi
425 5176 524 5231 pro
555 5161 709 5234 regni
740 5161 985 5236 negotio,
1016 5162 1084 5215 ad
1131 5162 1254 5230 ejus
1300 5162 1509 5216 curiam
1563 5162 1844 5227 invitatus,

223 5269 382 5308 suam
413 5253 757 5323 p'asentiam
791 5269 904 5309 non
945 5253 1183 5328 negavit.
1244 5253 1501 5324 Princeps
1550 5262 1606 5308 et
1645 5254 1851 5325 princi-

224 5343 312 5414 pis
353 5345 531 5414 pellex
573 5347 781 5400 vultum
819 5353 1081 5400 serenant
1133 5351 1324 5400 contra
1373 5361 1522 5409 eum,
1570 5345 1662 5399 alii
1711 5345 1848 5399 iram

224 5435 603 5504 dissimulant,
636 5437 900 5492 simulant
939 5437 1030 5492 alii
1091 5437 1360 5504 latitiam,
1400 5437 1581 5505 multi,
1626 5452 1725 5508 pro
1751 5453 1852 5494 suo

224 5531 463 5603 quisque
490 5533 743 5601 arbitrio,
763 5533 1009 5591 habitum
1029 5534 1216 5592 cordis
1241 5532 1470 5590 variant.

1939 4436 2015 4501 (II
2050 4435 2204 4489 Joan.
2261 4437 2338 4495 ιι).
2386 4430 2460 4484 Te
2506 4429 2557 4483 ei
2610 4427 3017 4483 communicare
3061 4427 3228 4480 nimis
3275 4427 3458 4491 doleo,
3501 4434 3556 4482 te

1942 4526 2090 4582 nolle
2110 4524 2437 4596 resipiscere
2459 4536 2600 4593 agre
2613 4520 2757 4575 fero:
2783 4528 3009 4591 propter
3030 4519 3154 4586 hoc,
3178 4518 3274 4573 Dei
3293 4519 3434 4574 iram
3456 4519 3554 4575 tibi

1940 4619 2130 4675 timeo.

2013 4709 2215 4775 Pellex,
2248 4707 2444 4762 videns
2474 4719 2652 4761 causa
2678 4719 2792 4758 sua
2824 4702 2960 4758 nihil
3011 4719 3132 4758 esse
3161 4703 3385 4776 reliqui,
3414 4705 3556 4774 jam-

1941 4805 2168 4876 jamque
2218 4804 2264 4858 si
2299 4803 2396 4858 diu
2437 4801 2654 4857 advivat
2683 4802 3023 4872 Lambertus,
3055 4801 3256 4856 timens
3307 4800 3411 4854 sibi
3453 4801 3556 4855 imo

1947 4897 2156 4952 minere
2185 4895 2504 4960 divortium,
2536 4910 2650 4949 rem
2696 4901 2864 4949 totam
2898 4894 3141 4949 seriatim
3175 4893 3325 4948 fratri
3353 4892 3556 4949 furiose

1946 4989 2189 5054 mandat,
2246 4994 2302 5042 et
2349 4987 2530 5042 oleum
2580 4987 2797 5042 camino
2854 4986 3088 5053 addens,
3150 4985 3456 5041 obtestatur
3498 4989 3557 5037 ut

1949 5079 2278 5151 quantocius
2318 5085 2443 5150 agat
2482 5077 2550 5131 de
2608 5076 2913 5131 occidendo
2961 5075 3244 5146 episcOpo.
3305 5073 3556 5127 Dolorem

1950 5184 2112 5240 quem
2165 5167 2318 5222 Dodo
2367 5165 2603 5220 habebat
2683 5165 2752 5220 de
2809 5180 2944 5218 nece
2990 5169 3250 5233 nepotum
3309 5175 3556 5225 suorum,

1951 5259 2317 5334 exaggerabat
2345 5258 2657 5331 geminatus
2682 5257 2752 5311 de
2807 5255 3027 5326 repulsa
3058 5252 3264 5307 sororis
3311 5266 3425 5305 sua
3458 5251 3561 5306 do-

1950 5350 2055 5416 lor,
2075 5349 2278 5420 janque
2312 5355 2458 5404 totus
2481 5347 2535 5401 in
2567 5347 2670 5402 hoc
2699 5352 2817 5400 erat
2844 5350 2903 5398 ut
2928 5342 3034 5398 sibi
3057 5348 3110 5396 et
3139 5339 3312 5396 sorori
3345 5338 3560 5394 satisfa-

1952 5447 2122 5494 ceret.
