3948 6044
376 186 484 241 775

998 310 1204 366 CAPUT
1229 311 1361 366 XIX.

375 408 449 459 De
473 403 661 471 furore
707 401 939 456 Dodonis
963 401 1275 467 festinantis
1301 401 1377 455 ad
1396 416 1572 457 necem
1602 402 1656 459 S.
1692 404 1983 459 Lamberti.

448 492 629 547 Ραθοο
659 490 911 546 veritatis
955 491 1300 560 Lambertus,
1334 493 1445 562 jam
1488 494 1723 549 tendens
1761 494 1829 549 ad
1859 495 1986 550 bra-

369 583 519 639 vium
560 599 816 654 supernae
871 583 1176 639 vocationis
1227 591 1457 640 venerat
1504 585 1801 653 Lcodium;
1833 588 1985 643 Dodo

370 690 501 730 vero
530 675 599 729 ad
650 675 833 729 vicum
891 674 1155 730 Auridum
1206 683 1532 744 secesserat,
1590 678 1797 734 Lcodio
1855 680 1987 734 satis

368 769 711 843 contiguum.
727 768 884 823 Parat
904 784 1074 835 arma,
1098 770 1280 826 socios
1306 778 1585 845 aggregat,
1601 772 1808 828 adomo
1822 772 1985 827 etiam

369 859 521 934 regia
540 875 640 914 suo
670 858 754 914 vel
784 860 989 915 sororis
1018 876 1130 915 suae
1159 862 1382 918 nomine
1411 872 1765 935 comparatos
1793 875 1986 924 evocat

371 950 708 1006 auxiliarios.
748 951 1039 1007 Dilationis
1084 969 1269 1009 moras
1301 955 1439 1023 odit,
1471 957 1579 1012 iras
1623 958 1836 1032 colligit
1879 960 1986 1016 dif-

371 1038 625 1107 ferendo,
667 1040 978 1109 irascendo,
1019 1040 1272 1098 stimulos
1320 1041 1519 1099 furoris
1570 1045 1636 1100 ad
1670 1054 1847 1102 cotem
1895 1048 1992 1103 du-

371 1127 573 1182 rissimi
606 1128 789 1184 cordis
809 1129 974 1185 acuit.

445 1216 766 1273 Lambertus
803 1217 1021 1273 interim
1082 1219 1344 1289 praescius
1389 1221 1594 1276 instare
1632 1238 1791 1277 suum
1850 1240 1985 1297 ago-

371 1321 521 1373 nem,
550 1316 767 1361 noctem
798 1306 942 1361 illam
999 1308 1310 1363 insomnem
1358 1310 1533 1379 duxit,
1568 1327 1678 1368 non
1721 1313 1853 1384 quia
1881 1319 1987 1369 ter-

372 1402 559 1449 rerent
592 1411 716 1449 eum
758 1395 943 1466 aliqua
973 1396 1250 1451 insomnia
1309 1400 1522 1466 mortis,
1555 1402 1652 1457 sed
1710 1402 1839 1474 quia
1887 1419 1985 1474 spe

369 1488 797 1559 praeoccupabat
826 1487 1020 1543 futurae
1047 1490 1249 1560 quietis
1264 1492 1483 1563 gaudia.
1512 1495 1570 1548 In
1595 1493 1718 1564 ipso
1747 1511 1985 1567 namque

371 1576 672 1634 conticinio
720 1577 899 1632 noctis
927 1593 1159 1650 surgens
1202 1579 1268 1633 ad
1319 1580 1697 1637 confitendum
1730 1584 1984 1652 Domino,

371 1669 623 1743 angelico
644 1668 702 1723 in
734 1669 894 1724 terris
923 1685 984 1724 se
1027 1669 1300 1742 obsequio
1330 1673 1639 1727 exercebat.
1676 1675 1818 1731 Hora
1845 1677 1987 1733 cele-

370 1757 596 1812 brandae
651 1764 932 1813 nocturna:
962 1757 1203 1829 synaxis,
1257 1760 1506 1816 excitatis
1558 1763 1845 1835 discipulis
1875 1766 1982 1821 ait:

372 1847 591 1921 Surgite
620 1846 791 1913 ocius,
845 1848 1097 1919 promisit
1127 1850 1271 1905 Deus
1313 1866 1575 1907 coronam
1609 1854 1981 1928 vigilantibus.

372 1938 562 1995 Officio
603 1939 843 2010 expleto,
874 1942 1055 1996 caeteri
1084 1957 1145 1996 se
1175 1943 1379 1999 lectulo
1402 1944 1668 2013 reddunt;
1704 1947 1823 2018 ipse
1856 1965 1984 2019 per-

370 2040 476 2089 stat
504 2034 634 2090 boni
666 2034 850 2105 operis
869 2037 1053 2091 cursui
1086 2041 1541 2096 consummando.

443 2122 594 2178 Cirta
615 2124 1022 2194 crepusculum,
1052 2142 1284 2197 corpore
1310 2130 1624 2201 corruptivo
1652 2139 1986 2206 aggravante

368 2210 628 2279 animam,
663 2213 831 2283 coapit
877 2215 1132 2286 exemplo
1185 2217 1404 2273 Domini
1442 2220 1625 2275 cuntis
1663 2222 1730 2275 ad
1773 2221 1991 2292 passio-

370 2315 497 2354 nem
530 2300 753 2367 taedere,
787 2307 842 2355 et
872 2303 1049 2357 oculis
1076 2306 1315 2372 gravatis
1344 2323 1541 2364 somno
1570 2309 1826 2379 captabat
1855 2311 1989 2367 dor-

367 2388 547 2444 miens
597 2390 879 2445 modicum
926 2392 1145 2463 quietis,
1189 2410 1311 2449 cum
1364 2411 1494 2452 ecce
1533 2398 1678 2453 circa
1708 2415 1982 2468 auroram,

366 2479 775 2533 rarescentibus
831 2480 1099 2549 tenebris,
1156 2483 1413 2539 hostilem
1442 2488 1740 2543 exercitum
1766 2498 1988 2548 cuncta-

368 2569 464 2623 tim
497 2569 755 2624 incedere
779 2570 947 2636 videt,
981 2582 1036 2627 et
1084 2574 1299 2629 nuntiat
1336 2577 1627 2635 excubitor
1655 2581 1987 2653 episcopalis

330 2706 343 2715 .
370 2660 590 2727 domus,
616 2661 841 2717 nomine
877 2663 1199 2720 Baldoveus.
1235 2667 1293 2721 Et
1319 2673 1572 2739 quamvis
1597 2672 1801 2728 nebula
1822 2690 1984 2731 mane

365 2754 675 2808 ascendens
720 2754 953 2810 liberum
1007 2756 1264 2814 intuitum
1314 2763 1650 2830 retunderet,
1682 2764 1838 2821 facile
1868 2778 1986 2825 erat

366 2858 484 2897 rem
517 2843 957 2911 deprehendere,
992 2848 1077 2901 vel
1103 2863 1168 2902 ex
1190 2849 1304 2904 visa
1334 2853 1691 2909 multitudine
1721 2856 1982 2924 virorum,

366 2933 451 2987 vel
502 2946 568 2986 ex
598 2933 787 2988 audita
813 2951 1089 2990 armorum
1128 2938 1437 2995 collisione.
1478 2941 1749 2998 Micabaut
1779 2945 1982 3015 loricae,

364 3022 792 3092 proeminebant
835 3027 1078 3082 cassides
1114 3029 1171 3082 in
1217 3031 1417 3100 capite,
1464 3032 1598 3089 levat
1655 2998 2057 3109 tegebanturc

364 3109 593 3180 clypcis,
627 3111 865 3167 dexterae
885 3115 1238 3172 armabantur
1262 3119 1473 3188 spathis
1496 3130 1550 3177 et
1579 3122 1806 3193 lanceis,
1828 3142 1977 3197 prae-

378 3196 532 3252 ibant
558 3197 913 3256 fundibularii
946 3218 1069 3258 cum
1100 3206 1417 3280 sagittariis.

999 3292 1206 3348 CAPUT
1242 3296 1352 3350 XX.

854 3386 930 3438 De
959 3387 1076 3439 viso
1113 3390 1287 3443 crucis
1312 3391 1486 3458 signo.

438 3471 634 3527 Audite
668 3489 780 3528 rem
815 3475 1119 3532 mirabilem
1161 3479 1362 3536 divinae
1394 3484 1616 3554 pictatis
1645 3485 1906 3543 indicem.

442 3560 504 3615 Ut
532 3561 679 3616 enim
712 3562 945 3619 clareret
974 3565 1326 3625 Lambertum
1359 3571 1415 3626 in
1447 3574 1593 3629 nullo
1622 3577 1851 3644 gloriari
1876 3581 1983 3635 nisi

364 3656 425 3709 in
451 3671 605 3711 cruce
662 3662 884 3714 Domini
920 3665 1094 3716 nostri
1139 3666 1265 3720 Jesu
1316 3667 1540 3737 Christi,
1587 3687 1690 3741 per
1740 3690 1894 3744 quem
1933 3679 1984 3731 ei

364 3752 594 3806 mundus
624 3757 919 3823 cruciﬁxus
947 3761 1082 3819 erat,
1134 3762 1183 3812 et
1219 3761 1335 3829 ipse
1362 3764 1563 3818 mundo
1594 3766 1733 3835 (Gal.
1762 3785 1835 3836 vr,
1873 3769 1982 3840 14),

365 3841 529 3912 eique
566 3843 679 3911 jam
710 3861 741 3899 a
770 3851 914 3900 terra
954 3846 1009 3901 in
1049 3848 1271 3917 coelum,
1320 3868 1415 3921 per
1466 3855 1724 3912 virtutem
1784 3861 1982 3928 crucis,

365 3947 656 3988 ascensum
699 3936 900 4005 parari,
931 3939 1158 4008 quidam
1217 3952 1520 4013 sequentes
1550 3950 1858 4006 exercitum
1897 3952 1985 4007 vi-

367 4023 505 4077 dent
544 4024 759 4097 signum
804 4028 1152 4094 admirabile,
1200 4040 1504 4105 stupentes,
1548 4056 1716 4111 supra
1757 4042 1980 4100 domum

365 4114 421 4168 in
452 4130 561 4187 qua
592 4124 708 4172 erat
738 4119 1004 4189 pontifex,
1036 4121 1209 4177 instar
1232 4124 1531 4184 Dominicze
1556 4132 1755 4199 crucis,
1780 4134 1982 4192 clarius

365 4206 516 4262 omni
549 4209 770 4265 metallo
800 4227 833 4266 a
861 4218 1005 4269 terra
1033 4230 1209 4287 usque
1236 4217 1300 4272 ad
1335 4218 1534 4275 caelum
1568 4224 1811 4281 rutilare.

438 4295 547 4352 Hoc
573 4298 668 4369 qui
715 4299 900 4356 videre
927 4311 1263 4370 meruerunt,
1319 4308 1486 4365 credo
1517 4312 1665 4382 quod
1699 4312 1977 4372 Dodonem

365 4384 540 4458 magis
570 4402 637 4441 ex
665 4387 854 4444 debito
882 4390 1144 4461 stipendii
1173 4402 1227 4450 et
1256 4411 1354 4466 spe
1393 4405 1566 4468 pactae
1598 4403 1892 4469 mercedis,
1926 4413 1982 4462 et

362 4475 431 4529 ad
465 4478 780 4551 augendum
829 4497 1121 4537 numerum
1174 4485 1410 4542 militum
1469 4506 1633 4561 quam
1673 4508 1737 4548 ex
1795 4495 1978 4553 studio

360 4563 686 4621 innocentes
747 4572 1122 4642 persequendi
1149 4580 1204 4629 et
1248 4576 1508 4634 aviditate
1558 4580 1826 4638 fundendi
1855 4600 1978 4640 san-

357 4655 549 4728 guinis
570 4661 846 4728 prosecuti
875 4671 1022 4717 sunt.

972 4752 1184 4811 CAPUT
1224 4758 1356 4814 XXI.

465 4836 539 4889 De
558 4836 929 4905 interfectione
955 4842 1012 4898 S.
1032 4846 1308 4903 Lamberti
1328 4852 1698 4925 sociorumque
1726 4857 1861 4927 ejus.

427 4928 585 4985 Acies
641 4931 879 4990 hostium
926 4936 1037 5005 jam
1078 4942 1235 5013 quasi
1264 4943 1333 4998 ad
1382 4947 1724 5016 procinctum
1786 4960 1973 5023 parata

354 5019 860 5093 appropinquabat,
919 5027 1206 5085 excubitor
1265 5032 1464 5090 domus
1519 5019 1798 5096 inclamat
1833 5042 1969 5099 dor-

353 5106 610 5175 mientes,
665 5111 867 5183 quibus
916 5115 1035 5186 ipse
1106 5118 1218 5187 jam
1284 5121 1648 5181 circumstans
1694 5130 1972 5188 exercitus

352 5198 580 5253 nuntius
608 5198 852 5257 horroris
885 5219 1006 5259 esse
1038 5214 1270 5277 poterat.

420 5285 597 5342 Testis
654 5290 851 5346 Christi
918 5292 1288 5364 Lambertus,
1353 5303 1619 5360 attonitus
1668 5308 1966 5382 gravedine

347 5377 528 5431 somni
561 5385 615 5433 et
645 5381 724 5435 rei
756 5384 1111 5454 accerbitate,
1135 5387 1480 5449 discalceatis
1500 5377 1739 5465 pedibus
1768 5400 1962 5476 surgit,

348 5474 405 5520 et
458 5468 654 5539 arripit
699 5473 968 5545 gladium,
1009 5478 1165 5549 quasi
1205 5496 1267 5535 se
1315 5497 1558 5556 suosque
1609 5468 1959 5548 defensurus.

348 5552 458 5610 Sed
487 5556 556 5611 ad
586 5573 646 5613 se
675 5576 950 5634 reversus,
973 5582 1034 5623 se
1068 5570 1398 5628 temeritatis
1429 5552 1731 5646 damnavit,
1764 5581 1963 5653 etquia

1586 181 1931 241 SIGEBERTI
1973 182 2489 241 GEMBLACENSIS.

2010 316 2060 384 Α
2089 308 2279 364 illicito
2305 308 2496 363 saltem
2529 312 2893 365 attentaverat
2930 325 3102 379 arma,
3153 326 3216 368 se
3242 318 3369 368 ante
3390 312 3487 369 Dei
3513 314 3709 371 oculos

2013 1635 2064 1703 B

3601 192 3706 249 776

2088 396 2413 473 congruenti
2469 399 2681 455 addixit
2732 400 3061 471 poenitentia
3143 403 3237 470 Te,
3294 404 3499 477 inquit,
3558 405 3709 461 bone

2085 494 2236 561 Jesu,
2295 494 2391 566 qui
2430 493 2644 549 dixisti:
2700 496 2839 550 Mihi
2890 497 3210 562 vindictam,
3260 514 3355 567 ego
3406 500 3709 555 retribuam

2086 582 2270 651 (Hebr.
2328 600 2383 650 x,
2443 582 2552 652 30),
2603 590 2655 637 te
2704 598 2917 653 precor,
2989 600 3060 639 ne
3117 586 3345 657 perdam
3417 587 3705 643 victoriam

2088 689 2290 742 meam,
2322 673 2452 745 quia
2476 673 2650 728 satius
2680 680 2767 728 est
2796 674 2930 729 mihi
2965 677 3102 733 mori
3148 678 3204 732 in
3253 684 3305 733 te
3344 695 3509 750 quam
3537 696 3713 750 snper

2086 765 2308 837 iniquos
2337 766 2595 821 bellando
2627 765 2845 822 mittere
2875 784 3090 824 manus.
3126 769 3225 837 Tu,
3259 770 3493 827 bellator
3522 771 3706 841 fortis,

2084 859 2427 928 apprehende
2456 875 2612 915 arma
2638 865 2687 916 et
2705 866 2936 925 scutum,
2970 868 3019 917 et
3045 877 3275 931 exsurge
3290 865 3348 918 in
3365 864 3707 934 adjutorium

2085 950 2222 1004 mihi
2246 948 2415 1020 (Psal.
2448 968 2627 1020 xxxrv,
2653 954 2729 1022 2).

2160 1038 2277 1093 Jam
2332 1039 2558 1111 irruptis
2588 1041 2779 1112 portis,
2807 1042 2921 1111 jam
2973 1041 3211 1098 effractis
3263 1041 3497 1112 foribus,
3556 1044 3711 1115 ipsos

2090 1125 2288 1181 domus
2343 1128 2583 1199 parietes
2639 1125 3021 1205 impingebant
3060 1131 3266 1186 lanceis
3309 1131 3480 1203 aliqui
3536 1132 3707 1188 etiam

2091 1215 2434 1292 introgressi,
2469 1220 2651 1292 ignem
2687 1220 3051 1277 intentabant.
3086 1221 3278 1277 Petrus
3306 1228 3361 1277 et
3404 1222 3713 1279 Andoletus

2087 1308 2459 1383 introgressos
2497 1312 2887 1380 elimanabant,
2921 1320 2975 1369 et
3018 1321 3125 1369 tam
3184 1315 3391 1383 multis,
3426 1321 3533 1370 tam
3566 1331 3712 1387 pau-

2086 1415 2273 1455 corum
2301 1401 2534 1468 viribus,
2563 1403 2761 1460 frustra
2790 1406 3136 1461 conabantur
3162 1406 3439 1462 resistere.

2160 1493 2306 1558 Quos
2334 1503 2558 1551 sanctus
2588 1513 2686 1568 pro
2717 1504 2966 1570 tempore
3006 1499 3326 1555 consolans:
3371 1499 3427 1554 Si
3464 1515 3571 1564 me,
3614 1499 3711 1554 in-

2090 1585 2231 1655 quit,
2277 1585 2490 1652 fratres,
2524 1587 2729 1644 vicarie
2776 1590 3018 1655 amastis,
3062 1589 3358 1658 Christum,
3417 1591 3563 1647 sicut
3601 1608 3711 1668 ego

2089 1676 2285 1751 diligo,
2327 1679 2560 1754 diligite.
2607 1683 2806 1749 Vestra,
2845 1682 2999 1751 Jesu,
3029 1688 3248 1753 peccata
3277 1686 3619 1755 conﬁtemini,
3661 1688 3714 1739 et

2089 1775 2237 1825 orate
2270 1787 2378 1841 pio
2440 1775 2686 1835 invicem,
2718 1779 2778 1828 ut
2835 1775 3121 1830 salvemini
3171 1776 3300 1844 (Jac.
3350 1794 3403 1838 v.
3457 1777 3574 1857 1.6);
3619 1792 3712 1831 me

2091 1860 2428 1929 oportetjam
2444 1861 2685 1921 dissolvi.
2705 1870 2759 1916 et
2775 1877 2898 1917 cum
2921 1861 3129 1919 Christo
3141 1864 3325 1920 vivere
3346 1864 3511 1935 (Phil.
3538 1882 3574 1930 ι,
3591 1866 3710 1934 23).

2090 1951 2254 2007 Scitis
2283 1968 2402 2020 vos,
2437 1969 2469 2009 ο
2516 1960 2747 2024 nepotes
2784 1955 2915 2021 mei,
2961 1972 3084 2012 reos
3114 1964 3168 2012 et
3207 1957 3404 2013 noxios
3449 1956 3618 2012 fuisse
3650 1957 3711 2011 in

2088 2039 2322 2095 crimine
2375 2041 2478 2097 isto
2535 2042 2606 2097 de
2644 2058 2754 2114 quo
2808 2044 2973 2100 modo
3030 2043 3169 2101 ultio
3214 2046 3505 2118 expetitur.
3551 2046 3710 2111 Quod

2090 2140 2222 2189 tunc
2253 2133 2456 2203 injuste
2479 2136 2691 2208 egistis,
2720 2138 2907 2206 modo,
2936 2155 3150 2210 precor,
3175 2141 3323 2210 juste
3350 2147 3405 2196 et
3435 2142 3714 2212 patienter

2090 2220 2241 2276 luite.
2287 2222 2404 2277 Non
2430 2224 2707 2293 judicabit
2742 2227 2889 2282 Deus
2917 2227 3001 2283 bis
3033 2228 3089 2283 in
3119 2229 3380 2301 idipsum,
3423 2247 3526 2286 nec
3571 2246 3713 2286 con-

2089 2320 2277 2386 surget
2322 2314 2526 2386 duplex
2553 2316 2854 2374 tribulatio.
2900 2319 2999 2388 Ne,
3051 2336 3260 2392 quaeso,
3294 2330 3579 2393 peccatum
3609 2340 3711 2379 ve-

2085 2411 2255 2460 strum
2286 2413 2410 2461 ante
2433 2408 2602 2464 Deum
2631 2410 2883 2479 inundet,
2940 2429 3040 2483 per
3065 2430 3259 2469 manus
3298 2424 3524 2483 vestras,
3563 2432 3708 2472 san-

2084 2502 2208 2568 guis
2236 2505 2559 2570 sanguinem
2610 2508 2804 2573 tangat
2852 2508 2985 2577 (Ose.
3024 2526 3095 2573 Iv,
3126 2510 3213 2581 2)..
3254 2511 3374 2566 Non
3413 2505 3712 2570 timeamus

2085 2595 2353 2651 saevitiam
2387 2600 2849 2669 persecutorum,‘
2879 2603 3009 2674 quia
3035 2604 3144 2659 illis
3174 2605 3277 2660 erit
3308 2606 3365 2660 in
3403 2607 3706 2663 vindictam

2084 2688 2322 2763 gladius,
2339 2698 2391 2745 et
2409 2692 2569 2767 ignis,
2591 2694 2686 2766 qui
2706 2695 3060 2753 manducabit
3082 2715 3275 2755 carnes
3295 2700 3510 2756 illorum
3527 2719 3707 2775 usque

2085 2778 2155 2833 ad
2176 2780 2493 2837 medullam.
2525 2781 2651 2850 Vos,
2675 2790 2883 2840 tantum
2912 2802 3108 2843 manus
3136 2798 3348 2845 vestras
3377 2800 3588 2847 servate
3614 2792 3707 2846 in-

2086 2870 2298 2938 noxias,
2345 2880 2406 2926 ut
2453 2872 2678 2943 spiritus
2733 2882 2910 2931 vester
2964 2878 3020 2932 in
3078 2889 3344 2936 aeternum
3392 2881 3463 2937 sit
3501 2882 3705 2951 salvus,

2084 2964 2294 3013 vestras
2317 2960 2481 3015 etiam
2501 2977 2697 3018 carnes
2720 2964 2845 3020 date
2869 2965 2979 3021 illis
3000 2968 3067 3022 ad
3089 2968 3524 3026 dilacerandum.

2156 3051 2247 3106 His
2276 3053 2483 3109 ultimis
2522 3058 2746 3113 monitis
2779 3059 2950 3116 Patris
2970 3062 3076 3128 sui,
3096 3064 3208 3132 jam
3232 3065 3289 3120 in
3316 3066 3519 3138 agonia
3561 3082 3707 3123 con-

2080 3139 2275 3203 stituti,
2323 3142 2546 3199 animati
2575 3152 2704 3202 sunt
2745 3162 2940 3205 omnes
2995 3150 3062 3205 ad
3101 3154 3544 3210 occumbendum
3600 3171 3702 3227 pro

2084 3228 2421 3287 innocentia.

2158 3320 2279 3390 Ipse
2308 3327 2529 3393 arrepto
2567 3324 2850 3394 psalterio,
2879 3333 2934 3382 et
2964 3328 3200 3396 primum
3232 3330 3430 3401 psalmi
3456 3347 3697 3401 versum,

2085 3407 2180 3478 qui
2199 3410 2455 3478 occurrit,
2485 3427 2583 3482 pro
2613 3415 2902 3489 praesagio,
2926 3417 3223 3488 accipiens,
3242 3423 3493 3489 quoniam
3520 3424 3706 3492 requi-

2082 3503 2163 3552 ret
2182 3500 2437 3555 Dominus
2453 3506 2770 3570 sanguinem
2793 3519 3063 3560 servorum
3078 3521 3296 3563 suorum
3311 3508 3476 3579 (Psal.
3495 3527 3548 3564 1x
3558 3552 3571 3577 ,
3588 3510 3701 3582 13),

2083 3588 2188 3644 hoc
2218 3591 2504 3660 subjunxit
2534 3593 2808 3663 ultimum,
2836 3597 3031 3653 Videat
3059 3601 3199 3654 Deus
3228 3606 3276 3654 et
3301 3603 3547 3671 requirat
3574 3603 3705 3673 (Pa-

2084 3683 2193 3736 ral.
2220 3698 2364 3750 xxxv,
2391 3685 2499 3755 22).
2537 3686 2596 3740 Et
2626 3688 2863 3761 egressis
2892 3690 3150 3745 omnibus
3179 3700 3329 3747 extra
3357 3694 3699 3763 cubiculum,

2084 3780 2157 3841 et,
2192 3775 2349 3846 quasi
2380 3776 2538 3850 agnis
2561 3777 2621 3832 in
2642 3780 2828 3836 medio
2852 3781 3105 3852 luporum
3148 3782 3443 3840 furentium
3483 3788 3702 3859 exposi-

2085 3866 2173 3933 tis,
2209 3869 2348 3938 ipse,
2382 3872 2625 3927 extensis
2647 3874 2922 3941 manibus,
2952 3882 3134 3945 terrae,
3161 3878 3214 3932 in
3241 3879 3465 3934 modum
3496 3881 3702 3951 crucis,

2085 3960 2470 4031 prosternitur,
2499 3969 2554 4018 et
2591 3980 2757 4020 orans
2787 3982 2909 4022 cum
2944 3968 3218 4041 lacrymis,
3262 3972 3314 4025 in
3357 3988 3552 4028 manus
3592 3974 3703 4030 Do-

2086 4046 2219 4101 mini
2268 4048 2505 4105 animam
2563 4054 2971 4111 commendavit
3036 4056 3186 4127 (Luc.
3256 4076 3412 4126 χχιιι,
3472 4060 3585 4132 46),
3642 4069 3704 4118 ut

2083 4155 2247 4195 nemo
2302 4157 2543 4214 unquam
2575 4143 2929 4202 aﬂectuosius
2967 4165 3027 4203 se
3058 4149 3169 4206 Deo
3201 4154 3699 4210 commendaverit.

2153 4227 2446 4286 Carniﬁces
2493 4231 2707 4289 interea
2746 4234 2961 4291 Petrum
2997 4243 3053 4293 et
3082 4239 3408 4296 Andoletum
3441 4259 3701 4313 pereme-

2081 4326 2230 4385 runt,
2263 4328 2317 4377 et
2347 4330 2621 4397 quotquot
2650 4328 3044 4386 ecclesiasticae
3075 4332 3346 4391 clientela:
3368 4335 3571 4391 ibidem
3608 4337 3702 4392 in-

2081 4416 2370 4465 venerunt.

2152 4496 2302 4554 Unus
2329 4500 2547 4556 cieteris
2576 4505 2960 4576 truculentior,
2986 4525 3218 4567 ascenso
3252 4513 3386 4569 tecti
3426 4515 3695 4587 culmine,

2079 4602 2319 4661 eumque
2347 4591 2544 4648 videns
2579 4595 2882 4652 haerentem
2928 4599 3046 4655 solo
3077 4602 3403 4671 pavimenti,
3438 4620 3532 4661 cor
3571 4607 3697 4676 ejus

2074 4677 2221 4745 jacto
2259 4679 2370 4736 telo
2427 4682 2734 4749 transfixit;
2769 4685 3008 4741 animam
3058 4704 3186 4746 vero
3217 4692 3359 4760 ejus,
3416 4710 3538 4749 cum
3572 4695 3696 4769 ipse

2077 4770 2345 4826 orationis
2374 4775 2739 4843 murmurillo,
2772 4779 2954 4853 angeli
2984 4780 3217 4838 intulere
3242 4785 3402 4840 coelo.

2147 4857 2423 4914 Pretiosus
2471 4876 2601 4934 ergo
2647 4866 2908 4922 sacerdos
2946 4868 3162 4924 Domini
3203 4871 3550 4945 Lambertus,
3590 4875 3690 4946 qui

2073 4943 2163 5000 hic
2187 4944 2366 5003 fuerat
2388 4953 2664 5021 particeps
2703 4957 2940 5021 omnium
2976 4959 3389 5016 custodientium
3425 4943 3695 5019 mandata

2072 5035 2343 5103 Dei(PsaL
2360 5052 2544 5103 cxvul,
2558 5038 2672 5111 63),
2700 5040 3283 5118 fruiturillicgaudens
3307 5057 3363 5105 et
3383 5051 3692 5120 exsultans,

2073 5126 2317 5183 omnium
2345 5139 2659 5186 sanctorum
2687 5134 3075 5193 contubernio.
3107 5136 3236 5193 Cum
3277 5140 3691 5198 continentibus

2068 5228 2124 5275 et
2164 5221 2475 5296 virginibus
2530 5227 2821 5285 redimitur
2858 5238 3007 5287 serto
3056 5233 3350 5302 castitatis;
3407 5235 3693 5294 confessor

2067 5330 2190 5370 cum
2213 5317 2648 5391 confessoribus,
2681 5332 2808 5379 ante
2847 5325 3037 5390 Deum,
3091 5326 3234 5385 bibit
3254 5338 3503 5386 sanctum
3541 5331 3686 5387 cali-

2066 5419 2185 5460 cem
2227 5406 2630 5477 confessionis;
2685 5413 2991 5469 monachus
3020 5430 3148 5470 eum
3210 5419 3513 5486 monachis,
3546 5419 3685 5475 acci-

2065 5493 2145 5565 pit
2175 5499 2493 5570 centuplum
2532 5510 2754 5558 wternae
2796 5506 3357 5576 recompensationis;
3397 5508 3685 5582 apostolus

2062 5601 2187 5643 cum
2216 5590 2501 5661 apostolis,
2551 5591 2610 5649 in
2639 5594 2774 5650 sede
2821 5594 3112 5664 judiciarte
3164 5600 3453 5668 potestatis
3499 5600 3682 5667 sedet,
