3948 6044
271 231 378 288 777

251 451 583 520 patriarchis
612 450 718 507 ﬁde
747 453 920 527 fulget
944 474 958 522 ;
1018 466 1298 528 postremo
1325 466 1528 530 martyr
1579 477 1701 516 eum
1732 480 1876 519 mar-

248 539 484 609 tyribus,
528 542 746 597 calicem
795 546 1059 602 salutaris
1096 552 1388 619 accipiens,
1438 566 1627 606 nomen
1667 556 1879 608 Domini

249 633 470 687 invocat
493 633 664 704 (Psal.
709 651 829 703 cxv,
863 637 978 709 13),
1011 640 1140 711 quia
1170 643 1346 712 majus
1368 659 1478 699 non
1509 644 1699 700 habuit
1730 648 1876 718 quod

250 724 488 781 Domino
514 725 867 794 retribueret,
900 747 1000 801 pro
1031 733 1291 789 omnibus
1322 752 1441 806 quae
1472 736 1723 791 retribuit
1750 739 1874 796 sibi.

253 813 405 867 lnter
444 830 640 870 novem
668 817 834 872 etiam
879 821 1104 877 ordines
1132 825 1450 897 angelorum
1485 828 1652 883 habet
1682 829 1737 882 in
1769 845 1877 900 quo

253 904 514 978 singulis,
550 923 648 978 pro
668 911 868 966 merito
900 912 1071 968 officii
1104 916 1212 982 sui,
1248 918 1554 990 participet.
1596 921 1672 975 lta
1705 920 1878 978 factus

266 998 516 1053 omnium
544 1001 842 1074 particeps,
876 1003 1109 1061 allectus
1140 1015 1222 1064 est
1251 1009 1304 1063 in
1333 1021 1537 1067 aeterna
1564 1014 1735 1080 curia,
1757 1031 1880 1070 mu-

262 1086 476 1158 niceps,
502 1088 597 1142 ubi
626 1091 840 1148 obtinet
878 1095 1115 1164 palmam
1163 1100 1425 1169 perennis
1453 1103 1648 1176 gloria:
1677 1111 1730 1160 et
1760 1112 1878 1162 sto-

249 1175 358 1230 lam
381 1175 748 1244 jucunditatis
775 1189 1016 1238 aeternas.

860 1289 1071 1348 CAPUT
1110 1295 1248 1352 XXII

605 1377 680 1430 De
715 1381 988 1448 exsequiis
1019 1385 1192 1438 sancti
1220 1386 1512 1442 Lambertz.

326 1479 490 1536 Pauci
538 1498 605 1537 ex
658 1487 915 1544 satellitio
976 1489 1032 1545 S.
1096 1495 1370 1565 martyris,
1431 1497 1525 1567 qui
1583 1507 1874 1555 evaserunt

251 1573 446 1628 mortis
473 1575 800 1646 periculum,
852 1588 1104 1655 tegentes
1131 1585 1223 1640 vili
1252 1588 1496 1663 tegmine
1527 1605 1750 1662 corpus,
1783 1608 1874 1650 ro—

251 1677 351 1718 seo
381 1680 576 1721 cruore
607 1667 917 1738 perfusum,
959 1675 1292 1744 quantocius
1321 1679 1539 1752 navigio
1569 1679 1872 1750 Trajectum

251 1759 691 1814 transvexerunt.
749 1760 902 1819 Volat
957 1765 1099 1821 fama
1155 1784 1252 1838 per
1282 1771 1537 1841 p0pulos,
1588 1790 1788 1844 pavore
1820 1783 1874 1831 et

253 1842 483 1899 horrore
511 1847 800 1905 universos
819 1855 1162 1911 concutiens.
1201 1857 1402 1915 Pavent
1422 1877 1638 1930 omnes,
1668 1880 1765 1935 pro
1787 1863 1873 1919 of-

249 1931 408 1988 fensa
438 1937 725 2009 principis,
783 1943 1011 2000 horrent
1057 1962 1275 2020 omnes,
1327 1968 1426 2022 pro
1459 1952 1707 2010 indebita
1737 1971 1873 2011 nece

247 2029 517 2096 praesulis.
550 2031 772 2088 Deﬂent
797 2035 1166 2106 Trajectensis
1211 2058 1269 2097 se
1310 2045 1566 2101 amisisse
1596 2046 1670 2115 pii
1703 2046 1876 2104 Patris

248 2116 720 2193 benevolentiam,
745 2142 850 2182 nec
866 2136 1051 2185 tamen
1074 2132 1208 2187 satis
1229 2134 1437 2192 audent
1458 2136 1700 2192 debitam
1727 2146 1874 2196 tanto

252 2212 395 2269 Patri
445 2219 758 2275 reverentia
808 2223 1090 2280 exhibere.
1152 2228 1246 2282 Vix
1310 2230 1506 2286 charos
1545 2233 1756 2306 lugere,
1789 2235 1878 2290 vix

254 2327 378 2367 reos
407 2324 562 2371 vacat
591 2320 804 2377 odisse.

327 2401 584 2474 Exposito
628 2409 696 2462 ad
753 2418 971 2480 portum
1047 2422 1239 2470 sancto
1292 2430 1544 2486 corpore,
1602 2422 1880 2477 concurrit

255 2499 493 2566 p0pulus
519 2500 639 2555 sine
659 2503 882 2559 nomine
914 2513 968 2560 et
994 2523 1246 2576 numero,
1270 2518 1343 2578 et,
1373 2512 1563 2583 quanti
1585 2514 1731 2582 apud
1749 2531 1868 2569 om-

250 2603 352 2642 nes
380 2591 681 2648 aestimatus
703 2594 884 2662 fuerit,
911 2614 978 2653 ex
1005 2600 1253 2657 confusis
1283 2605 1528 2659 omnium
1557 2605 1870 2676 planctibus

248 2677 506 2734 aestimari
539 2689 773 2751 poterat.

322 2769 614 2840 lmpositus
658 2774 884 2846 feretro,
933 2779 1181 2837 defertur
1209 2793 1432 2842 sanctus
1485 2787 1552 2842 ad
1584 2787 1868 2844 basilicam

250 2857 435 2913 Sancti
461 2861 623 2929 Petri,
658 2880 778 2920 cum
804 2867 993 2925 debito
1022 2871 1252 2929 honore.
1281 2875 1465 2931 Clerus
1492 2895 1615 2932 cum
1645 2880 1872 2950 psalmis

247 2958 304 3006 et
328 2953 559 3010 canticis
605 2961 990 3031 prosequitur;
1026 2967 1265 3036 populus
1295 2971 1602 3041 complodit
1651 2990 1870 3041 manus,

245 3059 368 3099 cum
401 3046 676 3104 lamentis.
707 3051 948 3122 Populus
981 3066 1268 3126 pernoctat
1300 3062 1657 3130 solemniter;
1691 3066 1873 3122 clerus

249 3137 353 3192 rite
383 3136 694 3211 frequentat
713 3145 993 3202 excubias.
1017 3147 1174 3205 Juvat
1198 3167 1394 3208 omnes
1424 3155 1742 3212 adlambere
1769 3174 1871 3214 ve-

247 3225 406 3298 stigia
437 3229 511 3298 pii
549 3230 761 3299 Patris;
808 3249 1008 3310 magna
1037 3253 1096 3292 se
1130 3249 1284 3310 putat
1313 3242 1570 3316 suffragia
1603 3247 1872 3303 meruisse

245 3320 336 3375 cui
390 3323 746 3396 contingebat
797 3329 1004 3384 sanctis
1062 3333 1326 3389 membris
1381 3335 1610 3411 infigere
1659 3341 1867 3394 oscula.

250 3414 592 3473 Delectabile
619 3426 673 3474 et
703 3420 856 3490 pium
889 3432 1007 3480 erat
1033 3426 1224 3482 videre
1249 3444 1378 3485 oves
1408 3433 1609 3501 pastori
1642 3450 1742 3490 suo
1775 3435 1872 3490 de-

245 3505 491 3574 pendere
523 3507 725 3581 pignus
746 3511 969 3568 amoris.

317 3595 423 3650 Sed
485 3599 806 3657 miserabile
870 3614 927 3660 et
990 3607 1190 3662 mirum
1253 3617 1367 3665 erat
1411 3613 1556 3668 circa
1614 3616 1873 3672 erraticas

247 3699 379 3740 oves
427 3687 562 3741 iram
594 3689 670 3760 pii
727 3693 964 3762 pastoris
1013 3695 1321 3754 advertere.
1362 3700 1614 3757 Traditur
1664 3705 1808 3758 enim
1841 3724 1872 3761 a

246 3773 574 3844 majoribus,
607 3780 760 3851 quia,
788 3798 910 3838 cum
944 3785 1203 3842 omnibus
1232 3796 1482 3845 sanctum
1514 3793 1868 3848 exosculandi

249 3867 392 3923 liber
425 3871 606 3927 aditus
657 3883 894 3944 pateret,
919 3879 965 3932 si
996 3896 1105 3951 qua
1133 3881 1310 3951 pellex
1341 3899 1400 3938 se
1466 3885 1771 3959 ingerebat,
1802 3889 1869 3944 ad

240 3971 444 4028 corpus
497 3963 755 4034 martyris
784 3969 1164 4035 osculandum,
1226 3975 1383 4045 quasi
1420 3978 1659 4048 quodam
1695 3987 1870 4036 rotata

249 4047 490 4115 turbine,
532 4055 928 4112 retrocedebat.
963 4058 1065 4113 Per
1097 4061 1358 4130 pellicum
1397 4081 1530 4139 ergo
1561 4068 1863 4138 repulsam,

247 4136 493 4195 clarebat
517 4144 682 4199 nimis
708 4146 822 4202 Deo
855 4155 910 4202 et
948 4158 1138 4206 sancto
1174 4155 1397 4224 martyri
1432 4136 1686 4226 pellicem
1715 4160 1864 4215 illam

245 4227 496 4285 odiosam
526 4231 716 4302 fuisse,
749 4253 871 4307 quas
903 4237 1109 4310 duplici
1148 4242 1378 4298 crimine
1404 4246 1683 4302 Franciam
1726 4249 1867 4304 infa-

251 4332 493 4380 maverat
522 4335 836 4406 etsanctam
861 4333 1216 4389 conturbarat
1248 4336 1564 4394 Ecclesiam.

1500 241 1651 297 VITA
1694 240 1891 297 PRIOR
1933 243 1988 297 S.
2029 243 2386 313 LAMBERTI.

253 363 533 434 prepheta
562 378 686 418 cum
714 366 1002 437 prophetis
1025 383 1124 441 spe
1151 371 1383 444 gaudet;
1420 371 1726 443 patriarcha
1758 391 1878 430 cum
1903 375 1964 448 Α
1988 378 2064 431 rei
2095 378 2273 449 ipsius
2291 384 2576 442 veritatem
2597 397 2988 452 scrutarentur.

1898 3099 1945 3165 C

3498 284 3605 340 778

3025 402 3084 457 Et
3113 419 3235 461 cum
3259 425 3604 480 apponerent

1987 479 2209 522 omnem
2245 473 2445 527 mentis
2475 482 2529 528 et
2555 478 2766 534 aurium
2809 484 3173 559 diligentiam,
3204 473 3496 554 videbatur
3523 503 3603 558 eis

1980 553 2065 622 (ex
2099 557 2358 626 qualitate
2389 563 2538 618 vocis
2569 570 2742 624 sancti
2795 553 3070 634 Laniberti
3100 553 3242 639 bene
3288 585 3392 640 sibi
3449 553 3600 662 nota}

1979 647 2126 712 quod
2151 647 2269 718 ipse
2301 661 2544 723 sanctus,
2579 673 2701 713 cum
2736 662 2858 718 aliis
2887 668 2980 737 qui
3009 686 3196 728 secum
3227 678 3602 737 occubuerant

1979 735 2180 794 divinm
2216 744 2487 810 majestati
2518 749 2734 806 dulcem
2770 757 3063 816 melodiam
3093 777 3357 826 cantaret.
3393 772 3448 826 Si
3476 775 3599 846 quis

1979 843 2044 882 ea
2066 829 2198 886 hora
2231 835 2395 890 vellet
2437 840 2591 895 adire
2624 842 2933 915 basilicam,
2967 870 3076 923 prae
3109 857 3333 916 horrore
3366 880 3474 920 non
3495 829 3598 936 po-

1980 926 2120 975 terat
2151 922 2396 991 introire,
2427 938 2481 984 et
2510 942 2714 1002 quanto
2745 940 2870 1008 quis
2901 949 3250 1018 seprOprius
3297 922 3595 1025 ingereret,

1982 1015 2130 1066 tanto
2161 1015 2344 1071 minus
2372 1023 2651 1095 angelicas
2680 1043 2844 1084 voces
2882 1033 3232 1106 admittebat,
3275 1045 3475 1100 retusis
3500 1063 3601 1101 au-

1979 1098 2152 1158 ribus.
2178 1103 2307 1160 Cum
2337 1117 2520 1166 autem
2546 1114 2928 1191 elongabatur,
2962 1098 3600 1206 angelicaiampliusite-

1979 1192 2202 1249 rabatur
2232 1199 2488 1258 melodia.

2049 1305 2087 1360 Ο
2140 1307 2462 1381 ineﬂ‘abilis,
2512 1313 2741 1387 Christe,
2801 1328 2892 1378 tua
2942 1332 3213 1396 potentia!
3265 1335 3395 1401 Quis
3448 1355 3602 1396 com-

1975 1406 2172 1466 penset
2201 1407 2293 1456 tua
2312 1407 2587 1478 magnalia
2607 1409 2636 1462 ?
2666 1411 2824 1481 Ecce,
2851 1418 3031 1486 palam
3057 1421 3192 1479 facis
3219 1431 3366 1498 quod
3387 1437 3481 1487 tuo
3505 1449 3600 1489 ore

1975 1487 2184 1545 dixisti:
2218 1495 2337 1551 Non
2367 1503 2445 1552 est
2475 1500 2609 1556 Deus
2634 1510 2984 1577 mortuorum,
3012 1514 3106 1568 sed
3133 1519 3378 1576 vivorum
3407 1524 3596 1592 (Marc.

1973 1597 2070 1649 xu,
2103 1584 2212 1654 27),
2246 1601 2441 1644 omnes
2471 1594 2618 1648 enim
2654 1596 2755 1652 tibi
2788 1599 2997 1672 vivunt,
3021 1608 3114 1677 qui
3146 1609 3282 1666 vivis
3313 1621 3367 1669 et
3401 1631 3602 1688 regnas

1984 1671 2038 1725 in
2075 1675 2276 1730 saecula
2297 1680 2648 1739 saeculorum.

2580 1812 2788 1872 CAPUT
2829 1820 3006 1882 XXIV.

2084 1902 2422 1962 Dcvindicta
2448 1912 2542 1964 Dei
2570 1913 2626 1966 in
2657 1916 2927 1973 Dodonem
2962 1926 3010 1976 et
3051 1929 3327 1997 complices
3355 1934 3492 2004 ejus.

2049 2035 2200 2091 Miles
2232 2038 2428 2096 Christi
2487 2043 2763 2117 gloriosus
2802 2050 3141 2126 Lambertus,
3184 2072 3422 2132 quantus
3452 2071 3599 2139 apud

1978 2129 2180 2205 Regem
2216 2150 2403 2206 regum
2447 2139 2501 2193 in
2532 2141 2687 2197 caelis
2734 2155 2900 2214 esset,
2935 2153 3097 2222 carpit
3135 2157 3313 2212 statim
3349 2160 3404 2215 in
3439 2166 3603 2222 terris

1982 2219 2314 2290 patefacere,
2362 2242 2463 2296 per
2494 2228 2596 2284 hoc
2636 2233 2807 2289 multo
2863 2219 3091 2308 beatior,
3125 2247 3273 2316 quod
3306 2265 3405 2318 per
3447 2269 3596 2322 eum,

1981 2310 2144 2366 etiam
2179 2323 2303 2385 post
2333 2325 2590 2389 mortem,
2615 2337 2818 2380 nomen
2845 2328 3060 2385 Domini
3082 2333 3515 2397 benedicebatur
3541 2345 3598 2399 in

1981 2404 2220 2474 populis.

2051 2496 2334 2568 Apparens
2372 2503 2519 2557 enim
2563 2513 2723 2562 nocte
2754 2510 3115 2584 thesaurario,
3151 2521 3375 2578 nomine
3415 2525 3598 2581 Amal-

1972 2585 2153 2660 gisilo,
2189 2590 2364 2658 judici
2405 2595 2536 2650 olim
2571 2614 2692 2667 suo,
2741 2601 2947 2660 blando
2996 2623 3119 2663 eum
3155 2611 3398 2685 alloquio
3439 2633 3598 2674 eom-

1975 2676 2213 2744 pellabat
2265 2681 2388 2746 Qui,
2423 2684 2491 2739 de
2521 2702 2685 2743 causa
2729 2691 2999 2750 adventus
3038 2699 3123 2752 sui
3151 2700 3218 2753 ab
3251 2676 3448 2759 eodem
3479 2707 3593 2763 viro

1973 2765 2270 2840 diligenter
2322 2772 2662 2846 inquisitus,
2733 2781 3002 2853 Romam,
3062 2788 3266 2860 inquit,
3350 2794 3590 2864 ivimus,

1974 2858 2144 2914 Roma
2176 2878 2304 2918 ecce
2333 2867 2599 2936 redimus,
2633 2871 2902 2929 visitaturi
2952 2878 3235 2938 Dodonem
3275 2891 3329 2939 et
3358 2889 3594 2959 compli-

1973 2964 2067 3003 ces
2106 2951 2263 3021 ejus;
2323 2957 2549 3027 sanguis
2581 2960 2728 3015 enim
2785 2963 3187 3038 innocentium,
3221 2975 3314 3045 qui
3371 2993 3592 3034 mecum

1977 3036 2189 3095 Christo
2255 3059 2423 3114 super
2479 3054 2678 3103 terram
2734 3050 2942 3110 effusus
2997 3067 3102 3126 est,
3156 3061 3496 3138 jamjamque
3562 3086 3594 3124 δ

1972 3127 2086 3184 Deo
2116 3133 2323 3201 expetit
2350 3134 2672 3202 vindictam,
2704 3157 2808 3196 nec
2836 3159 2991 3200 suam
3024 3127 3172 3204 Deus
3220 3152 3290 3206 ab
3341 3127 3424 3210 eis
3466 3174 3596 3231 gra-

1977 3221 2107 3277 tiam
2147 3226 2442 3301 elongavit.
2487 3231 2579 3286 His
2611 3233 2794 3303 dictis,
2846 3237 3111 3311 disparui,
3158 3247 3255 3301 sed
3298 3250 3428 3321 quia
3455 3221 3595 3309 visio

1975 3327 2084 3367 non
2114 3313 2216 3370 fuit
2246 3318 2610 3390 phantastica,
2646 3339 2826 3381 rerum
2857 3330 3035 3385 exitus
3062 3334 3271 3394 docuit.

2045 3405 2196 3462 Dodo
2230 3424 2427 3480 nempe
2468 3415 2642 3469 sancti
2695 3419 2953 3475 antistitis
2999 3423 3341 3499 interfector,
3408 3437 3591 3492 statim

1977 3495 2205 3553 incurrit
2233 3500 2366 3555 iram
2391 3503 2592 3559 divinae
2632 3506 2880 3578 ultionis,
2922 3524 2980 3570 et
3016 3520 3203 3575 omnia
3235 3521 3453 3582 intralia
3486 3547 3593 3600 pu-

1979 3590 2203 3647 trefacta
2247 3603 2300 3648 et
2337 3594 2526 3663 fetida,
2570 3615 2670 3669 per
2707 3617 2769 3657 os
2825 3621 2985 3662 suum
3033 3613 3352 3685 projiciens,
3405 3590 3592 3677 osten-

1977 3679 2061 3734 dit
2110 3681 2370 3738 omnibus
2414 3685 2793 3745 infelicitatem
2843 3679 3170 3770 suampper
3214 3704 3586 3766 miserabilem

1976 3769 2098 3826 vitae
2130 3772 2358 3842 exitum,
2392 3783 2446 3831 et
2485 3778 2580 3849 qui
2622 3779 2710 3836 hic
2748 3798 2951 3856 pompa
3002 3769 3188 3846 saziculi
3243 3794 3447 3854 abusus
3484 3807 3587 3868 est,

1971 3861 2266 3932 deputatus
2294 3874 2376 3920 est
2402 3867 2458 3922 in
2484 3869 2699 3928 inferno
2718 3873 2834 3948 igni
2858 3877 3314 3957 inexstinguibili,
3348 3898 3402 3945 et
3422 3896 3592 3948 vermi

1968 3972 2073 4011 non
2135 3962 2390 4015 morienti
2450 3965 2572 4030 (Isa.
2618 3983 2760 4035 var,
2815 3969 2922 4034 24).
2979 3975 3165 4032 Fertur
3209 3980 3371 4036 etiam
3439 3986 3588 4056 quod

1973 4057 2194 4120 prapter
2222 4052 2631 4112 intolerantiam
2681 4060 2838 4117 nimii
2880 4064 3089 4134 fetoris,
3131 4086 3330 4143 corpus
3370 4076 3492 4144 ejus
3531 4078 3588 4132 in

1967 4135 2195 4193 ﬂuvium
2236 4140 2440 4198 Mosam
2507 4148 2838 4217 projectum,
2887 4154 2958 4208 sit
3016 4135 3293 4216 vermibus
3349 4135 3417 4218 et.
3462 4166 3587 4222 tabe

1967 4240 2319 4301 corruptum;
2382 4252 2484 4292 nec
2525 4239 2690 4294 aliam
2746 4245 3085 4314 sepulturam
3146 4255 3427 4322 meruerit,
3492 4258 3588 4329 qui

1967 4320 2339 4379 miserabilem
2373 4328 2507 4382 tanti
2538 4331 2786 4386 criminis
2817 4337 3106 4407 acquisivit
3133 4345 3476 4402 memoriam.

316 4415 520 4473 Tantus
572 4429 758 4477 autem
808 4424 972 4480 timor
1001 4426 1384 4498 Trajectenses
1437 4449 1536 4503 pro
1584 4436 1750 4505 hujus
1795 4411 2000 4505 ['8ng
2047 4411 2260 4505 Ροάοηί
2315 4414 2368 4468 in
2402 4417 2634 4472 crimine
2674 4425 2981 4491 {Equandus
3030 4426 3142 4491 mc'
3189 4431 3282 4500 qni
3339 4440 3586 4489 sanetum

248 4505 548 4562 acerbitate
572 4509 879 4568 incesserat
907 4523 970 4569 ut
1000 4531 1103 4571 nec
1117 4519 1461 4575 mausoleum
1481 4522 1712 4598 dignum
1738 4529 1872 4583 tanti

249 4595 490 4652 nominis
515 4598 632 4655 viro
657 4602 930 4660 auderent
957 4621 1294 4677 praeparare.
1318 4611 1450 4668 Ideo
1472 4595 1662 4684 aperta
1685 4618 1874 4674 tumba

247 4685 398 4754 Apri,
432 4689 603 4758 patris
660 4691 835 4762 ipsius
864 4693 920 4750 S.
976 4695 1271 4768 Lamberti,
1313 4717 1476 4758 mane
1526 4704 1689 4773 facto,
1746 4723 1870 4763 cum

246 4774 468 4834 ossibus
497 4780 668 4850 patris
714 4782 800 4838 sui
849 4799 1052 4858 corpus
1107 4791 1442 4848 sanctissimi
1493 4793 1591 4849 filii
1634 4798 1870 4854 tumula-

250 4874 407 4923 runt.

847 4947 1053 5007 CAPUT
1082 4954 1272 5010 XXIII.

314 5038 674 5118 De_obsequio
713 5049 956 5115 angelico
985 5052 1060 5104 ad
1109 5057 1374 5112 tumulum
1404 5059 1461 5114 S.
1498 5061 1792 5118 Lamberti.

388 5112 689 5200 Ewau‘imes.
713 5112 1002 5200 artus_7_ion
1039 5123 1200 5193 liquit
1231 5112 1608 5187 cmlica‘uir—tus
1637 5151 1652 5200 ;

387 5182 708 5241 Monstravit
722 5193 964 5260 populis,
995 5182 1212 5263 quantm
1239 5182 1406 5264 fuerit
1438 5182 1716 5260 bonitatis.

315 5290 428 5349 Nec
456 5297 604 5351 enim
631 5307 969 5360 terrerentur
994 5309 1187 5379 populi
1218 5311 1459 5371 humano
1491 5324 1701 5377 terrore
1724 5338 1867 5394 quo-

245 5383 427 5442 minus
452 5388 508 5442 S.
538 5391 757 5448 Domini
792 5394 1141 5457 Lambertum
1179 5403 1349 5478 digno
1381 5407 1594 5464 honore
1624 5428 1862 5470 venera-

243 5489 462 5550 rentur;
503 5488 670 5559 cmpit
708 5491 776 5544 ad
818 5497 1087 5552 tumulum
1136 5499 1256 5568 ejus
1297 5509 1461 5558 noctu
1515 5514 1571 5560 et
1622 5507 1862 5567 interdiu

237 5571 414 5626 audiri
440 5575 642 5634 chorus
667 5582 954 5656 angelicus
978 5589 1356 5661 psallentium,
1381 5596 1600 5666 quoties
1630 5597 1710 5653 ibi
1742 5615 1862 5658 esse

237 5661 537 5722 humanum
593 5671 874 5731 silentium
900 5677 1211 5738 videbatur.
1274 5661 1744 5747 Nec-defuerunt
1767 5695 1860 5765 qui

565 5771 868 5840 PATROL.
919 5777 1128 5845 CLX.

1976 4502 2072 4557 Dei
2124 4504 2242 4560 suis
2295 4507 2548 4563 manibus
2606 4513 2841 4580 peremit
2890 4515 3042 4571 fratri
3093 4535 3194 4575 suo
3235 4522 3404 4578 miser
3441 4526 3588 4583 bello

1974 4600 2348 4673 congreditur,
2389 4609 2444 4657 et
2499 4602 2719 4662 fratrem
2774 4610 3076 4680 perimens,
3117 4624 3305 4673 mutuo
3345 4635 3378 4673 a
3424 4618 3589 4677 fratre

1975 4687 2284 4757 perimitur.

2045 4781 2110 4836 Ut
2161 4785 2353 4853 paucis
2398 4788 2584 4844 omnia
2635 4791 2985 4862 concludam,
3041 4796 3182 4854 infra
3226 4803 3357 4857 anni
3414 4803 3588 4876 ipsius

1971 4871 2233 4941 spatium,
2265 4875 2352 4928 vix
2381 4875 2580 4948 aliquis
2610 4882 2802 4949 evasit,
2837 4883 2929 4955 qui
2963 4884 3018 4939 in
3053 4904 3191 4944 nece
3223 4893 3400 4948 sancti
3442 4911 3586 4949 mar-

1971 4959 2104 5030 tyris
2144 4977 2268 5017 reus
2321 4962 2438 5030 fuit,
2484 4971 2537 5019 et
2585 4966 2631 5020 si
2663 4969 2787 5039 quis
2817 4972 3108 5043 superfuit,
3146 4976 3199 5031 in
3242 4987 3451 5034 tantum
3503 4998 3586 5049 se,

1970 5061 2064 5109 aut
2102 5071 2268 5111 sensu
2300 5059 2573 5128 perdoluit
2611 5064 2905 5131 annullari,
2942 5076 3000 5123 ut
3029 5071 3155 5125 illos
3184 5071 3376 5128 felices
3422 5075 3589 5130 duxe-

1971 5146 2040 5202 rit
2088 5163 2243 5215 esse,
2307 5149 2400 5221 qui
2453 5151 2642 5221 citata,
2692 5158 2942 5226 quamvis
2994 5161 3350 5231 miserabili,
3412 5173 3588 5224 morte

1969 5243 2283 5310 consumpti
2313 5249 2464 5296 sunt.

2036 5333 2101 5386 At
2128 5331 2322 5387 Christi
2377 5331 2581 5407 martyr
2607 5350 2902 5396 coronatus
2935 5344 3256 5415 triumphat,
3300 5355 3355 5402 et
3415 5349 3591 5404 victo-

1970 5420 2061 5476 riae
2087 5421 2323 5493 palmam
2371 5430 2592 5495 tenens,
2633 5428 2687 5480 in
2721 5429 2846 5484 sinu
2901 5431 3130 5487 Abrahae
3162 5435 3417 5490 exsultat.
3473 5437 3586 5506 Sic,

1966 5517 2193 5584 Christe,
2238 5519 2292 5574 in
2361 5523 2566 5578 sanctis
2625 5524 2755 5592 tuis,
2814 5527 2881 5581 de
2952 5528 3190 5605 inimicis
3250 5532 3582 5605 triumphas,

1962 5608 2244 5676 diligentes
2271 5616 2319 5664 te
2343 5611 2576 5679 diligens
2611 5614 2785 5684 (Prov.
2825 5631 2939 5681 VIII,
2982 5617 3090 5687 t7),
3134 5604 3458 5691 honoriﬁcus
3484 5625 3585 5679 ho—

1962 5701 2215 5754 norantes
2245 5703 2293 5752 te
2320 5698 2372 5768 (Ι
2396 5702 2523 5768 Reg.
2567 5718 2626 5769 ιι,
2655 5701 2764 5769 29).

3074 5809 3152 5873 25
