3948 6044
412 225 514 279 779

1015 351 1222 408 CAPUT
1268 353 1420 411 XXV.

515 466 587 518 De
613 462 895 517 miraculis
939 463 1112 538 Legite
1137 467 1362 538 ostensis
1393 467 1452 520 in
1505 468 1614 521 loco
1651 471 1921 538 passionis

1012 535 1068 589 S.
1131 536 1415 590 Lamberti.

480 645 663 719 Legia,
723 661 847 716 qum~
887 646 1145 701 illustrari
1181 647 1383 703 meruit
1428 649 1642 718 patroni
1681 651 1779 705 'sui
1823 661 2026 722 marty-

407 735 510 798 rio,
544 735 795 805 quamvis
841 750 1072 806 corpore
1123 736 1242 805 ejus
1301 753 1360 791 se
1400 738 1468 791 ad
1525 747 1740 810 tempus
1788 741 2028 796 doluerit

406 828 684 883 viduatam
729 843 875 892 esse,
917 835 1101 884 tamen
1153 829 1540 886 miraculorum
1594 833 1713 903 ejus
1768 833 2026 888 immunis

407 932 518 974 non
545 915 667 972 fuit.

479 1011 540 1064 In
571 1009 828 1064 cubiculo
885 1026 1124 1082 namque
1165 1011 1410 1082 martyrii
1470 1013 1618 1066 illius
1660 1015 1905 1080 conscio,
1940 1013 2027 1069 lu-

406 1102 642 1158 minaria
691 1102 955 1157 divinitus
1012 1119 1263 1170 accensa,
1321 1105 1526 1174 saepius
1572 1106 2022 1175 resplendebant,

408 1199 468 1246 ut
499 1199 610 1246 tota
641 1192 838 1247 domus
869 1191 1029 1262 quasi
1070 1191 1203 1245 solis
1253 1193 1416 1247 radiis
1470 1193 1787 1266 refulgeret,
1831 1201 1889 1249 ut
1936 1195 2022 1248 lu-

410 1298 529 1338 cem
558 1281 708 1336 illam
739 1282 826 1336 vix
859 1282 1130 1335 humanus
1161 1281 1328 1336 ferret
1354 1281 1566 1336 oculus.

483 1373 605 1427 Haec
663 1371 820 1426 famae
871 1371 1174 1442 primordia
1212 1372 1528 1426 veriﬁcabat
1568 1389 1810 1444 sequens
1849 1375 2024 1447 gratia

411 1461 823 1527 miraculorum,
866 1475 1098 1530 quorum
1152 1460 1238 1514 hic
1283 1477 1498 1516 summa
1531 1461 1877 1532 capitulanda
1920 1471 2021 1519 est.

482 1552 864 1608 Theoduinum
927 1551 1246 1622 quemdam,
1309 1553 1392 1605 vir
1443 1563 1685 1617 sanctus,
1746 1557 1914 1610 semel
1969 1575 2032 1613 ac

410 1645 515 1708 bis,
546 1659 644 1714 per
669 1645 844 1698 visum
888 1643 1102 1698 monuit
1132 1651 1189 1698 ut
1234 1644 1504 1714 pectinem
1557 1661 1714 1699 suum
1762 1649 2027 1717 Optimum

414 1736 696 1799 redderet,
729 1735 797 1788 ab
827 1750 996 1789 uxore
1028 1735 1148 1802 ejus
1180 1735 1283 1788 sibi
1319 1744 1669 1806 praereptum.
1712 1738 1889 1795 Tertio
1921 1758 2029 1796 non

411 1824 656 1895 parentis
681 1823 808 1887 sibi,
855 1830 1044 1892 pectus
1085 1822 1265 1877 aﬂ'ecit
1305 1823 1593 1878 insanabili
1644 1825 1776 1892 ictu,
1837 1826 2030 1898 sicque

410 1935 572 1974 suum
602 1919 668 1973 ab
702 1919 875 1973 invito
908 1918 1133 1988 recepit.

482 2008 853 2081 Baldigisilus,
887 2007 1074 2074 jussus
1104 2021 1202 2077 per
1237 2006 1420 2061 visum
1453 2009 1721 2064 excubare
1749 2011 1816 2063 ad
1844 2010 2025 2065 locum

411 2097 531 2167 ejus
560 2096 827 2166 martyrii,
861 2103 916 2149 et
940 2094 1079 2149 alter
1102 2094 1326 2166 quidam
1359 2095 1736 2169 Raginfridus,
1769 2099 2025 2153 eumdem

412 2190 591 2246 locum
633 2190 935 2246 emundare
975 2188 1218 2244 monitus
1267 2190 1429 2245 ambo
1475 2189 1664 2244 lumen
1719 2193 2027 2260 oculorum,

409 2297 520 2352 quo
551 2279 833 2344 carebant,
876 2284 1227 2347 receperunt,
1261 2277 1318 2333 in
1344 2293 1444 2332 suo
1485 2279 1724 2350 quisque
1760 2289 2026 2352 tempore.

481 2374 747 2429 Veniebat
799 2388 922 2427 cum
973 2370 1082 2425 fide
1111 2371 1180 2424 ad
1220 2372 1368 2426 hunc
1397 2371 1576 2426 locum
1610 2373 1763 2448 virgo
1809 2375 1940 2438 Oda,
1975 2383 2028 2430 et

408 2467 530 2537 ipsa
573 2481 738 2531 caeca,
797 2472 855 2520 et
905 2463 1025 2518 loco
1079 2462 1348 2534 proxima,
1391 2470 1450 2518 ut
1499 2479 1699 2519 nomen
1753 2465 2025 2522 invocavit

409 2558 583 2613 sancti
615 2555 885 2627 martyris,
943 2556 1091 2626 quod
1119 2554 1340 2610 volebat
1370 2556 1600 2626 accepit.
1659 2557 1752 2611 llis
1782 2559 2022 2632 augeba-

407 2657 496 2701 tur
533 2661 726 2701 recens
775 2643 1058 2700 veneratio
1091 2644 1214 2698 novi
1266 2645 1502 2714 patroni,
1563 2653 1618 2700 et
1649 2663 1880 2701 accensa
1923 2663 2021 2718 po-

406 2734 522 2806 puli
551 2734 792 2796 devotio,
818 2732 1099 2787 basilicam
1132 2740 1320 2787 sancto
1347 2731 1658 2789 aediﬁcabat
1681 2742 1827 2790 tanto
1859 2735 2020 2790 citius

402 2831 607 2896 quanto
638 2822 910 2878 devotius.
954 2822 1149 2878 Lectus
1177 2821 1341 2876 etiam
1371 2823 1548 2878 sancti
1574 2839 1605 2878 a
1652 2822 1908 2878 ﬁdelibus
1939 2824 2020 2878 fa-

401 2916 698 2982 brefactus,
739 2914 794 2968 in
827 2914 920 2968 illo
960 2914 1080 2969 loco
1126 2913 1338 2984 positus
1376 2920 1478 2980 est,
1527 2914 1622 2968 ubi
1653 2924 1877 2970 sanctus
1907 2915 2016 2970 telo

401 3005 578 3076 iniqui
611 3001 907 3059 transﬁxus
938 3002 1057 3058 fuit.

1002 3113 1209 3169 CAPUT
1243 3113 1418 3170 XXVI.

398 3237 472 3289 De
503 3232 860 3288 translatione
887 3232 1064 3286 sancti
1092 3229 1383 3356 Lttzmbertz‘,
1435 3234 1485 3284 et
1519 3231 1802 3285 miraculis
1843 3233 1901 3284 in
1953 3247 2010 3286 eo

1078 3316 1134 3356 os
1165 3317 1323 3356 ensis.

1078 3316 1323 3356 081073828.

465 3418 587 3474 Haec
614 3415 959 3492 Legiensium
991 3414 1212 3469 devotio
1263 3415 1402 3469 adeo
1446 3415 1675 3470 Domino
1723 3415 2010 3485 plaeuitut

385 3509 499 3577 jam
528 3507 740 3570 crebro,
776 3504 962 3559 multis
1020 3503 1116 3558 Dei
1149 3501 1425 3568 ﬁdelibus,
1461 3503 1680 3557 caelitus
1721 3503 1856 3558 visio
1905 3521 2007 3575 ap-

389 3608 626 3673 pareret,
684 3606 743 3656 ut
774 3608 997 3655 sanctus
1048 3605 1274 3669 martyr,
1331 3599 1535 3653 relatus
1581 3599 1823 3668 Trajecto
1863 3616 2007 3654 mar-

387 3693 512 3765 tyrii
568 3695 688 3748 loco
730 3693 1131 3746 restitueretur.
1190 3689 1423 3744 Sanctus
1482 3690 1775 3756 Hubertus,
1831 3691 2003 3746 sancti

385 3787 653 3841 Lamberti
700 3785 1024 3854 discipulus,
1083 3791 1138 3837 et
1176 3799 1484 3850 successor,
1534 3799 1644 3839 non
1697 3785 2005 3840 contraibat

383 3879 479 3936 Dei
511 3885 566 3934 et
592 3877 844 3948 martyris
882 3875 1172 3931 voluntati.

455 3974 609 4027 Anno
637 3987 769 4044 ergo
798 3970 1148 4041 episc0patus
1176 3969 1262 4022 sui
1282 3969 1498 4024 decimo
1538 3970 1723 4035 tertio,
1753 3971 1995 4026 tumbam

384 4065 558 4121 sancti
583 4064 860 4134 aperiens,
889 4077 1090 4132 corpus
1121 4061 1242 4129 ejus
1271 4062 1506 4116 solidum
1531 4068 1585 4116 et
1615 4061 1907 4125 illibatum,
1942 4069 1996 4118 et

385 4157 522 4213 miro
561 4156 730 4212 odore
750 4169 1082 4225 respersum.
1120 4153 1350 4216 invenit,
1383 4153 1611 4208 mutavit
1640 4153 1990 4224 vestimenta,

382 4256 435 4306 et
465 4249 646 4322 priora
677 4263 775 4319 pro
816 4247 1015 4303 dandis
1042 4244 1363 4320 pignoribus
1412 4246 1680 4301 servanda
1709 4246 1988 4320 sigillavit.

452 4337 653 4394 Claruit
686 4337 740 4391 in
769 4336 1152 4392 transferendo
1189 4336 1292 4390 hoc
1331 4335 1473 4389 bene
1519 4335 1775 4406 placitum
1819 4335 1990 4390 fuisse

378 4427 629 4483 Domino.
658 4428 716 4481 In
737 4426 866 4480 villa
899 4425 1103 4497 quippe
1131 4423 1338 4478 Nivella
1361 4423 1742 4494 requiescente
1766 4423 1989 4492 pepulo,
2015 4407 2074 4476 D

379 4535 592 4589 pauper
604 4533 782 4572 caecus
805 4517 1008 4571 ditatus
1030 4523 1113 4570 est
1133 4514 1345 4570 reddito
1360 4514 1466 4569 sibi
1485 4511 1666 4569 ofﬁcio
1683 4511 1988 4568 oculorum.

447 4606 557 4661 Nec
583 4606 753 4660 multo
783 4613 927 4675 post,
987 4605 1040 4658 in
1091 4604 1220 4659 villa
1259 4603 1526 4665 Harmala;
1559 4601 1772 4657 cunctis
1797 4601 1990 4673 requie

375 4697 750 4754 relevantibus
789 4697 1056 4763 laborem,
1098 4696 1430 4768 paralyticus
1456 4695 1660 4749 ibidem
1692 4694 1984 4760 adductus,

375 4788 430 4844 in
472 4797 769 4859 conspectu
791 4789 966 4843 sancti
994 4788 1201 4848 feretri.
1259 4786 1490 4842 solidata
1517 4801 1784 4860 compage
1812 4801 1986 4841 mem-

374 4878 598 4934 brorum
621 4877 728 4932 sibi
769 4877 1020 4933 redditus
1051 4883 1154 4932 est.

445 4968 502 5022 ln
552 4967 785 5042 singulis
820 4968 908 5022 his
959 4967 1113 5034 locis,
1171 4967 1353 5021 statim
1404 4965 1648 5021 basilicae
1680 4967 1737 5020 in
1770 4967 1980 5023 honore

1627 226 1973 283 SICEBERTI
2013 228 2522 293 CEMBLACENSIS.

3634 249 3741 305 800

2053 365 2104 433 A
2127 381 2313 452 piente
2341 384 2596 439 aestimari
2624 391 2882 456 poterunt
2905 403 3068 458 quam
3097 388 3330 459 alicujus
3357 406 3452 446 ore
3484 394 3570 448 vel
3599 395 3745 466 stylo

2127 489 2357 529 narrari.

2201 566 2396 630 Habes,
2433 567 2615 641 Legia,
2666 575 2819 624 tuum
2868 571 3161 645 gaudium;
3196 589 3345 638 ecce,
3382 582 3537 632 tenes
3587 585 3741 634 tuum

2126 661 2367 730 speciale
2400 664 2798 732 patrocinium;
2832 667 2961 721 hinc
3001 668 3167 739 ccepit
3197 670 3271 724 tui
3317 681 3608 740 provectus
3639 675 3751 729 ini-

2129 753 2292 818 tium;
2336 771 2432 824 per
2462 756 2629 820 hunc,
2676 756 2732 810 in
2764 758 2957 813 urbem
3007 761 3261 828 exaltata,
3319 767 3642 834 proveheris
3673 768 3744 822 de

2128 839 2238 896 filia
2272 843 2324 897 in
2367 851 2627 910 matrem;
2688 863 2787 916 per
2836 848 3002 914 hunc,
3039 849 3092 903 in
3149 852 3523 922 episcopalem
3557 856 3746 911 sedem

2127 943 2400 1005 promota,
2427 937 2479 990 in
2501 953 2721 993 omnem
2743 940 3020 1010 profecisti
3046 943 3417 1010 honestatem;
3447 946 3571 1001 aliis
3599 950 3747 1004 urbi-

2128 1025 2231 1081 bus
2272 1027 2324 1081 in
2387 1030 2600 1084 senium
2650 1033 3059 1102 quodammodo
3109 1038 3502 1111 vergentibus;
3539 1047 3593 1094 tu
3647 1059 3751 1112 per

2127 1117 2276 1173 hunc
2301 1117 2588 1175 efﬂoruisti
2621 1121 2672 1176 in
2699 1124 2939 1193 pulchrae
2963 1126 3207 1194 juventae
3239 1136 3459 1183 statum.
3493 1131 3748 1205 Protegat

2125 1216 2178 1263 te
2225 1210 2277 1263 in
2336 1227 2534 1277 aevum,
2565 1214 2681 1268 suis
2733 1223 2955 1270 sanctus
2994 1224 3203 1288 martyr
3234 1217 3531 1291 suffragiis,
3565 1225 3661 1292 qui
3693 1231 3746 1278 te

2125 1297 2190 1350 ad
2252 1298 2353 1354 hoc
2391 1301 2639 1369 provexit
2675 1309 2752 1365 ;ut
2789 1303 2934 1358 inter
2975 1304 3160 1370 urbes,
3196 1305 3421 1361 nomine
3451 1316 3507 1362 et
3555 1312 3750 1366 merito

2125 1386 2516 1461 magniﬁceris.

2203 1477 2274 1532 Ex
2305 1486 2456 1546 tunc,
2492 1481 2544 1534 in
2586 1482 2860 1554 reliquum
2894 1493 3136 1556 tempus,
3180 1502 3293 1542 non
3325 1497 3408 1544 est
3437 1490 3634 1545 modus
3664 1491 3754 1546 vel

2131 1585 2394 1626 numerus
2428 1573 2839 1640 miraculorum,
2874 1593 2996 1630 eum
3032 1579 3296 1634 omnibus
3339 1597 3438 1651 per
3475 1581 3750 1638 Lamberti

2133 1678 2333 1718 nomen
2367 1664 2442 1718 ibi
2489 1666 2658 1721 Deum
2697 1667 3083 1724 invocantibus
3136 1671 3189 1724 in
3223 1673 3470 1736 veritate,
3527 1691 3750 1747 semper

2133 1757 2583 1825 patueritostium
2611 1760 2810 1815 divinae
2838 1761 3254 1819 misericordiae.
3286 1765 3410 1820 Erat
3431 1767 3545 1822 illic
3564 1769 3752 1824 videre

2131 1846 2569 1915 compeditorum
2623 1849 2864 1917 vincula,
2923 1851 3190 1906 debilium
3241 1857 3634 1923 sustentacula,
3695 1857 3750 1912 in

2130 1946 2513 2008 argumentum
2535 1939 2852 1994 virtutisDei
2867 1955 3132 2011 appensa.
3152 1943 3476 2016 Quicunque
3493 1947 3754 2002 veniebat

2129 2022 2258 2078 fidei
2291 2031 2473 2092 tenax,
2509 2043 2789 2099 nunquam
2820 2028 3034 2084 redibat
3065 2031 3340 2088 inefficax.

2739 2159 2945 2214 CAPUT
2988 2159 3188 2217 XXVII.

2167 2267 2240 2321 De
2272 2266 2580 2322 Grimoaldo
2627 2273 2751 2323 ante
2789 2270 2964 2325 altare
3005 2271 3059 2325 S.
3107 2273 3374 2328 Lamberti
3413 2277 3713 2343 interfecto.

2205 2394 2298 2450 Hic
2329 2402 2551 2450 sanctus
2577 2403 2801 2467 martyr,
2830 2397 2973 2453 sicut
3014 2398 3120 2469 piis
3149 2407 3205 2454 et
3234 2399 3494 2458 ﬁdelibus
3524 2404 3646 2474 pius
3694 2416 3752 2461 et

2128 2494 2474 2557 Opportunus
2503 2487 2722 2556 adjutor
2751 2498 2887 2556 erat,
2912 2490 3003 2556 ita,
3037 2498 3153 2546 erat
3184 2501 3374 2548 contra
3404 2493 3624 2564 impios,
3649 2505 3752 2552 aut

2124 2590 2349 2630 severus
2378 2583 2684 2645 correptor,
2715 2587 2808 2632 aut
2829 2578 3012 2647 justus
3034 2579 3200 2635 ultor.

2194 2670 2323 2725 Post
2377 2687 2583 2741 paucos
2610 2687 2790 2734 annos
2845 2675 3219 2730 translationis
3245 2678 3384 2746 ejus,
3439 2686 3745 2752 aegrotante

2121 2778 2273 2833 saepe
2308 2765 2590 2820 nominato
2620 2764 2854 2836 Pippino
2879 2767 3086 2836 majore
3120 2769 3338 2836 domus,
3373 2769 3488 2824 ibat
3513 2772 3580 2825 ad
3607 2789 3737 2828 eum

2118 2857 2476 2922 visitandum,
2537 2854 2684 2911 filius
2739 2858 2859 2926 ejus
2924 2858 3295 2927 Grimoaldus,
3353 2862 3446 2932 qui
3505 2863 3744 2919 devotus

2117 2953 2309 2999 sancto
2368 2945 2658 3000 Lamberto
2691 2946 2838 3012 (ideo
2889 2945 3027 3002 forte
3066 2949 3326 3019 amplius,
3383 2951 3515 3022 quia
3573 2967 3744 3007 occu-

2039 3033 2328 3102 Cbuerat,
2380 3050 2482 3105 pro
2534 3034 2763 3091 defenso
2811 3037 2998 3091 matris
3027 3038 3146 3106 ejus
3203 3039 3508 3096 Plectrudis
3557 3044 3746 3098 matri-

2115 3126 2324 3196 monia)
2349 3127 2573 3181 divertit
2611 3127 2856 3202 Legiam,
2884 3135 2938 3182 et
2967 3130 3036 3184 ad
3086 3132 3356 3186 tumulum
3384 3134 3580 3200 sancti,
3611 3151 3743 3190 ora-

2113 3226 2268 3273 turus
2290 3219 2536 3273 accessit.
2575 3221 2720 3273 Inter
2742 3221 3036 3288 orandum,
3068 3230 3333 3294 exceptus
3364 3225 3572 3280 ibidem
3605 3237 3740 3284 ante

2111 3309 2281 3364 altare
2323 3311 2496 3364 sancti
2544 3311 2841 3377 Lamberti,
2886 3313 3177 3382 perimitur
3222 3331 3253 3370 a
3293 3317 3532 3387 quodam
3567 3319 3734 3374 satel-

2109 3403 2204 3458 lite
2231 3403 2606 3469 Rabbodonis,
2635 3403 2761 3458 duci
2792 3404 3133 3470 Fresionum,
3160 3409 3318 3477 cujus
3340 3407 3488 3475 filiae,
3516 3427 3546 3463 a
3577 3419 3735 3480 patre

2107 3515 2208 3554 suo
2243 3499 2476 3569 Pippino
2509 3499 2615 3553 sibi
2659 3499 3030 3569 deSponsatse,
3067 3503 3408 3559 connubium
3442 3515 3736 3577 exspecta-

2108 3587 2220 3642 bat.
2279 3588 2388 3642 Sed
2420 3588 2686 3644 Rabbodo
2729 3590 2783 3644 id
2827 3591 3052 3661 impune
3086 3608 3197 3648 non
3255 3594 3398 3661 tulit,
3452 3596 3610 3666 cujus
3642 3597 3735 3650 in-

2108 3677 2331 3743 stinctu,
2379 3679 2648 3735 innocens
2688 3679 2946 3734 occubuit
3002 3681 3367 3737 Grimoaldus.
3417 3683 3549 3738 Nam
3613 3701 3728 3740 non

2107 3769 2280 3824 multo
2327 3776 2470 3840 post,
2522 3769 2671 3824 idem
2724 3770 2990 3826 Rabbodo
3024 3773 3355 3829 mirabiliter
3400 3791 3431 3829 a
3472 3776 3726 3832 daemone

2102 3861 2437 3929 ludificatus,
2480 3865 2642 3934 periit
2671 3865 2874 3932 subita,
2899 3873 2954 3922 et
2981 3868 3225 3922 aeternali
3253 3876 3447 3924 morte.

2171 3972 2306 4037 Quia
2336 3974 2561 4044 longum
2590 3981 2642 4028 et
2669 3974 2954 4030 taediosum
2985 3981 3068 4030 est
3096 3977 3313 4048 singula
3346 3977 3518 4032 sancti
3545 3977 3721 4033 .Lam-

2100 4059 2238 4115 berti
2267 4061 2550 4127 miracula,
2586 4063 2987 4133 particulariter
3011 4080 3306 4132 enarrare;
3341 4067 3435 4121 Dei
3454 4081 3551 4136 per
3580 4083 3713 4122 eum

2093 4151 2374 4221 Operantis
2401 4151 2702 4221 potentiam
2728 4152 3018 4208 laudemus
3051 4155 3454 4211 universaliter.

2666 4282 2873 4339 CAPUT
2913 4283 3138 4340 XXVIII.

2759 4401 3035 4469 Epilogus.

2165 4507 2338 4562 Vitam
2391 4508 2446 4563 S.
2494 4509 2766 4564 Lamberti
2822 4509 3052 4581 primus,
3090 4509 3249 4578 jussu
3306 4509 3536 4584 Agil‘ridi
3583 4513 3711 4582 epi-

2091 4599 2266 4669 scopi.
2290 4599 2513 4669 scripsit
2540 4599 2944 4655 Godeschalcus
2967 4601 3256 4668 diaconus,
3283 4602 3456 4672 ipsius
3470 4618 3713 4674 congre-

2088 4687 2327 4761 gationis
2357 4687 2612 4754 clericus,
2652 4688 2747 4759 qui
2777 4687 2878 4743 fuit
2915 4695 3163 4760 tempore
3195 4689 3416 4760 Pippini
3445 4700 3499 4746 et
3530 4691 3707 4748 Caroli

2087 4775 2288 4850 Magni,
2322 4784 2379 4831 et
2423 4785 2577 4850 gesta
2619 4777 2844 4848 quidem
2887 4777 3008 4847 ejus
3046 4777 3316 4832 veraciter
3352 4785 3709 4848 prosecutus,

2087 4867 2154 4921 de
2209 4883 2375 4922 causa
2432 4869 2677 4939 martyrii
2717 4884 2906 4939 parum
2965 4869 3143 4924 libero
3197 4884 3294 4924 ore
3335 4869 3549 4925 locutus
3597 4877 3707 4926 est.

2084 4962 2239 5026 Quod
2272 4963 2372 5017 hac
2403 4963 2470 5018 de
2496 4979 2662 5018 causa
2684 4963 2883 5019 fecisse
2926 4964 3191 5030 creditur,
3222 4979 3293 5019 ne
3324 4965 3408 5019 sui
3437 4967 3708 5036 temporis

2083 5054 2307 5129 regibus
2354 5054 2570 5125 culpam
2623 5056 2887 5124 majorum
2917 5071 3144 5112 suorum
3192 5055 3470 5111 videretur
3501 5072 3704 5127 expro-

2081 5148 2262 5203 brare.
2290 5149 2360 5202 Ex
2393 5149 2585 5204 illicito
2611 5151 2819 5221 quippe
2851 5150 3075 5222 Pippini
3121 5159 3174 5205 et
3205 5150 3450 5220 Alpaidis
3498 5151 3700 5220 conju-

2079 5240 2192 5314 gio,
2240 5247 2401 5295 natus
2440 5247 2526 5296 est
2578 5239 2800 5297 Carolus
2861 5241 3172 5307 Martellus;
3213 5242 3280 5296 de
3322 5241 3512 5296 Carolo
3571 5242 3702 5314 Pip-

366 5339 582 5408 populi,
623 5346 829 5410 quanta
855 5346 909 5392 et
943 5338 1120 5408 qualis
1154 5337 1444 5392 exsultatio
1475 5337 1721 5408 undique
1751 5353 1982 5392 concur-
2080 5331 2245 5402 pinus
2275 5333 2491 5400 tertius,
2522 5333 2615 5405 qui
2647 5351 2711 5388 ex
2745 5331 3016 5404 principe,
3049 5333 3106 5387 in
3139 5349 3324 5403 regem
3362 5334 3696 5391 Francorum

365 5425 620 5485 rentium.
657 5433 861 5497 quanta
887 5426 1132 5480 omnium
1167 5425 1539 5480 liberalitasin
1563 5427 1760 5480 dandis
1784 5433 1972 5479 sancto
2081 5429 2364 5490 promotus
2403 5429 2514 5487 est;
2584 5423 2653 5476 de
2702 5421 2935 5492 Pippino
3006 5420 3225 5477 Carolus
3278 5421 3522 5491 Magnus,
3585 5438 3697 5494 quo

363 5513 706 5579 muneribus,
761 5522 963 5585 quanta
1018 5514 1181 5568 fuerit
1223 5514 1479 5568 fidelibus
1520 5515 1712 5569 orandi
1765 5523 1816 5567 et
1848 5521 1972 5568 vota
2075 5528 2238 5568 nemo
2265 5522 2391 5566 ante
2419 5530 2567 5580 eum,
2600 5514 2685 5568 vel
2719 5521 2843 5585 post
2877 5530 3024 5579 eum,
3058 5513 3200 5567 inter
3235 5513 3562 5569 Francorum
3597 5531 3697 5568 re-

362 5603 597 5655 vovendi
636 5606 866 5673 puritas,
913 5608 1030 5662 haec
1073 5615 1128 5661 et
1171 5606 1508 5675 hujusmodi,
1552 5605 1764 5661 facilius
1803 5620 1834 5659 a
1872 5620 1966 5660 sa-
2071 5621 2189 5678 ges,
2223 5604 2326 5660 fuit
2354 5605 2548 5677 major,
2607 5605 2678 5660 de
2717 5621 2827 5676 quo
2853 5606 3092 5662 dubitari
3152 5614 3331 5676 potest
3381 5605 3575 5662 fortior
3619 5623 3694 5664 an

369 5058 543 5114 sancti
575 5057 846 5130 martyris,
876 5057 1271 5112 lundabantur.

442 5150 572 5204 Cum
601 5151 691 5204 tali
717 5148 962 5220 tripudio
989 5146 1542 5219 apprOpinquabatur
1583 5152 1695 5212 tuo,
1727 5161 1760 5201 ο
1792 5146 1977 5221 Legia,

369 5244 692 5315 municipio.
727 5244 940 5309 Quanta
968 5251 1022 5297 et
1050 5243 1230 5314 qualis
1269 5243 1430 5298 luerit
1464 5241 1744 5312 processio
1771 5241 1903 5297 cleri
1925 5248 1981 5296 et
