3948 6044
281 256 379 310 781

1474 254 1621 310 VlTA
1661 251 1917 309 ALTERA
1956 253 2013 308 S.
2053 253 2408 310 LAMBERTI.

3503 252 3609 311 782

279 379 501 437 felicior
537 385 705 446 esset,
734 380 1011 452 potentior
1051 379 1107 435 in
1136 377 1439 451 republica,
1479 393 1550 433 an
1580 376 1895 453 religiosior
1916 379 1970 449 Α
1997 390 2185 431 corum
2245 376 2580 442 Hildeberto,
2640 373 2967 430 Theodorici
3031 373 3176 448 regis
3223 369 3360 440 ﬁlio,
3418 388 3449 427 a
3501 386 3612 444 quo

282 475 342 530 in
370 475 746 532 ecclesiastica
770 476 1084 548 disciplina.

357 566 557 623 Passus
611 574 695 622 est
740 566 797 621 S.
841 565 1166 621 Lambertus
1230 583 1300 621 xv
1339 565 1566 621 Kalend.
1631 563 1898 630 Octobris,

288 674 436 715 anno
467 658 820 732 episcopatus
848 657 935 714 sui
975 657 1424 733 quadragesimo,
1456 656 1560 712 sub
1593 671 1722 729 rege
1743 655 1903 710 Fran-

1996 468 2337 526 Theodorico
2385 482 2545 542 reges
2594 466 2921 522 Francorum
2975 465 3092 521 solo
3142 463 3365 520 nomine
3413 478 3615 538 regna-

2000 564 2153 629 bant,
2195 577 2368 632 penes
2396 561 2631 630 majores
2680 560 2877 616 domus
2918 557 3163 629 potentia
3203 555 3358 629 regni
3406 556 3615 613 consti-

2004 660 2119 710 tuta
2145 667 2321 725 usque
2345 651 2413 705 ad
2436 649 2729 721 Pippinum
2748 648 2988 704 tertium.

552 1287 1161 1419 SANCTI
1249 1288 2135 1416 LAMBERTI
2216 1288 2621 1416 VITA
2698 1288 3373 1418 ALTERA

1321 1631 1885 1723 AUCTORE
1958 1629 2616 1722 SIGEBERTO

812 1926 1136 1999 (Romam,
1167 1927 1320 1998 Sept.
1356 1932 1395 1982 t.
1422 1926 1485 1996 V,
1515 1942 1568 1999 p.
1599 1925 1707 1985 589
1736 1941 1803 1984 ex
1832 1941 1936 1983 ms.
1968 1925 2373 1984 Habeas-Vallis
2402 1934 2459 1983 et
2488 1925 2811 2003 Hagiologio
2838 1927 3122 1997 Brabant.)

869 2442 1076 2499 CAPUT
1117 2439 1397 2497 PRIMUM.

322 2551 564 2607 Illustres
604 2553 782 2605 sancti
815 2554 1097 2620 parentes:
1130 2551 1406 2604 institutio
1458 2547 1612 2617 apud
1644 2545 1739 2602 SS.
1783 2548 1936 2620 Lan-

395 2622 653 2677 doaldum
682 2626 731 2676 et
762 2619 1164 2687 Theodardum;
1198 2622 1437 2689 corporis
1481 2624 1531 2674 et
1559 2621 1730 2673 animi
1759 2619 1934 2684 dotes;

392 2709 586 2765 corpus
612 2694 668 2751 S.
707 2692 1015 2748 Theodardi
1034 2692 1360 2747 translatum
1374 2691 1649 2747 Leodium.

392 2803 447 2857 1.
509 2801 789 2858 Gloriosus
817 2801 902 2857 vir
929 2801 1276 2869 Lantbertus,
1327 2806 1533 2856 aeterno
1582 2799 1699 2875 regi
1737 2806 1943 2872 martyr

325 2900 604 2963 acceptus,
630 2900 686 2948 et
704 2909 835 2948 vero
868 2893 1141 2949 sacerdoti
1171 2892 1431 2948 sacerdos
1455 2892 1710 2958 dilectus,
1736 2891 1940 2967 insigni

330 2999 397 3039 ex
424 2985 683 3056 prosapia
712 2983 1079 3054 Trajectensis
1116 2985 1307 3057 Oppidi
1345 2985 1467 3041 vico
1505 2984 1711 3040 exstitit
1748 2985 1941 3040 oriun-

331 3076 437 3131 dus
464 3083 519 3131 et
572 3076 734 3133 bon‘is
772 3092 837 3133 ac
874 3077 1148 3151 religiosis
1189 3077 1511 3149 parentibus
1559 3086 1739 3142 natus,
1779 3077 1941 3132 etiam

335 3181 435 3238 per
457 3166 636 3222 bonos
656 3174 711 3221 et
752 3165 1042 3240 religiosos
1069 3166 1216 3222 viros
1249 3167 1303 3220 in
1333 3166 1542 3223 Christo
1574 3174 1657 3222 est
1697 3173 1940 3221 renatus.

334 3256 458 3313 Fuit
492 3256 768 3327 siquidem
802 3255 1066 3323 Remacli,
1115 3263 1308 3328 postea
1344 3257 1593 3328 episc0pi
1633 3258 1946 3327 Trajectcn-

331 3346 430 3415 sis,
494 3345 801 3417 spiritualis
852 3344 910 3399 in
975 3345 1304 3416 baptismate
1366 3345 1512 3401 ﬁlius
1555 3346 1720 3417 (993).
1779 3347 1949 3416 Hujus

332 3438 513 3510 pueri,
567 3438 953 3509 majorumque
992 3438 1113 3510 ejus
1143 3438 1200 3492 in
1242 3438 1489 3494 Ecclesia
1516 3439 1611 3494 Dei
1643 3438 1812 3493 multa
1861 3455 1948 3494 re-

335 3533 490 3588 fulsit
532 3533 726 3605 gratia,
753 3535 926 3589 multa
970 3533 1028 3588 in
1059 3548 1228 3609 regno
1260 3533 1590 3589 Francorum
1631 3531 1951 3605 praeminuit

336 3621 547 3695 gloria:
580 3637 706 3676 nam
733 3622 1065 3677 inconcussa
1105 3620 1526 3677 Christianitatis
1564 3619 1705 3676 ﬁdes
1743 3621 1825 3676 eis
1864 3621 1945 3676 in-

1964 2444 2016 2512 B
2110 2440 2165 2495 2.
2209 2440 2455 2511 Regnum
2487 2445 2670 2495 autem
2711 2437 3042 2494 Francorum
3096 2443 3227 2494 tunc
3256 2436 3520 2510 temporis
3559 2453 3647 2493 re-

2040 2531 2205 2603 gebat
2233 2540 2358 2602 post
2414 2531 2727 2586 Lotharium
2778 2530 3101 2585 medianum
3137 2529 3280 2585 ﬁlius
3323 2530 3444 2599 ejus
3473 2531 3652 2605 Dago-

2038 2620 2227 2675 bertus
2252 2620 2421 2689 (994),
2454 2620 2548 2692 qui
2578 2636 2817 2692 regnans
2864 2620 2920 2673 in
2966 2619 3238 2687 Neustria,
3277 2634 3508 2690 regnum
3543 2620 3656 2675 Au-

2040 2712 2359 2767 strasiorum
2404 2711 2518 2768 ﬁlio
2547 2727 2647 2767 suo
2677 2711 2961 2783 Sigeherto
3014 2711 3159 2779 (995)
3198 2710 3569 2777 commiserat,
3601 2716 3657 2766 et

2042 2803 2135 2877 qui
2166 2805 2347 2859 adhuc
2384 2818 2558 2874 puero
2588 2809 2798 2859 tutores
2835 2803 3065 2858 dederat
3100 2803 3456 2858 Cunibertum
3497 2801 3657 2858 Colo-

2043 2897 2297 2953 niensem
2331 2898 2652 2968 episcopum
2686 2897 2853 2969 (996),
2884 2905 2940 2953 et
2968 2898 3228 2969 majorem
3262 2897 3459 2952 domus
3478 2897 3663 2968 Pippi-

2044 3003 2174 3041 num
2230 2987 2468 3058 primum
2503 3028 2518 3054 ,
2605 2995 2813 3057 patrem
2895 2993 3205 3042 sanctarum
3273 2986 3559 3041 Gertrudis
3609 2992 3665 3041 et

2045 3076 2243 3151 Beggze
2270 3078 2431 3145 (997).
2468 3076 2651 3143 Qualis
2702 3076 2791 3131 hic
2843 3092 2982 3148 puer
3010 3077 3067 3130 in
3120 3076 3326 3130 mundo
3373 3074 3535 3141 foret,
3595 3072 3664 3127 ab

2045 3165 2384 3220 incunabilis
2413 3164 2508 3220 Dei
2541 3165 2884 3235 dispensatio
2914 3164 3397 3235 praemonstrabat:
3429 3175 3662 3234 quaeque

2049 3257 2198 3312 enim
2238 3258 2399 3313 bona
2447 3257 2652 3313 indolis
2692 3260 3025 3327 rudimenta,
3068 3272 3301 3329 quasque
3329 3255 3669 3310 lineamenta

2049 3351 2478 3421 pulchritudinis
2507 3351 2562 3405 in
2590 3352 2753 3408 bona:
2776 3354 2893 3423 Spei
2935 3368 3109 3424 puero
3136 3351 3279 3407 solet
3308 3348 3667 3421 praeformare

2049 3445 2265 3507 natura,
2293 3439 2404 3505 vel,
2436 3439 2586 3510 quod
2624 3440 2809 3494 verius
2849 3446 2953 3505 est,
2985 3439 3159 3511 ipsius
3195 3440 3397 3494 Auctor
3436 3442 3667 3503 naturae,

2049 3533 2168 3589 ἱ]ωο
2194 3532 2383 3588 omnia
2406 3532 2519 3601 jam
2561 3532 2617 3586 in
2665 3532 2785 3602 ejus
2816 3532 3049 3589 infantia
3103 3530 3481 3604 apparebant;
3540 3528 3671 3601 quia

2044 3633 2158 3703 jam
2189 3632 2244 3681 et
2276 3623 2543 3679 membris
2574 3623 2870 3692 formosus,
2904 3633 2960 3681 et
2985 3640 3085 3697 pro
3112 3631 3273 3681 zetate
3302 3624 3445 3679 inter
3473 3638 3675 3696 cogna-

340 3717 423 3764 ter
442 3709 781 3766 orthodoxos
812 3709 1052 3785 augebat
1082 3710 1470 3778 reverentiam,
1502 3711 1758 3766 etcarnis
1796 3711 1958 3766 nobi-
1984 3757 2034 3826 C
2058 3726 2145 3773 tos
2172 3723 2228 3772 et
2257 3715 2493 3771 famulos
2534 3715 2686 3770 vultu
2715 3721 2770 3771 et
2798 3714 2994 3772 affectu
3024 3715 3300 3789 benignus
3354 3728 3480 3769 esse
3512 3712 3675 3768 vide-

340 3801 465 3826 ἱει--
517 3810 565 3826 ,ι
601 3802 938 3826 -_--I-_12-_.
974 3819 1152 3826 _-_--_..
1212 3803 1459 3826 _-_!-L-A
1494 3803 1810 3826 Δι..-ει,.-...
1857 3820 1927 3826 -.Α
2062 3807 2220 3826 ιᾲι--⁴
2275 3822 2330 3826 Α-
2375 3806 2602 3826 _-_L--
2647 3806 2880 3826 -A-_.!_-_.-
2925 3806 3208 3826 JEI-_1!-_-_
3259 3805 3453 3826 J:__._-..
3523 3801 3675 3826 nn)-

339 3801 468 3857 litas
513 3810 569 3858 et
597 3802 941 3874 opulentiam
974 3819 1156 3859 rerum
1211 3803 1463 3875 pariebat
1488 3803 1814 3877 dignitatem
1855 3820 1958 3859 saa-

345 3895 481 3965 culi,
527 3904 582 3952 et
623 3896 768 3954 inter
801 3913 1062 3969 proceres
1122 3898 1281 3974 regni
1328 3899 1552 3955 multam
1613 3906 1959 3971 potestatem.

351 3987 501 4043 Hanc
528 3989 751 4063 generis
801 3989 1128 4057 claritatem,
1172 3990 1239 4046 ad
1271 4005 1332 4047 se
1363 3991 1433 4048 de
1476 3991 1779 4065 longinquo
1818 3991 1964 4047 deri-

348 4082 552 4145 vatam,
585 4085 743 4150 pater
770 4084 825 4135 et
853 4086 1032 4135 mater
1063 4079 1237 4150 ipsius
1292 4079 1639 4135 illustrabant
1676 4081 1744 4135 de
1784 4080 1970 4151 proxi-

350 4187 463 4227 mo.
497 4172 720 4228 Matrem
761 4173 901 4243 ejus,
961 4173 1108 4228 inter
1133 4173 1461 4230 Francorum
1514 4175 1727 4230 nobiles
1751 4190 1972 4246 praeno-

351 4263 545 4333 bilem,
574 4266 788 4338 accepit
812 4283 843 4321 a
889 4267 1143 4338 patribus
1172 4268 1471 4339 posteritas
1508 4276 1755 4325 vocatam
1796 4269 1967 4325 fuisse

356 4356 778 4428 Herisplindem.
839 4358 999 4415 Pater
1051 4376 1204 4431 vero,
1261 4361 1403 4431 Aper
1451 4362 1787 4431 nominatus,
1845 4377 1968 4417 cum

355 4457 505 4505 esset
533 4450 603 4505 de
634 4451 811 4522 primo
843 4453 1039 4508 ordine
1069 4459 1408 4522 senatorum,
1441 4454 1535 4527 qui
1575 4463 1843 4511 vocantur
1868 4456 1970 4510 viri

357 4535 624 4607 illustres,
643 4546 697 4595 et
724 4539 817 4612 qui
846 4541 902 4595 in
927 4541 1082 4597 curia
1101 4541 1249 4615 regis
1277 4549 1695 4615 anteponuntur
1724 4545 1972 4601 secundo

358 4636 417 4686 et
444 4637 599 4688 terno
630 4632 810 4688 ordini
851 4639 1191 4702 senatorum,
1223 4635 1318 4707 qui
1358 4643 1627 4692 vocantur
1651 4637 1752 4692 viri
1787 4652 1977 4708 respe-

358 4719 595 4777 ctabiles
614 4727 670 4778 et
698 4721 800 4779 viri
831 4722 1148 4794 clarissimi,
1196 4723 1339 4780 inter
1377 4724 1529 4798 ipsos
1567 4724 1776 4798 primos
1801 4726 1977 4782 excel-

360 4810 527 4867 lebat.

2061 3807 2241 3874 batur,
2271 3822 2334 3861 ac
2374 3821 2474 3877 per
2500 3806 2605 3861 hoc
2642 3806 2887 3861 omnium
2913 3806 3216 3862 dilectione
3253 3805 3475 3879 dignus.
3523 3801 3678 3857 Unde

2065 3906 2221 3970 pater
2244 3899 2365 3968 ejus
2392 3914 2503 3954 non
2539 3899 2787 3972 ingratus
2818 3899 2951 3966 Deo,
2982 3900 3077 3971 qui
3102 3906 3312 3955 tantum
3342 3896 3450 3952 sibi
3471 3895 3541 3950 de
3567 3893 3680 3949 ﬁlio

2066 3988 2441 4061 promittebat,
2501 3987 2702 4044 divinae
2765 3990 3032 4046 voluntati
3099 4006 3253 4045 suam
3306 3991 3683 4058 contemperat

2068 4083 2407 4140 voluntatem
2458 4091 2513 4137 et
2552 4081 2725 4139 ﬁlium
2775 4084 2963 4140 divino
3017 4084 3296 4155 mancipat
3338 4081 3587 4148 servitio,
3614 4079 3684 4134 ad

2073 4174 2223 4247 quod
2253 4188 2379 4229 eum
2429 4174 2542 4242 jam
2584 4175 2991 4246 quodammodo
3044 4175 3271 4229 videbat
3307 4173 3572 4245 aspirare.
3624 4168 3688 4225 Et

2068 4266 2198 4339 quia
2219 4264 2471 4320 doctrina
2508 4266 2616 4321 vim
2649 4274 2934 4336 promovet
2962 4265 3201 4332 insitam,
3233 4265 3482 4334 rectique
3509 4261 3688 4317 cultus

2069 4365 2293 4431 pectora
2322 4358 2602 4423 roborant,
2655 4362 2902 4412 sanctum
2952 4362 3143 4411 sancto
3194 4354 3309 4410 ﬁlio
3366 4353 3687 4426 magistrum

2070 4448 2258 4524 elegit,
2300 4463 2369 4503 ne
2424 4446 2734 4518 simplicem
2783 4445 3003 4501 oculum
3060 4442 3316 4514 discipuli
3368 4439 3691 4498 tenebraret

2073 4538 2257 4611 aliqua
2278 4536 2440 4608 culpa
2471 4534 2737 4609 magistri.

2145 4631 2198 4686 3.
2258 4629 2593 4684 lnitiandum
2624 4642 2754 4702 ergo
2793 4626 2977 4682 studio
3030 4623 3251 4681 litterali
3274 4620 3532 4679 submisit
3561 4635 3687 4675 eum

2076 4724 2392 4781 Landoaldo
2437 4723 2607 4795 (998),
2654 4721 2771 4778 viro
2826 4720 2962 4776 satis
3024 4725 3270 4792 spectato
3327 4716 3601 4792 sapientia
3638 4722 3695 4770 et

2076 4817 2308 4874 scientia
2358 4815 2646 4872 sanctitate
2704 4820 2759 4870 et
2830 4808 3119 4869 industria.
3176 4812 3271 4867 Hic
3348 4808 3697 4867 Landoaldus

440 5072 588 5159 (9933)
637 5076 715 5159 Ρρ
754 5076 1152 5159 ‘S.nltemaclo_
1193 5077 1458 5159 episcopo
1500 5080 1866 5159 _T_rajectensi
1898 5089 2061 5159 _ac[)
2102 5155 2114 5159 _
2157 5079 2314 5159 (996)
2349 5078 2857 5159 De_S_.‘C_uniber_to_
2882 5077 3196 5159 Coloniensi
3237 5076 3498 5148 episcopo
3528 5084 3700 5144 agen-

369 5144 574 5232 deinde
604 5146 807 5232 abbate
838 5148 1179 5232 §tabulensi_
1192 5144 1406 5232 egimus
1447 5152 1514 5232 ad
1545 5144 1692 5232 diem
1741 5155 1774 5209 3
1804 5155 1984 5232 hujus
2007 5144 2055 5159 ν
2085 5144 2540 5232 dumeritadmiﬁ
2564 5151 2915 5232 Novembris,
2934 5144 3286 5232 quo‘coliturl

371 5216 584 5270 mensis
613 5218 980 5289 Septembris.
1009 5221 1114 5275 Sed
1149 5222 1202 5279 S.

1279 5222 1586 5298 ambertum
1619 5227 1687 5280 ab
1712 5242 1778 5282 eo
1804 5222 1989 5298 bapti-

2159 5226 2300 5292 (997)
2354 5227 2412 5279 Β.
2449 5224 2668 5295 Pippini
2697 5224 2767 5279 de
2804 5211 3002 5278 Laudis
3040 5223 3167 5295 Acta
3200 5221 3465 5295 i_ll_ust_rata
3494 5211 3705 5295 suntad

371 5294 562 5369 zatum_
593 5283 750 5369 vel'e
806 5289 1143 5369 baptismate
1172 5300 1493 5365 susceptum
1548 5294 1739 5363 fuisse,
1791 5283 1986 5369 parum
2089 5283 2236 5369 diem
2275 5283 2335 5351 ἳι
2391 5283 2694 5369 Februarii,
2750 5295 2824 5369 Si
2844 5292 3136 5369 _Ge_rtrud_is
3157 5283 3708 5369 ‘ahbatisszeNiveL

372 5358 664 5428 probabile
695 5376 821 5415 esse
851 5358 1088 5419 videtur.

624 5431 746 5508 Fuit
761 5432 809 5486 is
836 5433 1177 5508 Dagobertus
1203 5438 1244 5507 Ι,
1270 5436 1528 5493 Chlotarii
1553 5439 1597 5492 II
1625 5438 1787 5494 ﬁlius.

451 5500 594 5582 (995,7
621 5501 843 5582 Judicat
863 5500 1291 5582 S."Sigebertu'm
1320 5509 1611 5565 Austrasiaa
1639 5524 1849 5582 regem,
1894 5526 1993 5566 cu-

2089 5368 2261 5424 lensis
2288 5369 2343 5422 in
2392 5356 2690 5421 Brabantia
2710 5366 2776 5420 ad
2808 5367 2869 5421 Π
2915 5363 3114 5435 Martii,
3153 5362 3205 5417 S.
3247 5362 3438 5435 Bcggaa
3469 5356 3709 5426 denique

2092 5440 2273 5495 danda
2301 5438 2528 5495 venient
2547 5438 2615 5493 ad
2656 5438 2718 5494 l7
2751 5434 3084 5493 Decembris.

2168 5510 2311 5582 (998)
2371 5509 2492 5582 Vita
2526 5510 2583 5582 S.
2626 5507 2924 5582 Landoaldi
2963 5502 3443 5582 archipresbyteri,
3486 5515 3550 5582 ei:
3583 5512 3714 5582 “qua

366 5570 464 5654 jus
482 5569 939 5654 ges'taelucidata
966 5569 1093 5637 sunt
1136 5581 1192 5635 in
1243 5579 1420 5651 Opere
1456 5588 1645 5637 nostro
1682 5569 1750 5636 a'd
1787 5569 1929 5637 diem
1963 5582 1988 5635 1
2097 5569 2416 5654 istauha'usit
2444 5580 2778 5654 Sigebertus,
2831 5579 2956 5635 data
3005 5569 3151 5648 apud
3194 5569 3303 5633 nos
3333 5580 3415 5631 est
3467 5572 3534 5628 ad
3565 5569 3714 5625 diem

375 5641 683 5701 Februarii.

2099 5653 2170 5707 19
2198 5652 2392 5708 Martii.
