3948 6044
316 271 422 327 733
1536 253 1882 311 SlGEBERTl
1923 251 2416 308 GEMBLACENSIS
3531 257 3642 314 784

320 411 524 461 sanctae
551 400 809 455 Romanae
839 392 1098 450 Ecclesiae
1130 390 1414 463 presbyter
1461 388 1584 456 fuit,
1634 395 1689 443 et
1719 405 1749 442 a
1797 388 1937 442 Mar-
1963 383 2425 456 Apromissionis
2465 384 2667 440 intrare
2727 399 2836 441 non
2880 393 3232 441 meruerunt:
3287 387 3373 443 isti
3431 406 3562 446 vero
3606 392 3664 447 in

320 497 436 553 tino
460 508 600 564 papa
630 489 768 560 (999)
803 487 1176 542 Romanorum
1209 482 1455 538 Amando
1503 481 1766 552 episcOpo
1804 480 1932 535 Tra-
2036 473 2144 529 ﬁde
2180 474 2442 541 roborati,
2500 475 2672 528 Deum
2731 490 2914 530 coram
2965 474 3225 530 omnibus
3282 478 3667 535 sanctiﬁcave-

315 579 646 651 jectensium
700 576 769 631 ad
827 574 1089 630 auxilium
1149 575 1468 628 exercendae
1525 572 1933 644 praedicationis

321 677 613 747 deputatus
657 674 723 727 ad
771 671 970 726 Gallias
997 669 1171 738 venit,
1201 669 1580 724 et'ordinatus
1626 667 1932 738 Trajecten-

320 766 396 821 sis
424 763 681 820 Ecclesiae
730 760 1196 832 archipresbyter,
1243 759 1451 814 ibidem
1485 761 1596 814 Deo
1640 759 1930 814 militabat:

322 855 383 910 Et
419 853 547 926 quia
576 853 724 908 idem
783 850 1082 922 episcopus
1124 865 1222 920 pro
1273 849 1456 904 studio
1498 848 1835 919 praedicandi
1872 863 1931 903 se

321 943 642 1015 expedierat
670 939 973 1011 episcopali
1002 938 1234 996 sarcina.
1266 938 1384 1010 ipse
1410 938 1556 993 vices
1579 937 1826 1008 episcopi
1855 937 1933 991 di-

321 1034 557 1108 ligenter
577 1041 631 1087 et
656 1037 970 1102 opportune
997 1027 1314 1099 supplebat,
1344 1034 1396 1082 et
1417 1043 1516 1097 per
1535 1042 1730 1081 novem
1759 1042 1933 1081 annos

321 1128 460 1182 rexit
515 1123 827 1188 ecclesiam,
861 1121 1122 1192 episcOpo
1167 1127 1472 1186 vacantem,
1519 1119 1696 1174 donec
1739 1120 1932 1173 Rema-

323 1216 441 1272 clus
471 1213 787 1270 cathedram
804 1209 1166 1278 Trajectensis
1193 1208 1448 1263 Ecclesia:
1471 1208 1713 1277 suscepit
1737 1208 1929 1274 (1000).

325 1306 672 1362 Landoaldus
713 1319 844 1378 ergo
865 1309 1087 1357 teneros
1117 1315 1289 1355 annos
1310 1299 1485 1355 sancti
1519 1300 1674 1371 pueri
1708 1308 1934 1370 paterno

324 1399 447 1454 sinu
475 1395 807 1465 suscipiens,
849 1392 917 1446 ad
950 1406 1195 1446 normam
1228 1395 1431 1443 sanctae
1457 1389 1583 1442 vitm
1606 1388 1939 1444 informabat

325 1490 603 1564 primaevae
641 1485 818 1540 aetatis
846 1499 1048 1539 mores.
1084 1481 1376 1553 Requievit
1399 1482 1526 1536 olim
1553 1481 1779 1552 spiritus
1811 1481 1938 1535 Eliae

325 1599 494 1654 super
543 1579 817 1634 Eliseum:
875 1591 977 1632 nec
1006 1577 1112 1631 hoc
1157 1573 1370 1629 Suﬁecit
1409 1574 1622 1630 Eliseo:
1678 1574 1776 1629 sed
1824 1589 1934 1629 rem

326 1675 633 1740 difﬁcilem,
678 1679 860 1726 tamen
891 1670 1001 1725 Deo
1035 1668 1355 1739 possibilem
1391 1669 1567 1739 petiit,
1609 1678 1668 1724 ut
1710 1670 1936 1739 spiritus
1961 1710 2012 1778 B

326 1765 456 1820 Elia:
485 1763 686 1834 duplex
741 1759 898 1814 fieret
926 1759 981 1812 in
1015 1774 1103 1814 se:
1161 1759 1240 1812 sic
1272 1764 1328 1812 et
1359 1773 1505 1812 nunc
1535 1759 1764 1828 spiritus
1797 1760 1938 1814 Lan-

326 1856 511 1913 doaldi
562 1852 840 1925 requievit
867 1867 1036 1921 super
1074 1850 1446 1921 Lantbertum,
1497 1857 1551 1904 et
1591 1851 1775 1915 credo,
1810 1852 1938 1923 quia

326 1946 553 2019 spiritus
606 1941 855 2018 magistri
902 1939 1102 2010 duplex
1159 1938 1335 1994 factus
1378 1944 1464 1993 est
1525 1938 1580 1993 in
1622 1939 1936 2008 Lantberto,

327 2041 484 2109 cujus
536 2035 711 2110 gratia
765 2049 935 2106 super
983 2031 1213 2107 gratiam
1268 2029 1518 2105 magistri
1581 2033 1823 2088 excrevit
1882 2034 1938 2089 in

325 2127 560 2186 mundo.

399 2220 451 2274 4.
485 2217 574 2270 Vir
603 2214 832 2270 illustris
860 2215 1024 2284 Aper,
1074 2218 1133 2266 ut
1170 2209 1342 2266 ﬁlium
1393 2227 1552 2266 suum
1587 2211 1940 2267 Lantbertum

300 2314 536 2370 'faceret
565 2307 898 2366 tenaciorem
932 2304 1223 2376 propositi,
1278 2302 1506 2358 fundum
1543 2320 1658 2359 sum
1689 2304 1944 2375 proprie-

328 2407 477 2472 tatis,
505 2401 774 2458 vocabulo
803 2398 1262 2452 Wentreshovum
1293 2396 1486 2466 (1001),
1516 2396 1642 2465 jure
1675 2407 1943 2468 perpetuo

329 2495 605 2573 delegavit
633 2494 712 2548 illi
742 2491 1000 2562 illiusque
1041 2490 1206 2544 tutori
1253 2489 1591 2556 Landoaldo,
1621 2496 1680 2546 ut
1707 2491 1944 2546 ecclesia

329 2587 410 2642 ibi
461 2588 795 2646 constructa,
836 2585 988 2633 tanto
1039 2576 1335 2632 instantius
1379 2585 1658 2646 vacarent,
1693 2579 1786 2633 ille
1833 2579 1941 2635 do-

332 2672 516 2739 cendi,
555 2671 651 2724 ille
689 2667 942 2723 discendi
973 2665 1278 2734 desiderio,
1307 2674 1516 2738 quanto
1560 2668 1824 2723 remotius
1847 2669 1944 2724 de-

327 2772 522 2840 gerent
577 2779 607 2817 a
660 2759 848 2816 saeculi
880 2758 1140 2814 vanitate.
1195 2758 1295 2812 Ubi
1348 2758 1476 2812 dum
1511 2759 1856 2815 insisteretur
1887 2761 1942 2814 in

327 2852 655 2912 aediﬁcanda
678 2849 931 2911 ecclesia,
950 2845 1189 2902 artiﬁces
1217 2863 1384 2918 super
1415 2848 1644 2918 penuria
1684 2848 1946 2919 potabilis

326 2961 483 3018 aqum
527 2940 1045 3013 conquerebantur;
1109 2938 1238 3009 quia
1292 2954 1434 3009 aqua
1484 2937 1560 2992 ibi
1613 2955 1678 2993 ex
1710 2938 1939 3009 palustri

324 3037 563 3096 colluvie
588 3035 821 3092 collecta
852 3048 948 3088 eos
986 3033 1244 3087 bibentes
1270 3032 1446 3106 magis
1474 3033 1766 3103 torquebat
1796 3050 1940 3088 ama-

2035 575 2178 620 runt.

2104 656 2156 708 6.
2215 655 2408 709 Iussus
2457 655 2756 725 aliquando
2788 662 3007 710 sanctus
3047 673 3185 726 puer
3231 673 3260 711 a
3304 659 3563 733 magistro
3593 661 3667 716 ad

2033 762 2164 800 usus
2188 761 2318 800 suos
2341 746 2523 816 ignem
2553 743 2771 811 aﬁ'erre,
2795 761 2918 800 cum
2947 760 3056 800 non
3087 757 3254 813 esset,
3289 748 3343 801 in
3363 765 3472 820 quo
3505 751 3664 805 illum

2033 838 2290 901 deferret,
2329 847 2381 892 et
2435 854 2544 894 non
2577 854 2770 909 parere
2800 839 3064 913 magistro
3123 839 3278 895 nefas
3309 840 3555 905 duceret,
3596 844 3658 898 in

2031 938 2180 985 veste
2235 931 2470 1002 positum
2526 932 2709 1005 ignem
2761 931 2983 985 miranti
3026 932 3288 1006 magistro
3337 934 3541 991 attulit.
3585 937 3666 991 Ex

2034 1023 2148 1090 ille,
2202 1025 2296 1096 qui
2345 1032 2454 1078 tres
2504 1040 2724 1094 pueros,
2760 1023 2811 1077 in
2853 1024 3074 1080 fornace
3122 1025 3494 1082 Chaldaeorum
3529 1044 3660 1083 curn

2033 1116 2379 1170 vestimentis
2408 1116 2521 1171 suis
2553 1116 2829 1182 detrusos,
2873 1116 2947 1171 ita
2979 1118 3234 1184 servavit,
3271 1128 3328 1174 ut
3359 1136 3465 1174 nec
3487 1122 3665 1176 vesti-

2034 1210 2217 1258 menta
2234 1219 2428 1259 eorum
2445 1204 2731 1258 immutata
2743 1204 3121 1272 esseiit,hujus
3135 1205 3300 1258 etiam
3315 1213 3522 1261 vestem
3537 1207 3672 1263 illa:-

2037 1309 2151 1348 sam
2175 1294 2434 1360 servavit,
2459 1301 2519 1348 ut
2541 1294 2885 1361 claresceret,
2905 1294 3172 1368 quiaigne
3191 1296 3375 1350 Sancti
3396 1297 3664 1368 Spiritus,

2039 1399 2148 1453 quo
2174 1383 2405 1437 interius
2434 1383 2681 1447 ardebat,
2710 1382 2895 1456 ignem
2926 1384 3264 1439 materialem
3293 1389 3660 1457 superaverit.

2044 1475 2104 1528 Et
2135 1490 2273 1545 puer
2312 1475 2537 1546 quidem
2571 1480 2832 1530 strenuus
2857 1475 2969 1543 jam
3033 1485 3162 1531 tunc
3193 1477 3378 1532 nitens
3419 1479 3548 1534 totis
3579 1479 3670 1533 vi-

2043 1566 2199 1621 ribus
2232 1565 2351 1620 ﬁeri
2389 1566 2472 1620 vir
2497 1566 2798 1638 perfectus,
2841 1577 3106 1640 quantum
3150 1570 3252 1625 sub
3283 1570 3454 1626 ferula
3486 1573 3666 1627 sancti

2039 1658 2284 1730 magistri
2337 1659 2646 1729 proiecerit,
2690 1677 2854 1732 quam
2885 1677 3022 1731 puro
3070 1669 3296 1732 pectore
3334 1662 3665 1718 adhibuerit

2040 1749 2258 1819 pietatis
2281 1765 2343 1804 ac
2373 1749 2620 1804 scientiae
2651 1751 2836 1815 verba,
2873 1751 3112 1806 otiosum
3144 1759 3226 1808 est
3256 1753 3346 1808 hic
3385 1754 3668 1810 inculcare

2039 1841 2245 1907 verbis,
2301 1857 2423 1896 cum
2483 1840 2715 1896 fructum
2765 1849 2874 1897 tam
2922 1842 3154 1913 proﬁcui
3219 1843 3425 1899 laboris
3483 1845 3668 1900 adhuc

2042 1932 2211 1988 hodie
2242 1934 2450 2004 passim
2509 1934 2812 1989 exuberare
2868 1935 3174 1991 videamus.
3209 1935 3321 1991 Sub
3351 1935 3669 1992 Landoaldo

2042 2023 2168 2079 felix
2210 2024 2538 2080 adolescens
2571 2041 2678 2080 non
2735 2025 2934 2081 leniter
2961 2027 3311 2095 exercitatus,
3352 2029 3420 2082 ad
3447 2029 3672 2103 genito-

2040 2133 2156 2170 rem
2189 2133 2472 2189 regressus
2503 2126 2618 2184 est;
2650 2135 2753 2174 nec
2782 2129 2865 2173 est
2895 2119 3054 2174 facile
3085 2119 3260 2187 dictu,
3285 2136 3394 2192 quo
3428 2129 3666 2192 uterque

2043 2207 2272 2263 affectus
2299 2209 2370 2262 sit
2409 2209 2635 2283 gaudio,
2668 2210 2797 2264 dum
2829 2217 2885 2265 et
2939 2209 3086 2265 ﬁlius
3121 2227 3219 2282 pro
3271 2220 3505 2282 paterno
3535 2211 3672 2268 aﬁ'e-

2043 2308 2152 2366 ctu,
2195 2310 2251 2356 et
2285 2308 2438 2372 pater
2469 2318 2567 2372 pro
2595 2300 2691 2356 ﬁlii
2726 2301 2977 2372 profectu
3001 2303 3397 2377 gratulabatur.

2116 2395 2167 2450 7.
2233 2393 2435 2448 Sancto
2530 2393 2860 2450 Theodardo
2941 2394 3368 2464 Trajectensium
3451 2395 3677 2467 episco-

2047 2499 2116 2554 po
2177 2483 2354 2553 (1002)
2410 2483 2728 2546 substituto,
2813 2483 3232 2539 commendatur
3310 2483 3478 2540 etiam
3544 2485 3677 2540 huic

2046 2575 2374 2647 Lantbertus
2413 2591 2444 2629 a
2482 2591 2583 2630 suo
2636 2583 2814 2646 patre,
2846 2585 2905 2630 ut
2947 2576 3015 2630 ad
3074 2576 3194 2646 ejus
3225 2576 3509 2647 exemplar
3549 2593 3674 2632 eru-

2047 2667 2251 2733 diatur,
2286 2667 2380 2739 qui
2412 2667 2468 2722 in
2499 2666 2733 2722 ecclesia
2763 2673 2817 2722 et
2846 2666 2900 2721 in
2933 2667 3088 2722 curia
3118 2667 3341 2724 multam
3374 2667 3674 2724 videbatur

2046 2761 2456 2832 suspiciendus.
2494 2762 2564 2816 Ex
2608 2759 2765 2828 cujus
2804 2761 2907 2815 viri
2948 2761 3119 2818 latere
3158 2762 3296 2818 adeo
3328 2762 3582 2833 profecit,
3611 2769 3670 2817 ut

2046 2850 2099 2903 in
2146 2850 2361 2906 cunctis
2391 2849 2628 2922 negotiis
2667 2865 2775 2905 non
2803 2858 3013 2904 tantum
3055 2851 3332 2921 exemplo,
3365 2851 3462 2905 sed
3494 2851 3665 2907 etiam

2044 2942 2308 2996 miraculo
2361 2948 2508 2996 esset
2567 2941 2845 2996 omnibus.
2896 2942 3021 2996 Erat
3061 2943 3206 2996 enim
3272 2958 3403 2997 vere
3443 2943 3661 3016 dignus,

2041 3041 2266 3104 aspectu
2317 3033 2590 3097 amabilis,
2645 3033 2922 3104 colloquio
2966 3033 3203 3089 affabilis
3242 3034 3302 3092 in
3352 3041 3500 3091 recta
3538 3052 3666 3091 con-

322 3130 585 3196 ritudine,
628 3143 793 3199 quam
841 3125 1025 3196 aliqua
1081 3125 1348 3180 suavitate
1399 3124 1758 3180 refocillabat.
1802 3126 1944 3180 San-
1970 3124 2015 3148 “‘
2041 3125 2374 3192 versatione,
2400 3133 2454 3180 et
2510 3125 2768 3180 omnibus
2807 3124 3125 3194 conformis,
3183 3126 3271 3180 vix
3311 3127 3440 3182 ullis
3488 3127 3666 3182 imita-

323 3234 444 3284 ctus
518 3223 799 3298 magister,
872 3222 1228 3293 sanctiorque
1295 3221 1555 3294 magistro
1609 3221 1937 3293 discipulus,

319 3315 486 3372 ﬁdem
517 3314 789 3369 habentes
819 3311 874 3366 in
907 3327 1054 3378 eum,
1095 3311 1188 3382 qui
1237 3311 1438 3366 amaris
1468 3310 1625 3382 aquis
1677 3311 1746 3366 de
1794 3311 1939 3366 Mara

320 3407 673 3465 dulcedinem
702 3403 924 3467 indidit,
948 3402 1354 3459 cemmunicato
1384 3407 1535 3471 voto,
1571 3403 1776 3474 pariter
1805 3419 1936 3458 exo-

319 3506 442 3555 rant
471 3498 730 3570 pietatem
764 3493 1188 3564 Omnipotentis.

389 3587 442 3643 5.
469 3587 723 3642 Invocato
747 3598 879 3658 ergo
910 3587 1115 3636 sanctae
1145 3580 1423 3635 Trinitatis
1462 3581 1710 3648 nomine,
1745 3581 1942 3637 baculo

317 3677 640 3752 designatur
705 3675 858 3728 locus
925 3671 981 3725 in
1049 3671 1272 3726 modum
1332 3679 1533 3726 sanctae
1591 3671 1796 3726 crucis:
1853 3687 1941 3726 res

320 3768 480 3832 mira,
525 3765 622 3818 sed
654 3761 784 3816 ﬁdei
826 3775 939 3816 non
971 3759 1264 3814 inusitata!
1308 3759 1430 3815 fons
1462 3760 1537 3813 ibi
1569 3761 1748 3815 statim
1790 3777 1942 3816 ema-

317 3853 467 3909 navit
494 3848 938 3920 limpidissimus,
971 3848 1064 3919 qui
1095 3856 1150 3902 et
1179 3849 1414 3918 aperuit,
1458 3857 1721 3919 quantum
1755 3849 1932 3904 sancti

316 3945 466 4016 apud
509 3944 679 3997 Deum
737 3947 985 4010 possent,
1032 3947 1088 3994 et
1127 3939 1327 3995 incolis
1383 3956 1448 3995 ex
1506 3948 1636 3996 tunc
1667 3949 1720 3996 et
1769 3943 1933 3997 modo

315 4035 469 4092 omni
518 4049 620 4088 usu
677 4030 876 4085 habilis
925 4031 1048 4086 fuit.
1083 4030 1247 4099 Cujus
1269 4030 1526 4087 beneﬁcii
1584 4033 1932 4100 memoriam,

317 4125 446 4178 dum
473 4123 680 4189 Patres,
727 4118 1032 4193 generatim
1089 4119 1385 4184 narrando,
1447 4121 1822 4176 transmittunt
1864 4122 1933 4176 ad

317 4211 480 4277 ﬁlios,
512 4210 708 4265 merita
765 4216 1079 4264 sanctorum
1127 4209 1494 4276 accumulant,
1525 4210 1654 4281 quia
1692 4227 1792 4280 per
1839 4226 1936 4267 eos

316 4323 519 4363 nomen
564 4305 781 4362 Domini
838 4304 1094 4360 benedici
1125 4303 1348 4360 faciunt.
1403 4305 1485 4360 lta
1543 4305 1835 4362 Lantberto
1884 4313 1938 4361 et

2041 3216 2189 3272 bilis.
2233 3217 2388 3272 Parvi
2422 3217 2704 3288 pendebat
2735 3218 3043 3288 praesentia,
3078 3219 3249 3274 veluti
3287 3219 3582 3275 devoverat
3612 3220 3668 3276 in

2040 3309 2293 3380 pueritia,
2346 3309 2627 3363 aestimans
2657 3324 2755 3378 pro
2787 3309 2962 3365 nihilo
3019 3310 3227 3377 omnia,
3260 3317 3464 3382 praeter
3516 3313 3667 3383 quod

2037 3415 2154 3463 erat
2183 3414 2403 3463 aeternae
2430 3406 2624 3462 salutis
2653 3405 2846 3478 gratia,
2898 3406 3220 3464 coelestibus
3272 3407 3460 3464 animo
3490 3408 3665 3464 inhae-

2036 3515 2187 3568 rens,
2215 3515 2335 3554 sese
2397 3499 2451 3552 in
2499 3498 2884 3552 holocaustum
2933 3498 3168 3554 Domino
3208 3499 3498 3554 mactabat.
3560 3500 3659 3555 Hic

2043 3591 2237 3646 videor
2282 3590 2416 3645 mihi
2466 3590 2654 3644 videre
2711 3589 2881 3644 Josue
2939 3590 3254 3646 ministrum
3295 3590 3494 3662 Moysi,
3537 3591 3656 3662 qui,

2043 3680 2227 3750 Moyse
2256 3681 2309 3733 in
2335 3687 2525 3734 monte
2560 3678 2691 3732 Sina
2717 3694 2840 3734 cum
2878 3679 2986 3734 Deo
3018 3687 3348 3745 remorante,
3375 3679 3660 3734 excubans

2041 3770 2106 3823 ad
2146 3769 2358 3823 radices
2401 3767 2623 3834 montis,
2666 3766 2933 3822 conviviis
2964 3773 3019 3822 et
3061 3767 3275 3822 lusibus
3302 3777 3656 3839 peccatorum

2036 3877 2147 3916 non
2199 3868 2490 3926 intererat,
2551 3866 2608 3915 et
2637 3859 2823 3930 Moyse
2850 3858 2905 3914 in
2946 3867 3121 3915 castra
3152 3870 3486 3927 revertente,
3545 3877 3658 3931 non

2037 3950 2333 4006 recedebat
2375 3951 2443 4005 de
2475 3948 2833 4006 tabernaculo
2875 3949 3128 4015 foederis;
3184 3957 3239 4006 et
3283 3951 3429 4018 ideo,
3482 3951 3657 4022 impo—

2038 4048 2206 4094 nente
2238 4038 2416 4110 Moyse
2443 4055 2642 4093 manus
2681 4055 2810 4095 suas
2848 4054 3018 4111 super
3046 4055 3199 4109 eum,
3242 4040 3446 4095 meruit
3485 4040 3655 4113 Moysi

2035 4145 2323 4184 successor
2357 4127 2494 4183 ﬁeri.

2105 4219 2157 4274 8.
2206 4217 2314 4272 Sed
2343 4216 2475 4288 quid
2504 4231 2643 4287 opus
2665 4224 2748 4272 est
2781 4217 2908 4273 hinc
2949 4216 3079 4273 inde
3120 4217 3364 4290 quaesitis
3396 4217 3664 4274 laudatio-

2037 4324 2168 4364 num
2201 4306 2340 4361 fucis
2368 4305 2521 4360 illum
2553 4307 2820 4374 colorare,
2853 4322 3016 4379 quem
3051 4307 3322 4378 sapientia
3344 4307 3478 4378 ipsis
3504 4307 3660 4363 colo-

316 4396 630 4452 Landoaldo
661 4394 1018 4470 diligentibus
1048 4393 1218 4448 Deum
1252 4393 1438 4448 omnia
1467 4402 1840 4465 coaperantur
1879 4394 1934 4448 in
1956 4401 2012 4469 ι)
2038 4398 2176 4454 ravit
2204 4395 2544 4452 virtutibus?
2571 4395 2921 4467 Superﬁuum
2953 4402 3035 4451 est
3068 4403 3221 4450 extra
3252 4412 3503 4467 qumrcre
3541 4412 3662 4450 ma-

314 4487 547 4554 bonum,
588 4488 681 4560 qui
719 4493 778 4542 ut
800 4493 987 4541 essent
1024 4486 1219 4553 sancti,
1251 4485 1557 4540 secundum
1587 4487 1927 4557 propositum

316 4579 414 4637 Dei
443 4579 620 4636 vocati
666 4585 813 4634 sunt.
867 4578 1179 4633 Renovatur
1218 4577 1306 4632 hic
1359 4577 1702 4648 antiquitatis
1757 4579 1930 4634 histo-

317 4674 660 4746 riazMoyses
707 4679 760 4726 et
789 4674 962 4726 Aaron
997 4671 1287 4742 penuriam
1327 4671 1632 4726 sitientium
1670 4672 1929 4728 Hebraeo-

317 4782 437 4821 rum
477 4765 720 4818 relevare
749 4755 922 4817 a'Deo
943 4763 1106 4831 jussi,
1151 4763 1237 4818 bis
1277 4763 1428 4836 virga
1488 4763 1697 4819 silicem
1742 4780 1932 4835 percu-

316 4857 535 4924 tientes,
567 4871 737 4928 aquas
776 4854 955 4928 largas
1005 4854 1309 4911 cieverunt.
1364 4855 1472 4910 Sed
1517 4855 1596 4910 illi
1642 4856 1710 4910 ab
1741 4857 1934 4928 Inspe-

315 4955 464 5004 ctore
493 4945 743 5002 cordium
791 4943 1075 5018 redarguti
1119 4944 1546 5013 incredulitatis,
1580 4945 1798 5001 Terram
1846 4961 1936 5002 re-

387 5172 753 5253 (999j_ls_fuit
783 5173 836 5227 S.
871 5169 1134 5226 Martinus
1165 5172 1312 5253 Ραρέ
1352 5171 1482 5253 ejus
1501 5171 1754 5253 nominis.
1779 5174 1817 5228 Ι.

385 5242 560 5314 (-1000)
613 5245 765 5300 Falsa
799 5258 942 5307 esse,
985 5257 1106 5314 quae
1153 5242 1220 5298 de
1275 5242 1614 5311 Trajectensi
1661 5244 1794 5297 sede
1822 5258 1926 5298 no-

311 5313 436 5372 vem
464 5333 641 5372 annos
671 5321 898 5372 vacante
931 5320 985 5368 et
1006 5313 1132 5384 ’per
1161 5313 1212 5368 S.
1279 5314 1652 5370 Landoaldum
1692 5315 1930 5369 admini-

312 5394 483 5442 strata
515 5396 717 5451 narrat,
749 5385 1040 5457 probatum
1061 5385 1173 5457 jam
1205 5392 1289 5440 est
1320 5386 1374 5440 in
1421 5387 1476 5442 S.
1517 5386 1761 5440 Amando
1795 5395 1923 5441 tom.

316 5459 333 5510 l
367 5459 640 5532 Februarii
674 5455 797 5532 pag.
818 5458 964 5532 S33,
996 5463 1050 5511 et
1078 5455 1133 5510 in
1167 5457 1221 5512 S.
1273 5457 1528 5512 Remaclo
1571 5467 1700 5513 tom.
1757 5458 1796 5512 Ι.
1831 5459 1928 5512 Se-

314 5528 772 5602 ptembriistag.‘
800 5528 930 5602 674.

385 5599 564 5672 (1001)
584 5599 977 5672 Winterhoven
1007 5614 1180 5672 pagus
1211 5607 1293 5672 est
1317 5599 1485 5672 Belgii
1515 5599 1658 5672 inter
1679 5599 1930 5672 civitates

313 5665 588 5723 ilasletum
643 5678 700 5724 et
727 5665 1110 5739 Tungrosté
1132 5670 1328 5726 eodem
1375 5665 1627 5725 m'eminit
1674 5670 1930 5726 Gottefri-

2029 4494 2220 4549 teriam
2254 4491 2434 4546 laudis
2464 4506 2586 4546 cum
2623 4507 2748 4546 eum
2795 4490 3016 4547 Creator
3047 4491 3114 4545 ad
3146 4497 3351 4546 tantam
3397 4491 3664 4548 formave-

2032 4586 2102 4642 rit
2132 4585 2384 4661 gratiam,
2418 4591 2477 4638 ut
2514 4584 2570 4638 in
2603 4591 2715 4640 toto
2757 4599 2988 4654 corpore
3038 4584 3160 4654 ejus
3207 4584 3292 4640 vix
3319 4583 3665 4655 subrepserit

2031 4679 2213 4750 aliqua
2247 4684 2458 4732 naturae
2492 4677 2717 4744 menda,
2746 4676 2802 4731 in
2824 4676 3011 4732 animo
3054 4691 3182 4731 vero
3218 4675 3338 4744 ejus
3363 4675 3447 4730 vix
3473 4675 3664 4747 aliqua

2032 4767 2228 4823 nociva
2259 4766 2475 4822 macula
2514 4765 2849 4836 apparuerit.
2908 4766 3044 4830 Quia
3073 4772 3255 4820 tamen
3286 4771 3503 4835 oportet
3530 4781 3662 4820 eum

2034 4857 2282 4923 laudare,
2321 4863 2382 4910 ut
2425 4871 2490 4910 ex
2530 4869 2660 4909 vero
2698 4869 2823 4908 eum
2874 4853 3186 4920 laudemus,
3231 4854 3411 4908 decet.
3449 4854 3518 4921 ls,
3561 4853 3660 4924 qui

2035 4943 2413 5000 habitudinem
2442 4941 2693 5014 corporis
2725 4942 2846 5012 ejus
2872 4951 2966 4999 aut
2997 4942 3168 5009 novit,
3199 4947 3296 4997 aut
3331 4940 3526 5008 abhis,
3561 4940 3659 5012 qui

2028 5172 2130 5226 dus
2178 5169 2540 5252 \Yendeli_nus
2594 5170 2650 5224 in
2697 5169 2871 5252 Natali
2913 5169 3032 5226 solo
3071 5170 3285 5252 ‘legum‘
3317 5167 3648 5252 Salicarum,

2030 5260 2152 5366 pag.
2191 5244 2315 5308 104,
2348 5242 2444 5325 ubi
2487 5244 2665 5324 locum
2700 5242 2846 5297 hunc
2887 5257 2999 5298 non
3036 5240 3204 5295 alium
3243 5240 3447 5321 statuit,
3480 5254 3646 5318 quam

2051 5313 2398 5384 Vindogasti,
2429 5330 2593 5384 unius
2624 5330 2689 5368 ex
2726 5320 2962 5384 quatuor
3004 5313 3188 5384 legum
3245 5309 3653 5384 conditoribus,

2032 5380 2397 5451 domicilium,
2447 5380 2797 5440 Windoheim
2841 5384 2958 5440 sive
3023 5380 3350 5440 Windehove
3400 5381 3657 5452 appella-

2036 5463 2277 5596 “limi
2319 5529 2446 5593 Quae
2479 5527 2548 5582 de
2596 5527 2650 5581 s.
2696 5525 2969 5582 Lamberti
3011 5541 3113 5596 per
3177 5525 3236 5579 s.
3267 5523 3654 5596 Theodardum

2030 5595 2376 5654 institutione
2404 5598 2492 5653 hic
2506 5605 2711 5667 narrat,
2739 5614 2804 5653 ea
2833 5613 2898 5652 ex
2922 5595 3296 5652 Godeschalco
3321 5603 3378 5652 et
3401 5595 3644 5666 Stepha-

2030 5685 2102 5726 no
2128 5670 2495 5741 deprompsit.
