3948 6044
331 282 444 338 7815

1528 295 1672 352 VITA
1716 298 1970 355 ALTERA
2011 302 2066 358 S.
2109 301 2460 359 LAMBERTI.

3551 299 3656 354 786

325 424 450 502 eum
486 418 780 502 noverunt,
836 412 1030 470 didicit
1067 415 1268 489 (1003),
1323 419 1541 491 scripsit
1593 437 1718 478 eum
1773 424 1944 481 fuisse
1969 435 2020 499 Α
2045 429 2359 502 quisquam,
2384 431 2530 502 quod
2563 384 2662 486 Dei
2688 437 2790 496 est,
2824 437 2980 501 putet
3006 429 3217 486 homini
3244 427 3459 484 deberi.
3489 427 3656 484 Porro

326 493 546 563 fortem,
577 497 848 568 velocem,
885 503 1118 558 multum
1161 505 1384 581 agilem,
1416 507 1630 565 ﬁrmum
1676 511 1731 566 in
1771 512 1942 581 bello,

325 585 500 642 forma
533 590 898 662 praecipuum,
931 603 1140 652 statura
1172 615 1488 672 procerum,
1535 601 1676 658 facie
1717 605 1940 674 decora,

324 683 555 738 caesarie
587 683 846 753 formosa,
883 689 1105 762 inclytis
1140 695 1335 762 oculis,
1377 697 1632 753 manibus
1664 699 1938 769 honestis,

323 775 512 849 digitis
533 777 733 854 longis,
765 797 927 838 carne
951 785 1217 855 candida;
1250 795 1353 843 uta
1372 789 1556 860 planta
1583 792 1740 862 pedis
1761 810 1936 866 usque

320 868 390 922 ad
424 869 687 925 verticem
737 873 937 945 capitis
997 883 1144 932 esset
1185 878 1710 950 irreprehensibilis.
1769 886 1828 940 Et
1881 896 1941 942 ut

321 965 610 1021 veniamus
660 968 730 1021 ad
781 969 928 1025 bona
977 973 1169 1041 animi,
1235 983 1351 1031 erat
1395 978 1660 1034 charitate
1717 981 1936 1052 plenus,

321 1057 569 1112 castitate
622 1059 972 1130 praecinctus,
1031 1064 1292 1121 fundatus
1340 1067 1394 1121 in
1457 1069 1786 1138 humilitate,
1829 1089 1936 1143 op-

320 1152 555 1214 portune
606 1149 866 1217 orationi,
936 1162 1247 1224 Opportune
1315 1157 1561 1223 lectioni,
1630 1169 1938 1232 Opportune

321 1235 546 1307 negotio
587 1239 860 1302 saeculari,
910 1242 992 1296 vel
1035 1243 1110 1296 rei
1161 1243 1416 1299 familiari
1458 1247 1724 1304 intentus.
1779 1251 1934 1317 Ecce,

317 1320 472 1376 vides
501 1323 782 1380 hominem
801 1328 940 1384 adeo
964 1330 1124 1385 donis
1140 1333 1350 1406 gratiae,
1376 1335 1516 1390 adeo
1549 1337 1707 1392 bonis
1729 1347 1936 1395 naturae

317 1411 569 1480 ditatum,
601 1424 660 1471 ut
686 1418 1000 1487 dicas,eum
1029 1422 1085 1476 in
1113 1423 1287 1478 virum
1318 1426 1620 1496 perfectum
1642 1429 1932 1488 formatum

315 1520 347 1558 a
387 1506 516 1562 Deo.
560 1509 718 1578 Ecce,
777 1513 1024 1585 inquam,
1060 1515 1230 1571 habes
1279 1517 1557 1575 hominem
1600 1522 1774 1576 cuivis
1815 1541 1936 1595 per-

314 1609 470 1650 sona
529 1597 770 1653 habilem
805 1603 1166 1670 conformari,
1199 1606 1255 1658 in
1297 1624 1406 1678 quo
1461 1609 1507 1663 si
1565 1611 1816 1667 attendas
1845 1629 1928 1680 ea,

312 1703 438 1760 qua:
468 1700 596 1744 sunt
627 1691 771 1755 laici,
808 1695 939 1766 quid
982 1696 1050 1750 de
1092 1696 1230 1753 laico
1263 1700 1313 1754 ei
1353 1700 1597 1757 defuisse
1652 1704 1846 1759 dicas?
1875 1706 1929 1760 Si

2049 519 2104 573 in
2131 521 2256 575 aula
2291 521 2434 594 regis
2461 537 2572 575 non
2601 519 2750 575 lzevis
2789 526 2904 575 erat
2949 520 3237 574 aestimatio
3271 519 3340 573 de
3372 517 3651 572 Lantberti

2046 612 2288 682 nomine,
2349 629 2514 684 quem
2571 619 2625 668 et
2682 611 2881 686 regalis
2935 612 3205 667 celsitudo
3254 617 3309 666 et
3365 625 3652 681 procerum

2044 707 2336 764 multitudo
2395 708 2762 764 reverebatur.
2812 707 3132 764 Theodardo
3167 706 3399 778 praesule
3445 721 3544 776 per
3570 704 3656 758 in—

2044 797 2315 853 nocentiaa
2401 797 2544 853 viam
2624 797 2692 851 ad
2780 797 3006 872 gloriam
3089 806 3387 867 martyrum
3456 795 3656 866 perdu-

2043 897 2129 944 cto
2162 889 2369 959 (1006),
2421 891 2729 966 Vangiones
2767 890 2970 961 (1007),
3011 890 3067 944 in
3101 905 3335 962 quorum
3377 888 3652 943 territorio

2040 985 2274 1033 mortem
2305 981 2612 1051 oppetierat
2665 998 2774 1037 non
2807 982 3111 1037 credebant
3150 983 3256 1037 hoc
3304 981 3530 1037 fortuitu
3562 996 3654 1036 ac-

2040 1070 2262 1138 cidisse,
2295 1073 2393 1126 scd
2447 1074 2542 1128 Dei
2586 1074 2828 1130 suaviter
2887 1074 3074 1131 omnia
3129 1073 3476 1145 disponentis
3514 1082 3652 1127 nutu

2041 1177 2284 1230 praesens
2314 1162 2438 1216 novi
2463 1164 2710 1234 martyris
2730 1170 2973 1219 tutamen
3014 1165 3118 1218 sibi
3155 1171 3505 1234 procuratum
3530 1178 3650 1216 esse

2038 1249 2376 1320 sperabant;
2420 1251 2658 1324 ideoque
2709 1268 2819 1308 non
2880 1253 3228 1324 patiebantur
3279 1268 3476 1323 corpus
3532 1250 3651 1322 ejus

2037 1339 2302 1409 asportari
2347 1357 2377 1394 a
2417 1357 2514 1394 sua
2558 1341 2816 1410 parochia
2856 1343 3012 1411 cujus
3059 1344 3352 1414 praesentia
3382 1343 3648 1414 optabant

2034 1429 2368 1483 zeternaliter
2401 1429 2646 1502 gloriari.

2108 1521 2192 1575 11.
2239 1522 2359 1576 Haec
2389 1522 2663 1577 acerbitas
2711 1523 2790 1578 rei
2836 1524 3066 1579 nimium
3102 1527 3411 1597 perculerat
3465 1528 3648 1599 Traje-

2033 1615 2270 1676 ctenses,
2327 1623 2380 1668 et
2410 1611 2680 1667 Lantberti
2720 1624 2983 1681 mentem,
3018 1615 3141 1684 plus
3171 1615 3334 1671 credo
3365 1617 3643 1684 omnibus,

2031 1708 2495 1758 consternaverat.
2541 1704 2649 1758 Sed
2697 1703 2816 1775 ipse
2849 1712 3162 1776 temperans
3202 1706 3378 1761 dolori
3408 1707 3644 1779 (quippe

313 1793 551 1848 quaeras,
579 1797 702 1852 qua
733 1789 860 1837 sunt
888 1785 1096 1852 clerici,
1158 1794 1330 1843 totum
1362 1790 1622 1846 clericum
1653 1793 1922 1850 invenias.
1951 1782 2000 1850 B
2028 1791 2083 1844 in
2114 1807 2223 1863 quo
2253 1801 2374 1862 post
2416 1793 2584 1848 Deum
2617 1801 2728 1849 tota
2771 1793 2906 1848 urbs
2966 1794 3224 1850 inclinata
3267 1797 3644 1864 recumbebat)

385 1870 436 1925 9.
473 1870 602 1934 Quis
634 1873 748 1941 jam
781 1875 1012 1932 miretur
1040 1879 1507 1949 pulchritudinem
1539 1892 1594 1938 et
1619 1885 1818 1940 bonam
1844 1887 1929 1942 in-

314 1962 498 2016 dolem
536 1965 866 2039 legislatoris
907 1969 1097 2042 Moysi,
1140 1989 1305 2044 quem
1339 1991 1450 2045 pra:
1506 1976 1782 2052 elegantia
1808 1979 1928 2048 ejus

309 2052 610 2108 Thermuth
642 2055 753 2111 filia
781 2057 1081 2114 Pharaonis
1129 2061 1284 2128 aluit,
1318 2071 1374 2118 et
1406 2064 1460 2118 in
1494 2064 1664 2120 filium
1697 2068 1928 2140 adopta-

307 2144 403 2211 vit,
439 2145 495 2199 in
526 2163 634 2218 quo
667 2154 772 2202 tam
805 2151 1084 2207 excellens
1129 2154 1304 2226 gratia
1335 2155 1550 2211 decoris
1581 2158 1749 2214 fuisse
1788 2161 1924 2234 legi-

305 2245 413 2305 tur,
445 2247 503 2294 ut
544 2243 763 2313 quoties
793 2261 892 2315 per
923 2246 1133 2316 plateas
1173 2249 1538 2320 bajulabatur,
1591 2255 1676 2308 vel
1706 2255 1926 2328 gradie-

303 2330 483 2399 batur,
517 2349 710 2390 omnes
736 2337 852 2392 visa
889 2339 1010 2410 ejus
1051 2340 1465 2410 pulchritudine
1505 2345 1806 2411 lnerentes,
1837 2363 1921 2412 ea,

302 2425 358 2479 in
391 2427 594 2498 quibus
626 2431 870 2486 studium
927 2435 1224 2504 habebant,
1270 2437 1612 2507 desererent,
1653 2450 1708 2495 et
1746 2441 1916 2514 Moysi

299 2516 488 2585 specie
540 2519 726 2588 potius
797 2521 1223 2579 delectarentur.
1286 2526 1497 2599 Moyses
1550 2529 1606 2582 in
1662 2531 1919 2585 manibus

301 2604 603 2662 Pharaonis
633 2625 664 2663 a
697 2609 809 2665 filia
841 2613 1074 2682 positus,
1118 2621 1171 2670 et
1204 2632 1233 2669 a
1273 2632 1401 2688 rege
1448 2617 1554 2671 sibi
1595 2619 1914 2675 blandiente

299 2699 634 2776 dedignatus
648 2707 811 2777 capiti
842 2723 940 2764 suo
957 2710 1112 2782 regni
1144 2711 1398 2767 diadema
1415 2713 1915 2784 imponi,diadema

295 2787 349 2878 in
386 2798 585 2846 terram
619 2796 870 2864 projecit,
915 2807 969 2853 et
1010 2795 1246 2870 pedibus
1300 2805 1643 2860 conculcavit
1701 2806 1911 2878 (1001):

291 2877 616 2936 Lantbertus
643 2900 800 2956 aeque
833 2887 1135 2959 principem
1179 2891 1367 2945 mundi
1397 2893 1544 2948 male
1591 2893 1695 2949 sibi
1744 2877 1909 2950 blan—

288 2971 532 3028 dientcm
557 2987 905 3047 aspernatus,
937 2980 1192 3037 diadema
1224 2984 1502 3055 superbiae
1525 2986 1646 3055 ejus
1675 2988 1908 3043 humili-

291 3073 401 3122 tate
454 3085 552 3124 sua
609 3071 813 3143 dejecit
866 3082 921 3130 et
979 3077 1342 3134 conculcavit.
1433 3081 1658 3153 Moysen
1719 3093 1910 3139 contra

2029 1885 2097 1940 ad
2156 1888 2518 1958 repetendum
2589 1889 2840 1960 przesulis
2907 1906 3107 1962 corpus
3158 1907 3216 1947 se
3271 1892 3526 1948 accinxit.
3581 1893 3644 1947 Et

2029 1977 2208 2049 primo
2265 1979 2556 2035 frustratus
2604 1997 2712 2036 non
2767 1981 2998 2049 destitit,
3058 1983 3155 2038 sed
3197 1990 3312 2040 toto
3370 1984 3556 2038 animo
3587 1991 3642 2040 et

2028 2083 2193 2123 sensu
2222 2085 2322 2124 suo
2353 2071 2422 2124 ad
2470 2070 2803 2141 explendum
2835 2087 3059 2142 operam
3093 2090 3247 2139 usus,
3305 2089 3418 2128 rem
3455 2071 3641 2128 effecit

2027 2173 2092 2212 ex
2121 2160 2417 2214 sententia.
2452 2159 2698 2214 Relatum
2731 2160 2916 2231 itaque
2954 2162 3128 2216 sancti
3178 2178 3379 2232 corpus
3409 2163 3466 2218 in
3507 2163 3638 2218 villa

2027 2247 2244 2317 publica
2278 2247 2476 2322 Leggia
2533 2249 2821 2304 tumulavit
2874 2250 3074 2320 (1008),
3117 2251 3633 2324 praesciens,'quod

2025 2352 2143 2389 eam
2177 2336 2436 2392 divinitas
2463 2352 2562 2392 suo
2589 2337 2750 2392 etiam
2784 2338 3054 2412 sanguine
3076 2346 3130 2392 et
3163 2339 3386 2394 nomine
3407 2343 3632 2411 specia-

2021 2427 2144 2482 liter
2172 2430 2601 2483 consecrandam
2643 2428 3000 2499 prazvidebat,
3056 2438 3111 2485 et
3159 2432 3227 2485 ad
3259 2433 3630 2503 ampliandam

2019 2533 2312 2596 martyrum
2335 2525 2563 2600 gloriam
2589 2525 2814 2596 parabat
2845 2526 2900 2580 in
2924 2526 3118 2581 urbem
3143 2528 3402 2598 ampliare
3427 2528 3627 2599 (1009).

2016 2615 2160 2670 Talis
2209 2617 2464 2687 apparuit
2513 2617 2689 2688 pietas
2742 2618 2942 2690 Joseph
2996 2635 3126 2694 erga
3195 2619 3362 2675 Jacob
3421 2627 3629 2692 patrem

2015 2721 2171 2760 suum
2231 2706 2460 2780 lEgypto
2507 2706 2854 2763 defunctum:
2903 2709 3028 2763 talis
3081 2724 3301 2781 quoque
3356 2709 3460 2765 fuit
3503 2711 3630 2764 dili-

2015 2798 2200 2870 gentia
2250 2799 2419 2870 Moysi
2475 2817 2604 2872 erga
2666 2801 2996 2873 requirenda
3049 2801 3252 2872 Joseph
3310 2803 3628 2872 patriarchae

2014 2906 2160 2958 ossa,
2203 2889 2257 2944 in
2291 2891 2520 2966 Aigypto
2551 2892 2770 2963 sepulti,
2805 2898 2864 2946 ut
2904 2900 3138 2966 uterque
3164 2910 3352 2950 eorum
3397 2894 3628 2950 referre-

2015 2992 2100 3039 tur
2126 2986 2192 3040 ad
2215 2986 2553 3058 sepulturam
2587 2995 2802 3058 patrum
2835 3002 3082 3045 suorum.

2659 3099 2866 3157 CAPUT
2909 3103 2981 3159 11.

292 3157 588 3266 Ethiope‘s.
605 3142 820 3218 fortiter
845 3175 900 3220 et
929 3168 1210 3239 sapienter
1250 3142 1548 3226 bellantem
1577 3173 1767 3229 Tarbis
1798 3173 1908 3230 filia
1932 3142 1980 3211 Ο
2009 3189 2200 3246 Sancti
2232 3193 2569 3261 episcopatus
2633 3142 3012 3261 T::(;}e;tlcn.s-i.8,
3061 3193 3310 3248 Ecclesia;
3360 3198 3408 3249 et
3462 3213 3623 3266 reg-no

291 3249 764 3324 regilethiOpum
788 3256 1054 3312 admirata
1076 3257 1370 3327 adamavit,
1402 3262 1636 3334 ejusque
1664 3280 1905 3319 amorem

287 3341 448 3396 saluti
483 3344 651 3412 patris
682 3355 736 3400 et
790 3348 977 3418 patria:
1013 3349 1330 3420 praeferens,
1388 3353 1739 3423 amplexibus
1787 3355 1908 3423 ejus

287 3431 522 3489 adhaesit
574 3436 791 3505 (1005);
849 3439 1201 3495 Lantbertum
1251 3452 1439 3498 sancta
1489 3444 1751 3512 Ecclesia,
1810 3443 1904 3516 qui

289 3524 568 3599 [Ethiopes
598 3532 787 3586 mundi
815 3532 1045 3588 viriliter
1084 3534 1423 3605 debellabat,
1478 3553 1740 3608 sponsum
1799 3538 1903 3593 sibi

289 3616 476 3687 elegit.

364 3704 448 3760 10.
485 3705 574 3761 His
605 3710 785 3764 causis
816 3710 976 3767 facile
1029 3721 1402 3783 comparatum
1447 3725 1582 3780 erat,
1626 3722 1685 3770 ut
1745 3715 1904 3770 Lant-

289 3797 472 3853 bertus
503 3804 653 3855 omni
684 3803 893 3858 honore
928 3805 1193 3876 omnique
1236 3822 1420 3862 amore
1453 3808 1654 3879 dignus
1685 3808 1900 3876 iudica-

287 3900 453 3947 retur.
485 3895 711 3968 Propter
766 3899 869 3953 hoc
901 3899 1087 3973 itaque
1119 3902 1446 3958 Theodardo
1481 3904 1742 3974 episc0po
1788 3912 1904 3959 erat

287 3983 461 4051 cordi,
521 3994 580 4041 ut
633 3994 962 4058 praeoptaret
1019 4007 1144 4045 eum
1185 3991 1290 4046 sibi
1353 3992 1556 4066 eligere
1623 4009 1906 4049 successo-

285 4090 396 4129 rem
453 4077 556 4132 nisi
623 4079 789 4134 sciret
834 4082 1139 4151 apostolica
1213 4083 1538 4138 auctoritate
1592 4084 1900 4148 decretum,

283 4184 353 4221 ne
405 4171 721 4226 sacerdotes
773 4172 1013 4227 audeant
1047 4174 1186 4229 alios
1237 4175 1542 4248 designatis
1582 4177 1903 4232 nominibus

281 4260 386 4314 sibi
410 4263 733 4336 subrogare,
777 4281 844 4318 ne
873 4265 1227 4337 episcopatus
1261 4285 1368 4323 non
1403 4269 1649 4324 divinum
1680 4285 1898 4336 manus,

277 4349 372 4403 sed
407 4351 821 4408 haereditarium
857 4363 1080 4424 putetur
1129 4371 1250 4411 esse
1283 4357 1712 4429 compendium;
1746 4366 1800 4412 et
1831 4374 1900 4412 ne

2078 3264 2257 3339 utilis:
2309 3265 2546 3339 episcopi
2571 3267 2623 3318 et
2650 3263 2867 3339 abbate:
2898 3266 3027 3339 ipsi:
3047 3266 3368 3339 synchroni:
3400 3263 3624 3339 empttlso

2078 3348 2105 3386 e
2129 3334 2251 3387 sede
2270 3349 2399 3387 sua:
2433 3338 2549 3388 vita
2577 3337 2872 3389 monastica
2909 3336 3186 3390 Stabuteti.

2080 3444 2163 3498 12.
2191 3443 2319 3509 Quis
2349 3443 2775 3512 Trajectensium
2807 3445 3058 3500 ecclesiae
3107 3446 3367 3502 substitui
3391 3447 3624 3506 deberet

2007 3533 2324 3604 episc0pus,
2345 3533 2578 3586 multum
2602 3531 3014 3588 deliberabatur
3040 3534 3094 3589 in
3109 3537 3362 3600 ecclesia,
3389 3537 3620 3594 multum

2009 3640 2175 3694 super
2201 3624 2303 3677 hoc
2338 3622 2392 3676 in
2424 3622 2546 3676 aula
2574 3622 2718 3694 regis
2771 3623 2996 3678 llildriei
3035 3625 3213 3692 (1010)
3265 3629 3618 3694 tractabatur,

2007 3714 2100 3786 qui
2141 3720 2354 3767 mortuo
2413 3719 2606 3783 patruo
2644 3727 2743 3767 suo
2799 3711 3090 3784 Sigeberto
3132 3715 3330 3784 (1011),
3385 3733 3615 3790 regnum

2006 3807 2297 3862 Austrasize
2346 3824 2374 3862 a
2425 3815 2577 3880 patre
2608 3824 2709 3863 suo
2767 3807 3043 3864 Clodoveo
3089 3819 3374 3882 acceperat
3411 3813 3614 3883 (1012).

2005 3904 2234 3975 Jamque
2265 3905 2522 3974 paulatim
2560 3920 2741 3959 sermo
2773 3903 2840 3959 de
2871 3903 3071 3974 palatio
3102 3906 3169 3960 ad
3200 3907 3514 3973 ecclesiam,
3546 3909 3616 3963 ab

2006 3993 2241 4048 ecclesia
2281 3993 2348 4046 ad
2381 3993 2569 4064 pOpuli
2613 3991 2978 4065 frequentiam
3006 3994 3370 4063 discurrebat,
3405 3997 3615 4052 nullum

2006 4081 2297 4137 Lantberto
2326 4082 2610 4137 meliorem
2634 4098 2775 4149 esse,
2815 4100 2878 4138 ac
2901 4100 2998 4155 per
3029 4085 3133 4139 hoc
3164 4084 3372 4138 nullum
3406 4086 3618 4156 cpisco-

2005 4184 2134 4246 patu
2153 4175 2578 4244 Trajectensium
2603 4192 2723 4230 esse
2753 4177 3098 4250 digniorem:
3125 4177 3175 4231 ei
3205 4186 3519 4248 competere
3549 4195 3614 4234 ex

2003 4265 2268 4320 canonica
2333 4264 2677 4331 auctoritate,
2732 4271 2792 4320 ut
2849 4266 2906 4319 in
2953 4265 3188 4320 ecclesia
3240 4281 3339 4319 sua
3379 4264 3612 4322 fructum

2003 4358 2214 4413 militiae
2244 4375 2355 4413 suae
2398 4359 2728 4430 perciperet.
2778 4357 2907 4413 Cum
2939 4358 3142 4429 palatio
3173 4358 3472 4413 concordat
3513 4357 3613 4414 Ec-

345 4577 522 4652 (1003)
578 4579 1008 4635 Godeschalcum
1060 4581 1290 4648 indicat,
1349 4581 1508 4648 cujus
1537 4581 1718 4635 verbis
1767 4595 1893 4636 mox
1918 4584 1974 4652 Ι)
2001 4580 2174 4636 fusius
2197 4586 2654 4652 narrantur,qute
2683 4577 2735 4632 in
2769 4575 3184 4652 Comm_entario_
3213 4574 3415 4652 praevio
3452 4591 3615 4629 num-

279 4650 454 4704 utitur

344 4721 522 4796 (l_004)
555 4723 662 4777 lsta
687 4722 873 4776 omnia
902 4722 1082 4778 hausit
1133 4723 1454 4796 Sigebertus
1485 4739 1549 4778 ex
1599 4723 1780 4778 Flavio
1811 4723 1897 4778 Jo-

278 4794 474 4848 seoho.

345 4849 532 4934 (101:5)
567 4864 704 4918 Sunt
753 4871 808 4919 et
840 4865 957 4919 haec
997 4881 1060 4920 cx
1114 4866 1364 4935 ejusdem
1413 4863 1638 4936 Josephi
1668 4863 1891 4932 fabulis,

281 4952 431 4990 num.
467 4937 536 4990 53
572 4943 624 4990 et
655 4936 1040 5006 sequentibus.

348 5007 526 5080 (1006)
563 5006 783 5080 Occisus
815 5015 901 5080 est
924 5008 973 5080 Si.
1011 5007 1724 5080 'l‘heodardusprobabilius
1751 5023 1894 5063 anno

274 5078 400 5151 669,
435 5078 1028 5151 die10Septembris,
1079 5081 1223 5151 apud
1273 5078 1527 5136 Nemetes
1559 5080 1613 5134 in
1667 5081 1890 5135 Germa-

283 5149 396 5216 nia,
428 5157 484 5202 ut
523 5149 654 5203 alibi
683 5150 943 5204 diximus.

349 5220 528 5293 (IOQj)
563 5221 866 5275 Germaniae
898 5223 1157 5292 populus,
1201 5223 1356 5293 cujus
1385 5230 1547 5293 caput
1574 5231 1657 5277 est
1687 5223 1898 5292 civitas,

281 5307 428 5346 nunc
457 5291 758 5364 Wormatio
779 5291 1078 5364 appellata.

352 5363 534 5436 (1008)
568 5365 640 5418 De
682 5363 932 5435 repetito,
966 5365 1335 5436 translatoque
1376 5365 1428 5419 S.
1461 5364 1770 5436 Theodardi
1805 5381 1901 5436 per

283 5434 335 5506 ξ.
388 5434 752 5506 Lambertum
780 5452 1011 5505 corpore
1061 5436 1196 5489 nihil
1230 5434 1454 5506 prorsus
1514 5435 1714 5506 legitur
1754 5434 1896 5506 apud

284 5505 716 5580 Godeschalcum
752 5514 820 5580 et
847 5508 1211 5580 Stephanum.
1232 5505 1319 5580 At
1350 5505 1668 5580 Sigebertus
1712 5505 1897 5561 cadi-

278 5593 433 5631 scere
464 5578 641 5647 potuit
661 5595 726 5633 ex
769 5579 898 5632 Vitae
929 5577 982 5633 S.
1016 5577 1323 5633 Theodardi
1363 5577 1583 5632 auctore
1623 5594 1898 5648 anonymo

283 5657 621 5720 pervetusto,
670 5651 794 5704 data
819 5652 963 5720 apud
995 5668 1094 5706 nos
1126 5649 1193 5704 ad
1233 5651 1379 5704 diem
1430 5649 1498 5705 10
1538 5650 1894 5718 Septembris,

281 5735 408 5793 pag.
446 5719 551 5776 588
597 5727 653 5776 et
706 5719 1085 5793 sequentibus,
1141 5722 1196 5776 in
1231 5738 1339 5794 qua
1388 5722 1567 5792 capite
1615 5723 1650 5774 2
1705 5722 1896 5776 eadem

1999 4653 2068 4706 40
2097 4662 2151 4706 et
2181 4646 2696 4722 sequentibus-inde.
2716 4648 3113 4722 receiisuimus.
3152 4646 3404 4722 Eamdein
3434 4654 3612 4722 t_r_ans-

1999 4719 2431 4778 lationem'idem
2464 4720 2783 4792 Sigebertus
2832 4727 3013 4792 narrat
3067 4719 3121 4773 in
3169 4720 3284 4773 Vita
3337 4719 3612 4792 S._Theo-

1999 4795 2172 4857 dardi,
2208 4794 2274 4847 ad
2318 4789 2654 4863 przecitatum
2701 4793 2845 4846 diem
2901 4791 3244 4862 Septembris
3296 4789 3459 4846 tertio
3491 4791 3612 4848 loco

1999 4882 2260 5007 “F1180?”
2296 4939 2398 4991 lsta
2431 4953 2496 4991 ex
2528 4934 2801 5007 Sigeberti
2832 4934 3144 5001 conjectura
3177 4933 3321 4988 dicta
3347 4933 3564 5007 accipio
3593 4950 3606 4987 :

1998 5005 2179 5080 neque
2200 5009 2346 5080 enim
2361 5005 3608 5080 GodeschalchusautStephanustradiderunt,

1997 5083 2031 5134 S
2062 5076 2453 5161 .'Laiiibcrtiim
2489 5081 2557 5133 de
2606 5077 2863 5148 martyrio
2907 5094 3007 5132 suo
3047 5078 3157 5145 jam
3191 5083 3319 5131 tunc
3349 5076 3608 5130 edoctum

1997 5152 2253 5294 fmiisgitl)
2307 5223 2359 5275 Id
2393 5230 2473 5277 est
2503 5221 2794 5276 Childerici
2835 5220 3036 5287 ll,tum
3097 5219 3244 5294 regis
3292 5217 3610 5290 Austrasize,

2001 5303 2059 5350 ut
2081 5312 2244 5365 supra
2274 5293 2529 5349 diximus.

2070 5360 2246 5436 (1011)
2427 5365 2714 5436 Sigeberto
2769 5363 3379 5436 Austrasiorum__rege,
3448 5360 3611 5436 fratre

2002 5429 2294 5492 Chlodovei
2329 5437 2368 5490 Il
2399 5429 2463 5489 ex
2489 5429 2803 5508 'Dagoberto
2840 5437 2878 5501 l,
2918 5436 3013 5489 sed
3047 5433 3248 5508 exalia
3279 5429 3468 5508 matre.
3504 5434 3611 5488 Gc-

2000 5519 2081 5564 sta
2119 5511 2238 5574 ejus
2267 5508 2531 5561 illustrata
2563 5505 2690 5561 sunt
2717 5508 2782 5560 ad
2816 5508 2961 5560 diem
2995 5509 3015 5560 1
3056 5505 3354 5560 Februarii.

2072 5581 2248 5647 (1012)
2283 5581 2432 5634 Errat
2458 5579 2796 5651 Sigebertus,
2825 5578 3357 5651 duingChildericum
3393 5578 3612 5651 Austra-

1999 5652 2096 5705 siis
2139 5669 2322 5722 regem
2356 5648 2671 5722 przefe‘ctum
2714 5667 2834 5722 esse
2861 5649 3048 5722 scribit
3080 5667 3106 5702 a
3138 5655 3292 5722 patre
3322 5665 3421 5722 suo
3447 5648 3610 5704 Chlo-

2001 5721 2208 5789 doveo,
2241 5721 2402 5794 quem
2431 5730 2645 5776 constat
2675 5721 2864 5791 paucis
2895 5721 3054 5776 annis
3083 5731 3208 5777 ante
3237 5721 3463 5778 obiisse.
