3930 6052
339 269 442 321 787

1566 257 1904 314 SIGEBERTI
1949 258 2436 314 GEMBLACENSIS

3567 277 3686 335 788

340 396 527 460 clesia,
561 393 834 448 consentit
872 392 1052 448 clerus
1102 407 1225 447 cum
1283 389 1508 462 populo,
1551 403 1720 443 unum
1761 392 1953 458 Optant
1979 389 2026 460 Α
2052 392 2228 442 ratum
2272 386 2411 453 fore,
2444 387 2552 443 nisi
2597 390 2762 444 etiam
2799 389 3081 447 Lantberti
3122 395 3489 464 approbatum
3528 414 3691 461 esset

340 487 584 543 omnium
615 484 800 549 corda,
835 485 1006 539 millia
1039 485 1228 556 p0pnli
1260 498 1371 538 uno
1406 498 1499 538 ore
1529 482 1852 536 acclamant.
1879 480 1949 536 Se

339 577 429 630 ille
457 591 611 630 oneri
642 583 804 646 negat
832 589 951 628 esse
983 591 1192 644 parem,
1239 589 1302 628 ac
1333 589 1432 642 per
1471 572 1576 625 hoc
1605 570 1780 642 magis
1828 570 1950 644 cOgi

339 675 601 720 meretur.
642 666 810 730 Quam
843 667 1127 722 unanimis
1157 666 1287 722 olim
1321 663 1502 718 fervor
1532 663 1698 716 Israel
1743 669 1796 716 et
1851 663 1952 716 Ju-

339 755 460 809 dam
494 756 784 827 inspiravit
813 757 880 811 ad
912 756 1225 828 eligendum
1276 754 1381 809 sibi
1428 754 1481 807 in
1514 769 1698 828 regem
1759 751 1948 818 David,

338 863 500 918 quem
533 847 795 902 Dominus
835 848 1117 902 invenerat
1141 846 1444 902 secundum
1490 861 1582 900 cor
1616 862 1799 912 suum,
1839 852 1946 899 tam

341 935 651 990 favorabilis
671 943 786 991 erat
814 952 1119 992 consensus
1147 934 1280 990 cleri
1312 942 1364 988 et
1394 934 1581 1005 populi
1611 933 1663 987 in
1687 932 1946 1004 eligendo

341 1025 716 1094 Lantbertum,
746 1041 909 1097 quem
938 1033 991 1080 et
1033 1025 1216 1095 ipsum
1248 1024 1532 1078 invenerat
1575 1022 1837 1077 Dominus
1862 1037 1951 1076 se-

336 1119 581 1173 cundum
613 1134 708 1173 cor
726 1134 908 1185 suum,
932 1117 1025 1189 qui
1055 1118 1261 1172 faceret
1285 1131 1480 1171 omnes
1501 1115 1810 1171 voluntates
1833 1114 1949 1169 Dei.

339 1208 402 1262 Et
431 1223 551 1261 cum
587 1223 758 1262 unum
782 1215 928 1262 esset
957 1223 1052 1261 cor
1081 1206 1351 1272 omnium,
1387 1221 1497 1277 pra:
1529 1204 1739 1260 caeteris
1765 1213 1948 1259 tamen

338 1298 531 1352 credas
579 1297 796 1352 dixisse’
837 1295 1214 1364 Trajectenses
1265 1294 1333 1348 ad
1388 1294 1764 1360 Lantbertum,
1799 1293 1946 1363 quod

338 1387 438 1441 viri
468 1387 608 1442 Juda
639 1387 705 1440 ad
729 1386 898 1440 David
921 1384 1288 1441 contribulem
1321 1400 1481 1438 suum
1511 1383 1800 1438 dicebant:
1829 1409 1853 1430 «
1881 1383 1949 1437 Os

342 1487 490 1533 tuum
543 1494 733 1533 sumus
763 1483 816 1531 et
854 1491 980 1531 caro
1037 1483 1154 1540 tua;
1204 1475 1320 1529 heri
1361 1489 1584 1545 quoque
1614 1481 1668 1527 et
1725 1473 1950 1528 nudius-

338 1573 534 1627 tertius
565 1579 620 1626 tu
653 1587 794 1636 eras,
849 1569 944 1641 qui
974 1569 1251 1624 educebas
1305 1576 1360 1622 et
1387 1569 1690 1623 reducebas
1747 1570 1945 1624 Israel:

340 1663 437 1717 tibi
492 1661 639 1716 enim
671 1660 807 1714 dixit
838 1660 1100 1715 Dominus
1140 1660 1281 1713 Deus
1308 1667 1462 1713 tuus:
1518 1658 1597 1712 Tu
1638 1674 1829 1728 pasces
1854 1674 1948 1730 po-

339 1753 530 1824 pulum
586 1768 771 1806 meum
826 1751 1024 1822 Israel;
1056 1761 1136 1806 et:
1191 1751 1269 1805 Tu
1299 1750 1408 1805 eris
1465 1748 1722 1820 princeps
1780 1765 1951 1820 super

340 1862 460 1901 nos.
489 1865 515 1897 ι

410 1943 496 1999 13.
557 1942 796 1997 Tandem
838 1941 921 1995 vir
969 1941 1172 1995 ditatus
1210 1940 1518 1995 honoribus
1552 1941 1951 2008 sanctimonia},

341 2036 638 2090 illustratus
667 2032 1013 2089 commerciis
1040 2031 1410 2103 parcimoniw,
1444 2033 1640 2087 annuit
1663 2048 1808 2086 unus
1835 2048 1956 2088 om-

340 2127 506 2181 nibus
537 2125 880 2199 morigerari,
922 2132 981 2179 ut
1012 2139 1205 2179 onmes
1243 2123 1311 2177 de
1362 2140 1422 2178 se
1453 2139 1564 2178 uno
1623 2123 1678 2177 in
1739 2123 1952 2178 Christo

338 2220 559 2294 gloriari
580 2226 829 2291 possent.
863 2219 1106 2288 Adeptus
1128 2217 1344 2272 culmen
1373 2216 1656 2289 religionis
1687 2226 1955 2287 perpetua

338 2316 545 2370 studuit
576 2305 792 2386 pietatis
823 2330 1025 2387 augere
1073 2329 1268 2384 opera,
1299 2313 1392 2383 qui
1427 2310 1728 2383 pontificali
1759 2317 1953 2366 auctus

339 2414 456 2462 erat
486 2406 674 2460 infula.
699 2404 966 2459 Mactabat
992 2403 1141 2458 omni
1175 2403 1265 2457 die
1293 2403 1671 2457 holocaustum
1699 2401 1951 2469 Domino,

339 2512 452 2551 non
485 2512 550 2549 ex
582 2509 785 2565 pecore
813 2493 1016 2560 alieno,
1049 2493 1147 2548 sed
1180 2509 1244 2547 ex
1265 2507 1494 2562 corpore
1522 2489 1770 2562 proprio.
1814 2490 1952 2545 Con-

339 2589 524 2642 silium
553 2593 608 2640 et
639 2602 779 2656 opus
815 2602 974 2639 suum
1007 2601 1225 2656 semper
1261 2586 1329 2639 ad
1363 2585 1532 2639 Deum
1569 2584 1948 2650 convertebat,

342 2697 438 2736 cor
492 2689 546 2736 et
585 2680 758 2750 pedes
796 2679 1072 2753 dirigebat
1115 2679 1184 2732 ad
1213 2677 1696 2750 evangelizandam
1741 2693 1954 2744 pacem.

341 2772 563 2842 Septem
616 2771 823 2843 quippe
862 2771 1007 2826 dona
1058 2769 1296 2841 Spiritus
1336 2769 1530 2835 sancti,
1579 2784 1700 2839 qua:
1745 2768 1957 2824 Christo

339 2869 779 2925 substantialiter
821 2869 1029 2935 insunt,
1061 2869 1188 2924 huic
1233 2884 1454 2941 quoque
1495 2887 1593 2940 pro
1635 2881 1795 2943 captu
1852 2877 1957 2932 hu-

345 2976 504 3014 mano
553 2959 972 3014 accidentaliter
1012 2959 1262 3013 aderant.
1296 2960 1530 3029 Spiritus
1559 2963 1777 3018 consilii
1807 2965 1857 3019 in
1888 2983 1953 3022 eo

339 3051 558 3122 vigebat
588 3050 834 3122 egregie,
861 3058 916 3104 et
955 3050 1224 3121 quidquid
1257 3051 1475 3125 agebat,
1509 3053 1705 3123 spiritu
1733 3057 1956 3127 sapien-

2053 477 2285 533 consilio
2315 478 2520 548 (1013).
2569 479 2676 549 Ipsi
2729 495 2862 534 sane
2904 480 3234 538 Francorum
3285 501 3444 560 reges
3496 489 3689 548 Theo-

2052 565 2273 621 doricus
2321 572 2375 620 et
2407 566 2698 634 Hildricus,
2731 569 2982 640 quamvis
3032 585 3132 641 pro
3171 572 3522 644 simplicitate
3571 582 3687 634 mi-

2051 671 2154 708 nus
2186 671 2286 725 per
2313 671 2375 710 se
2405 663 2687 727 saperent,
2725 657 2781 711 in
2829 659 2934 714 hoc
2984 666 3171 714 tamen
3201 663 3512 733 sapiebant,
3545 670 3685 740 quia

2052 745 2354 801 audiebant
2384 747 2680 818 sapientes.
2717 748 2930 803 Primus
2961 750 3107 804 enim
3151 754 3436 824 sapientiae
3467 761 3682 831 gradus

2051 847 2135 895 est
2168 857 2382 911 sapere,
2436 842 2714 897 secundus
2740 843 2930 898 audire
2978 845 3306 916 sapientem.
3343 851 3493 906 Unde
3545 855 3685 926 quia

2051 929 2326 984 Lantberti
2360 936 2467 986 tam
2502 931 2677 986 sancti
2711 938 2765 986 et
2799 942 2904 987 tam
2940 934 3230 1004 prudentis
3248 937 3371 1006 viri,
3405 942 3684 999 aliorum—

2050 1038 2158 1092 que
2191 1028 2506 1077 sanctorum
2540 1023 2929 1095 epis00porum
2962 1027 3196 1084 consilio
3227 1030 3682 1102 disponebantur

2051 1113 2206 1184 regni
2239 1115 2480 1186 negotia,
2523 1122 2638 1170 erat
2685 1116 2742 1170 in
2782 1124 3018 1189 utroque
3067 1135 3236 1193 regno
3270 1139 3452 1178 rerum
3499 1126 3677 1184 facies

2052 1208 2299 1277 pulchra,
2356 1214 2412 1262 et
2460 1209 2883 1280 prosperabatur
2942 1209 3080 1266 fides
3152 1213 3427 1270 Ecclesiae.
3508 1219 3678 1275 Erant

2050 1301 2254 1373 quippe
2291 1308 2421 1356 tunc
2453 1303 2717 1373 temporis
2763 1304 2938 1359 sancti
2996 1306 3268 1378 episcOpi,
3297 1310 3392 1380 qui
3438 1313 3680 1369 scientia

2050 1392 2266 1462 praediti
2299 1399 2353 1447 et
2379 1393 2670 1464 sapientia,
2697 1404 2892 1451 sancte
2925 1403 2980 1452 et
3000 1398 3154 1466 juste
3185 1403 3461 1458 secundas
3491 1413 3683 1475 partes

2049 1480 2204 1552 regni
2245 1481 2597 1549 adjuvabant.
2643 1484 2700 1536 In
2742 1484 2830 1538 his
2883 1487 3321 1556 praeeminebant
3371 1492 3677 1549 Audoenus

2051 1571 2508 1646 Bothomagensis
2589 1577 2807 1646 (1014),
2893 1579 3274 1654 Austrigisilus
3362 1585 3677 1661 Biturigen-

1978 1661 2121 1765 Bsis
2165 1661 2368 1765 (1015),
2431 1663 2637 1737 Eligius
2694 1665 3077 1722 Noviomensis
3132 1669 3336 1742 (1016),
3395 1673 3678 1730 Vindicia-

2055 1770 2158 1808 nus
2215 1753 2624 1810 Cameracensis
2683 1757 2896 1828 (l017),
2953 1760 3298 1818 Audomarus
3349 1763 3682 1822 Tarwanen-

2055 1843 2129 1897 sis
2199 1842 2406 1911 (1018‘,
2459 1845 2829 1918 Leodegarius
2886 1849 3402 1922 Augustodunensis
3467 1855 3682 1929 (1019),

2057 1933 2188 1988 Faro
2222 1933 2518 1988 Meldensis
2550 1934 2748 2005 (1020).

2130 2025 2210 2078 15.
2259 2025 2406 2079 Inter
2434 2025 2534 2079 hos
2572 2026 2854 2082 eminebat
2885 2027 3234 2099 Lantbertus,
3265 2049 3492 2089 aureum
3521 2037 3682 2092 sidus

2058 2116 2334 2182 Ecclesiae,
2385 2118 2536 2172 velut
2595 2117 2741 2172 inter
2789 2119 2946 2194 ignes
2993 2121 3125 2176 luna
3166 2123 3413 2180 minores
3451 2129 3676 2186 emicat.

2055 2207 2160 2262 flos
2200 2208 2524 2263 Lantbertus
2553 2210 2897 2280 suspiciebat
2922 2222 2981 2267 ut
3028 2220 3213 2284 patres
3243 2223 3299 2271 et
3329 2224 3459 2272 natu
3499 2220 3676 2289 majo-

2054 2313 2162 2365 res,
2188 2313 2395 2368 eosque
2427 2297 2716 2362 imitando,
2751 2316 2781 2353 a
2803 2300 3240 2374 singuliseorum
3255 2305 3462 2377 aliquid
3485 2310 3678 2379 gratiae

2056 2393 2364 2448 hauriebat.
2445 2395 2610 2450 Porro
2686 2395 2766 2449 illi
2831 2395 3176 2452 Lantbertum
3259 2401 3688 2470 precordialiter

2063 2484 2322 2538 amabant
2354 2493 2414 2539 ut
2443 2482 2637 2551 filium,
2664 2485 2775 2553 jam
2805 2485 2873 2540 de
2907 2486 3040 2542 ﬂore
3071 2488 3246 2542 aetatis
3276 2489 3485 2546 fructus
3513 2493 3679 2548 emit-

2055 2581 2284 2640 tentem,
2316 2575 2476 2647 eique
2509 2582 2631 2646 post
2659 2591 2717 2630 se
2755 2577 2911 2648 quasi
2945 2595 3010 2633 ex
3050 2579 3399 2636 haereditaria
3448 2599 3675 2639 succes-

2059 2667 2214 2721 sione
2233 2668 2478 2739 regimen
2505 2668 2752 2724 ecclesiae
2789 2675 3108 2741 competere
3143 2672 3475 2744 gaudebant,
3509 2691 3680 2746 quem

2055 2759 2264 2829 justum
2304 2767 2431 2814 ante
2476 2761 2646 2816 Deum
2687 2768 2741 2816 et
2795 2762 3050 2817 homines
3089 2763 3351 2818 videbant
3387 2766 3510 2822 sine
3540 2785 3682 2839 que-

2062 2852 2174 2906 rela
2206 2853 2260 2907 in
2284 2853 2543 2909 omnibus
2568 2853 2850 2921 incedere,
2884 2863 2938 2910 et
2969 2855 3046 2911 ire
3077 2856 3258 2912 indies
3291 2859 3360 2912 de
3389 2859 3586 2915 virtute
3619 2861 3676 2916 in

2056 2946 2334 3000 virtutem.
2380 2947 2540 3000 Erant
2578 2954 2845 3017 praeterea
2884 2946 3046 3000 etiam
3095 2947 3342 3016 abbates,
3377 2957 3430 3004 et
3456 2958 3585 3006 tunc
3619 2961 3678 3007 et

2058 3051 2206 3090 nunc
2239 3034 2608 3090 nominabiles
2647 3035 2958 3101 sanctitate,
3011 3036 3264 3092 Bertinus
3314 3037 3517 3108 (1021),
3553 3041 3677 3094 Phi-

339 3112 429 3195 tiae
477 3112 885 3195 moderabatur.
920 3112 1031 3194 Rex
1083 3112 1214 3196 vero
1266 3112 2287 3202 I’llildric'us.vidensleumCliberlus
2341 3127 2539 3197 (1022)»
2629 3127 3063 3201 Wandregisuus
3126 3127 3341 3200 (1023);
3389 3131 3678 3187 Ursmarus

341 3231 553 3287 cunctis
602 3238 885 3302 priestare,
930 3230 1102 3302 pluris
1140 3247 1265 3285 eum
1296 3231 1534 3286 habebat
1558 3233 1773 3287 cunctis
1803 3234 1957 3307 regni

341 3322 697 3395 primoribus,
729 3321 960 3393 ejusque
996 3321 1294 3392 epiSCOpis,
1328 3320 1490 3393 eique
1530 3322 1676 3393 apud
1708 3323 1953 3377 animum

339 3431 524 3483 suum,
555 3413 702 3486 apud
732 3429 895 3468 aures
924 3421 978 3467 et
1004 3427 1066 3468 os
1086 3428 1246 3467 suum
1283 3411 1448 3466 dabat
1485 3413 1720 3483 primum
1751 3414 1952 3480 locum,

340 3514 393 3561 et
427 3508 583 3575 cujus
605 3518 699 3559 cor
728 3503 985 3558 credebat
1019 3501 1256 3573 Spiritus
1296 3502 1469 3557 sancti
1500 3503 1782 3558 oraculum
1812 3520 1953 3570 esse,

340 3595 606 3665 cujusque
637 3592 886 3665 linguam
918 3591 1158 3646 habebat
1197 3606 1296 3662 pro
1337 3591 1586 3646 veritatis
1625 3607 1856 3663 organo,
1904 3593 1953 3647 ei

339 3683 480 3738 ultro
519 3681 747 3736 dederat
791 3680 1047 3735 amicitiae
1096 3695 1208 3734 suae
1238 3696 1529 3747 summam,
1578 3696 1816 3754 eumque
1850 3681 1953 3735 sibi

339 3790 370 3826 a
407 3772 634 3827 secretis
661 3770 888 3834 fecerat,
921 3770 1040 3841 qui,
1091 3777 1152 3824 ut
1181 3769 1373 3835 fertur,
1411 3776 1526 3823 erat
1571 3771 1690 3838 ejus
1727 3771 1893 3825 etiam
1924 3786 1956 3824 a

342 3866 781 3923 commentariis.
814 3865 970 3918 Unde
1002 3881 1032 3918 a
1062 3863 1229 3918 corde
1269 3870 1324 3917 et
1352 3862 1420 3918 ab
1454 3879 1549 3918 ore
1581 3864 1726 3918 illius
1773 3865 1955 3920 omnis

338 3961 612 4017 Austrasia
640 3959 940 4032 pendebat,
989 3975 1227 4031 eumque
1285 3967 1396 4014 tota
1436 3959 1634 4031 regalis
1677 3960 1826 4014 curia
1871 3975 1958 4014 re-

341 4057 656 4114 verebatur.

413 4151 500 4206 14.
531 4149 716 4203 Frater
744 4164 965 4221 quoque
999 4147 1224 4203 llildrici
1264 4147 1413 4223 regis
1442 4148 1834 4216 Theodericus,
1867 4150 1959 4221 qui

342 4241 398 4297 in
430 4246 585 4312 parte
619 4238 882 4306 Franciw,
936 4254 1056 4309 quae
1088 4237 1338 4292 Neustria
1384 4236 1607 4306 dicitur,
1666 4237 1956 4311 regnabat,

340 4332 694 4408 praesentiam
728 4331 1021 4404 appetebat
1045 4329 1347 4398 Lantberti,
1375 4337 1432 4385 et
1463 4330 1606 4385 inter
1627 4347 1882 4402 proceres
1905 4339 1960 4386 et

338 4426 546 4483 amicos
577 4439 708 4480 suos
761 4422 811 4478 ei
840 4421 1091 4477 servabat
1121 4420 1308 4496 gratim
1357 4421 1589 4492 COpiam.
1629 4421 1688 4475 Et
1742 4422 1786 4475 si
1821 4421 1952 4492 quid
1981 4443 2037 4510 D

339 4519 396 4574 in
442 4531 614 4592 regno
647 4531 747 4572 suo
780 4513 1228 4570 auctorizandum
1262 4521 1399 4582 erat,
1432 4529 1540 4569 non
1570 4514 1798 4585 putabat
1821 4514 1953 4569 satis

419 4758 597 4831 (1013)
644 4759 839 4813 Parum
896 4757 1219 4814 verisimilia
1273 4763 1402 4812 sunt
1434 4758 1550 4811 haec
1611 4757 1797 4812 omnia
1838 4773 1960 4828 qua:

349 4834 420 4887 de
452 4831 758 4903 Thodorico
791 4831 882 4903 III,
926 4837 1044 4903 tum
1071 4831 1366 4903 Neustria
1401 4845 1554 4903 rege,
1609 4835 1802 4899 postea
1843 4844 1964 4884 mo-

348 4902 691 4984 narcba3‘hi'c
719 4902 922 4984 scribit
937 4901 1282 4984 Sigebertus.

420 4970 599 5043 (1014)
632 4973 804 5043 Hujus
835 4974 964 5028 Acta
1000 4970 1271 5028 illustrata
1300 4982 1430 5030 sunt
1468 4971 1536 5026 ad
1577 4971 1719 5026 diem
1749 4971 1819 5025 24
1849 4971 1964 5026 Au-

383 5045 514 5102 usti.

348 5065 605 5191 gu(sll0.15)
633 5114 973 5191 _A_us__tregisili
1028 5113 1386 5191 Bituricensis
1435 5115 1553 5168 Vita
1593 5113 1718 5191 data
1757 5121 1839 5168 est
1891 5113 1959 5166 ad

348 5186 492 5246 diem
541 5190 612 5244 20
641 5188 796 5253 Maii;
832 5186 1028 5240 verum
1081 5186 1126 5239 is
1157 5186 1344 5240 multis
1379 5202 1556 5241 annos
1603 5186 1836 5250 obierat,
1870 5201 1964 5238 aa-

347 5269 571 5334 tequam
613 5260 668 5313 S.
701 5258 1017 5313 Lambertus
1046 5257 1342 5328 episcOpus
1384 5265 1684 5323 crearetur,
1717 5256 1828 5311 imo
1854 5272 1960 5310 an-

351 5341 570 5389 teanam
600 5339 940 5386 nasceretur.

445 5404 599 5474 1016)
629 5404 705 5457 De
757 5399 1020 5474 S.7Ij3ligio
1053 5399 1328 5474 agendum
1374 5401 1480 5474 erit
1505 5400 1640 5474 (die,
1674 5401 1697 5454 1
1738 5399 1970 5474 Decem-

349 5471 504 5540 bris;
541 5471 638 5528 sed
687 5490 789 5528 nec
822 5472 911 5526 hic
954 5487 1128 5542 usque
1169 5471 1236 5524 ad
1268 5471 1319 5524 S.
1373 5472 1646 5526 Lamberti
1680 5471 1971 5542 episcopa-

353 5555 466 5598 tum
493 5544 818 5614 supervixit.

355 5683 398 5736 Μ
425 5613 604 5736 (1ῐο17)
658 5615 826 5682 Hujus
858 5614 1030 5668 Vitam
1065 5613 1237 5668 habes
1267 5613 1323 5667 in
1356 5614 1533 5685 Opere
1561 5621 1746 5669 nostro
1791 5613 1880 5667 die
1910 5629 1964 5666 χι

405 5700 464 5736 ar
493 5700 552 5736 ιι.

405 5691 552 5737 artn.

2060 3218 2346 3275 Lobiensis
2376 3219 2557 3287 (1024)
2593 3219 2648 3272 in
2683 3226 2929 3290 tyronem
2963 3219 3159 3276 Christi
3201 3220 3573 3277 adolescebat.
3609 3224 3674 3277 Hi

2058 3318 2214 3365 erant
2269 3311 2548 3366 Lantberti
2615 3312 3078 3383 contemporales,
3137 3314 3273 3368 tales
3326 3321 3484 3369 erant
3557 3316 3682 3387 ejus

2057 3407 2506 3470 contubernales,
2560 3407 2641 3474 Hi,
2682 3414 2742 3463 ut
2781 3408 3098 3475 Cherubim,
3136 3409 3398 3465 virtutum
3452 3427 3676 3465 suarum

2058 3499 2170 3553 alas
2225 3497 2619 3554 concutiebant
2656 3498 2795 3554 alter
2831 3499 2899 3553 ad
2949 3502 3204 3568 alterum,
3247 3507 3301 3554 et
3355 3500 3411 3555 in
3460 3500 3680 3555 laudem

2058 3589 2151 3644 Dei
2186 3588 2379 3644 orbem
2412 3596 2572 3644 terrae
2599 3590 3020 3645 commovebant

2133 3679 2212 3734 16.
2262 3678 2320 3732 Hi
2355 3677 2583 3749 aliique,
2637 3677 2731 3749 qui
2763 3677 2818 3732 in
2851 3693 2916 3733 ea
2949 3683 3132 3746 aatate,
3163 3687 3223 3734 ut
3258 3679 3435 3734 stellae
3475 3681 3530 3734 in
3587 3679 3682 3735 fir-

2058 3777 2335 3825 mamento
2369 3770 2493 3825 coeli
2544 3768 2827 3836 lucebant,
2881 3767 3038 3839 quasi
3080 3769 3304 3844 triginta
3355 3786 3448 3825 sex
3506 3769 3678 3826 fortes

2055 3863 2203 3936 regis
2244 3863 2412 3917 David
2442 3878 2541 3934 per
2566 3862 2935 3933 aequalitatem
2977 3862 3229 3934 quadrati
3255 3863 3471 3917 numeri
3505 3861 3676 3916 ﬁrmi-

2057 3963 2223 4013 tatem
2253 3956 2380 4011 fidei
2425 3957 2849 4029 przesignantes,
2890 3973 3011 4012 cum
3046 3964 3230 4013 nostro
3261 3957 3454 4024 David,
3511 3958 3679 4012 Lant-

2058 4047 2214 4102 berto
2241 4047 2469 4113 scilicet,
2509 4063 2677 4101 manu
2719 4046 2845 4102 forti
2873 4045 3066 4101 Christi
3105 4047 3372 4102 mundum
3406 4046 3680 4117 sapientia

2060 4146 2115 4194 et
2165 4140 2484 4196 fortitudine
2537 4139 2902 4206 illustrabant,
2957 4145 3012 4193 et
3065 4137 3119 4192 in
3166 4138 3424 4192 manibus
3484 4155 3678 4194 eorum

2030 4234 2207 4290 -bella
2254 4234 2546 4289 adversum
2603 4233 2794 4289 hostes
2831 4232 2927 4286 Dei
2991 4231 3480 4302 prosperabantur,
3533 4232 3683 4285 Inter

2060 4344 2200 4401 quos
2258 4328 2602 4390 Lantbertus,
2653 4335 2713 4380 ut
2764 4325 2903 4381 alter
2953 4324 3143 4390 David,
3177 4341 3208 4379 a
3266 4325 3377 4378 Deo
3409 4324 3570 4378 datus
3607 4326 3679 4379 ad

2060 4419 2311 4475 Ecclesize
2365 4417 2638 4491 regimen,
2691 4423 2751 4471 ut
2803 4414 2948 4470 filius
3009 4415 3184 4470 saltus
3237 4430 3561 4470 excrescens
3607 4414 3678 4467 ad

2059 4510 2416 4585 perfectionis
2446 4511 2685 4572 culmen,
2717 4515 2777 4563 ut
2807 4507 3141 4564 tenerrimus
3169 4507 3306 4582 ligni
3347 4506 3683 4562 vermiculus

2135 4755 2319 4837 (1018)
2353 4756 2428 4810 De
2451 4754 2505 4808 S.
2544 4752 2856 4808 Audomaro
2911 4755 3092 4806 actum
3125 4755 3208 4805 est
3235 4749 3306 4805 ad
3336 4749 3483 4804 diem
3512 4749 3546 4803 9
3571 4749 3675 4804 Se-

2064 4830 2530 4966 Ρίῗῗὸιῖἓῗᾟιιλιιδ
2567 4894 2742 4950 sancti
2779 4901 2936 4967 gesta
2969 4892 3299 4948 elucidanda
3340 4892 3564 4948 venient
3588 4889 3680 4945 die

2063 4973 2099 5026 2
2129 4970 2396 5028 Octobris.

2141 5042 2317 5114 (10'20)
2353 5043 2407 5096 S.
2440 5041 2573 5114 Faro
2601 5038 2800 5114 colitur
2828 5036 2901 5114 28_
2923 5035 3189 5114 Octobris.

2135 5107 2316 5184 (1021)
2342 5115 2414 5167 De
2464 5112 2518 5166 S.
2559 5111 2776 5166 Bertino
2817 5109 3015 5163 abbate
3051 5107 3348 5164 Sithivensi
3381 5115 3558 5162 actum
3589 5113 3679 5160 est

2063 5186 2154 5240 die
2184 5187 2217 5238 5
2242 5184 2600 5256 Septembris.

2135 5247 2558 5327 (1022)‘Indicat
2582 5254 2641 5327 S.
2667 5253 3001 5327 Filibertum
3033 5249 3126 5327 _vel
3167 5247 3546 5327 Philibertum,
3580 5247 3680 5301 ab-

2067 5321 2251 5383 batem
2281 5321 2336 5382 in
2367 5327 2527 5382 Ilerio
2567 5325 2751 5380 Galliae
2783 5324 2985 5390 insula,
3016 5322 3086 5376 de
3108 5336 3217 5393 quo
3245 5321 3376 5376 vide
3402 5321 3546 5391 Opus
3577 5334 3681 5373 no-

2069 5407 2237 5456 strum
2279 5399 2344 5453 ad
2369 5399 2515 5453 diem
2541 5399 2612 5453 20
2654 5395 2895 5469 Augusti.

2146 5473 2328 5543 (1023)
2360 5471 2480 5525 Fuit
2516 5472 2561 5525 is
2603 5463 2775 5543 abba's
2822 5463 3276 5543 Fontanellensis,
3304 5463 3477 5543 cujus
3509 5467 3684 5543 gesta

2073 5545 2130 5599 in
2151 5533 2339 5614 ‘Oper'c
2368 5549 2555 5597 nostro
2585 5539 2830 5611 eXposita
2857 5545 2985 5614 sunt
3011 5535 3392 5614 die_22_.Julii:
3427 5533 3682 5588 sed‘a‘tte

2067 5616 2117 5668 S.
2159 5607 2426 5668 Lamberti
2465 5607 2846 5684 episcopatum
2871 5609 3054 5684 vivere
3078 5607 3267 5684 _des_i_i_t.

2139 5686 2322 5754 (1024)
2354 5685 2428 5739 De
2455 5678 2522 5740 eo
2547 5678 2671 5739 vide
2693 5682 2761 5738 ad
2794 5681 2942 5736 diem
2972 5681 3040 5735 18
3061 5678 3287 5750 Aprilis.
