3930 6052
304 236 405 290 789

1503 243 1648 298 VITA
1693 245 1945 299 ALTERA
1989 247 2021 299 S
2089 245 2431 300 LAMBERTI.

3521 249 3626 306 790

302 357 627 414 humilitatis
664 358 863 415 virtute
901 360 1036 416 dura
1067 368 1122 418 et
1166 363 1327 419 fortia
1357 365 1687 434 demoliens,
1720 375 1781 422 ut
1811 384 1913 439 po-
1939 379 1986 442 Α
2014 369 2413 424 Faramundum
2464 369 2530 423 ad
2566 370 2939 441 episcopatum
2981 371 3395 440 Trajectensem
3445 382 3635 429 contra

301 449 592 504 limitarius
631 450 810 520 (1025)
839 451 1002 506 variis
1029 453 1322 510 virtutibus
1352 464 1406 510 et
1437 457 1556 527 ipse
1581 465 1828 525 ornatus,
1861 466 1916 514 et

301 544 439 598 alios
470 559 696 610 ornans,
731 545 799 598 ad
840 551 950 600 tres
977 547 1184 616 primos
1222 549 1484 604 virtutum
1526 552 1732 624 gradus
1789 569 1915 622 per-

303 631 493 702 paucis
522 648 756 687 ascensu
805 633 995 690 faciles
1026 637 1296 706 pervenit,
1329 639 1601 709 sapientia
1657 641 1916 696 thronum

303 720 560 776 Ecclesiae
605 721 938 796 gubernans,
1006 724 1310 780 humilitate
1358 728 1589 800 vestigia
1645 731 1916 801 sequendi

303 813 576 868 Christum
628 814 988 887 praesignans,
1036 816 1362 874 fortitudine
1416 820 1778 877 adversitates
1808 823 1918 878 Deo

302 903 610 959 debellans.
647 905 847 961 florum
889 909 1101 964 meritis
1128 910 1220 964 diu
1252 913 1605 983 tranquillata
1630 923 1712 970 est
1733 916 1918 970 Eccle-

302 998 384 1051 sia
421 997 539 1060 Dei,
573 998 778 1070 diuque
816 1007 989 1057 status
1034 1003 1189 1076 regni
1237 1013 1591 1076 prosperatus
1615 1014 1718 1062 est.
1763 1008 1920 1063 Post-

305 1086 524 1141 modum
551 1097 779 1159 propter
807 1092 996 1162 populi
1030 1099 1310 1164 torporem
1357 1097 1668 1152 dormiente
1706 1098 1837 1153 Jesu
1866 1099 1920 1152 in

304 1178 426 1232 navi
454 1186 658 1234 sanctae
697 1180 977 1250 Ecclesim,
1005 1199 1136 1239 ecce
1167 1193 1348 1241 motus
1375 1204 1607 1263 magnus
1635 1188 1810 1244 factus
1840 1197 1923 1244 est

305 1266 361 1319 in
389 1268 522 1321 mari
553 1268 718 1341 hujus
744 1271 956 1328 mundi.
991 1273 1170 1329 Facile
1201 1283 1284 1330 est
1314 1291 1534 1331 causam
1577 1278 1711 1332 tanti
1742 1285 1922 1334 motus

304 1355 573 1412 ediscere.
1613 1385 1616 1388 ί

371 1452 458 1506 17.
502 1453 878 1510 Theodericus
920 1463 974 1511 et
1039 1458 1312 1514 Hildricus
1351 1461 1544 1516 fratres
1599 1462 1920 1533 bipartitum

299 1547 544 1603 Francia:
601 1566 832 1624 regnum
882 1555 1175 1628 regebant;
1217 1558 1316 1611 sed
1366 1559 1496 1628 quia
1540 1558 1913 1615 Theodericus

299 1636 606 1692 habetioris
636 1640 844 1715 ingenii
876 1652 1012 1712 erat,
1048 1645 1318 1702 Ebroinus
1349 1649 1523 1720 major
1551 1651 1749 1706 domus
1779 1651 1916 1705 sim-

300 1728 544 1798 plicitate
571 1731 693 1799 ejus
723 1734 948 1803 abusus,
995 1740 1293 1794 commovit
1323 1740 1376 1794 in
1424 1757 1610 1814 regem
1642 1743 1771 1798 odia
1824 1751 1915 1801 to-

301 1823 412 1877 tius
437 1825 647 1895 populi.
681 1826 871 1883 Franci
901 1830 1048 1884 enim
1081 1832 1319 1888 alienam
1348 1835 1613 1891 invidiam
1655 1838 1710 1891 in
1742 1837 1920 1894 Theo-

298 1916 544 1972 dericum
578 1926 978 1993 retorquentes,
1034 1926 1303 1994 dejiciunt
1331 1945 1454 1984 eum
1488 1947 1683 2007 regno,
1718 1940 1773 1987 et
1799 1933 1916 1988 fra-

301 2018 436 2064 trem
460 2011 580 2080 ejus
611 2012 908 2071 Hildricum
935 2033 1000 2072 ex
1051 2021 1267 2076 Austria
1296 2022 1610 2091 invitantes,
1656 2041 1780 2080 eum
1811 2027 1918 2082 sibi

303 2117 489 2176 regem
535 2106 870 2175 praeﬁciunt:
920 2127 1063 2182 quos
1103 2114 1348 2184 quandiu
1402 2116 1592 2171 habuit
1651 2118 1923 2176 Hildricus

303 2194 585 2250 moderate
629 2197 833 2268 (1026),
901 2208 1157 2272 potenter
1210 2205 1429 2276 utrique
1469 2223 1639 2281 regno
1681 2208 1919 2278 praefuit.

309 2282 406 2336 Ubi
434 2291 489 2339 et
519 2285 637 2356 ipse
669 2290 896 2345 modum
928 2295 1181 2361 excessit,
1224 2295 1554 2351 insolentius
1586 2315 1780 2370 agens,
1826 2300 1922 2356 diu

307 2384 497 2431 contra
528 2385 826 2436 torrentem
848 2382 1076 2439 brachia
1115 2387 1349 2441 tendere
1398 2404 1509 2443 non
1543 2391 1725 2460 potuit
1787 2375 1920 2446 Nam

305 2471 435 2541 quia
461 2475 704 2530 severior
727 2476 878 2545 justo
922 2481 1214 2550 quemdam
1269 2481 1516 2537 nobilem
1565 2484 1920 2551 Francorum,

307 2561 532 2618 nomine
566 2565 908 2636 Bodilonem,
947 2577 1137 2625 contra
1182 2573 1360 2645 legem
1403 2573 1540 2628 caedi
1581 2573 1711 2629 fecit
1737 2577 1805 2630 ad
1833 2577 1925 2631 sti-

307 2653 476 2723 pitem
520 2655 769 2730 ligatum,
802 2660 870 2714 ab
914 2662 1112 2716 eodem
1141 2663 1405 2720 Bodilone
1437 2665 1492 2719 in
1523 2667 1775 2722 venando
1830 2685 1923 2723 ex-

306 2754 498 2816 ceptus
529 2748 713 2817 periit.
774 2749 1150 2808 Theodericus
1201 2760 1376 2809 totum
1421 2771 1650 2828 regnum
1691 2757 1920 2828 recipit;

302 2837 640 2894 recrudescit
668 2841 872 2897 malitia
906 2844 1152 2910 Ebroini,
1185 2862 1543 2918 quoscunque
1574 2851 1924 2919 comperiunt

306 2924 505 2982 favisse
562 2929 897 2998 pertinacius
949 2933 1198 3003 partibus
1247 2934 1491 3003 llildriei,
1528 2937 1627 2992 hos
1670 2954 1922 3008 pessum-

306 3014 456 3081 dant,
518 3018 808 3087 trucidant,
873 3021 1090 3092 privant
1148 3025 1475 3093 honoribus,
1523 3027 1762 3083 multant
1801 3045 1926 3099 pro-

306 3105 628 3176 scriptione,
660 3110 906 3182 relegant
935 3111 1164 3168 exsiliis.

376 3199 460 3254 18.
493 3202 628 3266 Quia
661 3203 899 3260 Hildrico
947 3207 1130 3261 nullus
1160 3207 1378 3264 fidelior
1426 3209 1512 3265 vel
1543 3211 1772 3266 amicior
1798 3211 1920 3279 fuit,

304 3309 468 3364 quam
501 3295 847 3364 Lantbertus,
883 3305 1055 3353 totum
1101 3301 1320 3370 pondus
1351 3301 1725 3358 tribulationis
1758 3319 1925 3373 super

303 3400 428 3439 eum
468 3386 739 3442 incubuit.
795 3389 1094 3445 Videbatur
1141 3392 1287 3446 enim
1339 3393 1478 3447 nihil
1511 3402 1689 3448 actum
1751 3395 1922 3450 fuisse

304 3480 476 3529 morte
497 3476 740 3539 llildrici,
771 3477 816 3530 si
857 3477 1084 3532 intimus
1117 3479 1336 3535 liildrici
1365 3480 1696 3536 Lantbertus
1728 3481 1917 3552 impu-

302 3569 451 3623 nitus
472 3569 671 3637 abiret,
704 3571 772 3625 de
804 3588 912 3642 quo
935 3579 1142 3627 certum
1175 3575 1455 3641 tenebant,
1484 3577 1614 3647 quia
1639 3593 1918 3648 nunquam

305 3661 526 3716 factioni
558 3662 866 3733 iniquitatis
917 3681 1030 3720 sua!
1060 3675 1440 3723 assentiretur.
1494 3668 1626 3724 Ideo
1685 3669 1920 3724 consilio

303 3751 522 3806 Ebroini
557 3768 586 3806 a
639 3769 769 3825 rege
811 3754 1154 3810 Theoderico
1195 3762 1494 3811 convocata
1534 3759 1602 3812 ad
1643 3759 1916 3828 synodum

303 3842 690 3912 episcoporum
711 3843 890 3909 turba,
935 3845 1028 3916 qui
1051 3846 1208 3917 quasi
1241 3862 1410 3901 canes
1455 3847 1590 3902 muti
1625 3863 1736 3902 non
1769 3848 1921 3903 vale-

303 3933 438 3987 bant
492 3933 670 4005 (1027)
720 3934 916 3990 latrare
965 3945 1155 3992 contra
1216 3937 1469 3993 falsitatis
1515 3939 1914 4007 testimonium,

302 4024 440 4080 alios
466 4025 760 4098 episcopos
790 4028 1138 4097 exordinant,
1171 4030 1310 4084 alios
1335 4031 1616 4104 geminata
1648 4031 1918 4100 injustitia

300 4114 579 4170 ordinant.
616 4117 678 4171 Et
705 4133 773 4172 ne
802 4118 930 4188 quis
971 4119 1026 4171 in
1055 4135 1226 4194 regno
1272 4121 1359 4174 vel
1388 4121 1632 4176 Ecclesia
1663 4129 1914 4188 restaret,

2010 463 2101 531 jus
2128 471 2182 517 et
2212 463 2292 518 fas
2323 481 2515 535 passus
2547 475 2628 520 est
2657 467 2967 537 promoveri
2999 468 3202 535 (1029).

2089 550 2172 605 19.
2200 551 2360 606 Miser
2381 569 2513 628 ergo
2549 554 2946 619 Faramundus,
2981 555 3110 625 quia
3142 555 3279 609 abiit
3301 554 3357 608 in
3396 556 3636 613 concilio

2018 644 2284 715 ipsorum,
2319 647 2371 700 in
2403 648 2665 702 cathedra
2706 648 3039 719 pestilentiae
3070 649 3235 715 sedit,
3265 649 3334 704 de
3360 665 3470 720 quo
3501 651 3636 721 quid

2019 736 2169 792 aliud
2201 747 2416 809 poterat
2446 740 2577 807 dici,
2616 757 2778 811 quam
2812 740 2957 812 quod
2999 741 3209 796 Veritas
3248 741 3412 796 dicit:
3456 762 3483 791 α
3535 742 3634 807 Qui

2019 845 2131 884 non
2165 831 2330 886 intrat
2360 848 2459 902 per
2497 833 2696 887 ostium
2730 833 2783 886 in
2817 832 2962 887 ovile
2979 832 3186 899 ovium,
3239 833 3338 889 sed
3388 834 3640 889 ascendit

2020 921 2262 988 aliunde,
2307 922 2400 977 ille
2429 923 2519 978 fur
2556 930 2638 979 est
2667 931 2720 978 et
2756 924 2923 979 latro:
2973 924 3067 996 qui
3105 930 3286 979 autem
3328 925 3498 979 intrat
3540 941 3640 996 per

2019 1010 2244 1077 ostium,
2288 1018 2473 1081 pastor
2515 1019 2601 1066 est
2651 1013 2854 1068 ovium.
2899 1013 3002 1068 Fur
3054 1029 3165 1070 non
3193 1015 3366 1081 venit,
3411 1015 3521 1069 nisi
3579 1021 3639 1070 ut

2023 1100 2230 1157 furetur
2282 1111 2336 1158 et
2376 1111 2600 1168 mactet,
2641 1113 2698 1158 et
2750 1105 2963 1175 perdat.
3017 1129 3040 1152 n
3080 1107 3402 1162 Lantbertus
3455 1114 3641 1178 pastor

2024 1195 2225 1262 bonus,
2269 1197 2523 1267 exemplo
2555 1197 2790 1252 Pastoris
2810 1198 3180 1253 essentialiter
3221 1199 3378 1266 boni,
3419 1209 3640 1269 paratus

2025 1287 2156 1342 dare
2183 1288 2418 1342 animam
2452 1304 2605 1342 suam
2637 1305 2734 1359 pro
2785 1289 2982 1344 ovibus
3020 1292 3156 1358 suis,
3189 1306 3300 1345 non
3343 1297 3403 1346 ut
3429 1307 3642 1347 merce-

2025 1377 2212 1430 narius
2245 1376 2403 1451 fugit,
2440 1379 2540 1432 sed
2572 1379 2870 1434 declinavit
2909 1381 3280 1451 procellosum
3320 1383 3638 1438 domesticas

2026 1469 2426 1539 persecutionis
2457 1470 2826 1544 naufragium,
2862 1479 2916 1526 et
2946 1473 3248 1528 clementer
3276 1473 3459 1530 ferens
3498 1491 3640 1531 cun-

2013 1566 2117 1627 cta,
2151 1562 2476 1630 praesulatus
2503 1563 2663 1634 liquit
2689 1569 2988 1634 sceptrum,
3023 1566 3422 1621 commendans
3444 1583 3632 1622 curam

1942 1697 1991 1765 Β
2018 1657 2201 1711 ovium
2235 1657 2308 1725 ei,
2340 1658 2434 1730 qui
2455 1658 2588 1715 lavit
2617 1659 2950 1730 baptismate
2981 1676 3044 1715 ac
3075 1661 3315 1716 redemit
3342 1663 3638 1737 sanguine,

2020 1747 2261 1802 Habebat
2310 1764 2441 1803 sane
2469 1749 2551 1804 vir
2592 1749 2808 1819 patiens
2857 1750 3036 1804 exsilii
3091 1751 3176 1805 sui
3221 1751 3420 1806 ducem
3464 1752 3635 1807 David

2019 1859 2227 1915 regem,
2260 1844 2351 1914 qui
2391 1845 2654 1900 instinctu
2687 1844 2782 1899 filii
2815 1845 2900 1900 sui
2940 1846 3180 1902 Absalon
3211 1847 3326 1902 suis
3357 1854 3549 1903 contra
3579 1865 3641 1904 se

2021 1932 2488 2002 conSpirantibus,
2538 1934 2836 2004 assumpsit
2883 1940 3094 1989 scutum
3141 1935 3451 2006 patientiae;
3494 1944 3548 1992 et
3572 1953 3642 1991 ne

2023 2031 2171 2079 esset
2197 2040 2363 2079 causa
2408 2025 2582 2080 ruinaa
2621 2025 2678 2079 in
2713 2026 2901 2093 Israel,
2939 2026 3080 2081 flens
3133 2036 3329 2098 Operto
3361 2028 3544 2100 capite
3586 2034 3643 2084 et

2025 2113 2190 2168 nudis
2226 2114 2463 2184 pedibus
2493 2113 2652 2188 fugit,
2687 2115 2797 2169 Deo
2830 2130 3051 2168 causam
3079 2115 3308 2186 justitiee
3339 2133 3455 2173 suae
3487 2132 3642 2173 com-

2025 2205 2269 2258 mittens.

2093 2298 2180 2353 20.
2215 2299 2486 2370 Expetens
2517 2314 2647 2373 ergo
2678 2299 2971 2354 Stabulaus
3000 2301 3394 2356 monasterium
3425 2319 3456 2356 a
3486 2302 3642 2377 Sige-

2025 2393 2180 2448 berto
2205 2409 2333 2465 rege
2375 2392 2661 2447 fundatum
2687 2399 2813 2447 ante
2853 2393 3062 2464 aliquot
3094 2410 3284 2462 annos,
3334 2402 3388 2449 et
3427 2394 3641 2452 fervore

2024 2490 2226 2537 sanctae
2296 2483 2578 2556 religionis
2623 2482 2833 2553 ubique
2900 2483 3265 2552 nominatum,
3322 2487 3639 2542 monasticae

2027 2574 2232 2646 quietis
2261 2580 2478 2644 portum
2509 2573 2696 2647 elegit,
2726 2573 2914 2646 ibique
2957 2590 3055 2644 per
3091 2584 3302 2644 septem
3343 2592 3518 2631 annos
3548 2593 3642 2632 an-

2026 2647 2258 2738 gelicam
2293 2665 2504 2719 ducens
2533 2664 2718 2730 vitam,
2756 2664 3021 2720 habitavit
3047 2680 3262 2719 secum.
3301 2665 3363 2718 At
3395 2681 3459 2720 ex
3489 2666 3640 2720 omni

2025 2756 2412 2812 ecclesiasticae
2438 2755 2658 2810 familiae
2687 2771 2914 2810 numero
2943 2756 3052 2810 duo
3083 2763 3292 2810 tantum
3324 2757 3481 2826 pueri
3520 2757 3641 2826 ejus

2023 2846 2292 2917 obsequio
2331 2847 2699 2913 adhaeserunt,
2733 2861 2966 2917 quorum
3009 2846 3374 2900 Theodoenus
3412 2846 3639 2902 nomine

2026 2939 2125 3002 illi,
2162 2939 2255 3010 qui
2315 2939 2526 3010 primus
2556 2939 2774 3009 scripsit
2815 2939 2989 2994 Vitam
3043 2939 3216 2994 sancti
3257 2939 3380 3001 viri,
3439 2940 3642 2995 relator

2028 3045 2193 3083 verax
2241 3036 2294 3083 et
2351 3029 2508 3084 testis
2560 3029 2794 3084 idoneus
2843 3045 3073 3099 operum
3124 3030 3244 3098 ejus
3292 3029 3392 3083 fuit
3436 3028 3636 3100 (1030).

1958 3101 2164 3174 CEcce
2207 3119 2473 3173 habemus
2503 3119 2678 3174 virum
2725 3119 2794 3173 ad
2848 3118 3128 3190 exemplar
3165 3119 3424 3174 virtutum
3465 3119 3641 3174 omni-

2026 3209 2128 3264 bus
2182 3209 2551 3280 pr0positum,
2611 3209 2705 3280 qui
2747 3208 2948 3275 sciens,
2991 3208 3124 3279 quid
3175 3209 3353 3264 solum
3391 3224 3640 3264 summus

2025 3299 2280 3372 Magister
2301 3316 2330 3352 a
2361 3316 2421 3353 se
2448 3299 2663 3354 discere
2691 3299 2995 3364 mandarat,
3017 3299 3073 3351 in
3107 3299 3414 3353 humilitate
3433 3299 3636 3367 cordis,

2024 3394 2078 3442 et
2126 3404 2181 3440 in
2214 3388 2480 3457 patientia
2505 3403 2604 3441 sua
2633 3387 2918 3458 qumrebat
2963 3387 3211 3458 requiem
3267 3387 3467 3442 anima)
3499 3403 3632 3442 suae.

2025 3479 2083 3532 lu
2123 3477 2440 3533 obedientia
2480 3492 2612 3532 vero
2639 3493 2698 3532 se
2731 3477 3006 3532 cohaeredi
3034 3492 3132 3532 suo
3166 3476 3376 3531 Christo
3414 3478 3636 3533 confor-
3668 3510 3675 3517 -

2023 3571 2227 3633 mabat,
2263 3571 2356 3642 qui
2387 3570 2632 3625 obedivit
2663 3569 2804 3624 Patri
2857 3585 3034 3641 usque
3074 3570 3142 3622 ad
3183 3575 3433 3624 mortem.
3468 3571 3638 3634 Quale

2024 3675 2178 3734 rogo,
2210 3667 2324 3714 erat
2348 3659 2539 3714 videre
2569 3659 2744 3713 virum
2773 3658 3020 3712 nobilem
3049 3666 3201 3726 natu,
3236 3658 3634 3714 nominabilem

2023 3752 2334 3819 sanctitate,
2378 3752 2666 3822 praesulem
2709 3750 2916 3818 officio,
2949 3751 3112 3806 rebus
3160 3750 3292 3806 olim
3330 3757 3634 3822 potentem,

2022 3847 2077 3900 in
2112 3847 2325 3902 tantillo
2359 3846 2624 3917 temporis
2650 3851 2905 3919 agentem
2945 3845 3058 3914 jam
3093 3845 3382 3916 probatum
3435 3861 3634 3901 mona-

2019 3940 2204 4005 chum,
2237 3939 2384 4011 quod
2412 3939 2501 3992 vix
2527 3938 2766 4009 quilibet
2808 3937 2948 3992 alter
2998 3944 3186 4008 posset
3214 3938 3435 4009 assequi
3465 3938 3635 3994 multa

2019 4047 2289 4087 annorum
2316 4032 2621 4103 quantitate
2653 4030 2681 4084 1’

2087 4125 2174 4180 2l.
2221 4125 2295 4179 Re
2336 4141 2464 4179 vera
2503 4141 2613 4180 non
2640 4141 2766 4179 eum
2801 4124 2924 4194 plus
2955 4125 3126 4180 nimio
3171 4141 3257 4180 res
3286 4125 3633 4182 delectavere

299 4206 394 4278 qui
424 4224 524 4278 pro
573 4209 820 4264 veritatis
861 4210 1186 4266 defensione
1229 4211 1482 4283 clypeum
1526 4213 1654 4267 fidei
1685 4214 1917 4269 auderet
2017 4221 2296 4286 secundae,
2347 4236 2510 4292 quem
2553 4227 2776 4275 mutatae
2842 4236 2951 4276 non
2998 4227 3420 4291 quassaverunt:
3488 4237 3630 4276 nun-

299 4299 510 4373 erigere
559 4302 813 4372 exemplo
860 4303 946 4356 vel
1007 4303 1268 4358 instinctu
1329 4305 1628 4372 Lantberti,
1676 4307 1769 4377 qui
1803 4322 1915 4376 prae
2016 4327 2179 4381 quam
2209 4310 2358 4363 enim
2390 4309 2660 4364 amittitur
2685 4310 2805 4363 sine
2845 4309 3058 4376 dolore,
3089 4310 3237 4379 quod
3282 4325 3404 4362 cum
3440 4326 3629 4366 amore

299 4392 516 4447 caeteris
545 4401 600 4447 et
647 4408 744 4464 pro
788 4395 1002 4449 caeteris
1040 4395 1268 4449 liberius
1311 4396 1596 4464 injustitiaa
1642 4399 1922 4453 adversari
1948 4391 2352 4473 Dpossidetur.
2389 4401 2488 4465 Qui
2511 4401 2681 4470 cupit,
2715 4399 2806 4453 ille
2847 4400 3012 4454 etiam
3060 4400 3282 4453 metuit:
3313 4401 3404 4470 qui
3437 4401 3632 4456 metuit

299 4483 560 4553 audebat,
621 4501 814 4540 omnes
856 4487 1095 4542 diaboli
1146 4488 1450 4558 complices
1518 4489 1811 4564 insurgunt
1859 4491 1917 4544 in
2019 4511 2301 4566 nunquam
2335 4493 2473 4546 liber
2503 4492 2588 4547 vel
2619 4507 2848 4546 securus
2900 4490 3029 4544 vivit
3065 4491 3265 4560 (1031).
3301 4491 3629 4546 Lantbertus

301 4576 675 4642 Lantbertum,
709 4579 953 4634 veritatis
1005 4580 1263 4644 amicum,
1297 4588 1353 4634 et
1399 4582 1745 4637 concinnatis
1777 4582 1916 4651 inju-

300 4665 460 4720 stitim
504 4667 707 4734 causis,
757 4684 879 4722 eum
911 4669 978 4722 ah
1020 4669 1341 4740 episcOpatu
1385 4669 1671 4740 deponunt
1710 4670 1906 4740 (1028).

303 4759 491 4814 Fertur
521 4758 866 4816 Coloniensis
907 4761 1203 4832 episcopus
1229 4761 1575 4832 conspirasse
1627 4763 1756 4817 huic
1784 4780 1912 4833 pra-

299 4867 490 4907 vorum
543 4851 801 4917 factioni;
859 4852 952 4924 qui
985 4853 1150 4908 etiam
1208 4853 1470 4908 clericum
1502 4853 1749 4909 ecclesiae
1796 4871 1909 4910 sum

374 5047 550 5116 (1025)
581 5048 807 5103 Videtur
832 5045 1434 5120 patriarcharnloseph
1478 5048 1792 5120 designare,
1847 5049 1917 5103 de

301 5133 412 5189 quo
436 5119 489 5172 in
511 5120 708 5174 Genesi
725 5118 846 5190 cap.
871 5136 1052 5173 xxxvii
1067 5161 1076 5180 ,
1094 5126 1126 5176 γ
1144 5119 1174 5174 3
1198 5118 1426 5193 legitur:
1449 5118 1692 5189 Fecitgjue
1717 5121 1914 5190 (pater)

298 5193 349 5244 ei
389 5194 626 5247 tunicam
653 5193 992 5261 polymitam.

373 5263 555 5330 (1026)
585 5265 732 5317 Hanc
755 5279 946 5318 vocem
977 5261 1059 5315 sic
1087 5261 1325 5327 restitui,
1355 5277 1476 5316 cum
1503 5262 1555 5314 in
1588 5277 1690 5315 ms.
1728 5268 1914 5316 nostro

295 5341 506 5416 tantum
559 5335 874 5416 legeretur:
924 5335 1161 5414 mode-ra,
1203 5333 1406 5388 omisso
1447 5333 1652 5387 deinde
1699 5332 1915 5388 duabus

293 5413 386 5458 aut
417 5405 809 5460 tribuslitteris
833 5406 1010 5475 spatio
1043 5420 1236 5459 vacuo.

369 5476 544 5545 (1027)
577 5479 678 5532 Pro
707 5479 954 5530 valebunt
988 5477 1039 5529 in
1064 5481 1322 5530 contextu
1347 5476 1552 5541 deleto,
1587 5476 1639 5528 in
1667 5476 1914 5549 margine

297 5548 405 5603 alia
437 5566 602 5603 manu
637 5549 933 5618 ascriptum
962 5556 1043 5602 est
1064 5549 1312 5602 -z:oleutes.

373 5621 558 5690 (1028)
615 5621 744 5674 itam
788 5617 1292 5690 pseudosynodum,
1343 5619 1393 5672 in
1436 5635 1544 5690 qua
1594 5617 1646 5671 S.
1711 5618 1907 5673 Leode-

299 5693 485 5763 garius
523 5691 1039 5765 Augustodunensis
1066 5691 1363 5760 episc0pus
1398 5691 1740 5760 iniquissime
1771 5706 1912 5746 con-

2019 4590 2205 4638 noster
2230 4581 2367 4635 nihil
2397 4581 2586 4634 mundi
2609 4579 2783 4632 doluit
2815 4579 3072 4648 perdere,
3096 4579 3225 4649 quia
3257 4579 3393 4633 nihil
3413 4595 3625 4636 concu-

2017 4675 2178 4744 pivit;
2205 4691 2266 4728 ac
2297 4689 2395 4743 per
2417 4673 2520 4726 hoc
2540 4687 2758 4740 semper
2783 4685 3009 4724 securus
3039 4671 3122 4724 sui
3156 4669 3277 4736 fuit,
3307 4678 3363 4725 et
3400 4670 3542 4726 liber
3570 4672 3626 4726 in

2015 4763 2246 4818 Christo.
2303 4763 2525 4816 Amotus
2579 4761 2647 4814 ab
2712 4760 3033 4830 episcopatu
3099 4776 3198 4830 per
3253 4761 3574 4829 injustitiam
3607 4805 3621 4825 ,

2013 4856 2234 4927 quando
2269 4853 2634 4924 expostulavit
2661 4852 2728 4906 de
2771 4852 3008 4923 irrogata
3045 4851 3151 4906 sibi
3186 4853 3428 4921 injuria?
3457 4854 3624 4918 Quam

2020 5051 2312 5103 demnatus
2370 5047 2469 5102 fuit
2517 5047 2726 5118 aliquot
2754 5046 2914 5101 annis
2969 5047 3170 5109 serius,
3219 5046 3348 5100 dum
3407 5052 3628 5118 sanctus

2020 5127 2208 5174 noster
2236 5119 2500 5174 Stabuleti
2521 5117 2631 5190 jam
2664 5119 2957 5185 exsularet,
3020 5118 3262 5172 habitam
3313 5132 3457 5181 esse,
3487 5117 3630 5172 dixi-

2019 5209 2157 5245 mus.

2087 5263 2264 5332 (1029)
2322 5263 2724 5317 Faramundum
2778 5262 2831 5315 in
2891 5261 3068 5314 sancti
3131 5259 3378 5330 episcopi
3437 5256 3627 5332 sedem

2016 5334 2205 5406 inique
2237 5336 2506 5389 intrusum
2541 5335 2728 5399 fuisse,
2771 5333 2972 5387 docent
3003 5332 3167 5406 etiam
3215 5331 3627 5406 Godeschalcus

2015 5415 2069 5460 et
2097 5403 2439 5477 Stephanus;
2475 5407 2568 5458 sed
2599 5413 2793 5459 neuter
2823 5419 3016 5477 eorum
3053 5405 3291 5477 aliquem
3323 5403 3623 5477 Colonien-

2014 5494 2127 5531 sem
2157 5474 2637 5546 archiepiscomim
2673 5477 2792 5544 ejus
2821 5474 3048 5528 sceleris
3070 5491 3220 5528 reum
3246 5475 3391 5529 facit.

2090 5551 2270 5614 (1030)
2309 5551 2382 5602 ita
2409 5551 2525 5618 ipse
2553 5566 2617 5601 ex
2646 5549 2762 5602 Vita
2792 5547 3138 5618 primanum.
3179 5547 3231 5600 6.

2084 5621 2260 5691 (1031)
2293 5623 2349 5674 ln
2374 5617 2620 5693 margine
2661 5636 2758 5674 ms.
2809 5617 2976 5671 nostri
3016 5635 3113 5687 pro
3141 5620 3298 5683 vivit,
3327 5618 3432 5673 alia
3461 5635 3626 5672 manu

2014 5703 2236 5748 notatur
2262 5696 2383 5747 erit.
