3948 6044
311 210 412 264 791

1678 192 2016 253 SIGEBERTI
2059 191 2567 248 GEMBLACENSIS.

3556 200 3666 256 ’192

311 340 609 411 appellavit
660 336 998 408 personam?
1039 336 1115 389 Ad
1147 335 1306 404 cujus
1337 351 1396 390 se
1440 296 1774 390 audientiam
1831 329 1924 384 ad-
1960 329 2008 397 Α
2036 326 2173 382 Dei?
2202 348 2231 377 ι)
2282 327 2446 384 solito
2494 327 2658 384 citius
2697 335 2917 385 cantum
2977 327 3184 383 dabant
3233 329 3382 403 galli.
3442 332 3661 390 Fratres

314 427 488 482 dixit?
520 423 610 480 Cui
639 425 965 496 jurisperito
1005 440 1160 478 suam
1191 424 1706 480 commisitcausam
1729 423 1757 476 ?
1789 421 1924 476 Nul-

313 516 424 570 lum
457 529 627 586 regno
675 514 760 567 vel
791 512 1046 566 Ecclesiae
1081 513 1400 568 scandalum
1442 513 1760 578 concitavit,
1816 525 1930 564 suae

314 604 485 658 ruinae
518 602 720 656 nullius
747 601 921 656 voluit
951 601 1188 656 miscere
1223 602 1457 656 ruinam.
1501 602 1612 657 Soli
1653 602 1763 655 Deo
1805 616 1932 654 cau-

312 709 426 748 sam
472 708 624 746 suam
683 691 954 758 revelans,
1015 689 1256 756 dicebat,
1304 690 1452 761 quod
1503 689 1669 744 Filius
1725 688 1820 744 Dei
1865 687 1933 742 ad

317 786 527 840 Patrem
559 783 779 838 diccbat
809 799 907 853 per
931 782 1290 852 Prophetam:
1322 803 1345 832 (ι
1384 783 1644 856 Exsurge,
1682 781 1932 847 Domine,

319 885 374 932 et
415 875 641 931 intende
693 875 903 944 judicio
962 890 1107 939 meo,
1158 875 1300 928 Deus
1349 891 1504 928 meus
1572 881 1626 928 et
1668 873 1935 928 Dominus

318 987 492 1032 meus,
528 970 583 1023 in
615 985 834 1024 causam
867 985 1070 1023 meam.
1124 989 1147 1019 ι)
1189 968 1308 1022 Jam
1364 983 1513 1022 nunc
1563 967 1849 1021 videamus
1877 965 1931 1020 in

321 1076 434 1115 uno
454 1059 769 1113 testimonio
801 1057 1155 1122 obedientize,
1187 1073 1349 1128 quam
1389 1057 1657 1110 aestimata
1682 1055 1752 1109 sit
1780 1055 1936 1109 Lant-

323 1152 462 1206 berti
507 1150 834 1206 coenobialis
890 1149 1254 1204 conversatio.
1296 1148 1550 1202 Tendens
1595 1163 1813 1216 semper
1865 1147 1932 1201 ad

321 1243 740 1314 perfectionem,
766 1243 1000 1316 augebat
1029 1240 1234 1311 aliquid
1268 1240 1336 1294 ad
1364 1256 1478 1294 sua:
1507 1238 1784 1293 servitutis
1805 1254 1936 1293 sen-

321 1356 465 1403 sum,
498 1339 700 1402 sciens,
741 1336 1014 1408 quidquid
1045 1341 1489 1408 supererogaret,
1520 1350 1550 1388 a
1588 1349 1716 1389 vero
1746 1334 1932 1388 Sama-

321 1431 497 1484 ritano
527 1429 633 1482 sibi
675 1428 1016 1482 reddendum
1059 1442 1198 1481 esse.
1231 1426 1386 1481 Unde
1416 1426 1674 1480 noctibus
1704 1426 1936 1481 canoni-

323 1539 414 1578 cas
441 1522 658 1596 vigilias
687 1521 1058 1591 praeveniens,
1086 1519 1332 1575 solvebat
1361 1521 1469 1575 Deo
1504 1519 1742 1590 privatas
1779 1537 1940 1575 excu-

326 1612 471 1666 bias.

392 1701 480 1755 22.
503 1701 576 1754 Ad
611 1701 716 1755 hoc
741 1716 851 1754 una
878 1701 1118 1755 noctium
1151 1700 1476 1756 dormitorlo
1506 1700 1698 1756 volens
1727 1701 1938 1772 egredi,

325 1790 651 1862 inquietavit
679 1789 872 1844 fratres
898 1789 1254 1856 dormientes,
1289 1789 1461 1843 altero
1487 1789 1734 1844 sandalio
1765 1806 1794 1843 a
1826 1806 1942 1844 ma-

325 1898 396 1936 nu
429 1880 535 1934 sibi
565 1881 752 1950 elapso
779 1897 791 1932 :
826 1879 919 1950 qui
949 1879 1153 1945 sciens,
1186 1878 1335 1949 quod
1363 1895 1426 1932 ex
1455 1895 1687 1932 censura
1721 1878 1941 1952 Regula:

325 1975 556 2030 deberet
593 1975 745 2028 adire
773 1989 1017 2040 crucem,
1053 1973 1144 2044 qui
1185 1975 1412 2028 fratrum
1449 1974 1690 2046 quietem
1725 1975 1940 2029 turbas-

323 2070 427 2130 set,
459 2063 640 2117 statim
674 2063 742 2116 ad
789 2069 980 2117 nutum
1005 2061 1345 2133 indignantis
1398 2063 1610 2117 abbatis
1641 2062 1823 2134 (1032)
1859 2064 1942 2118 le-

325 2164 412 2210 cto
431 2155 686 2220 exsilivit,
711 2161 764 2209 et
790 2155 1059 2222 sandalia,
1086 2163 1141 2210 et
1178 2171 1300 2226 quae
1341 2155 1649 2210 habebatin
1685 2156 1940 2210 manibus

324 2244 668 2314 relinquens,
701 2260 812 2298 uno
843 2252 1052 2299 tantum
1104 2260 1302 2315 aspero
1339 2245 1516 2300 cilicio
1548 2246 1792 2312 indutus,
1827 2263 1935 2300 nu-

325 2335 409 2388 dis
442 2335 678 2405 pedibus
709 2334 1078 2402 discalciatus,
1113 2342 1167 2390 et
1206 2351 1346 2407 pene
1371 2337 1554 2390 nudus
1587 2354 1808 2392 crucem
1841 2340 1936 2392 ad-

326 2424 442 2478 ivit.
482 2424 604 2478 llaec
640 2441 772 2478 crux
801 2424 1017 2495 lapidea
1057 2425 1204 2480 inter
1236 2425 1534 2480 oratorium
1567 2433 1619 2481 et
1669 2427 1939 2483 dormito-

327 2520 465 2573 rium
499 2525 616 2573 erat
658 2526 880 2575 statuta.
906 2519 1022 2572 Filii
1056 2519 1223 2574 lsrael
1263 2520 1319 2574 in
1361 2521 1581 2577 deserto
1607 2522 1678 2578 ob
1717 2523 1937 2576 taedium

327 2613 478 2685 longi
516 2612 730 2667 itineris
759 2629 824 2668 ac
864 2613 1069 2668 laboris
1111 2626 1540 2681 murmurantes,
1601 2625 1656 2672 at
1695 2634 1792 2688 pro
1841 2619 1941 2674 hac

327 2717 468 2758 noxa
495 2702 852 2772 percussione
895 2703 1192 2776 ignitorum
1221 2706 1562 2774 serpentium
1613 2716 1935 2776 pereuntes,

324 2793 662 2849 sanabantur
680 2793 748 2848 ab
777 2801 1001 2865 aspectu
1031 2795 1171 2850 aenei
1202 2796 1498 2865 serpentis,
1531 2797 1583 2851 in
1611 2796 1786 2869 figura
1817 2814 1943 2854 cru-

325 2887 584 2962 cifigendi
623 2881 753 2941 Filii
780 2888 1020 2943 hominis
1077 2904 1108 2942 a
1138 2888 1321 2959 Moyse
1366 2905 1464 2959 pro
1491 2890 1649 2962 signo
1693 2891 1934 2946 exaltati.

325 2979 403 3034 Ad
432 2980 578 3034 hunc
608 2980 830 3034 modum
863 2979 1130 3034 credibile
1157 2987 1260 3045 est,
1289 2980 1430 3034 hanc
1458 2997 1681 3052 quoque
1713 2997 1932 3036 crucem
1960 3009 2008 3076 Ο

326 3071 599 3142 prosigno
643 3071 873 3141 positam
914 3070 1108 3139 fuisse,
1141 3078 1201 3126 ut
1238 3072 1303 3125 ad
1347 3079 1632 3142 aspectum
1665 3072 1813 3127 illius
1854 3074 1931 3141 lii,

322 3161 416 3232 qui
456 3167 613 3216 erant
649 3159 865 3223 Christi,
903 3176 1124 3215 carnem
1168 3177 1321 3215 suam
1364 3162 1753 3236 cruciﬁgerent
1810 3179 1932 3218 cum

318 3256 468 3311 vitiis
499 3266 554 3311 et
597 3255 1090 3326 concupiscentiis;
1135 3263 1191 3311 et
1220 3257 1263 3310 si
1296 3257 1386 3328 qui
1421 3257 1639 3327 pertaesi
1669 3257 1818 3333 longi
1849 3259 1929 3313 la-

321 3346 471 3401 boris
515 3346 570 3400 in
615 3347 700 3401 via
727 3346 821 3400 Dei
851 3345 1207 3413 lacesserent,
1250 3347 1318 3401 ad
1350 3354 1631 3418 aspectum
1665 3349 1842 3402 crucis
1868 3365 1934 3403 ex

318 3446 491 3494 morte
524 3438 719 3494 Christi
777 3438 1253 3513 longanimitatem
1315 3439 1435 3510 spei
1468 3448 1833 3507 resumerent,
1877 3449 1934 3495 et

317 3533 396 3588 sic
426 3531 599 3605 ignita
635 3529 851 3602 antiqui
878 3532 1154 3601 serpentis
1180 3547 1394 3587 venena
1428 3531 1751 3604 effugerent.

386 3625 474 3680 25.
507 3623 834 3679 Lantbertus
864 3639 995 3696 ergo
1027 3624 1220 3678 eadem
1254 3624 1540 3694 patientia,
1572 3624 1765 3679 eadem
1797 3625 1934 3680 obe-

319 3721 546 3786 dientia,
579 3736 686 3791 qua
723 3719 969 3773 Christus
999 3720 1248 3774 obedivit
1286 3720 1426 3774 Patri
1457 3736 1627 3791 usque
1677 3721 1746 3774 ad
1785 3737 1937 3776 mor-

317 3820 426 3868 tem
459 3811 638 3867 crucis
667 3810 870 3881 (1033),
903 3825 1124 3864 crucem
1165 3809 1320 3875 adiit,
1376 3811 1443 3864 ad
1478 3827 1663 3881 quam
1721 3813 1924 3868 addicti

319 3899 650 3972 regulariter
691 3899 1056 3968 pmnitebant,
1098 3900 1144 3954 si
1196 3901 1320 3970 quis
1357 3901 1723 3974 graviusculis
1752 3904 1928 3974 culpis

319 3987 757 4057 delinquebant;
809 3986 994 4056 ibique
1036 3987 1260 4056 psalmis
1303 3996 1357 4043 et
1416 3990 1633 4060 hymnis
1685 3992 1929 4048 intentus

269 4153 276 4160 ι
321 4077 680 4150 pernoctabat
704 4076 1020 4132 immobilis.
1047 4077 1236 4150 Frigus
1269 4081 1446 4135 noctis
1475 4081 1624 4136 illius
1649 4084 1778 4156 gelu
1800 4101 1929 4139 exa-

319 4171 662 4242 sperabatur,
702 4177 757 4225 et
787 4170 877 4224 nix
907 4186 1031 4224 cum
1075 4171 1223 4245 larga
1271 4171 1560 4238 deflueret,
1604 4190 1714 4229 non
1747 4183 1929 4233 tamen

319 4267 462 4321 ultra
483 4266 620 4322 talos
649 4265 898 4336 praesulis
924 4266 1256 4321 ascendebat
1287 4267 1489 4335 (1034).
1539 4270 1670 4325 Tota
1702 4289 1930 4342 prorsus

2031 424 2266 490 surgunt
2314 418 2382 472 ad
2437 419 2758 490 prmscripta
2795 419 3102 494 vigiliarum
3164 419 3376 485 munia,
3425 432 3478 476 et
3534 433 3663 494 post

2032 514 2149 568 haec
2175 513 2399 568 domum
2421 513 2767 588 introgressi,
2796 514 3108 569 accendunt
3134 514 3318 588 ignem
3343 517 3654 586 e0piosum.

2035 605 2182 658 inter
2210 603 2649 659 calefaciendum
2676 605 2843 659 abbas
2867 604 3118 675 inquirit,
3146 605 3370 659 ubinam
3395 607 3464 662 sit
3493 608 3658 663 Lant-

2035 693 2239 758 bertus,
2284 694 2379 765 qui
2411 694 2636 749 fratrum
2673 694 2969 749 conventui
3010 693 3170 748 desit.
3226 694 3379 750 Unus
3427 695 3654 752 fratrum

2036 783 2190 848 dixit,
2223 784 2575 838 Lantbertum
2609 800 2753 852 esse,
2801 784 2893 856 qui
2928 784 3167 856 regulari
3192 783 3409 852 judicio
3441 804 3542 858 per
3568 788 3656 844 in—

2036 883 2364 947 tempestam
2398 884 2616 932 noctem
2650 876 2719 930 ad
2744 892 2966 932 crucem
2997 876 3066 930 sit
3091 876 3370 933 addictus.

2104 966 2194 1020 24.
2240 965 2422 1020 Abbas
2471 965 2805 1036 expavescit,
2849 972 2901 1020 et
2943 966 3020 1020 ire
3073 964 3267 1020 fratres
3315 967 3379 1021 ad
3409 983 3536 1023 eum
3570 986 3660 1024 re-

2036 1055 2342 1110 vocandum
2398 1065 2580 1130 urget.
2623 1056 2788 1122 Eunt,
2843 1071 3086 1127 eumque
3141 1064 3429 1112 canentem
3486 1058 3666 1115 offen-

2036 1143 2173 1198 dunt
2217 1143 2432 1215 (1035):
2470 1167 2489 1195 α
2528 1144 2628 1200 Cor
2681 1145 2976 1200 contritum
3029 1156 3084 1201 et
3139 1147 3483 1203 humiliatum
3518 1151 3662 1205 Deus

2039 1249 2149 1288 non
2175 1235 2403 1304 spernit.
2444 1255 2468 1286 ››
2508 1235 2580 1290 Eo
2620 1243 2905 1301 revocato,
2937 1234 3247 1290 advolvitur
3275 1236 3397 1306 ejus
3426 1239 3664 1313 genibus

2037 1326 2209 1380 abbas
2251 1335 2304 1381 et
2347 1327 2531 1382 omnis
2577 1326 2954 1401 congregatio.
3011 1326 3194 1382 Abbas
3229 1343 3290 1382 se
3343 1329 3556 1385 incusat
3607 1339 3663 1387 et

2038 1419 2254 1490 culpam
2303 1435 2589 1486 excusans,
2629 1420 2848 1474 veniam
2882 1419 2951 1473 de
2983 1418 3292 1491 ignorantia
3317 1421 3404 1476 vel
3445 1423 3655 1478 intem-

2040 1515 2288 1586 perantia
2320 1514 2581 1584 postulat.
2634 1515 2958 1569 Lantbertus
2997 1520 3290 1570 accusator
3319 1516 3403 1570 sui
3428 1517 3663 1588 imputat

1968 1607 2141 1701 Bsibi
2187 1608 2426 1676 culpam,
2473 1607 2609 1660 nihil
2645 1622 2767 1661 esse
2807 1606 3026 1671 dicens,
3067 1607 3217 1677 quod
3262 1607 3344 1662 eis
3393 1608 3663 1682 ignoscat.

2044 1700 2260 1753 Fratres
2281 1699 2684 1754 benevolentiae
2713 1698 2835 1767 ejus
2864 1707 3297 1769 recompensant
3326 1701 3579 1774 gratiam,
3613 1713 3669 1758 et

2045 1790 2400 1844 balneumilli
2436 1797 2712 1860 parantes,
2746 1790 3074 1844 vestimenta
3095 1790 3215 1858 ejus
3245 1800 3476 1846 mutant.
3524 1794 3662 1850 inde

2044 1899 2240 1937 manus
2297 1883 2417 1951 ejus
2468 1883 2757 1954 pedesque
2807 1883 3213 1948 exosculantes,
3272 1892 3559 1957 gratantur
3611 1887 3664 1942 ei

2042 1971 2333 2027 unanimes
2391 1973 2658 2039 dicentes,
2717 1973 2823 2026 hoc
2872 1970 3072 2026 factum
3106 1989 3226 2027 esse
3268 1989 3365 2044 pro
3400 1975 3522 2042 ejus
3562 1993 3668 2031 au-

2041 2063 2222 2134 genda
2251 2061 2446 2136 gloria.
2501 2060 2763 2135 Egregius
2819 2076 2948 2116 vero
3009 2061 3229 2131 praesul,
3290 2063 3551 2132 expansis
3603 2065 3664 2120 in

2041 2158 2240 2213 cmlum
2271 2157 2550 2223 manibus,
2581 2155 2780 2210 fratres
2808 2155 2886 2210 sic
2921 2155 3234 2210 benedixit:

2040 2248 2078 2304 Ο
2107 2249 2251 2303 Deus
2279 2247 2657 2319 omnipotens,
2692 2247 2946 2303 coelestia
2985 2247 3195 2302 lumine
3227 2249 3534 2319 complens,

2041 2342 2140 2408 Qui
2169 2343 2394 2409 coelum,
2422 2348 2616 2410 terras,
2651 2343 2836 2413 polum
2870 2342 3082 2397 ditione
3112 2343 3407 2416 gubernas,

2042 2436 2107 2490 Ut
2131 2435 2242 2490 sint
2270 2442 2468 2489 cuncta
2490 2434 2598 2490 tuis
2631 2435 2685 2488 in
2709 2442 2962 2506 tempore
2993 2433 3214 2489 subdita
3247 2435 3410 2505 votis,

2042 2523 2166 2590 Hos,
2193 2538 2452 2594 exposco,
2472 2532 2594 2578 tuos
2619 2522 2857 2578 benedic
2885 2538 2983 2592 per
3010 2522 3216 2578 saecula
3239 2539 3450 2598 servos,

2041 2617 2273 2691 Protege
2299 2616 2368 2670 ab
2397 2616 2632 2682 insidiis,
2666 2631 2824 2670 serva
2854 2617 3152 2673 virtutibus
3181 2619 3363 2683 almis,

2044 2708 2226 2762 Donec
2258 2715 2310 2761 te
2337 2707 2580 2773 videant,
2625 2715 2681 2762 et
2707 2707 2833 2762 C(Bli
2857 2724 3026 2781 regna
3056 2710 3425 2780 prehendant,

2041 2796 2115 2850 Te
2146 2795 2446 2863 tribuente,
2487 2796 2653 2859 Deus,
2685 2795 2780 2866 qui
2830 2812 2976 2852 nunc
3014 2804 3068 2852 et
3097 2815 3320 2869 semper
3365 2799 3420 2852 in
3474 2814 3648 2852 aevum

2043 2885 2101 2939 In
2135 2884 2334 2956 triplici
2370 2884 2571 2939 virtute
2602 2883 2679 2938 tui
2711 2883 3040 2940 benedictus
3070 2885 3296 2941 haberis
3325 2886 3522 2957 (1036).

2681 2994 2890 3049 CAPUT
2928 2996 3019 3050 III.

2036 3089 2300 3145 Sanctit'n
2337 3087 2514 3141 sedem
2541 3103 2695 3142 suam
2732 3090 3020 3153 restitutio,
3062 3092 3110 3144 et
3137 3105 3270 3144 cura
3298 3093 3599 3159 pastoralis
3636 3109 3649 3144 :

2107 3159 2392 3213 Tamandm’
2420 3160 2489 3213 ab
2529 3161 2686 3214 idolis
2703 3161 2778 3213 ad
2810 3161 3090 3216 Christum
3115 3161 3342 3216 adducti
3371 3181 3383 3216 :
3421 3165 3476 3220 S.
3505 3165 3654 3219 Lan-

2104 3231 2294 3286 dradce
2321 3231 2600 3300 sepultura
2627 3247 2724 3300 per
2750 3234 2926 3302 ipsum
2944 3234 3204 3287 miraculo
3236 3235 3403 3289 claro.

2103 3338 2191 3393 25.
2228 3338 2451 3392 Evoluto
2482 3339 2796 3408 septennio,
2818 3339 3038 3394 tandem
3069 3339 3351 3395 Altissimo
3375 3341 3650 3410 placebat,

2035 3436 2092 3483 ut
2134 3435 2257 3498 post
2297 3427 2580 3482 horridam
2613 3433 2666 3482 et
2695 3427 2966 3482 diutinam
2996 3434 3382 3498 tempestatem
3414 3430 3539 3484 cmli
3572 3430 3656 3484 fa-

2033 3519 2173 3573 ciem
2229 3524 2534 3572 serenaret.
2589 3514 2861 3588 Pippinus
2931 3517 3232 3585 secundus,
3288 3518 3547 3591 Angisisii
3605 3527 3661 3574 et

2038 3611 2232 3684 Begga:
2282 3609 2459 3679 (1037)
2498 3607 2644 3662 filius
2693 3608 2788 3662 ubi
2821 3617 3070 3675 cunctos,
3113 3609 3209 3680 qui
3260 3609 3400 3664 inter
3429 3626 3489 3665 se
3522 3626 3660 3665 con-

2036 3698 2299 3755 certando
2319 3697 2599 3752 Franciam
2635 3697 3042 3762 discindebant,
3064 3698 3299 3752 viriliter
3328 3698 3479 3765 vicit,
3512 3699 3666 3754 solus

2035 3789 2136 3843 sub
2196 3786 2537 3842 Theoderico
2585 3803 2713 3861 rege
2771 3787 3138 3858 principatum
3192 3788 3358 3843 totius
3422 3789 3664 3844 Francia}

2037 3880 2298 3947 obtinuit,
2345 3885 2400 3933 et
2433 3879 2812 3950 perturbatum
2860 3879 3014 3953 regni
3051 3885 3107 3934 et
3137 3879 3394 3935 Ecclesiae
3457 3888 3659 3935 statum

2038 3971 2316 4043 disposuit
2336 3971 2651 4026 meliorare.
2683 3970 2778 4025 Cui
2812 3971 2954 4026 inter
2980 3971 3089 4025 alia
3121 3971 3238 4026 hac
3267 3970 3454 4025 laudis
3479 3979 3661 4028 mate-

2037 4069 2146 4122 ries
2191 4066 2458 4123 occurrit:
2499 4066 2863 4136 Trajectensis
2914 4066 3290 4122 mercenarius
3346 4068 3654 4122 Faramun-

2036 4164 2138 4218 dus
2164 4163 2382 4217 tandem
2405 4162 2552 4230 justa
2579 4161 2711 4216 cleri
2740 4170 2795 4218 et
2825 4163 3013 4234 pepuli
3033 4162 3322 4217 abdicatus
3349 4163 3658 4231 sententia,

2035 4274 2145 4314 non
2192 4265 2398 4313 tantum
2440 4257 2506 4310 ab
2560 4256 2802 4311 Ecclesia
2831 4257 3193 4326 Trajectensi,
3235 4258 3333 4312 sed
3393 4257 3560 4311 etiam
3594 4274 3660 4312 ex

321 4355 574 4410 hiemalis
603 4355 772 4409 facies
801 4355 968 4408 nimis
995 4355 1255 4410 horrebat
1280 4375 1292 4410 :
1325 4357 1422 4412 sed
1463 4358 1554 4412 ille
1581 4358 1924 4426 mitissimus,

2045 4360 2140 4409 ,ota
2184 4352 2466 4422 provincia
2494 4350 2787 4422 expellitur
2837 4351 3044 4418 (1038).
3093 4351 3244 4406 Illico
3301 4351 3552 4407 omnium
3585 4352 3657 4406 ad

319 4446 447 4517 quia
476 4446 704 4502 ardebat
733 4445 891 4517 plane
918 4445 1148 4500 interius
1194 4446 1414 4501 ﬂamma
1454 4448 1720 4504 Paracleti
1761 4449 1934 4520 Spiri-

319 4543 426 4596 tus.
481 4535 686 4591 idcirco
715 4535 956 4590 exterius
1003 4534 1224 4608 frigoris
1264 4552 1374 4591 non
1407 4538 1579 4592 sensit
1634 4539 1927 4595 cruciatus.

321 4625 522 4680 C(elum
557 4626 678 4693 ejus
707 4626 882 4694 patuit
913 4624 1195 4694 precibus,
1223 4635 1279 4680 et
1322 4627 1497 4682 oratio
1529 4627 1596 4681 ad
1655 4614 1931 4699 supernos

318 4720 572 4790 pervenit
623 4719 862 4775 auditus.
927 4721 1049 4790 lpso
1131 4721 1352 4776 interim
1425 4733 1663 4779 canente
1709 4742 1926 4781 versum

318 4809 513 4880 psalmi
567 4831 594 4854 »ι
636 4809 862 4873 Quando
891 4810 1106 4864 veniam
1140 4817 1195 4865 et
1222 4813 1503 4882 apparebo
1553 4819 1681 4869 ante
1731 4814 1926 4872 faciem

389 5000 1021 5074 (lO32lGodeschalcus,
1046 5003 1138 5074 qui
1170 5003 1223 5058 id
1255 5021 1322 5058 ex
1360 5006 1700 5063 Theodoeno
1731 5007 1926 5062 audire

316 5074 494 5150 potuit
533 5073 733 5150 diserte
773 5073 876 5150 ait,
913 5073 1192 5150 abbatem,
1238 5077 1347 5150 qui
1377 5077 1688 5148 ignorabat,
1737 5095 1768 5132 a
1817 5094 1926 5150 quo

317 5144 574 5218 strepitus
599 5145 691 5218 ille
721 5144 903 5218 editus
924 5153 1092 5218 esset,
1117 5144 1310 5202 hocita
1337 5144 1657 5218 imperasse.

387 5213 570 5293 (1033)
600 5217 659 5271 ld
696 5223 781 5271 est
821 5213 1016 5272 Christi
1048 5219 1381 5288 exemplum,
1416 5213 1690 5290 quantum
1724 5221 1928 5293 potuit,

320 5289 586 5343 imitatus.

388 5361 565 5444 (.1034?)
598 5359 810 5444 ﬁescio,
845 5360 994 5444 quod
1030 5360 1178 5444 nivis
1206 5361 1644 5444 prodigium,‘de
1674 5376 1797 5444 quo.
1826 5380 1928 5419 nec

316 5429 723 5502 Godeschalcus
752 5429 1217 5502 nec’Stephanus
1237 5429 1506 5499 meminit,
1547 5434 1639 5490 hic
1684 5429 1928 5491 indicare

314 5501 548 5573 voluerit
575 5500 915 5573 Sigebertus.

2034 4448 2230 4504 caelum
2266 4447 2476 4502 tollitur
2505 4446 2698 4513 oratio,
2731 4448 2978 4501 omnium
3009 4447 3076 4501 ad
3123 4447 3433 4517 principem
3467 4447 3661 4518 Pippi-

2035 4555 2162 4593 num
2196 4537 2398 4612 legatio
2429 4536 2712 4609 dirigitur,
2771 4551 2843 4590 ne
2875 4536 3110 4606 amplius
3147 4536 3526 4604 Trajectenses
3583 4536 3659 4607 pii

2033 4631 2203 4702 patris
2261 4629 2540 4685 Lantberti
2595 4636 2819 4684 careant
2857 4629 3076 4684 solatio.
3125 4629 3323 4684 Punito
3386 4629 3656 4684 divinitus

2031 4725 2270 4779 Absalon
2308 4723 2564 4778 invasere
2622 4720 2839 4792 paterni
2893 4721 3071 4793 regni,
3112 4729 3318 4793 quanta
3359 4737 3529 4791 super
3553 4722 3661 4776 hoc

2031 4817 2133 4873 fuit
2158 4815 2447 4871 exsultatio
2476 4815 2532 4868 in
2567 4813 2735 4868 lsrael
2777 4812 2985 4885 pepulo
3013 4813 3139 4880 Dei;
3185 4820 3338 4869 tanta
3369 4819 3499 4868 tunc
3537 4817 3658 4869 erat

2101 5005 2295 5130 (103g;
2329 5005 2436 5060 llos
2474 5019 2666 5059 versus
2711 5008 2990 5058 mutuatus
3026 5009 3109 5059 est
3147 5020 3213 5059 ex
3247 5003 3367 5058 Vita
3404 5001 3655 5057 secunda

2101 5095 2179 5130 .m.
2303 5117 2316 5129 .

2030 5095 2179 5134 num.
2225 5095 2316 5130 22.

2101 5149 2274 5221 (1037)
2307 5148 2359 5202 S.
2381 5145 2842 5221 _Begga,_Bippini
2874 5145 3181 5221 Lentiensis
3205 5145 3340 5221 filia,
3384 5145 3649 5221 Ansigisi,

2029 5219 2276 5293 Ansegisi
2308 5215 2667 5293 velAn'sigih
2691 5215 2846 5293 uxor.
2886 5226 2941 5293 et
2967 5218 3184 5289 Pippini
3220 5215 3499 5273 Heristalli
3522 5215 3652 5270 'ma-

2029 5301 2131 5357 ter,
2154 5288 2351 5346 colitur
2366 5290 2455 5344 die
2483 5288 2598 5344 xvn’
2616 5288 2954 5344 Decembris.

2103 5362 2277 5432 (1038)
2329 5361 2658 5416 Faramundi
2713 5360 3096 5432 expulsionem
3142 5360 3435 5430 sanctique
3487 5357 3649 5432 Lam-

2030 5429 2169 5490 berti
2221 5429 2274 5488 in
2313 5433 2506 5488 sedem
2538 5449 2689 5488 suam
2725 5431 3158 5496 restitutionem,
3190 5432 3259 5486 ad
3305 5429 3508 5486 annum
3540 5429 3639 5484 681

2021 5507 2107 5561 vel
2137 5506 2266 5572 682,
2300 5521 2408 5576 quo
2431 5511 2680 5575 tempore
2709 5503 2972 5576 Pippinus
3003 5503 3174 5576 solius
3201 5502 3649 5576 Austrasizema-

388 5572 566 5642 (1035)
592 5572 662 5625 ln'
701 5573 946 5648 margine
979 5590 1077 5628 ms.
1113 5589 1210 5644 pro
1257 5575 1554 5644 oﬂ'endunt,
1599 5577 1706 5632 alia
1735 5578 1918 5633 denuo
2015 5577 2254 5648 joratum
2288 5572 2744 5648 d'omusgerebat,
2771 5572 3119 5648 referendam
3145 5590 3266 5631 esse
3291 5572 3649 5630 ostendimus

317 5658 482 5697 manu
510 5649 729 5696 notatur
757 5645 1054 5699 attendunt.

2019 5646 2073 5704 in
2107 5646 2571 5718 Commentario§
2599 5647 2653 5714 6,
2687 5662 2853 5718 quem
2884 5646 3137 5704 consule.
