3948 6044
217 244 327 302 793

1468 247 1618 304 VlTA
1657 245 1916 304 ALTERA
1957 248 2012 305 S.
2056 245 2409 304 LAMBERTI.

3451 241 3558 308 794

216 372 409 429 lmtitia
430 372 637 445 populo
659 371 754 428 Dei
778 386 876 444 pro
907 371 1130 444 repulsa
1171 371 1443 427 invasoris
1480 371 1842 437 Faramundi;
1871 374 1921 443 Α
2015 368 2106 425 28.
2148 368 2320 424 Ηοῐηο
2350 383 2432 432 es,
2465 365 2595 437 quia
2641 364 2710 419 de
2751 363 2884 420 limo
2927 363 3434 434 (1040)p1asmatus
3477 378 3557 430 es,

215 469 273 517 et
306 467 513 518 tantum
545 460 634 516 isti
666 461 982 536 gestiebant
1028 477 1128 532 pro
1180 463 1491 518 revocando
1538 461 1832 518 Lantberto

215 551 286 604 ad
356 551 757 621 episcopatum,
842 556 1108 622 quantum
1166 550 1244 604 illi
1298 550 1682 606 laboraverant
1735 563 1835 622 pro

213 639 537 700 reducendo
609 638 775 694 David
822 638 879 692 in
962 654 1215 714 regnum.
1298 638 1480 694 Placet
1524 639 1674 707 justa
1737 654 1839 709 pe-

218 731 343 787 titio
389 730 652 803 principi,
706 737 762 785 et
817 729 984 786 edicit
1023 737 1298 802 pastorem
1351 731 1550 787 ovibus
1596 730 1712 786 suis
1752 746 1840 785 re-

215 823 392 879 stitui.

288 918 378 974 26.
436 918 512 972 Ita
550 917 711 972 miles
755 917 1020 973 emeritus
1090 917 1431 989 permaxima
1486 916 1841 972 tribulatione

217 1015 507 1083 purgatus,
542 1006 726 1062 ovium
757 1022 978 1061 suarum
1009 1005 1239 1062 vocibus
1265 1006 1550 1071 attollitur,
1589 1016 1642 1060 et
1663 1005 1719 1060 in
1751 1021 1839 1061 ca-

213 1099 415 1155 thedra
434 1098 864 1168 Trajectensium
896 1098 1164 1154 decenter
1192 1098 1483 1154 relocatur.
1528 1098 1592 1152 Et
1622 1097 1841 1164 merito,

213 1189 345 1261 quia
377 1189 432 1242 in
466 1188 631 1243 corde
654 1187 803 1242 illius
834 1194 950 1242 erat
981 1187 1276 1243 sinceritas
1294 1195 1348 1242 et
1369 1187 1507 1258 legis
1529 1187 1840 1258 plenitudo,

214 1284 274 1338 in
300 1298 397 1338 ore
429 1282 578 1337 illius
609 1281 810 1337 veritas
841 1291 959 1337 erat
1003 1290 1058 1337 et
1088 1282 1458 1353 pulchritudo.
1495 1282 1704 1347 Quanta
1745 1299 1842 1338 su-

211 1392 315 1447 per
344 1375 476 1447 ejus
519 1375 698 1430 reditu
727 1374 828 1429 fuit
854 1374 1145 1430 exsultatio
1187 1375 1338 1431 omni
1372 1375 1579 1441 ordini,
1611 1375 1754 1429 mtati
1789 1382 1845 1431 et

209 1463 398 1520 sexui!
450 1465 691 1537 qualiter
731 1480 944 1533 omnes,
987 1465 1043 1518 in
1099 1481 1197 1520 sua
1235 1466 1618 1537 unusquisque
1656 1481 1842 1532 causa,

202 1554 498 1624 jucundati
538 1561 686 1624 sunt,
739 1553 833 1608 ille
885 1555 1061 1621 novit,
1111 1554 1209 1626 qui
1240 1553 1390 1609 solus
1420 1554 1668 1610 omnium
1699 1552 1839 1609 affe-

209 1652 338 1700 ctus
383 1646 666 1701 discernit.
705 1645 1010 1719 Regressus
1054 1646 1223 1718 igitur
1265 1645 1348 1700 vir
1389 1646 1726 1716 apostolicus
1772 1645 1840 1700 ad

208 1734 494 1807 prOpriam
547 1734 762 1796 urbem,
799 1734 1149 1804 depravatam
1197 1751 1228 1789 a
1280 1734 1493 1806 pseudo
1524 1733 1838 1789 christianis

208 1821 604 1879 ecclesiasticm
663 1821 1032 1876 institutionis
1082 1823 1355 1894 reparavit
1386 1838 1653 1879 normam.
1687 1823 1750 1877 Et
1781 1829 1839 1876 ut

207 1914 382 1970 David
413 1913 656 1970 dicebat:
697 1913 816 1968 Non
845 1912 1043 1989 ignoro
1083 1930 1168 1969 me
1214 1915 1376 1970 hodie
1420 1931 1603 1990 regem
1633 1913 1835 1969 factum

207 2019 383 2075 super
415 2004 605 2070 lsrael,
639 2009 692 2056 et
729 2002 848 2074 ipse
885 2003 1138 2067 credens,
1171 2020 1230 2058 se
1262 2019 1411 2058 nunc
1440 2003 1674 2073 primum
1707 2002 1834 2073 epi-

208 2109 444 2164 scopum
493 2092 726 2160 factum,
753 2108 839 2160 ea,
872 2109 994 2164 qum
1041 2102 1188 2148 retro
1219 2100 1365 2161 sunt,
1391 2092 1621 2160 oblitus,
1653 2093 1710 2147 in
1736 2108 1838 2146 an-

208 2187 416 2243 teriora
443 2203 504 2242 se
547 2185 897 2241 extendebat.
929 2184 1136 2241 Malens
1171 2201 1304 2260 ergo
1336 2201 1474 2254 esse,
1509 2201 1673 2258 quam
1726 2184 1837 2240 diei

209 2277 529 2350 episc0pus,
569 2277 1063 2349 superintendebat
1112 2277 1408 2332 instantius
1449 2276 1554 2332 sibi
1605 2285 1660 2332 et
1710 2276 1836 2332 uni-

208 2385 372 2426 verso
423 2369 601 2444 gregi,
642 2385 754 2425 non
801 2368 1232 2444 subterfugiens,
1281 2384 1391 2441 quo
1436 2368 1621 2422 minus
1669 2382 1835 2423 omne

210 2457 504 2514 consilium
537 2457 630 2512 Dei
657 2458 1013 2512 annuntiaret
1039 2458 1328 2525 omnibus;
1354 2457 1664 2529 timensque
1690 2456 1834 2512 servi

211 2553 345 2608 mali
379 2561 432 2608 et
471 2553 614 2629 pigri
646 2561 854 2621 notam,
886 2542 979 2624 qui
1017 2553 1268 2624 reposuit
1299 2554 1355 2608 in
1408 2552 1631 2606 sudario
1663 2567 1836 2623 pecu-

214 2641 367 2696 niam
410 2641 618 2697 domini
649 2641 757 2709 sui,
782 2640 922 2695 nihil
946 2641 1161 2696 remissi
1194 2641 1431 2696 faciebat
1461 2640 1612 2696 cordi
1640 2647 1694 2696 et
1723 2655 1839 2696 eor-

209 2735 334 2806 pori
367 2749 502 2802 suo;
543 2735 642 2789 sed
697 2734 864 2789 urbes
913 2743 970 2789 et
1001 2733 1304 2804 municipia
1336 2732 1624 2798 lustrabat,
1657 2739 1710 2788 et
1739 2749 1839 2803 per

209 2826 400 2895 corda,
433 2826 715 2900 ligonibus
742 2825 898 2883 verbi
931 2827 1167 2894 exculta,
1204 2841 1398 2880 semen
1428 2825 1553 2881 vitm
1601 2824 1656 2878 in
1697 2833 1840 2879 tem-

210 2935 347 2991 pore
369 2919 635 2988 jaciebat.

1865 1689 1916 1758 Β

1936 461 2138 521 animal
2169 459 2434 516 rationale
2457 465 2512 514 et
2536 457 2764 513 mortale
2788 473 2866 525 es,
2892 457 3112 512 medius
3128 456 3275 512 inter
3291 469 3489 526 pecora
3506 462 3562 511 et

1937 554 2191 629 angelos.
2225 553 2328 608 Per
2356 553 2625 607 rationem
2657 566 2717 605 es
2749 565 2953 621 pecore
2983 549 3197 616 melior,
3240 563 3339 618 per
3358 557 3561 602 morta-

1939 645 2147 699 litatem
2197 641 2395 715 angelo
2460 637 2707 694 inferior.
2761 637 2947 702 Qualis
2997 651 3127 691 vero
3181 643 3398 690 creatus
3460 633 3558 702 sis,

1945 735 2188 793 ostendit
2215 732 2461 804 corporis
2487 731 2566 786 tui
2600 729 2845 785 habitus.
2880 729 2986 784 Cur
3009 728 3160 783 solus
3207 727 3374 781 homo
3405 741 3561 780 crea-

1944 832 2032 882 tus
2063 834 2146 881 est
2171 824 2250 880 ori
2277 821 2526 888 sublimi,
2555 827 2738 877 erecto
2763 825 2987 890 pectore
3009 825 3062 873 et
3082 816 3247 872 rectis
3266 813 3564 870 manibus?

1944 919 2208 975 Nimirum
2249 924 2309 973 ut
2338 932 2572 988 corpore
2621 922 2676 970 et
2707 913 2874 970 corde
2907 919 2962 968 et
2999 919 3125 968 actu
3177 926 3396 982 semper
3425 910 3564 966 c0310

1945 1009 2218 1065 intendat.
2249 1008 2341 1062 Vis
2384 1007 2524 1061 scire
2548 1004 2730 1077 qualis
2761 1003 2978 1058 futurus
3019 1002 3094 1056 sis
3115 1001 3144 1056 τ
3197 1001 3360 1055 Terra
3397 1007 3567 1067 es,.et

1943 1102 2000 1156 in
2027 1108 2226 1156 terram
2277 1096 2592 1153 reverteris.
2627 1097 2681 1151 Si
2727 1103 2913 1150 tamen
2967 1093 3150 1166 (1041)
3183 1083 3416 1148 salutem
3446 1092 3567 1146 ani-

1945 1206 2047 1245 mm
2071 1186 2381 1261 qumsieris,
2419 1185 2888 1242 immortalitatem
2936 1183 3313 1255 consequeris.
3348 1181 3424 1235 Ad
3457 1182 3566 1237 hoc

1945 1279 2403 1353 consequendum
2464 1292 2691 1332 necesse
2722 1285 2805 1332 est
2846 1284 2905 1331 ut
2937 1275 3071 1331 sciat
3123 1276 3289 1330 homo
3321 1273 3448 1345 quis
3475 1273 3562 1328 vel

1945 1371 2079 1444 quid
2103 1371 2172 1424 sit
2201 1370 2345 1424 Deus
2399 1366 2480 1422 Sit
2508 1366 2689 1421 nescit
2720 1366 2843 1437 quis
2863 1365 2950 1421 vel
2973 1365 3105 1436 quid
3131 1365 3202 1418 sit
3233 1364 3394 1428 Deus,
3425 1362 3565 1418 sciat

1945 1466 2136 1520 saltem
2178 1463 2302 1534 quis
2340 1461 2426 1517 vel
2457 1462 2592 1533 quid
2642 1476 2752 1515 non
2792 1459 2862 1514 sit
2893 1460 3054 1514 Deus.
3118 1459 3208 1512 Vis
3236 1458 3401 1523 scire,
3430 1457 3562 1530 quid

1946 1559 2015 1613 sit
2041 1556 2231 1613 Deus?
2262 1557 2404 1610 Deus
2434 1562 2540 1621 est,
2571 1554 2666 1625 qui
2701 1552 2886 1608 omnia
2917 1569 2982 1606 ex
3015 1551 3188 1606 nihilo
3210 1551 3434 1616 creavit,
3466 1549 3561 1622 qui

1947 1650 2132 1706 omnia
2173 1648 2334 1720 regit,
2365 1647 2458 1718 qui
2489 1662 2712 1716 semper
2748 1644 2883 1699 vivit
2910 1643 3031 1698 sine
3063 1642 3241 1705 initio,
3280 1642 3402 1697 sine
3429 1641 3560 1707 ﬁne,

1943 1736 2063 1790 sine
2089 1733 2600 1803 circumscriptione
2629 1732 2732 1788 loci
2764 1740 2820 1788 et
2847 1731 3132 1802 temporis,
3165 1730 3285 1784 sine
3317 1729 3561 1784 mutabi-

1936 1825 2090 1880 litate
2110 1825 2451 1879 substantim.
2485 1823 2682 1878 Audite
2714 1824 2879 1878 etiam
2925 1822 3058 1894 quid
3101 1821 3171 1876 sit
3223 1821 3386 1878 Deus.
3419 1820 3561 1876 Deus

1938 1925 2024 1973 est
2052 1923 2289 1972 aeternus
2316 1924 2370 1971 et
2408 1916 2527 1987 ipsa
2585 1917 2883 1979 mternitas,
2923 1915 3146 1985 sapiens
3171 1921 3225 1968 et
3253 1912 3556 1984 sapientia;

1939 2018 1994 2064 et
2024 2007 2295 2080 quidquid
2335 2006 2554 2062 virtutis
2585 2006 2748 2060 alicui
2788 2005 2945 2060 adest
2994 2021 3092 2074 per
3138 2003 3417 2069 accidens,
3450 2004 3559 2058 hoc

1939 2098 2042 2154 soli
2072 2099 2179 2153 Deo
2209 2097 2354 2152 inest
2381 2095 2834 2151 substantialiter.
2883 2093 3013 2159 Quis
3043 2103 3225 2148 autem
3261 2095 3404 2149 Deus
3442 2108 3552 2149 non

1940 2193 2030 2261 sit,
2063 2193 2188 2265 quis
2207 2192 2489 2248 hominem
2522 2190 2741 2247 nescit?
2775 2190 2967 2255 Homo,
3001 2189 3159 2258 lapis,
3202 2189 3434 2260 lignum,
3466 2188 3553 2243 vel

1933 2284 2143 2357 aliquid
2170 2284 2296 2348 tale,
2331 2299 2438 2339 non
2469 2290 2553 2338 est
2583 2283 2760 2337 Deus:
2805 2290 3086 2352 postremo
3116 2279 3266 2334 nulla
3303 2285 3554 2334 creatura

1934 2377 2078 2432 Deus
2107 2384 2206 2431 est.
2242 2375 2360 2431 Non
2405 2374 2586 2446 (1042)
2619 2380 2702 2429 est
2754 2374 2896 2427 Deus
2935 2370 3151 2442 aliquid
3206 2385 3395 2425 eorum
3427 2385 3550 2442 qum

1935 2485 2035 2542 per
2074 2468 2438 2540 privationem
2469 2475 2560 2521 aut
2602 2465 3047 2522 contrarietatem
3081 2463 3228 2534 {boni
3261 2462 3550 2528 dicuntur;

1936 2571 1996 2619 ut
2025 2563 2094 2618 sit
2112 2562 2369 2630 injustus,
2394 2561 2590 2626 malus,
2624 2561 2708 2616 vel
2734 2560 2944 2631 aliquid
2972 2559 3080 2614 tale
3132 2559 3230 2622 Qui
3255 2559 3420 2614 homo
3446 2565 3550 2626 est,

1938 2654 2060 2707 hme
2096 2651 2270 2707 solius
2328 2658 2536 2706 naturm
2595 2649 2914 2723 magisterio
2963 2649 3160 2715 discet,
3197 2655 3253 2702 et
3304 2648 3554 2719 inspecta

1939 2746 2206 2803 creatura,
2241 2738 2550 2794 Creatorem
2581 2737 2878 2810 intelliget.

2007 2829 2095 2882 29.
2141 2828 2286 2883 Deus
2314 2827 2517 2882 ereavit
2546 2824 2744 2882 coelum
2803 2835 2858 2879 et
2911 2832 3134 2891 terram,
3188 2830 3244 2878 et
3298 2822 3549 2878 ultimum

1940 2917 2187 2972 omnium
2228 2923 2600 2973 creaturarum
2667 2915 2956 2987 plasmavit
2999 2914 3304 2981 hominem,
3336 2913 3474 2968 dans
3501 2912 3552 2968 ei

284 3012 374 3068 27.
405 3010 718 3082 Aliquando
759 3010 922 3065 etiam
968 3009 1172 3064 limites
1200 3024 1313 3064 sum
1367 3008 1628 3064 dimcesis
1674 3022 1837 3064 exce-
1865 3069 1903 3082 η
1938 3009 2148 3080 arbitrii
2179 3008 2512 3077 libertatem,
2544 3015 2604 3064 ut
2640 3025 2738 3080 per
2768 3008 3135 3064 voluntarium
3167 3006 3300 3061 boni
3343 3006 3555 3078 appeti-

214 3103 402 3170 debat,
442 3069 573 3157 ne-a
603 3101 835 3157 Domino
867 3101 1140 3156 diceretur
1174 3116 1366 3156 servus
1413 3099 1642 3166 inutilis,
1684 3099 1832 3171 quod
1858 3069 1905 3135 Ο
1933 3109 2045 3157 tum
2103 3078 2287 3174 (1043)
2341 3069 2654 3158 ῐηθιᾞέθιιιι·⁸
2681 3102 2845 3158 etiam
2885 3101 3016 3157 boni
3072 3069 3550 3172 prmmiumtalem

211 3195 271 3249 id
335 3194 514 3250 solum
557 3193 771 3260 fecerit,
823 3193 972 3265 quod
1026 3192 1207 3248 facere
1257 3192 1542 3248 debuerat.
1603 3191 1724 3246 Erat
1776 3191 1830 3245 in

214 3286 466 3358 proximo
496 3283 783 3357 provincia
811 3285 1240 3340 Tessandrorum
1273 3283 1478 3353 (1039),
1527 3283 1622 3339 ubi
1651 3283 1833 3338 adhuc

216 3381 446 3455 vigebat
485 3379 829 3445 idololatria;
878 3385 934 3434 et
979 3379 1174 3434 dolens
1206 3377 1365 3434 fortis
1390 3377 1584 3434 Christi
1613 3378 1836 3438 athleta,

216 3474 405 3529 hostes
441 3471 732 3528 Christiani
763 3471 1003 3526 nominis
1032 3471 1101 3526 de
1125 3478 1233 3526 tam
1260 3471 1522 3545 contiguo
1563 3469 1842 3526 adversari

222 3579 397 3637 regno
430 3563 574 3635 regis
603 3563 714 3630 sui,
748 3562 913 3618 armis
929 3561 1059 3617 fidei
1087 3562 1410 3634 accingitur,
1445 3570 1500 3618 et
1530 3561 1714 3617 calore
1733 3561 1843 3617 vir-

217 3657 349 3712 tutis
383 3656 773 3723 inﬂammatus,
813 3657 1024 3713 crebris
1055 3672 1153 3712 eos
1183 3655 1480 3711 assultibus
1513 3656 1837 3722 lacessebat,

215 3752 272 3802 et
299 3746 480 3802 oblata
511 3747 593 3802 eis
640 3762 772 3817 pace
800 3748 1104 3814 Dominiea,
1138 3747 1387 3803 tentabat
1413 3746 1767 3813 omnimodis,
1791 3745 1834 3800 si

216 3857 331 3912 quo
361 3841 525 3896 modo
574 3857 743 3912 super
772 3840 918 3896 ﬁlios
958 3841 1108 3912 pacis
1163 3858 1267 3912 pax
1300 3859 1400 3896 sua
1442 3840 1833 3913 requiesceret.

218 3933 302 3988 llli
331 3949 454 3989 cum
487 3932 786 3989 fremerent
816 3934 1137 4001 utbarbari,
1169 3941 1223 3989 et
1249 3950 1371 3990 cum
1406 3935 1723 4005 discerpere
1744 3948 1840 3988 cu-

218 4031 443 4097 perent,
463 4023 583 4094 ipse
605 4024 750 4078 ultro
766 4039 824 4078 se
847 4022 1290 4097 ingerensbello,
1313 4025 1516 4095 templa
1543 4023 1841 4089 etjsimula-

222 4131 314 4171 cra
345 4131 532 4170 eorum
562 4114 906 4182 destruebat,
935 4115 1234 4187 aliquando
1257 4131 1388 4172 vero
1414 4131 1513 4170 eos
1543 4114 1695 4171 verbi
1715 4114 1844 4170 dul-

223 4207 424 4262 cedine
454 4207 796 4275 demulcens,
849 4207 1324 4264 sermocinabatur
1351 4208 1452 4265 eis.
1487 4208 1551 4263 Ut
1579 4223 1697 4274 vos,
1749 4207 1840 4261 in-

221 4299 360 4370 quit,
403 4298 621 4367 fratres,
651 4298 719 4353 de
750 4314 880 4353 vera
919 4299 1093 4354 salute
1123 4315 1404 4366 moneam,
1435 4315 1524 4354 me
1555 4307 1610 4353 et
1637 4313 1760 4353 mea
1788 4304 1844 4352 et

215 4397 400 4445 vestra
424 4390 632 4445 utilitas
659 4396 883 4454 monet;
917 4396 978 4445 ut
1007 4396 1061 4444 et
1081 4405 1179 4446 vos
1211 4390 1520 4454 salvemini,
1554 4399 1609 4445 et
1640 4405 1744 4463 ego
1771 4389 1842 4444 de

219 4483 380 4540 vobis
411 4483 644 4538 fructum
679 4482 886 4538 laboris
918 4482 1171 4539 habeam.
1200 4483 1345 4538 Nihil
1385 4490 1468 4538 est
1509 4481 1720 4538 homini
1739 4481 1844 4537 uti-

220 4572 353 4640 lius,
395 4589 556 4644 quam
572 4572 806 4627 salutem
829 4587 1110 4643 qumrere:
1137 4572 1234 4626 sed
1264 4571 1388 4642 quis
1417 4571 1650 4627 salutem
1681 4585 1840 4642 qum-

223 4673 327 4732 rat,
361 4665 468 4720 nisi
493 4666 631 4720 sciat
663 4666 794 4737 quid
851 4665 924 4720 sit
954 4665 1102 4720 salus
1122 4665 1151 4720 ?
1181 4666 1467 4731 Quomodo
1508 4671 1738 4737 qumrat,
1795 4666 1840 4720 si

222 4759 434 4814 nesciat
477 4759 627 4814 unde
659 4758 968 4830 expetenda
1025 4757 1138 4814 sit?
1167 4759 1267 4824 Qui
1307 4759 1552 4825 aliunde,
1594 4774 1756 4830 quam
1811 4774 1843 4812 a

220 4840 355 4910 Deo,
387 4844 480 4914 qui
514 4845 632 4915 ipsa
660 4845 809 4900 salus
832 4853 936 4911 est,
975 4848 1190 4917 qumrit,
1226 4846 1364 4901 nihil
1395 4846 1526 4920 agit.
1563 4845 1618 4900 Si
1648 4846 1836 4913 homo,

219 4937 469 5010 neglecta
499 4940 703 5005 anima,
735 4941 951 5013 corpori
969 4947 1178 4996 tantum
1209 4941 1479 5007 consulat,
1515 4941 1653 4996 nihil
1677 4941 1843 4996 distat

220 5043 253 5081 a
279 5029 515 5097 pecude,
556 5047 679 5102 qum
720 5033 1027 5088 secundum
1068 5034 1316 5104 corporis
1341 5033 1426 5088 sui
1458 5033 1704 5088 habitum
1737 5039 1843 5088 ter-

219 5135 336 5173 ram
377 5117 702 5193 inspiciens,
737 5123 838 5179 soli
882 5125 1098 5196 corpori
1151 5126 1404 5181 intendit.
1467 5126 1602 5190 Quia
1632 5125 1726 5181 ille
1758 5131 1844 5181 est

219 5212 408 5273 homo,
451 5211 545 5282 qui
574 5212 816 5282 seipsnm
868 5213 1146 5286 agnoscit;
1203 5229 1443 5287 agnosce
1495 5216 1680 5277 homo,
1716 5213 1843 5287 quis

217 5302 314 5371 sis,
348 5303 528 5374 qualis
567 5309 790 5359 creatus
812 5303 914 5371 sis,
948 5304 1073 5376 quis
1105 5304 1300 5360 futuris
1317 5305 1412 5361 sis.

288 5452 792 5528 (1039)_'_l‘axandria
845 5454 1000 5528 regio
1050 5471 1080 5508 a
1106 5453 1440 5526 Trajectensi
1473 5454 1681 5526 oppido
1714 5456 1842 5511 mil-

219 5525 364 5580 libus
387 5542 424 5578 ιι
457 5525 639 5580 distat.

289 5595 470 5671 (1040)
496 5596 558 5671 _ln
586 5597 837 5671 margine
870 5597 1071 5671 legitur
1091 5599 1268 5671 humo.

290 5667 464 5740 (1041)
494 5667 554 5722 ln
581 5667 833 5743 margine
852 5667 1073 5726 notatur
1099 5670 1192 5726 sed
1216 5683 1358 5725 cum.

1933 3208 2059 3247 eum
2100 3193 2370 3259 condens,
2403 3204 2482 3259 ut,
2515 3193 2560 3247 si
2592 3207 2703 3247 non
2737 3199 3012 3262 peccaret,
3040 3190 3365 3246 immortalis
3404 3196 3555 3244 esset

1933 3287 1980 3341 si
2019 3292 2290 3357 peccaret,
2326 3285 2568 3340 mortalis
2599 3284 2771 3340 fieret.
2805 3285 2906 3350 Qui
2937 3284 3160 3339 diabolo
3191 3283 3366 3358 magis
3387 3298 3551 3354 quam

1941 3376 2053 3431 Deo
2085 3376 2338 3441 credens;
2382 3375 2436 3428 in
2467 3382 2698 3429 mortem
2731 3391 2854 3429 cum
2885 3375 3036 3430 omni
3064 3388 3268 3446 genere
3296 3387 3398 3427 suo
3427 3387 3554 3428 cor-

1944 3467 2073 3535 ruit,
2114 3469 2262 3540 quod
2293 3467 2349 3520 in
2382 3474 2585 3521 tantam
2617 3466 2879 3520 malitiam
2912 3466 3116 3535 erupit,
3171 3474 3230 3520 ut
3259 3464 3554 3536 pmniteret

1945 3559 2114 3615 Deum
2148 3558 2341 3614 fecisse
2382 3557 2684 3625 hominem,
2715 3566 2772 3612 et
2810 3573 2910 3628 per
2937 3556 3202 3612 diluvium
3244 3556 3456 3610 deleret
3483 3555 3554 3609 de

1941 3652 2045 3707 sub
2082 3652 2222 3706 caelo
2243 3665 2463 3706 omnem
2486 3665 2731 3716 carnem,
2764 3650 2912 3706 solas
2940 3656 3064 3705 octo
3094 3648 3308 3702 animas
3333 3663 3434 3719 per
3454 3662 3553 3702 an-

1941 3760 2072 3799 num
2122 3743 2392 3817 integrum
2447 3743 2502 3798 in
2556 3759 2682 3798 arca
2735 3757 3041 3797 reservans.
3094 3740 3293 3795 Horum
3346 3739 3552 3810 posteri

1939 3847 2129 3896 contra
2159 3839 2328 3893 Deum
2357 3837 2608 3892 volentes
2639 3835 2845 3889 habere
2871 3833 3165 3908 refugium,
3199 3832 3328 3886 dum
3360 3829 3551 3886 turrim

1940 3948 2116 4003 usque
2144 3931 2198 3985 in
2229 3930 2430 3986 cmlum
2461 3928 2760 4002 erigerent,
2795 3928 2936 3983 Deus
2965 3924 3280 3997 superbiam
3313 3924 3550 3980 filiorum

1941 4021 2110 4076 Adam
2153 4036 2368 4093 ponens
2397 4035 2567 4091 super
2592 4033 2688 4074 cor
2707 4033 2888 4085 suum,
2921 4017 3108 4089 lingua
3146 4015 3408 4082 humana,
3431 4029 3554 4086 qum

1941 4126 2052 4164 una
2075 4110 2334 4166 omnibus
2360 4115 2496 4175 erat,
2523 4107 2700 4163 divisa
2721 4106 2777 4160 in
2807 4107 3162 4180 septuaginta
3191 4105 3408 4160 duabus
3449 4104 3554 4159 lin-

1944 4203 2090 4276 guis,
2132 4218 2228 4258 eos
2269 4219 2298 4256 a
2349 4218 2410 4256 se
2441 4200 2644 4255 divisit.
2689 4198 2846 4254 Omni
2878 4199 3019 4253 malo
3057 4198 3278 4271 gravior
3314 4195 3556 4252 excrevit

1945 4292 2277 4358 idololatria,
2317 4307 2479 4362 quam
2538 4289 2672 4362 quia
2718 4289 2869 4345 solus
2927 4302 3071 4359 pene
3127 4286 3397 4340 Abraham
3451 4284 3554 4338 ab-

1945 4385 2178 4451 horruit,
2207 4381 2656 4438 benedictionem
2695 4397 2727 4435 a
2757 4380 2867 4435 Deo
2905 4379 3110 4434 meruit
3147 4383 3201 4432 et
3231 4375 3556 4446 promissio-

1944 4496 2093 4544 nem,
2135 4476 2282 4550 quod
2324 4477 2380 4530 in
2410 4475 2622 4530 semine
2669 4473 2809 4542 ejus,
2841 4471 2932 4543 qui
2963 4479 3045 4524 est
3085 4469 3346 4536 Christus,
3379 4468 3552 4523 bene-

1943 4570 2261 4625 dicerentur
2314 4581 2509 4622 omnes
2552 4569 2762 4638 gentes.
2820 4561 2915 4616 llic
2971 4560 3041 4615 de
3101 4559 3324 4634 Virgine
3373 4563 3553 4624 natus,

1942 4673 2104 4714 verus
2130 4658 2274 4711 Deus
2303 4665 2358 4710 et
2388 4669 2549 4709 verus
2579 4654 2744 4708 homo
2799 4652 2856 4706 in
2909 4667 3020 4706 una
3059 4666 3157 4706 sua
3211 4663 3448 4721 persona
3479 4647 3558 4704 fa-

1942 4752 2095 4810 ciens
2126 4765 2297 4822 opera
2325 4748 2512 4804 divina
2535 4756 2589 4803 et
2621 4748 2873 4802 humanm
2914 4755 3145 4813 naturm,
3173 4744 3445 4818 quidquid
3473 4750 3558 4800 est

1942 4841 2181 4898 hominis
2219 4839 2428 4911 absque
2453 4844 2701 4908 peccato,
2735 4835 2790 4889 in
2817 4835 3041 4891 homine
3072 4835 3186 4908 egit
3204 4843 3258 4892 et
3299 4835 3551 4907 pertulit;

1941 4934 2228 4990 etclarens
2247 4931 2430 4986 verbis
2459 4935 2513 4984 et
2537 4928 2731 5000 signis,
2759 4928 2909 5000 quod
2933 4928 3028 4983 Dei
3053 4935 3157 4995 est,
3181 4943 3290 4983 non
3318 4928 3558 4983 abscon-

1943 5027 2040 5080 dit.

2012 5115 2102 5174 30.
2139 5115 2246 5170 Sed
2278 5121 2336 5169 ut
2364 5129 2477 5169 uno
2507 5113 2690 5168 calore
2721 5112 2858 5168 solis
2896 5127 3022 5167 cera
3052 5111 3344 5178 mollescit,
3388 5117 3444 5165 et
3487 5108 3555 5163 li-

1943 5227 2066 5266 mus
2094 5207 2352 5273 dureseit,
2408 5207 2489 5262 sic
2522 5205 2590 5260 ad
2629 5206 2865 5262 calorem
2896 5204 3048 5260 verbi
3093 5203 3265 5260 divini
3314 5201 3446 5259 boni
3487 5202 3553 5256 ad

1944 5303 2108 5359 fidem
2141 5300 2370 5358 emolliti
2401 5308 2550 5366 sunt,
2581 5297 2710 5353 mali
2749 5303 2940 5355 contra
2973 5295 3135 5350 ﬁdem
3174 5295 3557 5350 obduruerunt

2013 5452 2195 5524 (1042)
2315 5448 2582 5524 margine,
2624 5465 2732 5524 non
2761 5449 2916 5518 quid.

2009 5515 2191 5594 (1043)
2223 5523 2283 5576 In
2315 5515 2633 5577 ms.vnostro
2665 5515 2786 5575 hmo
2823 5535 2926 5576 vox
2954 5518 3157 5585 luxata,
3199 5516 3283 5573 sic
3319 5515 3558 5572 habetur

1937 5612 2122 5668 oppe-.
