  <div class='ocr_page' id='page_1' title='image "/cluster/home/n/w/nwhite01/storage/ocr_20150623/160/hvd.32044054760186/403.png"; bbox 0 0 3948 6044; ppageno 0'>
   <div class='ocr_carea' id='block_1_1' title="bbox 397 237 502 293">
    <p class='ocr_par' dir='ltr' id='par_1_1' title="bbox 397 237 502 293">
     <span class='ocr_line' id='line_1_1' title="bbox 397 237 502 293; baseline 0.019 -2"><span class='ocrx_word' id='word_1_1' title='bbox 397 237 502 293; x_wconf 79' lang='grc'>’795</span> 
     </span>
    </p>
   </div>
   <div class='ocr_carea' id='block_1_2' title="bbox 397 457 2006 533">
    <p class='ocr_par' dir='ltr' id='par_1_2' title="bbox 397 457 2006 533">
     <span class='ocr_line' id='line_1_2' title="bbox 397 457 2006 533; baseline -0.002 -16"><span class='ocrx_word' id='word_1_2' title='bbox 397 461 609 517; x_wconf 75' lang='lat' dir='ltr'>scilicet</span> <span class='ocrx_word' id='word_1_3' title='bbox 649 460 905 524; x_wconf 87' lang='lat' dir='ltr'>salvaret,</span> <span class='ocrx_word' id='word_1_4' title='bbox 944 474 1084 529; x_wconf 84' lang='lat' dir='ltr'>Opus</span> <span class='ocrx_word' id='word_1_5' title='bbox 1114 458 1461 533; x_wconf 87' lang='lat' dir='ltr'>peregrinum</span> <span class='ocrx_word' id='word_1_6' title='bbox 1493 465 1548 512; x_wconf 91' lang='lat' dir='ltr'>et</span> <span class='ocrx_word' id='word_1_7' title='bbox 1593 457 1834 512; x_wconf 91' lang='lat' dir='ltr'>alienum</span> <span class='ocrx_word' id='word_1_8' title='bbox 1867 457 2006 513; x_wconf 90' lang='lat' dir='ltr'>adeo</span> 
     </span>
    </p>
   </div>
   <div class='ocr_carea' id='block_1_3' title="bbox 397 551 2008 626">
    <p class='ocr_par' dir='ltr' id='par_1_3' title="bbox 397 551 2008 626">
     <span class='ocr_line' id='line_1_3' title="bbox 397 551 2008 626; baseline -0.004 -15"><span class='ocrx_word' id='word_1_9' title='bbox 397 563 658 626; x_wconf 81' lang='lat' dir='ltr'>operatus</span> <span class='ocrx_word' id='word_1_10' title='bbox 686 561 789 622; x_wconf 88' lang='lat' dir='ltr'>est,</span> <span class='ocrx_word' id='word_1_11' title='bbox 822 561 880 608; x_wconf 92' lang='lat' dir='ltr'>ut</span> <span class='ocrx_word' id='word_1_12' title='bbox 911 555 1048 626; x_wconf 90' lang='lat' dir='ltr'>ipse,</span> <span class='ocrx_word' id='word_1_13' title='bbox 1103 555 1198 624; x_wconf 87' lang='lat' dir='ltr'>qui</span> <span class='ocrx_word' id='word_1_14' title='bbox 1239 562 1322 607; x_wconf 90' lang='lat' dir='ltr'>est</span> <span class='ocrx_word' id='word_1_15' title='bbox 1350 554 1459 608; x_wconf 89' lang='lat' dir='ltr'>vita</span> <span class='ocrx_word' id='word_1_16' title='bbox 1485 553 1755 619; x_wconf 91' lang='lat' dir='ltr'>omnium,</span> <span class='ocrx_word' id='word_1_17' title='bbox 1801 551 1857 605; x_wconf 93' lang='lat' dir='ltr'>in</span> <span class='ocrx_word' id='word_1_18' title='bbox 1907 553 2008 606; x_wconf 92' lang='lat' dir='ltr'>ho-</span> 
     </span>
    </p>
   </div>
   <div class='ocr_carea' id='block_1_4' title="bbox 399 643 2009 717">
    <p class='ocr_par' dir='ltr' id='par_1_4' title="bbox 399 643 2009 717">
     <span class='ocr_line' id='line_1_4' title="bbox 399 643 2009 717; baseline -0.002 -18"><span class='ocrx_word' id='word_1_19' title='bbox 399 644 552 699; x_wconf 88' lang='lat' dir='ltr'>mine</span> <span class='ocrx_word' id='word_1_20' title='bbox 586 659 682 714; x_wconf 93' lang='lat' dir='ltr'>pro</span> <span class='ocrx_word' id='word_1_21' title='bbox 715 643 938 698; x_wconf 86' lang='lat' dir='ltr'>homine</span> <span class='ocrx_word' id='word_1_22' title='bbox 964 648 1209 717; x_wconf 81' lang='lat' dir='ltr'>gustaret</span> <span class='ocrx_word' id='word_1_23' title='bbox 1247 650 1501 706; x_wconf 89' lang='lat' dir='ltr'>mortem,</span> <span class='ocrx_word' id='word_1_24' title='bbox 1533 649 1587 697; x_wconf 88' lang='lat' dir='ltr'>et</span> <span class='ocrx_word' id='word_1_25' title='bbox 1613 649 1846 698; x_wconf 92' lang='lat' dir='ltr'>mortem</span> <span class='ocrx_word' id='word_1_26' title='bbox 1887 656 2009 696; x_wconf 93' lang='lat' dir='ltr'>cru-</span> 
     </span>
    </p>
   </div>
   <div class='ocr_carea' id='block_1_5' title="bbox 397 732 2012 806">
    <p class='ocr_par' dir='ltr' id='par_1_5' title="bbox 397 732 2012 806">
     <span class='ocr_line' id='line_1_5' title="bbox 397 732 2012 806; baseline -0.002 -15"><span class='ocrx_word' id='word_1_27' title='bbox 397 737 494 792; x_wconf 89' lang='lat' dir='ltr'>cis.</span> <span class='ocrx_word' id='word_1_28' title='bbox 523 736 645 803; x_wconf 87' lang='lat' dir='ltr'>Qui,</span> <span class='ocrx_word' id='word_1_29' title='bbox 678 736 912 806; x_wconf 91' lang='lat' dir='ltr'>spoliato</span> <span class='ocrx_word' id='word_1_30' title='bbox 971 735 1210 800; x_wconf 85' lang='lat' dir='ltr'>interno,</span> <span class='ocrx_word' id='word_1_31' title='bbox 1261 751 1292 789; x_wconf 90' lang='lat' dir='ltr'>a</span> <span class='ocrx_word' id='word_1_32' title='bbox 1324 734 1556 790; x_wconf 91' lang='lat' dir='ltr'>mortuis</span> <span class='ocrx_word' id='word_1_33' title='bbox 1599 733 1758 788; x_wconf 89' lang='lat' dir='ltr'>tertia</span> <span class='ocrx_word' id='word_1_34' title='bbox 1812 732 1904 788; x_wconf 89' lang='lat' dir='ltr'>die</span> <span class='ocrx_word' id='word_1_35' title='bbox 1931 748 2012 787; x_wconf 85' lang='lat' dir='ltr'>re—</span> 
     </span>
    </p>
   </div>
   <div class='ocr_carea' id='block_1_6' title="bbox 399 825 2011 901">
    <p class='ocr_par' dir='ltr' id='par_1_6' title="bbox 399 825 2011 901">
     <span class='ocr_line' id='line_1_6' title="bbox 399 825 2011 901; baseline -0.002 -18"><span class='ocrx_word' id='word_1_36' title='bbox 399 845 653 901; x_wconf 83' lang='lat' dir='ltr'>surgens,</span> <span class='ocrx_word' id='word_1_37' title='bbox 695 836 749 882; x_wconf 91' lang='lat' dir='ltr'>et</span> <span class='ocrx_word' id='word_1_38' title='bbox 787 827 855 881; x_wconf 91' lang='lat' dir='ltr'>ad</span> <span class='ocrx_word' id='word_1_39' title='bbox 901 829 1070 882; x_wconf 91' lang='lat' dir='ltr'>coelos</span> <span class='ocrx_word' id='word_1_40' title='bbox 1111 827 1440 893; x_wconf 89' lang='lat' dir='ltr'>ascendens,</span> <span class='ocrx_word' id='word_1_41' title='bbox 1481 835 1536 881; x_wconf 90' lang='lat' dir='ltr'>et</span> <span class='ocrx_word' id='word_1_42' title='bbox 1575 825 1841 897; x_wconf 85' lang='lat' dir='ltr'>Spiritum</span> <span class='ocrx_word' id='word_1_43' title='bbox 1883 841 2011 879; x_wconf 90' lang='lat' dir='ltr'>san-</span> 
     </span>
    </p>
   </div>
   <div class='ocr_carea' id='block_1_7' title="bbox 399 913 2012 986">
    <p class='ocr_par' dir='ltr' id='par_1_7' title="bbox 399 913 2012 986">
     <span class='ocr_line' id='line_1_7' title="bbox 399 913 2012 986; baseline -0.002 -15"><span class='ocrx_word' id='word_1_44' title='bbox 399 923 544 971; x_wconf 90' lang='lat' dir='ltr'>ctum</span> <span class='ocrx_word' id='word_1_45' title='bbox 578 915 802 970; x_wconf 91' lang='lat' dir='ltr'>mittens</span> <span class='ocrx_word' id='word_1_46' title='bbox 848 915 1134 986; x_wconf 88' lang='lat' dir='ltr'>discipulis</span> <span class='ocrx_word' id='word_1_47' title='bbox 1179 931 1302 970; x_wconf 91' lang='lat' dir='ltr'>cum</span> <span class='ocrx_word' id='word_1_48' title='bbox 1342 915 1575 970; x_wconf 89' lang='lat' dir='ltr'>scientia</span> <span class='ocrx_word' id='word_1_49' title='bbox 1617 913 1864 969; x_wconf 89' lang='lat' dir='ltr'>omnium</span> <span class='ocrx_word' id='word_1_50' title='bbox 1905 913 2012 968; x_wconf 88' lang='lat' dir='ltr'>lin-</span> 
     </span>
    </p>
   </div>
   <div class='ocr_carea' id='block_1_8' title="bbox 398 1005 2012 1082">
    <p class='ocr_par' dir='ltr' id='par_1_8' title="bbox 398 1005 2012 1082">
     <span class='ocr_line' id='line_1_8' title="bbox 398 1005 2012 1082; baseline -0.002 -20"><span class='ocrx_word' id='word_1_51' title='bbox 398 1025 649 1082; x_wconf 87' lang='lat' dir='ltr'>guarum,</span> <span class='ocrx_word' id='word_1_52' title='bbox 686 1007 832 1062; x_wconf 80' lang='lat' dir='ltr'>misit</span> <span class='ocrx_word' id='word_1_53' title='bbox 860 1023 958 1062; x_wconf 92' lang='lat' dir='ltr'>eos</span> <span class='ocrx_word' id='word_1_54' title='bbox 985 1007 1039 1061; x_wconf 89' lang='lat' dir='ltr'>in</span> <span class='ocrx_word' id='word_1_55' title='bbox 1069 1007 1333 1061; x_wconf 90' lang='lat' dir='ltr'>mundum</span> <span class='ocrx_word' id='word_1_56' title='bbox 1377 1007 1704 1078; x_wconf 70' lang='lat' dir='ltr'>praedicare,</span> <span class='ocrx_word' id='word_1_57' title='bbox 1743 1012 1797 1060; x_wconf 92' lang='lat' dir='ltr'>et</span> <span class='ocrx_word' id='word_1_58' title='bbox 1828 1005 2012 1075; x_wconf 90' lang='lat' dir='ltr'>bapti-</span> 
     </span>
    </p>
   </div>
   <div class='ocr_carea' id='block_1_9' title="bbox 401 1098 2010 1155">
    <p class='ocr_par' dir='ltr' id='par_1_9' title="bbox 401 1098 2010 1155">
     <span class='ocr_line' id='line_1_9' title="bbox 401 1098 2010 1155; baseline -0.002 0"><span class='ocrx_word' id='word_1_59' title='bbox 401 1118 523 1155; x_wconf 86' lang='lat' dir='ltr'>zare</span> <span class='ocrx_word' id='word_1_60' title='bbox 556 1101 608 1154; x_wconf 93' lang='lat' dir='ltr'>in</span> <span class='ocrx_word' id='word_1_61' title='bbox 651 1100 874 1154; x_wconf 87' lang='lat' dir='ltr'>nomine</span> <span class='ocrx_word' id='word_1_62' title='bbox 930 1107 1133 1155; x_wconf 62' lang='lat' dir='ltr'>sanctae</span> <span class='ocrx_word' id='word_1_63' title='bbox 1163 1099 1463 1154; x_wconf 86' lang='lat' dir='ltr'>Trinitatis.</span> <span class='ocrx_word' id='word_1_64' title='bbox 1527 1099 1662 1154; x_wconf 88' lang='lat' dir='ltr'>Hinc</span> <span class='ocrx_word' id='word_1_65' title='bbox 1692 1098 1747 1151; x_wconf 92' lang='lat' dir='ltr'>in</span> <span class='ocrx_word' id='word_1_66' title='bbox 1790 1113 2010 1153; x_wconf 91' lang='lat' dir='ltr'>omnem</span> 
     </span>
    </p>
   </div>
   <div class='ocr_carea' id='block_1_10' title="bbox 400 1188 2014 1262">
    <p class='ocr_par' dir='ltr' id='par_1_10' title="bbox 400 1188 2014 1262">
     <span class='ocr_line' id='line_1_10' title="bbox 400 1188 2014 1262; baseline -0.002 -16"><span class='ocrx_word' id='word_1_67' title='bbox 400 1200 597 1247; x_wconf 91' lang='lat' dir='ltr'>terram</span> <span class='ocrx_word' id='word_1_68' title='bbox 637 1191 808 1246; x_wconf 90' lang='lat' dir='ltr'>exivit</span> <span class='ocrx_word' id='word_1_69' title='bbox 843 1206 1012 1246; x_wconf 91' lang='lat' dir='ltr'>sonus</span> <span class='ocrx_word' id='word_1_70' title='bbox 1049 1191 1422 1262; x_wconf 81' lang='lat' dir='ltr'>apostolorum</span> <span class='ocrx_word' id='word_1_71' title='bbox 1479 1199 1534 1244; x_wconf 91' lang='lat' dir='ltr'>et</span> <span class='ocrx_word' id='word_1_72' title='bbox 1587 1188 2014 1260; x_wconf 90' lang='lat' dir='ltr'>apostolicorum</span> 
     </span>
    </p>
   </div>
   <div class='ocr_carea' id='block_1_11' title="bbox 399 1281 2011 1353">
    <p class='ocr_par' dir='ltr' id='par_1_11' title="bbox 399 1281 2011 1353">
     <span class='ocr_line' id='line_1_11' title="bbox 399 1281 2011 1353; baseline -0.004 -13"><span class='ocrx_word' id='word_1_73' title='bbox 399 1286 664 1340; x_wconf 90' lang='lat' dir='ltr'>virorum.</span> <span class='ocrx_word' id='word_1_74' title='bbox 699 1284 792 1338; x_wconf 85' lang='lat' dir='ltr'>Hic</span> <span class='ocrx_word' id='word_1_75' title='bbox 833 1301 1003 1338; x_wconf 90' lang='lat' dir='ltr'>sonus</span> <span class='ocrx_word' id='word_1_76' title='bbox 1040 1283 1260 1338; x_wconf 86' lang='lat' dir='ltr'>tandem</span> <span class='ocrx_word' id='word_1_77' title='bbox 1294 1283 1360 1336; x_wconf 93' lang='lat' dir='ltr'>ad</span> <span class='ocrx_word' id='word_1_78' title='bbox 1391 1299 1486 1336; x_wconf 90' lang='lat' dir='ltr'>vos</span> <span class='ocrx_word' id='word_1_79' title='bbox 1516 1298 1690 1353; x_wconf 90' lang='lat' dir='ltr'>usque</span> <span class='ocrx_word' id='word_1_80' title='bbox 1740 1281 2011 1352; x_wconf 81' lang='lat' dir='ltr'>pervenit.</span> 
     </span>
    </p>
   </div>
   <div class='ocr_carea' id='block_1_12' title="bbox 403 1371 2013 1444">
    <p class='ocr_par' dir='ltr' id='par_1_12' title="bbox 403 1371 2013 1444">
     <span class='ocr_line' id='line_1_12' title="bbox 403 1371 2013 1444; baseline -0.002 -15"><span class='ocrx_word' id='word_1_81' title='bbox 403 1376 557 1430; x_wconf 84' lang='lat' dir='ltr'>Unde</span> <span class='ocrx_word' id='word_1_82' title='bbox 599 1389 696 1444; x_wconf 89' lang='lat' dir='ltr'>pro</span> <span class='ocrx_word' id='word_1_83' title='bbox 725 1373 904 1440; x_wconf 83' lang='lat' dir='ltr'>vobis,</span> <span class='ocrx_word' id='word_1_84' title='bbox 947 1373 1158 1440; x_wconf 81' lang='lat' dir='ltr'>fratres,</span> <span class='ocrx_word' id='word_1_85' title='bbox 1205 1373 1366 1426; x_wconf 92' lang='lat' dir='ltr'>doleo</span> <span class='ocrx_word' id='word_1_86' title='bbox 1420 1387 1596 1442; x_wconf 84' lang='lat' dir='ltr'>usque</span> <span class='ocrx_word' id='word_1_87' title='bbox 1651 1371 1718 1424; x_wconf 93' lang='lat' dir='ltr'>ad</span> <span class='ocrx_word' id='word_1_88' title='bbox 1751 1371 2013 1438; x_wconf 90' lang='lat' dir='ltr'>animam,</span> 
     </span>
    </p>
   </div>
   <div class='ocr_carea' id='block_1_13' title="bbox 403 1466 2016 1541">
    <p class='ocr_par' dir='ltr' id='par_1_13' title="bbox 403 1466 2016 1541">
     <span class='ocr_line' id='line_1_13' title="bbox 403 1466 2016 1541; baseline -0.001 -18"><span class='ocrx_word' id='word_1_89' title='bbox 403 1470 532 1541; x_wconf 86' lang='lat' dir='ltr'>quia</span> <span class='ocrx_word' id='word_1_90' title='bbox 565 1469 898 1539; x_wconf 84' lang='lat' dir='ltr'>repellentes</span> <span class='ocrx_word' id='word_1_91' title='bbox 931 1469 1157 1522; x_wconf 87' lang='lat' dir='ltr'>verbum</span> <span class='ocrx_word' id='word_1_92' title='bbox 1190 1467 1306 1528; x_wconf 86' lang='lat' dir='ltr'>Dei,</span> <span class='ocrx_word' id='word_1_93' title='bbox 1345 1466 1603 1534; x_wconf 87' lang='lat' dir='ltr'>judicatis</span> <span class='ocrx_word' id='word_1_94' title='bbox 1631 1481 1728 1520; x_wconf 91' lang='lat' dir='ltr'>vos</span> <span class='ocrx_word' id='word_1_95' title='bbox 1757 1466 2016 1538; x_wconf 87' lang='lat' dir='ltr'>indignos</span> 
     </span>
    </p>
   </div>
   <div class='ocr_carea' id='block_1_14' title="bbox 405 1557 1992 1631">
    <p class='ocr_par' dir='ltr' id='par_1_14' title="bbox 405 1557 1992 1631">
     <span class='ocr_line' id='line_1_14' title="bbox 405 1557 1992 1631; baseline -0.002 -18"><span class='ocrx_word' id='word_1_96' title='bbox 405 1576 526 1613; x_wconf 91' lang='lat' dir='ltr'>esse</span> <span class='ocrx_word' id='word_1_97' title='bbox 575 1568 780 1613; x_wconf 84' lang='lat' dir='ltr'>aeterna</span> <span class='ocrx_word' id='word_1_98' title='bbox 815 1559 943 1612; x_wconf 85' lang='lat' dir='ltr'>vita.</span> <span class='ocrx_word' id='word_1_99' title='bbox 991 1558 1179 1631; x_wconf 82' lang='lat' dir='ltr'>Fugite</span> <span class='ocrx_word' id='word_1_100' title='bbox 1219 1557 1551 1622; x_wconf 90' lang='lat' dir='ltr'>charissimi,</span> <span class='ocrx_word' id='word_1_101' title='bbox 1585 1557 1653 1610; x_wconf 92' lang='lat' dir='ltr'>ab</span> <span class='ocrx_word' id='word_1_102' title='bbox 1683 1557 1992 1612; x_wconf 86' lang='lat' dir='ltr'>idololatria</span> 
     </span>
    </p>
   </div>
   <div class='ocr_carea' id='block_1_15' title="bbox 1607 233 2497 291">
    <p class='ocr_par' dir='ltr' id='par_1_15' title="bbox 1607 233 2497 291">
     <span class='ocr_line' id='line_1_15' title="bbox 1607 233 2497 291; baseline 0.001 -2"><span class='ocrx_word' id='word_1_103' title='bbox 1607 233 1950 290; x_wconf 80' lang='lat' dir='ltr'>SIGEBERTI</span> <span class='ocrx_word' id='word_1_104' title='bbox 1992 233 2497 291; x_wconf 83' lang='lat' dir='ltr'>GEMBLACENSIS.</span> 
     </span>
    </p>
   </div>
   <div class='ocr_carea' id='block_1_16' title="bbox 400 364 2719 442">
    <p class='ocr_par' dir='ltr' id='par_1_16' title="bbox 400 364 2719 442">
     <span class='ocr_line' id='line_1_16' title="bbox 400 364 2719 442; baseline -0.003 -16"><span class='ocrx_word' id='word_1_105' title='bbox 400 371 465 426; x_wconf 88' lang='lat' dir='ltr'>Ut</span> <span class='ocrx_word' id='word_1_106' title='bbox 508 385 638 442; x_wconf 88' lang='lat' dir='ltr'>ergo</span> <span class='ocrx_word' id='word_1_107' title='bbox 666 370 808 424; x_wconf 89' lang='lat' dir='ltr'>Deus</span> <span class='ocrx_word' id='word_1_108' title='bbox 844 371 1164 438; x_wconf 86' lang='lat' dir='ltr'>operaretur</span> <span class='ocrx_word' id='word_1_109' title='bbox 1214 382 1352 437; x_wconf 91' lang='lat' dir='ltr'>opus</span> <span class='ocrx_word' id='word_1_110' title='bbox 1401 382 1583 432; x_wconf 91' lang='lat' dir='ltr'>suum,</span> <span class='ocrx_word' id='word_1_111' title='bbox 1624 374 1685 421; x_wconf 90' lang='lat' dir='ltr'>ut</span> <span class='ocrx_word' id='word_1_112' title='bbox 1722 365 2003 421; x_wconf 90' lang='lat' dir='ltr'>hominem</span> <span class='ocrx_word' id='word_1_113' title='bbox 2031 369 2083 436; x_wconf 86' lang='grc' dir='ltr'>Α</span> <span class='ocrx_word' id='word_1_114' title='bbox 2109 364 2434 420; x_wconf 66' lang='lat' dir='ltr'>idololatriae</span> <span class='ocrx_word' id='word_1_115' title='bbox 2492 365 2719 422; x_wconf 83' lang='lat' dir='ltr'>fetorem</span> 
     </span>
    </p>
   </div>
   <div class='ocr_carea' id='block_1_17' title="bbox 3615 241 3725 297">
    <p class='ocr_par' dir='ltr' id='par_1_17' title="bbox 3615 241 3725 297">
     <span class='ocr_line' id='line_1_17' title="bbox 3615 241 3725 297; baseline 0.009 -1"><span class='ocrx_word' id='word_1_116' title='bbox 3615 241 3725 297; x_wconf 84' lang='lat'><strong>796</strong></span> 
     </span>
    </p>
   </div>
   <div class='ocr_carea' id='block_1_18' title="bbox 2800 367 3728 443">
    <p class='ocr_par' dir='ltr' id='par_1_18' title="bbox 2800 367 3728 443">
     <span class='ocr_line' id='line_1_18' title="bbox 2800 367 3728 443; baseline 0.003 -21"><span class='ocrx_word' id='word_1_117' title='bbox 2800 367 2982 438; x_wconf 73' lang='grc'>(1044)</span> <span class='ocrx_word' id='word_1_118' title='bbox 3035 381 3363 434; x_wconf 90' lang='lat' dir='ltr'>removens,</span> <span class='ocrx_word' id='word_1_119' title='bbox 3424 369 3728 443; x_wconf 82' lang='lat' dir='ltr'>spargebat</span> 
     </span>
    </p>
   </div>
   <div class='ocr_carea' id='block_1_19' title="bbox 2109 455 3728 528">
    <p class='ocr_par' dir='ltr' id='par_1_19' title="bbox 2109 455 3728 528">
     <span class='ocr_line' id='line_1_19' title="bbox 2109 455 3728 528; baseline 0.002 -18"><span class='ocrx_word' id='word_1_120' title='bbox 2109 455 2317 528; x_wconf 85' lang='lat' dir='ltr'>ubique</span> <span class='ocrx_word' id='word_1_121' title='bbox 2347 456 2539 511; x_wconf 89' lang='lat' dir='ltr'>Christi</span> <span class='ocrx_word' id='word_1_122' title='bbox 2577 459 2783 513; x_wconf 91' lang='lat' dir='ltr'>bonum</span> <span class='ocrx_word' id='word_1_123' title='bbox 2819 459 3069 513; x_wconf 91' lang='lat' dir='ltr'>odorem.</span> <span class='ocrx_word' id='word_1_124' title='bbox 3127 457 3208 512; x_wconf 89' lang='lat' dir='ltr'>llli</span> <span class='ocrx_word' id='word_1_125' title='bbox 3241 465 3423 513; x_wconf 92' lang='lat' dir='ltr'>tamen</span> <span class='ocrx_word' id='word_1_126' title='bbox 3463 459 3728 513; x_wconf 58' lang='lat' dir='ltr'>humani-</span> 
     </span>
    </p>
   </div>
   <div class='ocr_carea' id='block_1_20' title="bbox 2113 549 3728 620">
    <p class='ocr_par' dir='ltr' id='par_1_20' title="bbox 2113 549 3728 620">
     <span class='ocr_line' id='line_1_20' title="bbox 2113 549 3728 620; baseline 0.001 -16"><span class='ocrx_word' id='word_1_127' title='bbox 2113 549 2237 604; x_wconf 89' lang='lat' dir='ltr'>tatis</span> <span class='ocrx_word' id='word_1_128' title='bbox 2262 556 2514 619; x_wconf 73' lang='lat' dir='ltr'>respectu</span> <span class='ocrx_word' id='word_1_129' title='bbox 2537 550 2783 616; x_wconf 87' lang='lat' dir='ltr'>adducti,</span> <span class='ocrx_word' id='word_1_130' title='bbox 2816 549 3174 605; x_wconf 89' lang='lat' dir='ltr'>attendebant</span> <span class='ocrx_word' id='word_1_131' title='bbox 3194 550 3446 604; x_wconf 82' lang='lat' dir='ltr'>virtutem</span> <span class='ocrx_word' id='word_1_132' title='bbox 3474 559 3526 605; x_wconf 95' lang='lat' dir='ltr'>et</span> <span class='ocrx_word' id='word_1_133' title='bbox 3545 552 3728 620; x_wconf 85' lang='lat' dir='ltr'>pieta-</span> 
     </span>
    </p>
   </div>
   <div class='ocr_carea' id='block_1_21' title="bbox 2113 641 3728 714">
    <p class='ocr_par' dir='ltr' id='par_1_21' title="bbox 2113 641 3728 714">
     <span class='ocr_line' id='line_1_21' title="bbox 2113 641 3728 714; baseline 0.001 -18"><span class='ocrx_word' id='word_1_134' title='bbox 2113 649 2219 696; x_wconf 89' lang='lat' dir='ltr'>tem</span> <span class='ocrx_word' id='word_1_135' title='bbox 2252 642 2423 696; x_wconf 87' lang='lat' dir='ltr'>sancti</span> <span class='ocrx_word' id='word_1_136' title='bbox 2464 641 2588 707; x_wconf 89' lang='lat' dir='ltr'>viri,</span> <span class='ocrx_word' id='word_1_137' title='bbox 2651 643 2745 714; x_wconf 91' lang='lat' dir='ltr'>qui</span> <span class='ocrx_word' id='word_1_138' title='bbox 2801 642 2948 714; x_wconf 91' lang='lat' dir='ltr'>quod</span> <span class='ocrx_word' id='word_1_139' title='bbox 3008 659 3105 698; x_wconf 91' lang='lat' dir='ltr'>ore</span> <span class='ocrx_word' id='word_1_140' title='bbox 3147 643 3502 713; x_wconf 76' lang='lat' dir='ltr'>praedicabat,</span> <span class='ocrx_word' id='word_1_141' title='bbox 3553 659 3728 714; x_wconf 89' lang='lat' dir='ltr'>opere</span> 
     </span>
    </p>
   </div>
   <div class='ocr_carea' id='block_1_22' title="bbox 2109 737 3730 808">
    <p class='ocr_par' dir='ltr' id='par_1_22' title="bbox 2109 737 3730 808">
     <span class='ocr_line' id='line_1_22' title="bbox 2109 737 3730 808; baseline 0.001 -17"><span class='ocrx_word' id='word_1_142' title='bbox 2109 737 2398 807; x_wconf 81' lang='lat' dir='ltr'>explebat;</span> <span class='ocrx_word' id='word_1_143' title='bbox 2432 744 2626 791; x_wconf 91' lang='lat' dir='ltr'>eteum</span> <span class='ocrx_word' id='word_1_144' title='bbox 2657 737 2854 792; x_wconf 90' lang='lat' dir='ltr'>imitari</span> <span class='ocrx_word' id='word_1_145' title='bbox 2885 739 3153 804; x_wconf 89' lang='lat' dir='ltr'>volentes,</span> <span class='ocrx_word' id='word_1_146' title='bbox 3183 738 3534 808; x_wconf 88' lang='lat' dir='ltr'>patiebantur</span> <span class='ocrx_word' id='word_1_147' title='bbox 3564 755 3621 792; x_wconf 93' lang='lat' dir='ltr'>se</span> <span class='ocrx_word' id='word_1_148' title='bbox 3656 739 3730 792; x_wconf 91' lang='lat' dir='ltr'>ab</span> 
     </span>
    </p>
   </div>
   <div class='ocr_carea' id='block_1_23' title="bbox 2111 827 3735 905">
    <p class='ocr_par' dir='ltr' id='par_1_23' title="bbox 2111 827 3735 905">
     <span class='ocr_line' id='line_1_23' title="bbox 2111 827 3735 905; baseline -0.001 -21"><span class='ocrx_word' id='word_1_149' title='bbox 2111 844 2178 884; x_wconf 88' lang='lat' dir='ltr'>eo</span> <span class='ocrx_word' id='word_1_150' title='bbox 2207 829 2262 882; x_wconf 89' lang='lat' dir='ltr'>in</span> <span class='ocrx_word' id='word_1_151' title='bbox 2304 828 2410 883; x_wconf 83' lang='lat' dir='ltr'>fide</span> <span class='ocrx_word' id='word_1_152' title='bbox 2443 827 2642 884; x_wconf 86' lang='lat' dir='ltr'>Christi</span> <span class='ocrx_word' id='word_1_153' title='bbox 2665 827 2997 884; x_wconf 81' lang='lat' dir='ltr'>confirmari.</span> <span class='ocrx_word' id='word_1_154' title='bbox 3023 830 3132 884; x_wconf 85' lang='lat' dir='ltr'>Nec</span> <span class='ocrx_word' id='word_1_155' title='bbox 3161 839 3291 885; x_wconf 92' lang='lat' dir='ltr'>ante</span> <span class='ocrx_word' id='word_1_156' title='bbox 3317 831 3527 886; x_wconf 86' lang='lat' dir='ltr'>destitit</span> <span class='ocrx_word' id='word_1_157' title='bbox 3547 831 3735 905; x_wconf 59' lang='lat' dir='ltr'>Signi-</span> 
     </span>
    </p>
   </div>
   <div class='ocr_carea' id='block_1_24' title="bbox 2113 923 3732 999">
    <p class='ocr_par' dir='ltr' id='par_1_24' title="bbox 2113 923 3732 999">
     <span class='ocr_line' id='line_1_24' title="bbox 2113 923 3732 999; baseline 0.001 -21"><span class='ocrx_word' id='word_1_158' title='bbox 2113 923 2196 978; x_wconf 86' lang='lat' dir='ltr'>fer</span> <span class='ocrx_word' id='word_1_159' title='bbox 2220 923 2438 990; x_wconf 86' lang='lat' dir='ltr'>Christi,</span> <span class='ocrx_word' id='word_1_160' title='bbox 2473 940 2637 995; x_wconf 90' lang='lat' dir='ltr'>quam</span> <span class='ocrx_word' id='word_1_161' title='bbox 2683 939 2902 980; x_wconf 90' lang='lat' dir='ltr'>omnem</span> <span class='ocrx_word' id='word_1_162' title='bbox 2961 924 3108 979; x_wconf 87' lang='lat' dir='ltr'>illam</span> <span class='ocrx_word' id='word_1_163' title='bbox 3149 933 3394 999; x_wconf 77' lang='lat' dir='ltr'>gentem,</span> <span class='ocrx_word' id='word_1_164' title='bbox 3429 925 3496 979; x_wconf 90' lang='lat' dir='ltr'>de</span> <span class='ocrx_word' id='word_1_165' title='bbox 3556 941 3732 999; x_wconf 83' lang='lat' dir='ltr'>regno</span> 
     </span>
    </p>
   </div>
   <div class='ocr_carea' id='block_1_25' title="bbox 2113 1016 3729 1092">
    <p class='ocr_par' dir='ltr' id='par_1_25' title="bbox 2113 1016 3729 1092">
     <span class='ocr_line' id='line_1_25' title="bbox 2113 1016 3729 1092; baseline -0.001 -21"><span class='ocrx_word' id='word_1_166' title='bbox 2113 1017 2319 1072; x_wconf 88' lang='lat' dir='ltr'>diaboli</span> <span class='ocrx_word' id='word_1_167' title='bbox 2384 1016 2658 1088; x_wconf 88' lang='lat' dir='ltr'>abactam,</span> <span class='ocrx_word' id='word_1_168' title='bbox 2697 1017 2766 1072; x_wconf 90' lang='lat' dir='ltr'>ad</span> <span class='ocrx_word' id='word_1_169' title='bbox 2814 1033 3044 1092; x_wconf 81' lang='lat' dir='ltr'>regnum</span> <span class='ocrx_word' id='word_1_170' title='bbox 3103 1016 3277 1086; x_wconf 64' lang='grc'>(1045)</span> <span class='ocrx_word' id='word_1_171' title='bbox 3321 1017 3485 1090; x_wconf 82' lang='lat' dir='ltr'>Regis</span> <span class='ocrx_word' id='word_1_172' title='bbox 3535 1033 3729 1088; x_wconf 90' lang='lat' dir='ltr'>regum</span> 
     </span>
    </p>
   </div>
   <div class='ocr_carea' id='block_1_26' title="bbox 2115 1105 3734 1177">
    <p class='ocr_par' dir='ltr' id='par_1_26' title="bbox 2115 1105 3734 1177">
     <span class='ocr_line' id='line_1_26' title="bbox 2115 1105 3734 1177; baseline -0.001 -17"><span class='ocrx_word' id='word_1_173' title='bbox 2115 1106 2441 1161; x_wconf 88' lang='lat' dir='ltr'>transduxit.</span> <span class='ocrx_word' id='word_1_174' title='bbox 2487 1106 2610 1160; x_wconf 67' lang='lat' dir='ltr'>Eam</span> <span class='ocrx_word' id='word_1_175' title='bbox 2647 1115 2748 1171; x_wconf 89' lang='lat' dir='ltr'>est,</span> <span class='ocrx_word' id='word_1_176' title='bbox 2800 1105 3032 1172; x_wconf 87' lang='lat' dir='ltr'>Christe,</span> <span class='ocrx_word' id='word_1_177' title='bbox 3101 1116 3194 1160; x_wconf 91' lang='lat' dir='ltr'>tua</span> <span class='ocrx_word' id='word_1_178' title='bbox 3250 1105 3451 1177; x_wconf 85' lang='lat' dir='ltr'>gratia:</span> <span class='ocrx_word' id='word_1_179' title='bbox 3497 1106 3616 1158; x_wconf 83' lang='lat' dir='ltr'>haec</span> <span class='ocrx_word' id='word_1_180' title='bbox 3645 1113 3734 1158; x_wconf 82' lang='lat' dir='ltr'>est</span> 
     </span>
    </p>
   </div>
   <div class='ocr_carea' id='block_1_27' title="bbox 2117 1194 3730 1266">
    <p class='ocr_par' dir='ltr' id='par_1_27' title="bbox 2117 1194 3730 1266">
     <span class='ocr_line' id='line_1_27' title="bbox 2117 1194 3730 1266; baseline -0.002 -16"><span class='ocrx_word' id='word_1_181' title='bbox 2117 1196 2246 1251; x_wconf 90' lang='lat' dir='ltr'>boni</span> <span class='ocrx_word' id='word_1_182' title='bbox 2298 1195 2489 1250; x_wconf 90' lang='lat' dir='ltr'>militis</span> <span class='ocrx_word' id='word_1_183' title='bbox 2545 1197 2623 1250; x_wconf 89' lang='lat' dir='ltr'>tui</span> <span class='ocrx_word' id='word_1_184' title='bbox 2671 1195 2997 1259; x_wconf 82' lang='lat' dir='ltr'>constantia,</span> <span class='ocrx_word' id='word_1_185' title='bbox 3049 1195 3143 1266; x_wconf 87' lang='lat' dir='ltr'>qui</span> <span class='ocrx_word' id='word_1_186' title='bbox 3193 1210 3333 1265; x_wconf 84' lang='lat' dir='ltr'>Opus</span> <span class='ocrx_word' id='word_1_187' title='bbox 3369 1194 3730 1264; x_wconf 91' lang='lat' dir='ltr'>apostolicum</span> 
     </span>
    </p>
   </div>
   <div class='ocr_carea' id='block_1_28' title="bbox 2118 1284 3732 1359">
    <p class='ocr_par' dir='ltr' id='par_1_28' title="bbox 2118 1284 3732 1359">
     <span class='ocr_line' id='line_1_28' title="bbox 2118 1284 3732 1359; baseline -0.002 -20"><span class='ocrx_word' id='word_1_188' title='bbox 2118 1302 2432 1359; x_wconf 78' lang='lat' dir='ltr'>aggressus,</span> <span class='ocrx_word' id='word_1_189' title='bbox 2465 1286 2533 1341; x_wconf 90' lang='lat' dir='ltr'>ad</span> <span class='ocrx_word' id='word_1_190' title='bbox 2573 1293 2746 1341; x_wconf 89' lang='lat' dir='ltr'>castra</span> <span class='ocrx_word' id='word_1_191' title='bbox 2792 1293 2885 1340; x_wconf 91' lang='lat' dir='ltr'>tua</span> <span class='ocrx_word' id='word_1_192' title='bbox 2937 1286 3210 1358; x_wconf 81' lang='lat' dir='ltr'>insignem</span> <span class='ocrx_word' id='word_1_193' title='bbox 3256 1285 3485 1339; x_wconf 84' lang='lat' dir='ltr'>adduxit</span> <span class='ocrx_word' id='word_1_194' title='bbox 3535 1284 3732 1337; x_wconf 90' lang='lat' dir='ltr'>trium-</span> 
     </span>
    </p>
   </div>
   <div class='ocr_carea' id='block_1_29' title="bbox 2116 1374 3733 1449">
    <p class='ocr_par' dir='ltr' id='par_1_29' title="bbox 2116 1374 3733 1449">
     <span class='ocr_line' id='line_1_29' title="bbox 2116 1374 3733 1449; baseline -0.002 -17"><span class='ocrx_word' id='word_1_195' title='bbox 2116 1379 2306 1449; x_wconf 88' lang='lat' dir='ltr'>phum.</span> <span class='ocrx_word' id='word_1_196' title='bbox 2373 1378 2507 1432; x_wconf 89' lang='lat' dir='ltr'>Ecce</span> <span class='ocrx_word' id='word_1_197' title='bbox 2547 1377 2927 1432; x_wconf 70' lang='lat' dir='ltr'>Thessandriae</span> <span class='ocrx_word' id='word_1_198' title='bbox 2968 1378 3300 1448; x_wconf 91' lang='lat' dir='ltr'>apostolum,</span> <span class='ocrx_word' id='word_1_199' title='bbox 3337 1374 3534 1429; x_wconf 90' lang='lat' dir='ltr'>merito</span> <span class='ocrx_word' id='word_1_200' title='bbox 3589 1387 3733 1443; x_wconf 87' lang='lat' dir='ltr'>apo-</span> 
     </span>
    </p>
   </div>
   <div class='ocr_carea' id='block_1_30' title="bbox 2116 1465 3732 1540">
    <p class='ocr_par' dir='ltr' id='par_1_30' title="bbox 2116 1465 3732 1540">
     <span class='ocr_line' id='line_1_30' title="bbox 2116 1465 3732 1540; baseline -0.004 -16"><span class='ocrx_word' id='word_1_201' title='bbox 2116 1471 2274 1525; x_wconf 86' lang='lat' dir='ltr'>stolis</span> <span class='ocrx_word' id='word_1_202' title='bbox 2315 1477 2368 1524; x_wconf 90' lang='lat' dir='ltr'>et</span> <span class='ocrx_word' id='word_1_203' title='bbox 2412 1469 2734 1540; x_wconf 84' lang='lat' dir='ltr'>apostolicis</span> <span class='ocrx_word' id='word_1_204' title='bbox 2782 1470 2916 1524; x_wconf 86' lang='lat' dir='ltr'>viris</span> <span class='ocrx_word' id='word_1_205' title='bbox 2955 1468 3376 1524; x_wconf 88' lang='lat' dir='ltr'>conferendum.</span> <span class='ocrx_word' id='word_1_206' title='bbox 3425 1467 3553 1521; x_wconf 90' lang='lat' dir='ltr'>Cum</span> <span class='ocrx_word' id='word_1_207' title='bbox 3584 1465 3732 1520; x_wconf 90' lang='lat' dir='ltr'>enim</span> 
     </span>
    </p>
   </div>
   <div class='ocr_carea' id='block_1_31' title="bbox 2117 1557 3736 1631">
    <p class='ocr_par' dir='ltr' id='par_1_31' title="bbox 2117 1557 3736 1631">
     <span class='ocr_line' id='line_1_31' title="bbox 2117 1557 3736 1631; baseline -0.004 -15"><span class='ocrx_word' id='word_1_208' title='bbox 2117 1561 2184 1616; x_wconf 89' lang='lat' dir='ltr'>ad</span> <span class='ocrx_word' id='word_1_209' title='bbox 2202 1561 2563 1629; x_wconf 87' lang='lat' dir='ltr'>judicandum</span> <span class='ocrx_word' id='word_1_210' title='bbox 2585 1561 2796 1615; x_wconf 89' lang='lat' dir='ltr'>venerit</span> <span class='ocrx_word' id='word_1_211' title='bbox 2817 1561 3080 1631; x_wconf 87' lang='lat' dir='ltr'>Princeps</span> <span class='ocrx_word' id='word_1_212' title='bbox 3099 1566 3403 1630; x_wconf 89' lang='lat' dir='ltr'>pastorum,</span> <span class='ocrx_word' id='word_1_213' title='bbox 3428 1566 3481 1612; x_wconf 90' lang='lat' dir='ltr'>et</span> <span class='ocrx_word' id='word_1_214' title='bbox 3497 1557 3736 1629; x_wconf 88' lang='lat' dir='ltr'>quisque</span> 
     </span>
    </p>
   </div>
   <div class='ocr_carea' id='block_1_32' title="bbox 406 1649 3741 1747">
    <p class='ocr_par' dir='ltr' id='par_1_32' title="bbox 406 1649 3741 1747">
     <span class='ocr_line' id='line_1_32' title="bbox 406 1649 3741 1747; baseline -0.001 -43"><span class='ocrx_word' id='word_1_215' title='bbox 406 1651 762 1721; x_wconf 89' lang='lat' dir='ltr'>Sapientibus</span> <span class='ocrx_word' id='word_1_216' title='bbox 812 1650 1036 1721; x_wconf 90' lang='lat' dir='ltr'>loquor;</span> <span class='ocrx_word' id='word_1_217' title='bbox 1083 1667 1177 1705; x_wconf 88' lang='lat' dir='ltr'>vos</span> <span class='ocrx_word' id='word_1_218' title='bbox 1232 1649 1335 1720; x_wconf 90' lang='lat' dir='ltr'>ipsi</span> <span class='ocrx_word' id='word_1_219' title='bbox 1371 1649 1612 1718; x_wconf 90' lang='lat' dir='ltr'>judicate</span> <span class='ocrx_word' id='word_1_220' title='bbox 1669 1649 1814 1720; x_wconf 89' lang='lat' dir='ltr'>quod</span> <span class='ocrx_word' id='word_1_221' title='bbox 1870 1650 1992 1704; x_wconf 88' lang='lat' dir='ltr'>dico</span> <span class='ocrx_word' id='word_1_222' title='bbox 2045 1680 2093 1747; x_wconf 59' lang='grc' dir='ltr'><strong>Β</strong></span> <span class='ocrx_word' id='word_1_223' title='bbox 2119 1660 2399 1724; x_wconf 89' lang='lat' dir='ltr'>pastorum</span> <span class='ocrx_word' id='word_1_224' title='bbox 2443 1653 2490 1707; x_wconf 91' lang='lat' dir='ltr'>ei</span> <span class='ocrx_word' id='word_1_225' title='bbox 2521 1653 3018 1723; x_wconf 70' lang='lat' dir='ltr'>reprzesentaverit,</span> <span class='ocrx_word' id='word_1_226' title='bbox 3051 1662 3272 1723; x_wconf 91' lang='lat' dir='ltr'>quotam</span> <span class='ocrx_word' id='word_1_227' title='bbox 3303 1658 3512 1720; x_wconf 89' lang='lat' dir='ltr'>partem</span> <span class='ocrx_word' id='word_1_228' title='bbox 3545 1649 3741 1702; x_wconf 89' lang='lat' dir='ltr'>mundi</span> 
     </span>
    </p>
   </div>
   <div class='ocr_carea' id='block_1_33' title="bbox 407 1740 2017 1812">
    <p class='ocr_par' dir='ltr' id='par_1_33' title="bbox 407 1740 2017 1812">
     <span class='ocr_line' id='line_1_33' title="bbox 407 1740 2017 1812; baseline -0.001 -16"><span class='ocrx_word' id='word_1_229' title='bbox 407 1742 545 1806; x_wconf 85' lang='lat' dir='ltr'>Quid</span> <span class='ocrx_word' id='word_1_230' title='bbox 581 1741 800 1812; x_wconf 84' lang='lat' dir='ltr'>prodest</span> <span class='ocrx_word' id='word_1_231' title='bbox 835 1742 940 1796; x_wconf 91' lang='lat' dir='ltr'>coli</span> <span class='ocrx_word' id='word_1_232' title='bbox 971 1742 1286 1805; x_wconf 89' lang='lat' dir='ltr'>simulacra,</span> <span class='ocrx_word' id='word_1_233' title='bbox 1317 1740 1519 1812; x_wconf 89' lang='lat' dir='ltr'>quibus</span> <span class='ocrx_word' id='word_1_234' title='bbox 1559 1755 1667 1794; x_wconf 91' lang='lat' dir='ltr'>non</span> <span class='ocrx_word' id='word_1_235' title='bbox 1703 1749 1785 1795; x_wconf 91' lang='lat' dir='ltr'>est</span> <span class='ocrx_word' id='word_1_236' title='bbox 1813 1741 2017 1808; x_wconf 91' lang='lat' dir='ltr'>anima,</span> 
     </span>
    </p>
   </div>
   <div class='ocr_carea' id='block_1_34' title="bbox 406 1832 2025 1908">
    <p class='ocr_par' dir='ltr' id='par_1_34' title="bbox 406 1832 2025 1908">
     <span class='ocr_line' id='line_1_34' title="bbox 406 1832 2025 1908; baseline -0.001 -20"><span class='ocrx_word' id='word_1_237' title='bbox 406 1849 587 1904; x_wconf 89' lang='lat' dir='ltr'>neque</span> <span class='ocrx_word' id='word_1_238' title='bbox 641 1833 794 1888; x_wconf 84' lang='lat' dir='ltr'>vita?</span> <span class='ocrx_word' id='word_1_239' title='bbox 851 1834 1041 1908; x_wconf 89' lang='lat' dir='ltr'>Fugite</span> <span class='ocrx_word' id='word_1_240' title='bbox 1081 1835 1324 1904; x_wconf 89' lang='lat' dir='ltr'>inquam,</span> <span class='ocrx_word' id='word_1_241' title='bbox 1385 1833 1452 1886; x_wconf 93' lang='lat' dir='ltr'>ab</span> <span class='ocrx_word' id='word_1_242' title='bbox 1510 1832 1840 1890; x_wconf 87' lang='lat' dir='ltr'>idololatria.</span> <span class='ocrx_word' id='word_1_243' title='bbox 1895 1832 2025 1904; x_wconf 87' lang='lat' dir='ltr'>quia</span> 
     </span>
    </p>
   </div>
   <div class='ocr_carea' id='block_1_35' title="bbox 407 1922 2028 1993">
    <p class='ocr_par' dir='ltr' id='par_1_35' title="bbox 407 1922 2028 1993">
     <span class='ocr_line' id='line_1_35' title="bbox 407 1922 2028 1993; baseline 0 -17"><span class='ocrx_word' id='word_1_244' title='bbox 407 1922 558 1976; x_wconf 89' lang='lat' dir='ltr'>nulla</span> <span class='ocrx_word' id='word_1_245' title='bbox 599 1923 770 1989; x_wconf 84' lang='lat' dir='ltr'>major</span> <span class='ocrx_word' id='word_1_246' title='bbox 815 1923 916 1976; x_wconf 90' lang='lat' dir='ltr'>hac</span> <span class='ocrx_word' id='word_1_247' title='bbox 955 1930 1037 1976; x_wconf 86' lang='lat' dir='ltr'>est</span> <span class='ocrx_word' id='word_1_248' title='bbox 1072 1923 1275 1991; x_wconf 87' lang='lat' dir='ltr'>injuria</span> <span class='ocrx_word' id='word_1_249' title='bbox 1300 1923 1355 1976; x_wconf 92' lang='lat' dir='ltr'>in</span> <span class='ocrx_word' id='word_1_250' title='bbox 1390 1922 1582 1987; x_wconf 89' lang='lat' dir='ltr'>Deum,</span> <span class='ocrx_word' id='word_1_251' title='bbox 1625 1922 1716 1993; x_wconf 89' lang='lat' dir='ltr'>qui</span> <span class='ocrx_word' id='word_1_252' title='bbox 1751 1922 1885 1977; x_wconf 92' lang='lat' dir='ltr'>dicit</span> <span class='ocrx_word' id='word_1_253' title='bbox 1930 1939 2028 1993; x_wconf 89' lang='lat' dir='ltr'>per</span> 
     </span>
    </p>
   </div>
   <div class='ocr_carea' id='block_1_36' title="bbox 408 2013 2024 2084">
    <p class='ocr_par' dir='ltr' id='par_1_36' title="bbox 408 2013 2024 2084">
     <span class='ocr_line' id='line_1_36' title="bbox 408 2013 2024 2084; baseline -0.001 -17"><span class='ocrx_word' id='word_1_254' title='bbox 408 2015 759 2084; x_wconf 87' lang='lat' dir='ltr'>pr0phetam:</span> <span class='ocrx_word' id='word_1_255' title='bbox 802 2035 822 2062; x_wconf 77' lang='grc' dir='ltr'>ι</span> <span class='ocrx_word' id='word_1_256' title='bbox 859 2014 1092 2068; x_wconf 87' lang='lat' dir='ltr'>Gloriam</span> <span class='ocrx_word' id='word_1_257' title='bbox 1129 2030 1304 2068; x_wconf 89' lang='lat' dir='ltr'>meam</span> <span class='ocrx_word' id='word_1_258' title='bbox 1336 2013 1492 2068; x_wconf 89' lang='lat' dir='ltr'>alteri</span> <span class='ocrx_word' id='word_1_259' title='bbox 1525 2029 1633 2068; x_wconf 90' lang='lat' dir='ltr'>non</span> <span class='ocrx_word' id='word_1_260' title='bbox 1667 2013 1830 2069; x_wconf 87' lang='lat' dir='ltr'>dabo.</span> <span class='ocrx_word' id='word_1_261' title='bbox 1867 2036 1887 2062; x_wconf 82' lang='grc'><strong>»</strong></span> <span class='ocrx_word' id='word_1_262' title='bbox 1913 2013 2024 2066; x_wconf 86' lang='lat' dir='ltr'>Fu-</span> 
     </span>
    </p>
   </div>
   <div class='ocr_carea' id='block_1_37' title="bbox 407 2102 2024 2176">
    <p class='ocr_par' dir='ltr' id='par_1_37' title="bbox 407 2102 2024 2176">
     <span class='ocr_line' id='line_1_37' title="bbox 407 2102 2024 2176; baseline 0.001 -20"><span class='ocrx_word' id='word_1_263' title='bbox 407 2103 517 2176; x_wconf 86' lang='lat' dir='ltr'>gite</span> <span class='ocrx_word' id='word_1_264' title='bbox 550 2120 580 2156; x_wconf 94' lang='lat' dir='ltr'>a</span> <span class='ocrx_word' id='word_1_265' title='bbox 613 2103 880 2170; x_wconf 87' lang='lat' dir='ltr'>tenebris,</span> <span class='ocrx_word' id='word_1_266' title='bbox 909 2103 1001 2174; x_wconf 91' lang='lat' dir='ltr'>qui</span> <span class='ocrx_word' id='word_1_267' title='bbox 1049 2103 1227 2159; x_wconf 90' lang='lat' dir='ltr'>lucem</span> <span class='ocrx_word' id='word_1_268' title='bbox 1263 2103 1527 2158; x_wconf 92' lang='lat' dir='ltr'>naturalis</span> <span class='ocrx_word' id='word_1_269' title='bbox 1568 2103 1798 2158; x_wconf 88' lang='lat' dir='ltr'>rationis</span> <span class='ocrx_word' id='word_1_270' title='bbox 1854 2102 2024 2158; x_wconf 89' lang='lat' dir='ltr'>habe-</span> 
     </span>
    </p>
   </div>
   <div class='ocr_carea' id='block_1_38' title="bbox 409 2197 496 2252">
    <p class='ocr_par' dir='ltr' id='par_1_38' title="bbox 409 2197 496 2252">
     <span class='ocr_line' id='line_1_38' title="bbox 409 2197 496 2252; baseline 0.023 -2"><span class='ocrx_word' id='word_1_271' title='bbox 409 2197 496 2252; x_wconf 92' lang='lat' dir='ltr'>tis.</span> 
     </span>
    </p>
   </div>
   <div class='ocr_carea' id='block_1_39' title="bbox 481 2289 2028 2360">
    <p class='ocr_par' dir='ltr' id='par_1_39' title="bbox 481 2289 2028 2360">
     <span class='ocr_line' id='line_1_39' title="bbox 481 2289 2028 2360; baseline 0 -16"><span class='ocrx_word' id='word_1_272' title='bbox 481 2289 568 2344; x_wconf 75' lang='lat'>31.</span> <span class='ocrx_word' id='word_1_273' title='bbox 600 2289 715 2343; x_wconf 88' lang='lat' dir='ltr'>Jam</span> <span class='ocrx_word' id='word_1_274' title='bbox 750 2305 893 2360; x_wconf 88' lang='lat' dir='ltr'>pene</span> <span class='ocrx_word' id='word_1_275' title='bbox 933 2297 1079 2345; x_wconf 91' lang='lat' dir='ltr'>totus</span> <span class='ocrx_word' id='word_1_276' title='bbox 1123 2289 1362 2344; x_wconf 90' lang='lat' dir='ltr'>mundus</span> <span class='ocrx_word' id='word_1_277' title='bbox 1392 2289 1645 2345; x_wconf 90' lang='lat' dir='ltr'>credidit.</span> <span class='ocrx_word' id='word_1_278' title='bbox 1703 2289 1765 2344; x_wconf 92' lang='lat' dir='ltr'>Ut</span> <span class='ocrx_word' id='word_1_279' title='bbox 1802 2289 1882 2344; x_wconf 91' lang='lat' dir='ltr'>sol</span> <span class='ocrx_word' id='word_1_280' title='bbox 1917 2297 2028 2345; x_wconf 90' lang='lat' dir='ltr'>tres</span> 
     </span>
    </p>
   </div>
   <div class='ocr_carea' id='block_1_40' title="bbox 410 2378 2025 2447">
    <p class='ocr_par' dir='ltr' id='par_1_40' title="bbox 410 2378 2025 2447">
     <span class='ocr_line' id='line_1_40' title="bbox 410 2378 2025 2447; baseline 0.001 -14"><span class='ocrx_word' id='word_1_281' title='bbox 410 2378 603 2434; x_wconf 91' lang='lat' dir='ltr'>mundi</span> <span class='ocrx_word' id='word_1_282' title='bbox 634 2380 907 2445; x_wconf 79' lang='lat' dir='ltr'>cardines,</span> <span class='ocrx_word' id='word_1_283' title='bbox 940 2379 1240 2445; x_wconf 90' lang='lat' dir='ltr'>Orientem,</span> <span class='ocrx_word' id='word_1_284' title='bbox 1271 2379 1582 2446; x_wconf 84' lang='lat' dir='ltr'>Meridiem,</span> <span class='ocrx_word' id='word_1_285' title='bbox 1643 2380 2025 2447; x_wconf 90' lang='lat' dir='ltr'>Occidentem,</span> 
     </span>
    </p>
   </div>
   <div class='ocr_carea' id='block_1_41' title="bbox 409 2471 2027 2544">
    <p class='ocr_par' dir='ltr' id='par_1_41' title="bbox 409 2471 2027 2544">
     <span class='ocr_line' id='line_1_41' title="bbox 409 2471 2027 2544; baseline 0 -19"><span class='ocrx_word' id='word_1_286' title='bbox 409 2488 509 2526; x_wconf 89' lang='lat' dir='ltr'>sua</span> <span class='ocrx_word' id='word_1_287' title='bbox 553 2472 846 2541; x_wconf 67' lang='lat' dir='ltr'>praesentia</span> <span class='ocrx_word' id='word_1_288' title='bbox 877 2471 1127 2544; x_wconf 86' lang='lat' dir='ltr'>attingit:</span> <span class='ocrx_word' id='word_1_289' title='bbox 1159 2472 1656 2542; x_wconf 90' lang='lat' dir='ltr'>Septentrionalem</span> <span class='ocrx_word' id='word_1_290' title='bbox 1689 2488 1818 2528; x_wconf 91' lang='lat' dir='ltr'>vero</span> <span class='ocrx_word' id='word_1_291' title='bbox 1845 2472 2027 2527; x_wconf 86' lang='lat' dir='ltr'>cardi-</span> 
     </span>
    </p>
   </div>
   <div class='ocr_carea' id='block_1_42' title="bbox 413 2563 2027 2634">
    <p class='ocr_par' dir='ltr' id='par_1_42' title="bbox 413 2563 2027 2634">
     <span class='ocr_line' id='line_1_42' title="bbox 413 2563 2027 2634; baseline 0.001 -18"><span class='ocrx_word' id='word_1_292' title='bbox 413 2579 537 2617; x_wconf 90' lang='lat' dir='ltr'>nem</span> <span class='ocrx_word' id='word_1_293' title='bbox 579 2563 740 2630; x_wconf 89' lang='lat' dir='ltr'>jaetis</span> <span class='ocrx_word' id='word_1_294' title='bbox 774 2563 940 2617; x_wconf 86' lang='lat' dir='ltr'>radiis</span> <span class='ocrx_word' id='word_1_295' title='bbox 978 2580 1008 2618; x_wconf 93' lang='lat' dir='ltr'>a</span> <span class='ocrx_word' id='word_1_296' title='bbox 1058 2564 1222 2634; x_wconf 87' lang='lat' dir='ltr'>longe</span> <span class='ocrx_word' id='word_1_297' title='bbox 1267 2564 1532 2629; x_wconf 88' lang='lat' dir='ltr'>illustrat;</span> <span class='ocrx_word' id='word_1_298' title='bbox 1566 2565 1645 2619; x_wconf 90' lang='lat' dir='ltr'>sic</span> <span class='ocrx_word' id='word_1_299' title='bbox 1695 2563 1792 2619; x_wconf 89' lang='lat' dir='ltr'>Sol</span> <span class='ocrx_word' id='word_1_300' title='bbox 1830 2564 2027 2618; x_wconf 89' lang='lat' dir='ltr'>mundi</span> 
     </span>
    </p>
   </div>
   <div class='ocr_carea' id='block_1_43' title="bbox 413 2655 2028 2723">
    <p class='ocr_par' dir='ltr' id='par_1_43' title="bbox 413 2655 2028 2723">
     <span class='ocr_line' id='line_1_43' title="bbox 413 2655 2028 2723; baseline 0.001 -15"><span class='ocrx_word' id='word_1_301' title='bbox 413 2655 658 2709; x_wconf 90' lang='lat' dir='ltr'>Christus</span> <span class='ocrx_word' id='word_1_302' title='bbox 711 2655 986 2710; x_wconf 88' lang='lat' dir='ltr'>Orientem</span> <span class='ocrx_word' id='word_1_303' title='bbox 1018 2657 1296 2711; x_wconf 89' lang='lat' dir='ltr'>nascendo</span> <span class='ocrx_word' id='word_1_304' title='bbox 1336 2656 1589 2723; x_wconf 87' lang='lat' dir='ltr'>sacravit,</span> <span class='ocrx_word' id='word_1_305' title='bbox 1636 2656 1916 2711; x_wconf 82' lang='lat' dir='ltr'>Meridiem</span> <span class='ocrx_word' id='word_1_306' title='bbox 1972 2656 2028 2710; x_wconf 87' lang='lat' dir='ltr'>in</span> 
     </span>
    </p>
   </div>
   <div class='ocr_carea' id='block_1_44' title="bbox 411 2743 2024 2817">
    <p class='ocr_par' dir='ltr' id='par_1_44' title="bbox 411 2743 2024 2817">
     <span class='ocr_line' id='line_1_44' title="bbox 411 2743 2024 2817; baseline 0.001 -21"><span class='ocrx_word' id='word_1_307' title='bbox 411 2744 696 2815; x_wconf 69' lang='lat' dir='ltr'>Aigyptum</span> <span class='ocrx_word' id='word_1_308' title='bbox 729 2743 946 2817; x_wconf 85' lang='lat' dir='ltr'>fugiens</span> <span class='ocrx_word' id='word_1_309' title='bbox 986 2744 1190 2810; x_wconf 89' lang='lat' dir='ltr'>invisit,</span> <span class='ocrx_word' id='word_1_310' title='bbox 1232 2760 1335 2799; x_wconf 91' lang='lat' dir='ltr'>nec</span> <span class='ocrx_word' id='word_1_311' title='bbox 1373 2744 1600 2815; x_wconf 86' lang='lat' dir='ltr'>reliquit</span> <span class='ocrx_word' id='word_1_312' title='bbox 1647 2745 2024 2813; x_wconf 88' lang='lat' dir='ltr'>Occidentem,</span> 
     </span>
    </p>
   </div>
   <div class='ocr_carea' id='block_1_45' title="bbox 411 2837 2025 2908">
    <p class='ocr_par' dir='ltr' id='par_1_45' title="bbox 411 2837 2025 2908">
     <span class='ocr_line' id='line_1_45' title="bbox 411 2837 2025 2908; baseline 0 -15"><span class='ocrx_word' id='word_1_313' title='bbox 411 2838 506 2893; x_wconf 90' lang='lat' dir='ltr'>ubi</span> <span class='ocrx_word' id='word_1_314' title='bbox 533 2837 813 2908; x_wconf 89' lang='lat' dir='ltr'>apostolos</span> <span class='ocrx_word' id='word_1_315' title='bbox 842 2837 1010 2902; x_wconf 89' lang='lat' dir='ltr'>misit,</span> <span class='ocrx_word' id='word_1_316' title='bbox 1044 2853 1142 2908; x_wconf 90' lang='lat' dir='ltr'>per</span> <span class='ocrx_word' id='word_1_317' title='bbox 1167 2853 1307 2908; x_wconf 93' lang='lat' dir='ltr'>quos</span> <span class='ocrx_word' id='word_1_318' title='bbox 1331 2838 1443 2906; x_wconf 88' lang='lat' dir='ltr'>jam</span> <span class='ocrx_word' id='word_1_319' title='bbox 1477 2848 1640 2907; x_wconf 90' lang='lat' dir='ltr'>caput</span> <span class='ocrx_word' id='word_1_320' title='bbox 1681 2838 1872 2892; x_wconf 89' lang='lat' dir='ltr'>mundi</span> <span class='ocrx_word' id='word_1_321' title='bbox 1917 2839 2025 2893; x_wconf 79' lang='lat' dir='ltr'>Ro-</span> 
     </span>
    </p>
   </div>
   <div class='ocr_carea' id='block_1_46' title="bbox 412 2927 2025 2998">
    <p class='ocr_par' dir='ltr' id='par_1_46' title="bbox 412 2927 2025 2998">
     <span class='ocr_line' id='line_1_46' title="bbox 412 2927 2025 2998; baseline 0.001 -17"><span class='ocrx_word' id='word_1_322' title='bbox 412 2944 499 2981; x_wconf 92' lang='lat' dir='ltr'>ma</span> <span class='ocrx_word' id='word_1_323' title='bbox 529 2927 737 2982; x_wconf 84' lang='lat' dir='ltr'>inﬂexit</span> <span class='ocrx_word' id='word_1_324' title='bbox 759 2927 1054 2981; x_wconf 86' lang='lat' dir='ltr'>cervicem.</span> <span class='ocrx_word' id='word_1_325' title='bbox 1111 2929 1340 2991; x_wconf 84' lang='lat' dir='ltr'>Quartus</span> <span class='ocrx_word' id='word_1_326' title='bbox 1369 2927 1456 2982; x_wconf 90' lang='lat' dir='ltr'>hic</span> <span class='ocrx_word' id='word_1_327' title='bbox 1499 2927 1686 2998; x_wconf 91' lang='lat' dir='ltr'>cardo,</span> <span class='ocrx_word' id='word_1_328' title='bbox 1715 2944 1878 2998; x_wconf 90' lang='lat' dir='ltr'>quem</span> <span class='ocrx_word' id='word_1_329' title='bbox 1941 2928 2025 2982; x_wconf 88' lang='lat' dir='ltr'>in-</span> 
     </span>
    </p>
   </div>
   <div class='ocr_carea' id='block_1_47' title="bbox 411 3015 2023 3086">
    <p class='ocr_par' dir='ltr' id='par_1_47' title="bbox 411 3015 2023 3086">
     <span class='ocr_line' id='line_1_47' title="bbox 411 3015 2023 3086; baseline 0.001 -16"><span class='ocrx_word' id='word_1_330' title='bbox 411 3015 612 3081; x_wconf 92' lang='lat' dir='ltr'>colitis,</span> <span class='ocrx_word' id='word_1_331' title='bbox 645 3015 895 3086; x_wconf 91' lang='lat' dir='ltr'>quamvis</span> <span class='ocrx_word' id='word_1_332' title='bbox 926 3021 1150 3085; x_wconf 91' lang='lat' dir='ltr'>pr0ptcr</span> <span class='ocrx_word' id='word_1_333' title='bbox 1196 3015 1328 3069; x_wconf 89' lang='lat' dir='ltr'>solis</span> <span class='ocrx_word' id='word_1_334' title='bbox 1357 3015 1660 3069; x_wconf 84' lang='lat' dir='ltr'>absentiam</span> <span class='ocrx_word' id='word_1_335' title='bbox 1693 3017 1902 3070; x_wconf 91' lang='lat' dir='ltr'>tardius</span> <span class='ocrx_word' id='word_1_336' title='bbox 1939 3017 2023 3071; x_wconf 89' lang='lat' dir='ltr'>lu-</span> 
     </span>
    </p>
   </div>
   <div class='ocr_carea' id='block_1_48' title="bbox 412 3101 2020 3177">
    <p class='ocr_par' dir='ltr' id='par_1_48' title="bbox 412 3101 2020 3177">
     <span class='ocr_line' id='line_1_48' title="bbox 412 3101 2020 3177; baseline 0.002 -20"><span class='ocrx_word' id='word_1_337' title='bbox 412 3118 530 3158; x_wconf 87' lang='lat' dir='ltr'>cem</span> <span class='ocrx_word' id='word_1_338' title='bbox 561 3101 1029 3168; x_wconf 85' lang='lat' dir='ltr'>admittat,tamen</span> <span class='ocrx_word' id='word_1_339' title='bbox 1057 3102 1278 3177; x_wconf 89' lang='lat' dir='ltr'>alonge</span> <span class='ocrx_word' id='word_1_340' title='bbox 1320 3103 1656 3158; x_wconf 90' lang='lat' dir='ltr'>illuminatos</span> <span class='ocrx_word' id='word_1_341' title='bbox 1690 3105 1859 3172; x_wconf 91' lang='lat' dir='ltr'>videt,</span> <span class='ocrx_word' id='word_1_342' title='bbox 1892 3116 1947 3160; x_wconf 85' lang='lat' dir='ltr'>et</span> <span class='ocrx_word' id='word_1_343' title='bbox 1976 3106 2020 3159; x_wconf 91' lang='lat' dir='ltr'>si</span> 
     </span>
    </p>
   </div>
   <div class='ocr_carea' id='block_1_49' title="bbox 414 3194 2022 3266">
    <p class='ocr_par' dir='ltr' id='par_1_49' title="bbox 414 3194 2022 3266">
     <span class='ocr_line' id='line_1_49' title="bbox 414 3194 2022 3266; baseline 0.002 -17"><span class='ocrx_word' id='word_1_344' title='bbox 414 3194 706 3266; x_wconf 66' lang='lat' dir='ltr'>praesentia</span> <span class='ocrx_word' id='word_1_345' title='bbox 742 3194 874 3249; x_wconf 91' lang='lat' dir='ltr'>solis</span> <span class='ocrx_word' id='word_1_346' title='bbox 903 3201 1072 3260; x_wconf 90' lang='lat' dir='ltr'>caret,</span> <span class='ocrx_word' id='word_1_347' title='bbox 1131 3195 1324 3250; x_wconf 90' lang='lat' dir='ltr'>solaris</span> <span class='ocrx_word' id='word_1_348' title='bbox 1372 3203 1555 3250; x_wconf 86' lang='lat' dir='ltr'>tamen</span> <span class='ocrx_word' id='word_1_349' title='bbox 1606 3197 1746 3252; x_wconf 91' lang='lat' dir='ltr'>lucis</span> <span class='ocrx_word' id='word_1_350' title='bbox 1778 3214 1880 3252; x_wconf 87' lang='lat' dir='ltr'>usu</span> <span class='ocrx_word' id='word_1_351' title='bbox 1913 3213 2022 3254; x_wconf 91' lang='lat' dir='ltr'>non</span> 
     </span>
    </p>
   </div>
   <div class='ocr_carea' id='block_1_50' title="bbox 415 3285 2024 3359">
    <p class='ocr_par' dir='ltr' id='par_1_50' title="bbox 415 3285 2024 3359">
     <span class='ocr_line' id='line_1_50' title="bbox 415 3285 2024 3359; baseline 0.002 -18"><span class='ocrx_word' id='word_1_352' title='bbox 415 3287 596 3341; x_wconf 90' lang='lat' dir='ltr'>minus</span> <span class='ocrx_word' id='word_1_353' title='bbox 625 3295 768 3359; x_wconf 86' lang='lat' dir='ltr'>eget.</span> <span class='ocrx_word' id='word_1_354' title='bbox 804 3285 915 3341; x_wconf 85' lang='lat' dir='ltr'>Hoc</span> <span class='ocrx_word' id='word_1_355' title='bbox 954 3286 1140 3352; x_wconf 90' lang='lat' dir='ltr'>modo,</span> <span class='ocrx_word' id='word_1_356' title='bbox 1192 3287 1522 3354; x_wconf 91' lang='lat' dir='ltr'>charissimi,</span> <span class='ocrx_word' id='word_1_357' title='bbox 1557 3288 1602 3342; x_wconf 91' lang='lat' dir='ltr'>si</span> <span class='ocrx_word' id='word_1_358' title='bbox 1652 3288 1830 3358; x_wconf 92' lang='lat' dir='ltr'>ipsum</span> <span class='ocrx_word' id='word_1_359' title='bbox 1865 3289 2024 3344; x_wconf 86' lang='lat' dir='ltr'>Chri-</span> 
     </span>
    </p>
   </div>
   <div class='ocr_carea' id='block_1_51' title="bbox 413 3377 2019 3448">
    <p class='ocr_par' dir='ltr' id='par_1_51' title="bbox 413 3377 2019 3448">
     <span class='ocr_line' id='line_1_51' title="bbox 413 3377 2019 3448; baseline 0.002 -16"><span class='ocrx_word' id='word_1_360' title='bbox 413 3385 578 3443; x_wconf 92' lang='lat' dir='ltr'>stum,</span> <span class='ocrx_word' id='word_1_361' title='bbox 609 3380 652 3434; x_wconf 92' lang='lat' dir='ltr'>si</span> <span class='ocrx_word' id='word_1_362' title='bbox 697 3377 892 3432; x_wconf 88' lang='lat' dir='ltr'>Christi</span> <span class='ocrx_word' id='word_1_363' title='bbox 936 3378 1216 3448; x_wconf 84' lang='lat' dir='ltr'>apostolos</span> <span class='ocrx_word' id='word_1_364' title='bbox 1260 3393 1371 3433; x_wconf 92' lang='lat' dir='ltr'>non</span> <span class='ocrx_word' id='word_1_365' title='bbox 1400 3379 1633 3434; x_wconf 89' lang='lat' dir='ltr'>vidistis.</span> <span class='ocrx_word' id='word_1_366' title='bbox 1670 3381 1815 3434; x_wconf 85' lang='lat' dir='ltr'>beati</span> <span class='ocrx_word' id='word_1_367' title='bbox 1864 3381 2019 3448; x_wconf 90' lang='lat' dir='ltr'>estis,</span> 
     </span>
    </p>
   </div>
   <div class='ocr_carea' id='block_1_52' title="bbox 415 3467 2023 3544">
    <p class='ocr_par' dir='ltr' id='par_1_52' title="bbox 415 3467 2023 3544">
     <span class='ocr_line' id='line_1_52' title="bbox 415 3467 2023 3544; baseline 0.004 -21"><span class='ocrx_word' id='word_1_368' title='bbox 415 3468 463 3523; x_wconf 92' lang='lat' dir='ltr'>si</span> <span class='ocrx_word' id='word_1_369' title='bbox 496 3467 724 3522; x_wconf 81' lang='lat' dir='ltr'>creditis</span> <span class='ocrx_word' id='word_1_370' title='bbox 759 3467 814 3520; x_wconf 92' lang='lat' dir='ltr'>in</span> <span class='ocrx_word' id='word_1_371' title='bbox 861 3483 988 3521; x_wconf 89' lang='lat' dir='ltr'>eum</span> <span class='ocrx_word' id='word_1_372' title='bbox 1029 3484 1193 3538; x_wconf 92' lang='lat' dir='ltr'>quem</span> <span class='ocrx_word' id='word_1_373' title='bbox 1237 3483 1346 3522; x_wconf 90' lang='lat' dir='ltr'>non</span> <span class='ocrx_word' id='word_1_374' title='bbox 1388 3468 1620 3524; x_wconf 85' lang='lat' dir='ltr'>vidistis.</span> <span class='ocrx_word' id='word_1_375' title='bbox 1663 3469 1716 3524; x_wconf 89' lang='lat' dir='ltr'>Si</span> <span class='ocrx_word' id='word_1_376' title='bbox 1751 3471 1806 3525; x_wconf 91' lang='lat' dir='ltr'>in</span> <span class='ocrx_word' id='word_1_377' title='bbox 1845 3473 2023 3544; x_wconf 89' lang='lat' dir='ltr'>ipsum</span> 
     </span>
    </p>
   </div>
   <div class='ocr_carea' id='block_1_53' title="bbox 411 3558 2024 3633">
    <p class='ocr_par' dir='ltr' id='par_1_53' title="bbox 411 3558 2024 3633">
     <span class='ocr_line' id='line_1_53' title="bbox 411 3558 2024 3633; baseline 0.004 -18"><span class='ocrx_word' id='word_1_378' title='bbox 411 3561 584 3616; x_wconf 93' lang='lat' dir='ltr'>solem</span> <span class='ocrx_word' id='word_1_379' title='bbox 616 3575 725 3614; x_wconf 91' lang='lat' dir='ltr'>non</span> <span class='ocrx_word' id='word_1_380' title='bbox 759 3559 987 3630; x_wconf 92' lang='lat' dir='ltr'>potestis</span> <span class='ocrx_word' id='word_1_381' title='bbox 1015 3560 1188 3615; x_wconf 88' lang='lat' dir='ltr'>aciem</span> <span class='ocrx_word' id='word_1_382' title='bbox 1232 3558 1484 3633; x_wconf 77' lang='lat' dir='ltr'>infigere,</span> <span class='ocrx_word' id='word_1_383' title='bbox 1533 3560 1802 3617; x_wconf 89' lang='lat' dir='ltr'>intendite</span> <span class='ocrx_word' id='word_1_384' title='bbox 1832 3565 2024 3621; x_wconf 83' lang='lat' dir='ltr'>oculos</span> 
     </span>
    </p>
   </div>
   <div class='ocr_carea' id='block_1_54' title="bbox 415 3648 2023 3727">
    <p class='ocr_par' dir='ltr' id='par_1_54' title="bbox 415 3648 2023 3727">
     <span class='ocr_line' id='line_1_54' title="bbox 415 3648 2023 3727; baseline 0.003 -24"><span class='ocrx_word' id='word_1_385' title='bbox 415 3649 482 3703; x_wconf 90' lang='lat' dir='ltr'>ad</span> <span class='ocrx_word' id='word_1_386' title='bbox 513 3656 729 3704; x_wconf 89' lang='lat' dir='ltr'>montes</span> <span class='ocrx_word' id='word_1_387' title='bbox 768 3664 799 3702; x_wconf 91' lang='lat' dir='ltr'>a</span> <span class='ocrx_word' id='word_1_388' title='bbox 825 3649 942 3704; x_wconf 89' lang='lat' dir='ltr'>sole</span> <span class='ocrx_word' id='word_1_389' title='bbox 974 3648 1287 3702; x_wconf 88' lang='lat' dir='ltr'>illustratos.</span> <span class='ocrx_word' id='word_1_390' title='bbox 1333 3648 1434 3703; x_wconf 89' lang='lat' dir='ltr'>Per</span> <span class='ocrx_word' id='word_1_391' title='bbox 1483 3649 1580 3704; x_wconf 92' lang='lat' dir='ltr'>hos</span> <span class='ocrx_word' id='word_1_392' title='bbox 1634 3659 1872 3727; x_wconf 86' lang='lat' dir='ltr'>montes,</span> <span class='ocrx_word' id='word_1_393' title='bbox 1923 3669 2023 3724; x_wconf 90' lang='lat' dir='ltr'>per</span> 
     </span>
    </p>
   </div>
   <div class='ocr_carea' id='block_1_55' title="bbox 414 3740 2022 3816">
    <p class='ocr_par' dir='ltr' id='par_1_55' title="bbox 414 3740 2022 3816">
     <span class='ocr_line' id='line_1_55' title="bbox 414 3740 2022 3816; baseline 0.003 -20"><span class='ocrx_word' id='word_1_394' title='bbox 414 3741 747 3812; x_wconf 83' lang='lat' dir='ltr'>apostolicos</span> <span class='ocrx_word' id='word_1_395' title='bbox 791 3741 1004 3796; x_wconf 91' lang='lat' dir='ltr'>scilicet</span> <span class='ocrx_word' id='word_1_396' title='bbox 1052 3741 1216 3804; x_wconf 86' lang='lat' dir='ltr'>viros,</span> <span class='ocrx_word' id='word_1_397' title='bbox 1258 3740 1422 3814; x_wconf 88' lang='lat' dir='ltr'>longe</span> <span class='ocrx_word' id='word_1_398' title='bbox 1465 3741 1682 3816; x_wconf 89' lang='lat' dir='ltr'>lateque</span> <span class='ocrx_word' id='word_1_399' title='bbox 1714 3743 1843 3798; x_wconf 79' lang='lat' dir='ltr'>fidei</span> <span class='ocrx_word' id='word_1_400' title='bbox 1904 3747 2022 3802; x_wconf 90' lang='lat' dir='ltr'>luce</span> 
     </span>
    </p>
   </div>
   <div class='ocr_carea' id='block_1_56' title="bbox 417 3831 2020 3904">
    <p class='ocr_par' dir='ltr' id='par_1_56' title="bbox 417 3831 2020 3904">
     <span class='ocr_line' id='line_1_56' title="bbox 417 3831 2020 3904; baseline 0.003 -18"><span class='ocrx_word' id='word_1_401' title='bbox 417 3832 760 3897; x_wconf 89' lang='lat' dir='ltr'>transmissa,</span> <span class='ocrx_word' id='word_1_402' title='bbox 785 3832 898 3898; x_wconf 88' lang='lat' dir='ltr'>jam</span> <span class='ocrx_word' id='word_1_403' title='bbox 931 3831 1166 3886; x_wconf 86' lang='lat' dir='ltr'>credidit</span> <span class='ocrx_word' id='word_1_404' title='bbox 1199 3831 1475 3901; x_wconf 87' lang='lat' dir='ltr'>Hispania,</span> <span class='ocrx_word' id='word_1_405' title='bbox 1510 3835 1782 3904; x_wconf 87' lang='lat' dir='ltr'>tripartita</span> <span class='ocrx_word' id='word_1_406' title='bbox 1825 3837 2020 3901; x_wconf 81' lang='lat' dir='ltr'>Gallia,</span> 
     </span>
    </p>
   </div>
   <div class='ocr_carea' id='block_1_57' title="bbox 418 3920 2024 3983">
    <p class='ocr_par' dir='ltr' id='par_1_57' title="bbox 418 3920 2024 3983">
     <span class='ocr_line' id='line_1_57' title="bbox 418 3920 2024 3983; baseline 0.004 -9"><span class='ocrx_word' id='word_1_407' title='bbox 418 3920 726 3983; x_wconf 85' lang='lat' dir='ltr'>Germania,</span> <span class='ocrx_word' id='word_1_408' title='bbox 759 3929 814 3973; x_wconf 91' lang='lat' dir='ltr'>et</span> <span class='ocrx_word' id='word_1_409' title='bbox 839 3927 1062 3974; x_wconf 68' lang='lat' dir='ltr'>l‘Cl‘DOltB</span> <span class='ocrx_word' id='word_1_410' title='bbox 1085 3920 1187 3974; x_wconf 90' lang='lat' dir='ltr'>sub</span> <span class='ocrx_word' id='word_1_411' title='bbox 1215 3920 1322 3975; x_wconf 91' lang='lat' dir='ltr'>alio</span> <span class='ocrx_word' id='word_1_412' title='bbox 1353 3923 1486 3977; x_wconf 92' lang='lat' dir='ltr'>orbe</span> <span class='ocrx_word' id='word_1_413' title='bbox 1502 3923 1781 3978; x_wconf 87' lang='lat' dir='ltr'>Britannia</span> <span class='ocrx_word' id='word_1_414' title='bbox 1811 3935 1865 3980; x_wconf 90' lang='lat' dir='ltr'>et</span> <span class='ocrx_word' id='word_1_415' title='bbox 1891 3925 2024 3981; x_wconf 89' lang='lat' dir='ltr'>Sco-</span> 
     </span>
    </p>
   </div>
   <div class='ocr_carea' id='block_1_58' title="bbox 414 4010 2024 4084">
    <p class='ocr_par' dir='ltr' id='par_1_58' title="bbox 414 4010 2024 4084">
     <span class='ocr_line' id='line_1_58' title="bbox 414 4010 2024 4084; baseline 0.005 -20"><span class='ocrx_word' id='word_1_416' title='bbox 414 4010 509 4065; x_wconf 89' lang='lat' dir='ltr'>tia.</span> <span class='ocrx_word' id='word_1_417' title='bbox 543 4010 770 4064; x_wconf 76' lang='lat' dir='ltr'>Francia</span> <span class='ocrx_word' id='word_1_418' title='bbox 797 4010 866 4064; x_wconf 90' lang='lat' dir='ltr'>de</span> <span class='ocrx_word' id='word_1_419' title='bbox 890 4011 1138 4080; x_wconf 82' lang='lat' dir='ltr'>proximo</span> <span class='ocrx_word' id='word_1_420' title='bbox 1169 4028 1265 4066; x_wconf 93' lang='lat' dir='ltr'>vos</span> <span class='ocrx_word' id='word_1_421' title='bbox 1316 4015 1494 4084; x_wconf 85' lang='lat' dir='ltr'>arguit</span> <span class='ocrx_word' id='word_1_422' title='bbox 1523 4014 1814 4070; x_wconf 69' lang='lat' dir='ltr'>obstinatze</span> <span class='ocrx_word' id='word_1_423' title='bbox 1845 4017 2024 4072; x_wconf 90' lang='lat' dir='ltr'>incre-</span> 
     </span>
    </p>
   </div>
   <div class='ocr_carea' id='block_1_59' title="bbox 417 4101 2023 4177">
    <p class='ocr_par' dir='ltr' id='par_1_59' title="bbox 417 4101 2023 4177">
     <span class='ocr_line' id='line_1_59' title="bbox 417 4101 2023 4177; baseline 0.004 -21"><span class='ocrx_word' id='word_1_424' title='bbox 417 4101 676 4158; x_wconf 89' lang='lat' dir='ltr'>dulitatis.</span> <span class='ocrx_word' id='word_1_425' title='bbox 721 4103 850 4158; x_wconf 92' lang='lat' dir='ltr'>Cum</span> <span class='ocrx_word' id='word_1_426' title='bbox 905 4102 1285 4158; x_wconf 89' lang='lat' dir='ltr'>misericordia</span> <span class='ocrx_word' id='word_1_427' title='bbox 1315 4105 1528 4160; x_wconf 91' lang='lat' dir='ltr'>Domini</span> <span class='ocrx_word' id='word_1_428' title='bbox 1575 4106 1737 4177; x_wconf 90' lang='lat' dir='ltr'>plena</span> <span class='ocrx_word' id='word_1_429' title='bbox 1764 4107 1834 4162; x_wconf 89' lang='lat' dir='ltr'>sit</span> <span class='ocrx_word' id='word_1_430' title='bbox 1861 4118 2023 4175; x_wconf 89' lang='lat' dir='ltr'>terra,</span> 
     </span>
    </p>
   </div>
   <div class='ocr_carea' id='block_1_60' title="bbox 417 4197 2026 4268">
    <p class='ocr_par' dir='ltr' id='par_1_60' title="bbox 417 4197 2026 4268">
     <span class='ocr_line' id='line_1_60' title="bbox 417 4197 2026 4268; baseline 0.006 -21"><span class='ocrx_word' id='word_1_431' title='bbox 417 4210 586 4266; x_wconf 87' lang='lat' dir='ltr'>quare</span> <span class='ocrx_word' id='word_1_432' title='bbox 617 4211 782 4266; x_wconf 84' lang='lat' dir='ltr'>super</span> <span class='ocrx_word' id='word_1_433' title='bbox 811 4211 928 4262; x_wconf 92' lang='lat' dir='ltr'>vos,</span> <span class='ocrx_word' id='word_1_434' title='bbox 953 4204 1212 4266; x_wconf 78' lang='lat' dir='ltr'>tanquam</span> <span class='ocrx_word' id='word_1_435' title='bbox 1253 4213 1420 4268; x_wconf 88' lang='lat' dir='ltr'>super</span> <span class='ocrx_word' id='word_1_436' title='bbox 1449 4197 1590 4254; x_wconf 84' lang='lat' dir='ltr'>filios</span> <span class='ocrx_word' id='word_1_437' title='bbox 1621 4199 2026 4256; x_wconf 89' lang='lat' dir='ltr'>incredulitatis</span> 
     </span>
    </p>
   </div>
   <div class='ocr_carea' id='block_1_61' title="bbox 416 4285 2023 4354">
    <p class='ocr_par' dir='ltr' id='par_1_61' title="bbox 416 4285 2023 4354">
     <span class='ocr_line' id='line_1_61' title="bbox 416 4285 2023 4354; baseline 0.006 -15"><span class='ocrx_word' id='word_1_438' title='bbox 416 4293 602 4340; x_wconf 91' lang='lat' dir='ltr'>manet</span> <span class='ocrx_word' id='word_1_439' title='bbox 632 4285 711 4340; x_wconf 89' lang='lat' dir='ltr'>ira</span> <span class='ocrx_word' id='word_1_440' title='bbox 759 4286 895 4341; x_wconf 80' lang='lat' dir='ltr'>Dei?</span> <span class='ocrx_word' id='word_1_441' title='bbox 924 4287 1134 4342; x_wconf 90' lang='lat' dir='ltr'>Currite</span> <span class='ocrx_word' id='word_1_442' title='bbox 1163 4288 1231 4342; x_wconf 91' lang='lat' dir='ltr'>ad</span> <span class='ocrx_word' id='word_1_443' title='bbox 1281 4289 1480 4354; x_wconf 91' lang='lat' dir='ltr'>lucem,</span> <span class='ocrx_word' id='word_1_444' title='bbox 1520 4291 1726 4346; x_wconf 90' lang='lat' dir='ltr'>credite</span> <span class='ocrx_word' id='word_1_445' title='bbox 1768 4292 1820 4345; x_wconf 92' lang='lat' dir='ltr'>in</span> <span class='ocrx_word' id='word_1_446' title='bbox 1854 4293 2023 4348; x_wconf 91' lang='lat' dir='ltr'>Deum</span> 
     </span>
    </p>
   </div>
   <div class='ocr_carea' id='block_1_62' title="bbox 2123 1741 3741 1817">
    <p class='ocr_par' dir='ltr' id='par_1_62' title="bbox 2123 1741 3741 1817">
     <span class='ocr_line' id='line_1_62' title="bbox 2123 1741 3741 1817; baseline -0.004 -17"><span class='ocrx_word' id='word_1_447' title='bbox 2123 1761 2222 1800; x_wconf 87' lang='lat' dir='ltr'>sua</span> <span class='ocrx_word' id='word_1_448' title='bbox 2279 1745 2673 1817; x_wconf 66' lang='lat' dir='ltr'>przedicatione</span> <span class='ocrx_word' id='word_1_449' title='bbox 2721 1744 3012 1799; x_wconf 83' lang='lat' dir='ltr'>adduxerit</span> <span class='ocrx_word' id='word_1_450' title='bbox 3068 1745 3136 1797; x_wconf 93' lang='lat' dir='ltr'>ad</span> <span class='ocrx_word' id='word_1_451' title='bbox 3191 1743 3378 1808; x_wconf 84' lang='lat' dir='ltr'>ﬁdem,</span> <span class='ocrx_word' id='word_1_452' title='bbox 3418 1742 3510 1796; x_wconf 91' lang='lat' dir='ltr'>hic</span> <span class='ocrx_word' id='word_1_453' title='bbox 3548 1741 3741 1796; x_wconf 88' lang='lat' dir='ltr'>Pastor</span> 
     </span>
    </p>
   </div>
   <div class='ocr_carea' id='block_1_63' title="bbox 2128 1830 3738 1905">
    <p class='ocr_par' dir='ltr' id='par_1_63' title="bbox 2128 1830 3738 1905">
     <span class='ocr_line' id='line_1_63' title="bbox 2128 1830 3738 1905; baseline -0.004 -17"><span class='ocrx_word' id='word_1_454' title='bbox 2128 1845 2316 1890; x_wconf 89' lang='lat' dir='ltr'>noster</span> <span class='ocrx_word' id='word_1_455' title='bbox 2363 1834 2506 1889; x_wconf 88' lang='lat' dir='ltr'>inter</span> <span class='ocrx_word' id='word_1_456' title='bbox 2568 1843 2817 1905; x_wconf 89' lang='lat' dir='ltr'>pastores</span> <span class='ocrx_word' id='word_1_457' title='bbox 2885 1851 2994 1888; x_wconf 90' lang='lat' dir='ltr'>non</span> <span class='ocrx_word' id='word_1_458' title='bbox 3038 1833 3218 1888; x_wconf 91' lang='lat' dir='ltr'>inanis</span> <span class='ocrx_word' id='word_1_459' title='bbox 3275 1831 3598 1902; x_wconf 88' lang='lat' dir='ltr'>apparebit;</span> <span class='ocrx_word' id='word_1_460' title='bbox 3641 1830 3738 1883; x_wconf 89' lang='lat' dir='ltr'>sed</span> 
     </span>
    </p>
   </div>
   <div class='ocr_carea' id='block_1_64' title="bbox 2128 1921 3745 1994">
    <p class='ocr_par' dir='ltr' id='par_1_64' title="bbox 2128 1921 3745 1994">
     <span class='ocr_line' id='line_1_64' title="bbox 2128 1921 3745 1994; baseline -0.004 -16"><span class='ocrx_word' id='word_1_461' title='bbox 2128 1924 2292 1978; x_wconf 91' lang='lat' dir='ltr'>etiam</span> <span class='ocrx_word' id='word_1_462' title='bbox 2328 1924 2444 1994; x_wconf 89' lang='lat' dir='ltr'>ipse</span> <span class='ocrx_word' id='word_1_463' title='bbox 2476 1924 2673 1979; x_wconf 89' lang='lat' dir='ltr'>multos</span> <span class='ocrx_word' id='word_1_464' title='bbox 2705 1939 2806 1978; x_wconf 91' lang='lat' dir='ltr'>suo</span> <span class='ocrx_word' id='word_1_465' title='bbox 2839 1923 3028 1978; x_wconf 89' lang='lat' dir='ltr'>labore</span> <span class='ocrx_word' id='word_1_466' title='bbox 3061 1923 3128 1976; x_wconf 94' lang='lat' dir='ltr'>ab</span> <span class='ocrx_word' id='word_1_467' title='bbox 3161 1922 3472 1976; x_wconf 89' lang='lat' dir='ltr'>idololatria</span> <span class='ocrx_word' id='word_1_468' title='bbox 3499 1921 3583 1975; x_wconf 91' lang='lat' dir='ltr'>vel</span> <span class='ocrx_word' id='word_1_469' title='bbox 3631 1935 3745 1972; x_wconf 75' lang='lat' dir='ltr'>ma~</span> 
     </span>
    </p>
   </div>
   <div class='ocr_carea' id='block_1_65' title="bbox 2128 2011 3742 2085">
    <p class='ocr_par' dir='ltr' id='par_1_65' title="bbox 2128 2011 3742 2085">
     <span class='ocr_line' id='line_1_65' title="bbox 2128 2011 3742 2085; baseline -0.002 -17"><span class='ocrx_word' id='word_1_470' title='bbox 2128 2015 2246 2069; x_wconf 89' lang='lat' dir='ltr'>litia</span> <span class='ocrx_word' id='word_1_471' title='bbox 2285 2023 2547 2070; x_wconf 90' lang='lat' dir='ltr'>retractos</span> <span class='ocrx_word' id='word_1_472' title='bbox 2579 2024 2700 2085; x_wconf 89' lang='lat' dir='ltr'>post</span> <span class='ocrx_word' id='word_1_473' title='bbox 2730 2031 2789 2070; x_wconf 93' lang='lat' dir='ltr'>se</span> <span class='ocrx_word' id='word_1_474' title='bbox 2821 2016 3018 2081; x_wconf 86' lang='lat' dir='ltr'>trahet,</span> <span class='ocrx_word' id='word_1_475' title='bbox 3043 2021 3097 2069; x_wconf 91' lang='lat' dir='ltr'>et</span> <span class='ocrx_word' id='word_1_476' title='bbox 3123 2014 3357 2085; x_wconf 89' lang='lat' dir='ltr'>accipiet</span> <span class='ocrx_word' id='word_1_477' title='bbox 3381 2011 3742 2083; x_wconf 88' lang='lat' dir='ltr'>multiplicem</span> 
     </span>
    </p>
   </div>
   <div class='ocr_carea' id='block_1_66' title="bbox 2128 2111 2633 2186">
    <p class='ocr_par' dir='ltr' id='par_1_66' title="bbox 2128 2111 2633 2186">
     <span class='ocr_line' id='line_1_66' title="bbox 2128 2111 2633 2186; baseline 0 -22"><span class='ocrx_word' id='word_1_478' title='bbox 2128 2111 2321 2186; x_wconf 74' lang='lat' dir='ltr'>gloriae</span> <span class='ocrx_word' id='word_1_479' title='bbox 2353 2126 2633 2165; x_wconf 88' lang='lat' dir='ltr'>coronam.</span> 
     </span>
    </p>
   </div>
   <div class='ocr_carea' id='block_1_67' title="bbox 2199 2199 3748 2276">
    <p class='ocr_par' dir='ltr' id='par_1_67' title="bbox 2199 2199 3748 2276">
     <span class='ocr_line' id='line_1_67' title="bbox 2199 2199 3748 2276; baseline -0.002 -18"><span class='ocrx_word' id='word_1_480' title='bbox 2199 2202 2284 2258; x_wconf 89' lang='lat'>33.</span> <span class='ocrx_word' id='word_1_481' title='bbox 2306 2203 2474 2267; x_wconf 85' lang='lat' dir='ltr'>Quam</span> <span class='ocrx_word' id='word_1_482' title='bbox 2503 2203 2779 2276; x_wconf 83' lang='lat' dir='ltr'>gloriosus</span> <span class='ocrx_word' id='word_1_483' title='bbox 2809 2203 2880 2257; x_wconf 92' lang='lat' dir='ltr'>sit</span> <span class='ocrx_word' id='word_1_484' title='bbox 2907 2203 3050 2256; x_wconf 86' lang='lat' dir='ltr'>Deus</span> <span class='ocrx_word' id='word_1_485' title='bbox 3080 2202 3134 2255; x_wconf 90' lang='lat' dir='ltr'>in</span> <span class='ocrx_word' id='word_1_486' title='bbox 3163 2201 3372 2271; x_wconf 88' lang='lat' dir='ltr'>seipse,</span> <span class='ocrx_word' id='word_1_487' title='bbox 3402 2199 3550 2254; x_wconf 90' lang='lat' dir='ltr'>nullo</span> <span class='ocrx_word' id='word_1_488' title='bbox 3578 2199 3748 2255; x_wconf 90' lang='lat' dir='ltr'>modo</span> 
     </span>
    </p>
   </div>
   <div class='ocr_carea' id='block_1_68' title="bbox 2128 2288 3748 2364">
    <p class='ocr_par' dir='ltr' id='par_1_68' title="bbox 2128 2288 3748 2364">
     <span class='ocr_line' id='line_1_68' title="bbox 2128 2288 3748 2364; baseline -0.004 -17"><span class='ocrx_word' id='word_1_489' title='bbox 2128 2293 2640 2364; x_wconf 87' lang='lat' dir='ltr'>deprehenderetur</span> <span class='ocrx_word' id='word_1_490' title='bbox 2665 2291 2734 2346; x_wconf 88' lang='lat' dir='ltr'>ab</span> <span class='ocrx_word' id='word_1_491' title='bbox 2758 2291 3096 2357; x_wconf 89' lang='lat' dir='ltr'>hominibus,</span> <span class='ocrx_word' id='word_1_492' title='bbox 3131 2291 3235 2344; x_wconf 91' lang='lat' dir='ltr'>nisi</span> <span class='ocrx_word' id='word_1_493' title='bbox 3259 2289 3442 2361; x_wconf 90' lang='lat' dir='ltr'>aliqua</span> <span class='ocrx_word' id='word_1_494' title='bbox 3473 2288 3748 2342; x_wconf 88' lang='lat' dir='ltr'>mirabili-</span> 
     </span>
    </p>
   </div>
   <div class='ocr_carea' id='block_1_69' title="bbox 2128 2377 3748 2450">
    <p class='ocr_par' dir='ltr' id='par_1_69' title="bbox 2128 2377 3748 2450">
     <span class='ocr_line' id='line_1_69' title="bbox 2128 2377 3748 2450; baseline -0.004 -14"><span class='ocrx_word' id='word_1_495' title='bbox 2128 2387 2212 2436; x_wconf 91' lang='lat' dir='ltr'>ter</span> <span class='ocrx_word' id='word_1_496' title='bbox 2242 2381 2298 2434; x_wconf 91' lang='lat' dir='ltr'>in</span> <span class='ocrx_word' id='word_1_497' title='bbox 2326 2381 2528 2436; x_wconf 89' lang='lat' dir='ltr'>sanctis</span> <span class='ocrx_word' id='word_1_498' title='bbox 2558 2379 2672 2434; x_wconf 92' lang='lat' dir='ltr'>suis</span> <span class='ocrx_word' id='word_1_499' title='bbox 2722 2387 3063 2450; x_wconf 80' lang='lat' dir='ltr'>Operaretur,</span> <span class='ocrx_word' id='word_1_500' title='bbox 3095 2395 3192 2450; x_wconf 90' lang='lat' dir='ltr'>per</span> <span class='ocrx_word' id='word_1_501' title='bbox 3223 2395 3343 2450; x_wconf 76' lang='lat' dir='ltr'>quae</span> <span class='ocrx_word' id='word_1_502' title='bbox 3372 2395 3402 2432; x_wconf 91' lang='lat' dir='ltr'>a</span> <span class='ocrx_word' id='word_1_503' title='bbox 3453 2378 3612 2432; x_wconf 89' lang='lat' dir='ltr'>nobis</span> <span class='ocrx_word' id='word_1_504' title='bbox 3642 2377 3748 2430; x_wconf 91' lang='lat' dir='ltr'>-in-</span> 
     </span>
    </p>
   </div>
   <div class='ocr_carea' id='block_1_70' title="bbox 2129 2467 3749 2546">
    <p class='ocr_par' dir='ltr' id='par_1_70' title="bbox 2129 2467 3749 2546">
     <span class='ocr_line' id='line_1_70' title="bbox 2129 2467 3749 2546; baseline -0.003 -22"><span class='ocrx_word' id='word_1_505' title='bbox 2129 2470 2406 2546; x_wconf 88' lang='lat' dir='ltr'>telligatur</span> <span class='ocrx_word' id='word_1_506' title='bbox 2433 2487 2560 2525; x_wconf 88' lang='lat' dir='ltr'>vere</span> <span class='ocrx_word' id='word_1_507' title='bbox 2606 2487 2726 2524; x_wconf 90' lang='lat' dir='ltr'>esse</span> <span class='ocrx_word' id='word_1_508' title='bbox 2755 2469 3044 2523; x_wconf 88' lang='lat' dir='ltr'>mirabilis.</span> <span class='ocrx_word' id='word_1_509' title='bbox 3079 2469 3297 2523; x_wconf 81' lang='lat' dir='ltr'>Francis</span> <span class='ocrx_word' id='word_1_510' title='bbox 3335 2467 3566 2538; x_wconf 88' lang='lat' dir='ltr'>Pippino</span> <span class='ocrx_word' id='word_1_511' title='bbox 3600 2467 3749 2537; x_wconf 90' lang='lat' dir='ltr'>prin-</span> 
     </span>
    </p>
   </div>
   <div class='ocr_carea' id='block_1_71' title="bbox 2127 2557 3750 2630">
    <p class='ocr_par' dir='ltr' id='par_1_71' title="bbox 2127 2557 3750 2630">
     <span class='ocr_line' id='line_1_71' title="bbox 2127 2557 3750 2630; baseline -0.002 -18"><span class='ocrx_word' id='word_1_512' title='bbox 2127 2559 2368 2630; x_wconf 88' lang='lat' dir='ltr'>cipante,</span> <span class='ocrx_word' id='word_1_513' title='bbox 2388 2561 2691 2616; x_wconf 86' lang='lat' dir='ltr'>construxit</span> <span class='ocrx_word' id='word_1_514' title='bbox 2717 2559 3030 2615; x_wconf 64' lang='lat' dir='ltr'>coenobium</span> <span class='ocrx_word' id='word_1_515' title='bbox 3063 2559 3118 2612; x_wconf 90' lang='lat' dir='ltr'>in</span> <span class='ocrx_word' id='word_1_516' title='bbox 3149 2558 3274 2613; x_wconf 90' lang='lat' dir='ltr'>villa</span> <span class='ocrx_word' id='word_1_517' title='bbox 3305 2558 3500 2611; x_wconf 86' lang='lat' dir='ltr'>Belisia</span> <span class='ocrx_word' id='word_1_518' title='bbox 3523 2558 3576 2611; x_wconf 86' lang='lat' dir='ltr'>S.</span> <span class='ocrx_word' id='word_1_519' title='bbox 3613 2557 3750 2610; x_wconf 85' lang='lat' dir='ltr'>Lan-</span> 
     </span>
    </p>
   </div>
   <div class='ocr_carea' id='block_1_72' title="bbox 2130 2650 3744 2728">
    <p class='ocr_par' dir='ltr' id='par_1_72' title="bbox 2130 2650 3744 2728">
     <span class='ocr_line' id='line_1_72' title="bbox 2130 2650 3744 2728; baseline -0.002 -20"><span class='ocrx_word' id='word_1_520' title='bbox 2130 2653 2300 2708; x_wconf 89' lang='lat' dir='ltr'>drada</span> <span class='ocrx_word' id='word_1_521' title='bbox 2330 2655 2484 2728; x_wconf 83' lang='lat' dir='ltr'>virgo</span> <span class='ocrx_word' id='word_1_522' title='bbox 2522 2655 2731 2725; x_wconf 67' lang='lat'>(1046),</span> <span class='ocrx_word' id='word_1_523' title='bbox 2763 2670 2860 2724; x_wconf 89' lang='lat' dir='ltr'>per</span> <span class='ocrx_word' id='word_1_524' title='bbox 2899 2652 3086 2708; x_wconf 89' lang='lat' dir='ltr'>omnia</span> <span class='ocrx_word' id='word_1_525' title='bbox 3112 2653 3164 2705; x_wconf 89' lang='lat' dir='ltr'>S.</span> <span class='ocrx_word' id='word_1_526' title='bbox 3196 2650 3473 2704; x_wconf 90' lang='lat' dir='ltr'>Lantberti</span> <span class='ocrx_word' id='word_1_527' title='bbox 3507 2651 3744 2705; x_wconf 79' lang='lat' dir='ltr'>consilio</span> 
     </span>
    </p>
   </div>
   <div class='ocr_carea' id='block_1_73' title="bbox 2128 2743 3746 2816">
    <p class='ocr_par' dir='ltr' id='par_1_73' title="bbox 2128 2743 3746 2816">
     <span class='ocr_line' id='line_1_73' title="bbox 2128 2743 3746 2816; baseline -0.006 -10"><span class='ocrx_word' id='word_1_528' title='bbox 2128 2751 2369 2807; x_wconf 87' lang='lat' dir='ltr'>animata</span> <span class='ocrx_word' id='word_1_529' title='bbox 2400 2757 2455 2804; x_wconf 94' lang='lat' dir='ltr'>et</span> <span class='ocrx_word' id='word_1_530' title='bbox 2484 2763 2582 2802; x_wconf 91' lang='lat' dir='ltr'>usa</span> <span class='ocrx_word' id='word_1_531' title='bbox 2610 2747 2845 2809; x_wconf 80' lang='lat' dir='ltr'>auxilio;</span> <span class='ocrx_word' id='word_1_532' title='bbox 2877 2761 2998 2816; x_wconf 68' lang='lat' dir='ltr'>qum</span> <span class='ocrx_word' id='word_1_533' title='bbox 3029 2745 3354 2798; x_wconf 90' lang='lat' dir='ltr'>imminente</span> <span class='ocrx_word' id='word_1_534' title='bbox 3377 2743 3464 2796; x_wconf 90' lang='lat' dir='ltr'>die</span> <span class='ocrx_word' id='word_1_535' title='bbox 3497 2743 3577 2797; x_wconf 90' lang='lat' dir='ltr'>sui</span> <span class='ocrx_word' id='word_1_536' title='bbox 3623 2744 3746 2797; x_wconf 83' lang='lat' dir='ltr'>exi-</span> 
     </span>
    </p>
   </div>
   <div class='ocr_carea' id='block_1_74' title="bbox 2127 2835 3746 2914">
    <p class='ocr_par' dir='ltr' id='par_1_74' title="bbox 2127 2835 3746 2914">
     <span class='ocr_line' id='line_1_74' title="bbox 2127 2835 3746 2914; baseline -0.008 -14"><span class='ocrx_word' id='word_1_537' title='bbox 2127 2855 2236 2914; x_wconf 92' lang='lat' dir='ltr'>tus,</span> <span class='ocrx_word' id='word_1_538' title='bbox 2291 2850 2350 2898; x_wconf 91' lang='lat' dir='ltr'>ut</span> <span class='ocrx_word' id='word_1_539' title='bbox 2381 2847 2567 2912; x_wconf 91' lang='lat' dir='ltr'>parata</span> <span class='ocrx_word' id='word_1_540' title='bbox 2605 2838 2672 2893; x_wconf 91' lang='lat' dir='ltr'>ad</span> <span class='ocrx_word' id='word_1_541' title='bbox 2718 2838 2934 2907; x_wconf 88' lang='lat' dir='ltr'>nuptias</span> <span class='ocrx_word' id='word_1_542' title='bbox 2987 2837 3184 2906; x_wconf 88' lang='lat' dir='ltr'>Sponsi</span> <span class='ocrx_word' id='word_1_543' title='bbox 3225 2835 3307 2890; x_wconf 92' lang='lat' dir='ltr'>sui</span> <span class='ocrx_word' id='word_1_544' title='bbox 3357 2836 3582 2888; x_wconf 89' lang='lat' dir='ltr'>intraret</span> <span class='ocrx_word' id='word_1_545' title='bbox 3619 2851 3746 2888; x_wconf 90' lang='lat' dir='ltr'>cum</span> 
     </span>
    </p>
   </div>
   <div class='ocr_carea' id='block_1_75' title="bbox 2127 2923 3749 2998">
    <p class='ocr_par' dir='ltr' id='par_1_75' title="bbox 2127 2923 3749 2998">
     <span class='ocr_line' id='line_1_75' title="bbox 2127 2923 3749 2998; baseline -0.01 -7"><span class='ocrx_word' id='word_1_546' title='bbox 2127 2949 2360 2992; x_wconf 86' lang='lat' dir='ltr'>accensa</span> <span class='ocrx_word' id='word_1_547' title='bbox 2391 2932 2658 2985; x_wconf 90' lang='lat' dir='ltr'>bonorum</span> <span class='ocrx_word' id='word_1_548' title='bbox 2691 2943 2920 2998; x_wconf 87' lang='lat' dir='ltr'>Operum</span> <span class='ocrx_word' id='word_1_549' title='bbox 2963 2927 3238 2996; x_wconf 88' lang='lat' dir='ltr'>lampade,</span> <span class='ocrx_word' id='word_1_550' title='bbox 3271 2924 3555 2979; x_wconf 84' lang='lat' dir='ltr'>accersivit</span> <span class='ocrx_word' id='word_1_551' title='bbox 3584 2923 3749 2976; x_wconf 83' lang='lat' dir='ltr'>fami-</span> 
     </span>
    </p>
   </div>
   <div class='ocr_carea' id='block_1_76' title="bbox 2127 3018 3751 3084">
    <p class='ocr_par' dir='ltr' id='par_1_76' title="bbox 2127 3018 3751 3084">
     <span class='ocr_line' id='line_1_76' title="bbox 2127 3018 3751 3084; baseline -0.007 -1"><span class='ocrx_word' id='word_1_552' title='bbox 2127 3028 2335 3083; x_wconf 88' lang='lat' dir='ltr'>liariter</span> <span class='ocrx_word' id='word_1_553' title='bbox 2357 3024 2614 3079; x_wconf 90' lang='lat' dir='ltr'>eumdem</span> <span class='ocrx_word' id='word_1_554' title='bbox 2648 3021 2702 3076; x_wconf 85' lang='lat' dir='ltr'>S.</span> <span class='ocrx_word' id='word_1_555' title='bbox 2728 3019 3106 3084; x_wconf 87' lang='lat' dir='ltr'>Lantbertum,</span> <span class='ocrx_word' id='word_1_556' title='bbox 3139 3025 3197 3072; x_wconf 91' lang='lat' dir='ltr'>ut</span> <span class='ocrx_word' id='word_1_557' title='bbox 3231 3019 3299 3072; x_wconf 89' lang='lat' dir='ltr'>ab</span> <span class='ocrx_word' id='word_1_558' title='bbox 3337 3033 3404 3073; x_wconf 90' lang='lat' dir='ltr'>eo</span> <span class='ocrx_word' id='word_1_559' title='bbox 3434 3019 3563 3072; x_wconf 67' lang='lat' dir='ltr'>Vitae</span> <span class='ocrx_word' id='word_1_560' title='bbox 3585 3018 3751 3073; x_wconf 85' lang='lat' dir='ltr'>viati-</span> 
     </span>
    </p>
   </div>
   <div class='ocr_carea' id='block_1_77' title="bbox 2125 3108 3751 3184">
    <p class='ocr_par' dir='ltr' id='par_1_77' title="bbox 2125 3108 3751 3184">
     <span class='ocr_line' id='line_1_77' title="bbox 2125 3108 3751 3184; baseline -0.007 -11"><span class='ocrx_word' id='word_1_561' title='bbox 2125 3135 2248 3174; x_wconf 92' lang='lat' dir='ltr'>cum</span> <span class='ocrx_word' id='word_1_562' title='bbox 2293 3114 2589 3184; x_wconf 80' lang='lat' dir='ltr'>acciperet.</span> <span class='ocrx_word' id='word_1_563' title='bbox 2640 3111 2991 3166; x_wconf 84' lang='lat' dir='ltr'>Accelerante</span> <span class='ocrx_word' id='word_1_564' title='bbox 3043 3108 3185 3163; x_wconf 85' lang='lat' dir='ltr'>viam</span> <span class='ocrx_word' id='word_1_565' title='bbox 3233 3115 3422 3162; x_wconf 90' lang='lat' dir='ltr'>sancto</span> <span class='ocrx_word' id='word_1_566' title='bbox 3471 3108 3607 3172; x_wconf 90' lang='lat' dir='ltr'>viro,</span> <span class='ocrx_word' id='word_1_567' title='bbox 3653 3108 3751 3162; x_wconf 90' lang='lat' dir='ltr'>illa</span> 
     </span>
    </p>
   </div>
   <div class='ocr_carea' id='block_1_78' title="bbox 2125 3198 3748 3274">
    <p class='ocr_par' dir='ltr' id='par_1_78' title="bbox 2125 3198 3748 3274">
     <span class='ocr_line' id='line_1_78' title="bbox 2125 3198 3748 3274; baseline -0.007 -10"><span class='ocrx_word' id='word_1_568' title='bbox 2125 3208 2345 3264; x_wconf 91' lang='lat' dir='ltr'>interim</span> <span class='ocrx_word' id='word_1_569' title='bbox 2385 3205 2562 3261; x_wconf 88' lang='lat' dir='ltr'>soluta</span> <span class='ocrx_word' id='word_1_570' title='bbox 2615 3211 2701 3257; x_wconf 91' lang='lat' dir='ltr'>est</span> <span class='ocrx_word' id='word_1_571' title='bbox 2735 3201 2916 3255; x_wconf 90' lang='lat' dir='ltr'>carnis</span> <span class='ocrx_word' id='word_1_572' title='bbox 2969 3198 3276 3274; x_wconf 82' lang='lat' dir='ltr'>ergastulo;</span> <span class='ocrx_word' id='word_1_573' title='bbox 3312 3199 3409 3252; x_wconf 93' lang='lat' dir='ltr'>sed</span> <span class='ocrx_word' id='word_1_574' title='bbox 3451 3199 3610 3262; x_wconf 90' lang='lat' dir='ltr'>Deus,</span> <span class='ocrx_word' id='word_1_575' title='bbox 3656 3199 3748 3252; x_wconf 92' lang='lat' dir='ltr'>cui</span> 
     </span>
    </p>
   </div>
   <div class='ocr_carea' id='block_1_79' title="bbox 2126 3286 3744 3370">
    <p class='ocr_par' dir='ltr' id='par_1_79' title="bbox 2126 3286 3744 3370">
     <span class='ocr_line' id='line_1_79' title="bbox 2126 3286 3744 3370; baseline -0.007 -18"><span class='ocrx_word' id='word_1_576' title='bbox 2126 3297 2262 3353; x_wconf 87' lang='lat' dir='ltr'>nihil</span> <span class='ocrx_word' id='word_1_577' title='bbox 2294 3295 2501 3370; x_wconf 92' lang='lat' dir='ltr'>gratius</span> <span class='ocrx_word' id='word_1_578' title='bbox 2533 3292 2768 3346; x_wconf 80' lang='lat' dir='ltr'>fraterna</span> <span class='ocrx_word' id='word_1_579' title='bbox 2799 3289 3084 3355; x_wconf 89' lang='lat' dir='ltr'>eharitate,</span> <span class='ocrx_word' id='word_1_580' title='bbox 3123 3304 3225 3342; x_wconf 91' lang='lat' dir='ltr'>nec</span> <span class='ocrx_word' id='word_1_581' title='bbox 3257 3287 3434 3351; x_wconf 91' lang='lat' dir='ltr'>illum,</span> <span class='ocrx_word' id='word_1_582' title='bbox 3464 3303 3564 3340; x_wconf 91' lang='lat' dir='ltr'>nec</span> <span class='ocrx_word' id='word_1_583' title='bbox 3591 3286 3744 3340; x_wconf 90' lang='lat' dir='ltr'>illam</span> 
     </span>
    </p>
   </div>
   <div class='ocr_carea' id='block_1_80' title="bbox 2126 3375 3747 3458">
    <p class='ocr_par' dir='ltr' id='par_1_80' title="bbox 2126 3375 3747 3458">
     <span class='ocr_line' id='line_1_80' title="bbox 2126 3375 3747 3458; baseline -0.009 -17"><span class='ocrx_word' id='word_1_584' title='bbox 2126 3402 2319 3458; x_wconf 90' lang='lat' dir='ltr'>passus</span> <span class='ocrx_word' id='word_1_585' title='bbox 2359 3391 2440 3438; x_wconf 90' lang='lat' dir='ltr'>est</span> <span class='ocrx_word' id='word_1_586' title='bbox 2482 3381 2682 3453; x_wconf 86' lang='lat' dir='ltr'>privari</span> <span class='ocrx_word' id='word_1_587' title='bbox 2724 3380 2896 3434; x_wconf 82' lang='lat' dir='ltr'>fructu</span> <span class='ocrx_word' id='word_1_588' title='bbox 2940 3385 3142 3432; x_wconf 70' lang='lat' dir='ltr'>mutuae</span> <span class='ocrx_word' id='word_1_589' title='bbox 3183 3376 3456 3430; x_wconf 64' lang='lat' dir='ltr'>amicitiae.</span> <span class='ocrx_word' id='word_1_590' title='bbox 3502 3375 3630 3428; x_wconf 87' lang='lat' dir='ltr'>Nam</span> <span class='ocrx_word' id='word_1_591' title='bbox 3686 3376 3747 3428; x_wconf 89' lang='lat' dir='ltr'>in</span> 
     </span>
    </p>
   </div>
   <div class='ocr_carea' id='block_1_81' title="bbox 2127 3463 3748 3541">
    <p class='ocr_par' dir='ltr' id='par_1_81' title="bbox 2127 3463 3748 3541">
     <span class='ocr_line' id='line_1_81' title="bbox 2127 3463 3748 3541; baseline -0.009 -10"><span class='ocrx_word' id='word_1_592' title='bbox 2127 3473 2580 3541; x_wconf 87' lang='lat' dir='ltr'>eundojucunda</span> <span class='ocrx_word' id='word_1_593' title='bbox 2628 3469 2848 3524; x_wconf 46' lang='lat' dir='ltr'>Praesuli</span> <span class='ocrx_word' id='word_1_594' title='bbox 2878 3468 3129 3538; x_wconf 89' lang='lat' dir='ltr'>apparuit</span> <span class='ocrx_word' id='word_1_595' title='bbox 3163 3466 3318 3520; x_wconf 87' lang='lat' dir='ltr'>visio.</span> <span class='ocrx_word' id='word_1_596' title='bbox 3359 3467 3492 3518; x_wconf 75' lang='lat' dir='ltr'>Ante</span> <span class='ocrx_word' id='word_1_597' title='bbox 3551 3463 3748 3519; x_wconf 90' lang='lat' dir='ltr'>oculos</span> 
     </span>
    </p>
   </div>
   <div class='ocr_carea' id='block_1_82' title="bbox 2123 3553 3750 3637">
    <p class='ocr_par' dir='ltr' id='par_1_82' title="bbox 2123 3553 3750 3637">
     <span class='ocr_line' id='line_1_82' title="bbox 2123 3553 3750 3637; baseline -0.008 -16"><span class='ocrx_word' id='word_1_598' title='bbox 2123 3564 2374 3637; x_wconf 86' lang='lat' dir='ltr'>jacentis,</span> <span class='ocrx_word' id='word_1_599' title='bbox 2407 3571 2462 3618; x_wconf 90' lang='lat' dir='ltr'>et</span> <span class='ocrx_word' id='word_1_600' title='bbox 2493 3561 2650 3634; x_wconf 89' lang='lat' dir='ltr'>quasi</span> <span class='ocrx_word' id='word_1_601' title='bbox 2695 3577 2795 3630; x_wconf 90' lang='lat' dir='ltr'>per</span> <span class='ocrx_word' id='word_1_602' title='bbox 2842 3558 3068 3613; x_wconf 82' lang='lat' dir='ltr'>extasim</span> <span class='ocrx_word' id='word_1_603' title='bbox 3111 3554 3530 3629; x_wconf 85' lang='lat' dir='ltr'>semivigilantis</span> <span class='ocrx_word' id='word_1_604' title='bbox 3566 3553 3750 3608; x_wconf 89' lang='lat' dir='ltr'>stabat</span> 
     </span>
    </p>
   </div>
   <div class='ocr_carea' id='block_1_83' title="bbox 2122 3647 3748 3725">
    <p class='ocr_par' dir='ltr' id='par_1_83' title="bbox 2122 3647 3748 3725">
     <span class='ocr_line' id='line_1_83' title="bbox 2122 3647 3748 3725; baseline -0.009 -12"><span class='ocrx_word' id='word_1_605' title='bbox 2122 3661 2266 3714; x_wconf 88' lang='lat' dir='ltr'>clara</span> <span class='ocrx_word' id='word_1_606' title='bbox 2319 3656 2492 3711; x_wconf 89' lang='lat' dir='ltr'>videri</span> <span class='ocrx_word' id='word_1_607' title='bbox 2542 3655 2660 3725; x_wconf 90' lang='lat' dir='ltr'>ipsa</span> <span class='ocrx_word' id='word_1_608' title='bbox 2689 3654 2843 3724; x_wconf 88' lang='lat' dir='ltr'>virgo</span> <span class='ocrx_word' id='word_1_609' title='bbox 2902 3650 3098 3704; x_wconf 88' lang='lat' dir='ltr'>Christi</span> <span class='ocrx_word' id='word_1_610' title='bbox 3150 3647 3455 3711; x_wconf 86' lang='lat' dir='ltr'>Landrada,</span> <span class='ocrx_word' id='word_1_611' title='bbox 3501 3663 3748 3717; x_wconf 87' lang='lat' dir='ltr'>eumque</span> 
     </span>
    </p>
   </div>
   <div class='ocr_carea' id='block_1_84' title="bbox 2123 3739 3745 3816">
    <p class='ocr_par' dir='ltr' id='par_1_84' title="bbox 2123 3739 3745 3816">
     <span class='ocr_line' id='line_1_84' title="bbox 2123 3739 3745 3816; baseline -0.008 -11"><span class='ocrx_word' id='word_1_612' title='bbox 2123 3749 2398 3806; x_wconf 85' lang='lat' dir='ltr'>amicabili</span> <span class='ocrx_word' id='word_1_613' title='bbox 2448 3747 2630 3802; x_wconf 85' lang='lat' dir='ltr'>vultus</span> <span class='ocrx_word' id='word_1_614' title='bbox 2658 3755 2713 3800; x_wconf 90' lang='lat' dir='ltr'>et</span> <span class='ocrx_word' id='word_1_615' title='bbox 2759 3745 2871 3799; x_wconf 90' lang='lat' dir='ltr'>oris</span> <span class='ocrx_word' id='word_1_616' title='bbox 2916 3743 3089 3816; x_wconf 87' lang='lat' dir='ltr'>gratia</span> <span class='ocrx_word' id='word_1_617' title='bbox 3145 3741 3505 3810; x_wconf 87' lang='lat' dir='ltr'>compellans.</span> <span class='ocrx_word' id='word_1_618' title='bbox 3567 3739 3745 3804; x_wconf 89' lang='lat' dir='ltr'>Unde,</span> 
     </span>
    </p>
   </div>
   <div class='ocr_carea' id='block_1_85' title="bbox 2126 3827 3743 3911">
    <p class='ocr_par' dir='ltr' id='par_1_85' title="bbox 2126 3827 3743 3911">
     <span class='ocr_line' id='line_1_85' title="bbox 2126 3827 3743 3911; baseline -0.007 -18"><span class='ocrx_word' id='word_1_619' title='bbox 2126 3839 2326 3911; x_wconf 90' lang='lat' dir='ltr'>inquit,</span> <span class='ocrx_word' id='word_1_620' title='bbox 2373 3837 2492 3903; x_wconf 89' lang='lat' dir='ltr'>tibi,</span> <span class='ocrx_word' id='word_1_621' title='bbox 2525 3853 2557 3891; x_wconf 96' lang='lat' dir='ltr'>o</span> <span class='ocrx_word' id='word_1_622' title='bbox 2590 3835 2662 3888; x_wconf 93' lang='lat' dir='ltr'>mi</span> <span class='ocrx_word' id='word_1_623' title='bbox 2693 3833 2888 3897; x_wconf 88' lang='lat' dir='ltr'>amice,</span> <span class='ocrx_word' id='word_1_624' title='bbox 2926 3833 3038 3885; x_wconf 73' lang='lat' dir='ltr'>haec</span> <span class='ocrx_word' id='word_1_625' title='bbox 3070 3829 3295 3884; x_wconf 90' lang='lat' dir='ltr'>incolita</span> <span class='ocrx_word' id='word_1_626' title='bbox 3340 3829 3448 3881; x_wconf 89' lang='lat' dir='ltr'>mei</span> <span class='ocrx_word' id='word_1_627' title='bbox 3505 3827 3743 3892; x_wconf 84' lang='lat' dir='ltr'>incuria,</span> 
     </span>
    </p>
   </div>
   <div class='ocr_carea' id='block_1_86' title="bbox 2125 3919 3494 3986">
    <p class='ocr_par' dir='ltr' id='par_1_86' title="bbox 2125 3919 3494 3986">
     <span class='ocr_line' id='line_1_86' title="bbox 2125 3919 3494 3986; baseline -0.01 0"><span class='ocrx_word' id='word_1_628' title='bbox 2125 3940 2185 3986; x_wconf 89' lang='lat' dir='ltr'>ut</span> <span class='ocrx_word' id='word_1_629' title='bbox 2213 3938 2263 3985; x_wconf 91' lang='lat' dir='ltr'>te</span> <span class='ocrx_word' id='word_1_630' title='bbox 2297 3930 2364 3984; x_wconf 91' lang='lat' dir='ltr'>ad</span> <span class='ocrx_word' id='word_1_631' title='bbox 2392 3944 2478 3982; x_wconf 92' lang='lat' dir='ltr'>me</span> <span class='ocrx_word' id='word_1_632' title='bbox 2509 3925 2834 3983; x_wconf 87' lang='lat' dir='ltr'>visitandam</span> <span class='ocrx_word' id='word_1_633' title='bbox 2871 3930 3019 3978; x_wconf 91' lang='lat' dir='ltr'>tanta</span> <span class='ocrx_word' id='word_1_634' title='bbox 3043 3921 3280 3977; x_wconf 90' lang='lat' dir='ltr'>tenuerit</span> <span class='ocrx_word' id='word_1_635' title='bbox 3304 3919 3494 3975; x_wconf 81' lang='lat' dir='ltr'>mora?</span> 
     </span>
    </p>
   </div>
   <div class='ocr_carea' id='block_1_87' title="bbox 2196 4012 3744 4089">
    <p class='ocr_par' dir='ltr' id='par_1_87' title="bbox 2196 4012 3744 4089">
     <span class='ocr_line' id='line_1_87' title="bbox 2196 4012 3744 4089; baseline -0.008 -12"><span class='ocrx_word' id='word_1_636' title='bbox 2196 4023 2282 4077; x_wconf 71' lang='grc'>34.</span> <span class='ocrx_word' id='word_1_637' title='bbox 2317 4019 2662 4083; x_wconf 88' lang='lat' dir='ltr'>Lantbertus,</span> <span class='ocrx_word' id='word_1_638' title='bbox 2711 4016 3065 4089; x_wconf 57' lang='lat' dir='ltr'>praetendens</span> <span class='ocrx_word' id='word_1_639' title='bbox 3111 4012 3363 4067; x_wconf 74' lang='lat' dir='ltr'>affectum</span> <span class='ocrx_word' id='word_1_640' title='bbox 3395 4012 3744 4066; x_wconf 80' lang='lat' dir='ltr'>familiarita-</span> 
     </span>
    </p>
   </div>
   <div class='ocr_carea' id='block_1_88' title="bbox 2127 4105 3748 4182">
    <p class='ocr_par' dir='ltr' id='par_1_88' title="bbox 2127 4105 3748 4182">
     <span class='ocr_line' id='line_1_88' title="bbox 2127 4105 3748 4182; baseline -0.007 -12"><span class='ocrx_word' id='word_1_641' title='bbox 2127 4116 2216 4182; x_wconf 89' lang='lat' dir='ltr'>tis,</span> <span class='ocrx_word' id='word_1_642' title='bbox 2249 4112 2516 4169; x_wconf 87' lang='lat' dir='ltr'>reddebat</span> <span class='ocrx_word' id='word_1_643' title='bbox 2546 4113 2662 4165; x_wconf 65' lang='lat' dir='ltr'>hzec</span> <span class='ocrx_word' id='word_1_644' title='bbox 2691 4109 2856 4164; x_wconf 89' lang='lat' dir='ltr'>verba</span> <span class='ocrx_word' id='word_1_645' title='bbox 2886 4105 3292 4162; x_wconf 84' lang='lat' dir='ltr'>excusationis:</span> <span class='ocrx_word' id='word_1_646' title='bbox 3329 4105 3409 4158; x_wconf 83' lang='lat' dir='ltr'>Me</span> <span class='ocrx_word' id='word_1_647' title='bbox 3460 4120 3560 4158; x_wconf 84' lang='lat' dir='ltr'>nec</span> <span class='ocrx_word' id='word_1_648' title='bbox 3595 4105 3748 4159; x_wconf 84' lang='lat' dir='ltr'>incu-</span> 
     </span>
    </p>
   </div>
   <div class='ocr_carea' id='block_1_89' title="bbox 2127 4193 3749 4265">
    <p class='ocr_par' dir='ltr' id='par_1_89' title="bbox 2127 4193 3749 4265">
     <span class='ocr_line' id='line_1_89' title="bbox 2127 4193 3749 4265; baseline -0.007 -6"><span class='ocrx_word' id='word_1_649' title='bbox 2127 4206 2221 4259; x_wconf 66' lang='lat' dir='ltr'>rite</span> <span class='ocrx_word' id='word_1_650' title='bbox 2253 4219 2354 4257; x_wconf 88' lang='lat' dir='ltr'>nec</span> <span class='ocrx_word' id='word_1_651' title='bbox 2391 4216 2558 4256; x_wconf 65' lang='lat' dir='ltr'>morae</span> <span class='ocrx_word' id='word_1_652' title='bbox 2598 4200 2854 4254; x_wconf 76' lang='lat' dir='ltr'>incusare</span> <span class='ocrx_word' id='word_1_653' title='bbox 2894 4196 3087 4261; x_wconf 88' lang='lat' dir='ltr'>habes,</span> <span class='ocrx_word' id='word_1_654' title='bbox 3131 4210 3295 4265; x_wconf 90' lang='lat' dir='ltr'>quem</span> <span class='ocrx_word' id='word_1_655' title='bbox 3341 4194 3408 4247; x_wconf 91' lang='lat' dir='ltr'>ad</span> <span class='ocrx_word' id='word_1_656' title='bbox 3445 4203 3496 4248; x_wconf 93' lang='lat' dir='ltr'>te</span> <span class='ocrx_word' id='word_1_657' title='bbox 3549 4193 3749 4248; x_wconf 86' lang='lat' dir='ltr'>venire</span> 
     </span>
    </p>
   </div>
   <div class='ocr_carea' id='block_1_90' title="bbox 2125 4285 3743 4362">
    <p class='ocr_par' dir='ltr' id='par_1_90' title="bbox 2125 4285 3743 4362">
     <span class='ocr_line' id='line_1_90' title="bbox 2125 4285 3743 4362; baseline -0.006 -14"><span class='ocrx_word' id='word_1_658' title='bbox 2125 4301 2490 4350; x_wconf 90' lang='lat' dir='ltr'>maturantem</span> <span class='ocrx_word' id='word_1_659' title='bbox 2533 4289 2798 4362; x_wconf 62' lang='lat' dir='ltr'>praevenit</span> <span class='ocrx_word' id='word_1_660' title='bbox 2849 4289 3000 4344; x_wconf 89' lang='lat' dir='ltr'>ocior</span> <span class='ocrx_word' id='word_1_661' title='bbox 3047 4287 3235 4341; x_wconf 89' lang='lat' dir='ltr'>mortis</span> <span class='ocrx_word' id='word_1_662' title='bbox 3283 4294 3390 4339; x_wconf 48' lang='lat' dir='ltr'>tua)</span> <span class='ocrx_word' id='word_1_663' title='bbox 3421 4285 3743 4339; x_wconf 87' lang='lat' dir='ltr'>necessitas.</span> 
     </span>
    </p>
   </div>
   <div class='ocr_carea' id='block_1_91' title="bbox 414 4377 3745 4478">
    <p class='ocr_par' dir='ltr' id='par_1_91' title="bbox 414 4377 3745 4478">
     <span class='ocr_line' id='line_1_91' title="bbox 414 4377 3745 4478; baseline -0 -47"><span class='ocrx_word' id='word_1_664' title='bbox 414 4377 651 4447; x_wconf 89' lang='lat' dir='ltr'>Patrem,</span> <span class='ocrx_word' id='word_1_665' title='bbox 691 4384 746 4433; x_wconf 90' lang='lat' dir='ltr'>et</span> <span class='ocrx_word' id='word_1_666' title='bbox 785 4378 840 4432; x_wconf 92' lang='lat' dir='ltr'>in</span> <span class='ocrx_word' id='word_1_667' title='bbox 888 4379 1075 4434; x_wconf 82' lang='lat' dir='ltr'>Jesum</span> <span class='ocrx_word' id='word_1_668' title='bbox 1109 4380 1375 4435; x_wconf 90' lang='lat' dir='ltr'>Christum</span> <span class='ocrx_word' id='word_1_669' title='bbox 1430 4381 1624 4436; x_wconf 91' lang='lat' dir='ltr'>Filium</span> <span class='ocrx_word' id='word_1_670' title='bbox 1669 4383 1810 4451; x_wconf 86' lang='lat' dir='ltr'>ejus,</span> <span class='ocrx_word' id='word_1_671' title='bbox 1863 4392 1918 4438; x_wconf 89' lang='lat' dir='ltr'>et</span> <span class='ocrx_word' id='word_1_672' title='bbox 1965 4385 2019 4438; x_wconf 92' lang='lat' dir='ltr'>in</span> <span class='ocrx_word' id='word_1_673' title='bbox 2051 4387 2286 4478; x_wconf 84' lang='lat' dir='ltr'>DEcee,</span> <span class='ocrx_word' id='word_1_674' title='bbox 2321 4385 2448 4456; x_wconf 90' lang='lat' dir='ltr'>quia</span> <span class='ocrx_word' id='word_1_675' title='bbox 2495 4383 2711 4446; x_wconf 89' lang='lat' dir='ltr'>adsum,</span> <span class='ocrx_word' id='word_1_676' title='bbox 2769 4391 2823 4436; x_wconf 90' lang='lat' dir='ltr'>et</span> <span class='ocrx_word' id='word_1_677' title='bbox 2854 4389 2908 4434; x_wconf 91' lang='lat' dir='ltr'>tu</span> <span class='ocrx_word' id='word_1_678' title='bbox 2955 4380 3066 4448; x_wconf 89' lang='lat' dir='ltr'>jam</span> <span class='ocrx_word' id='word_1_679' title='bbox 3116 4378 3329 4432; x_wconf 87' lang='lat' dir='ltr'>intrasti</span> <span class='ocrx_word' id='word_1_680' title='bbox 3373 4378 3427 4431; x_wconf 91' lang='lat' dir='ltr'>in</span> <span class='ocrx_word' id='word_1_681' title='bbox 3479 4377 3745 4449; x_wconf 85' lang='lat' dir='ltr'>gaudium</span> 
     </span>
    </p>
   </div>
   <div class='ocr_carea' id='block_1_92' title="bbox 413 4471 2022 4542">
    <p class='ocr_par' dir='ltr' id='par_1_92' title="bbox 413 4471 2022 4542">
     <span class='ocr_line' id='line_1_92' title="bbox 413 4471 2022 4542; baseline 0.004 -17"><span class='ocrx_word' id='word_1_682' title='bbox 413 4471 672 4542; x_wconf 90' lang='lat' dir='ltr'>Spiritum</span> <span class='ocrx_word' id='word_1_683' title='bbox 719 4481 990 4528; x_wconf 90' lang='lat' dir='ltr'>sanctum.</span> <span class='ocrx_word' id='word_1_684' title='bbox 1039 4473 1256 4529; x_wconf 85' lang='lat' dir='ltr'>Credite</span> <span class='ocrx_word' id='word_1_685' title='bbox 1310 4475 1546 4530; x_wconf 84' lang='lat' dir='ltr'>futuram</span> <span class='ocrx_word' id='word_1_686' title='bbox 1606 4479 1786 4533; x_wconf 90' lang='lat' dir='ltr'>carnis</span> <span class='ocrx_word' id='word_1_687' title='bbox 1835 4493 2022 4531; x_wconf 91' lang='lat' dir='ltr'>resur-</span> 
     </span>
    </p>
   </div>
   <div class='ocr_carea' id='block_1_93' title="bbox 414 4565 2026 4642">
    <p class='ocr_par' dir='ltr' id='par_1_93' title="bbox 414 4565 2026 4642">
     <span class='ocr_line' id='line_1_93' title="bbox 414 4565 2026 4642; baseline 0.004 -23"><span class='ocrx_word' id='word_1_688' title='bbox 414 4565 736 4633; x_wconf 89' lang='lat' dir='ltr'>rectionem,</span> <span class='ocrx_word' id='word_1_689' title='bbox 763 4566 951 4622; x_wconf 88' lang='lat' dir='ltr'>timete</span> <span class='ocrx_word' id='word_1_690' title='bbox 981 4567 1230 4622; x_wconf 91' lang='lat' dir='ltr'>ultimum</span> <span class='ocrx_word' id='word_1_691' title='bbox 1257 4569 1452 4637; x_wconf 90' lang='lat' dir='ltr'>jndicii</span> <span class='ocrx_word' id='word_1_692' title='bbox 1485 4569 1656 4637; x_wconf 90' lang='lat' dir='ltr'>diem,</span> <span class='ocrx_word' id='word_1_693' title='bbox 1698 4571 1754 4624; x_wconf 90' lang='lat' dir='ltr'>in</span> <span class='ocrx_word' id='word_1_694' title='bbox 1788 4587 1896 4642; x_wconf 94' lang='lat' dir='ltr'>quo</span> <span class='ocrx_word' id='word_1_695' title='bbox 1929 4573 2026 4626; x_wconf 88' lang='lat' dir='ltr'>ha-</span> 
     </span>
    </p>
   </div>
   <div class='ocr_carea' id='block_1_94' title="bbox 415 4657 2027 4734">
    <p class='ocr_par' dir='ltr' id='par_1_94' title="bbox 415 4657 2027 4734">
     <span class='ocr_line' id='line_1_94' title="bbox 415 4657 2027 4734; baseline 0.005 -24"><span class='ocrx_word' id='word_1_696' title='bbox 415 4657 672 4712; x_wconf 90' lang='lat' dir='ltr'>bebimus</span> <span class='ocrx_word' id='word_1_697' title='bbox 719 4673 911 4712; x_wconf 90' lang='lat' dir='ltr'>omnes</span> <span class='ocrx_word' id='word_1_698' title='bbox 956 4659 1224 4726; x_wconf 88' lang='lat' dir='ltr'>judicari;</span> <span class='ocrx_word' id='word_1_699' title='bbox 1258 4661 1406 4726; x_wconf 91' lang='lat' dir='ltr'>mali,</span> <span class='ocrx_word' id='word_1_700' title='bbox 1457 4669 1516 4716; x_wconf 91' lang='lat' dir='ltr'>ut</span> <span class='ocrx_word' id='word_1_701' title='bbox 1544 4668 1672 4716; x_wconf 90' lang='lat' dir='ltr'>eant</span> <span class='ocrx_word' id='word_1_702' title='bbox 1703 4663 1756 4716; x_wconf 92' lang='lat' dir='ltr'>in</span> <span class='ocrx_word' id='word_1_703' title='bbox 1810 4664 2027 4734; x_wconf 85' lang='lat' dir='ltr'>suppli-</span> 
     </span>
    </p>
   </div>
   <div class='ocr_carea' id='block_1_95' title="bbox 417 4745 2024 4815">
    <p class='ocr_par' dir='ltr' id='par_1_95' title="bbox 417 4745 2024 4815">
     <span class='ocr_line' id='line_1_95' title="bbox 417 4745 2024 4815; baseline 0.004 -15"><span class='ocrx_word' id='word_1_704' title='bbox 417 4745 561 4800; x_wconf 89' lang='lat' dir='ltr'>cium</span> <span class='ocrx_word' id='word_1_705' title='bbox 619 4754 913 4810; x_wconf 80' lang='lat' dir='ltr'>aeternum;</span> <span class='ocrx_word' id='word_1_706' title='bbox 970 4747 1121 4815; x_wconf 91' lang='lat' dir='ltr'>boni,</span> <span class='ocrx_word' id='word_1_707' title='bbox 1170 4757 1228 4806; x_wconf 91' lang='lat' dir='ltr'>ut</span> <span class='ocrx_word' id='word_1_708' title='bbox 1267 4749 1507 4804; x_wconf 88' lang='lat' dir='ltr'>habeant</span> <span class='ocrx_word' id='word_1_709' title='bbox 1541 4750 1706 4806; x_wconf 90' lang='lat' dir='ltr'>vitam</span> <span class='ocrx_word' id='word_1_710' title='bbox 1761 4759 2024 4807; x_wconf 60' lang='lat' dir='ltr'>teternam</span> 
     </span>
    </p>
   </div>
   <div class='ocr_carea' id='block_1_96' title="bbox 420 4839 2024 4916">
    <p class='ocr_par' dir='ltr' id='par_1_96' title="bbox 420 4839 2024 4916">
     <span class='ocr_line' id='line_1_96' title="bbox 420 4839 2024 4916; baseline 0.005 -25"><span class='ocrx_word' id='word_1_711' title='bbox 420 4853 543 4892; x_wconf 91' lang='lat' dir='ltr'>cum</span> <span class='ocrx_word' id='word_1_712' title='bbox 573 4839 806 4911; x_wconf 79' lang='lat' dir='ltr'>angelis,</span> <span class='ocrx_word' id='word_1_713' title='bbox 831 4856 940 4895; x_wconf 91' lang='lat' dir='ltr'>non</span> <span class='ocrx_word' id='word_1_714' title='bbox 973 4841 1026 4895; x_wconf 92' lang='lat' dir='ltr'>in</span> <span class='ocrx_word' id='word_1_715' title='bbox 1058 4842 1366 4916; x_wconf 84' lang='lat' dir='ltr'>angelicam</span> <span class='ocrx_word' id='word_1_716' title='bbox 1398 4843 1587 4896; x_wconf 91' lang='lat' dir='ltr'>mutati</span> <span class='ocrx_word' id='word_1_717' title='bbox 1620 4852 1894 4911; x_wconf 90' lang='lat' dir='ltr'>naturam,</span> <span class='ocrx_word' id='word_1_718' title='bbox 1924 4845 2024 4899; x_wconf 90' lang='lat' dir='ltr'>sed</span> 
     </span>
    </p>
   </div>
   <div class='ocr_carea' id='block_1_97' title="bbox 420 4929 2032 5008">
    <p class='ocr_par' dir='ltr' id='par_1_97' title="bbox 420 4929 2032 5008">
     <span class='ocr_line' id='line_1_97' title="bbox 420 4929 2032 5008; baseline 0.006 -29"><span class='ocrx_word' id='word_1_719' title='bbox 420 4943 520 4998; x_wconf 90' lang='lat' dir='ltr'>pro</span> <span class='ocrx_word' id='word_1_720' title='bbox 545 4929 862 4985; x_wconf 91' lang='lat' dir='ltr'>meritorum</span> <span class='ocrx_word' id='word_1_721' title='bbox 881 4932 1145 4987; x_wconf 89' lang='lat' dir='ltr'>varietate</span> <span class='ocrx_word' id='word_1_722' title='bbox 1175 4933 1228 4986; x_wconf 91' lang='lat' dir='ltr'>in</span> <span class='ocrx_word' id='word_1_723' title='bbox 1271 4932 1433 4986; x_wconf 84' lang='lat' dir='ltr'>variis</span> <span class='ocrx_word' id='word_1_724' title='bbox 1461 4933 1785 5008; x_wconf 87' lang='lat' dir='ltr'>angelorum</span> <span class='ocrx_word' id='word_1_725' title='bbox 1823 4935 2032 4990; x_wconf 91' lang='lat' dir='ltr'>ordini-</span> 
     </span>
    </p>
   </div>
   <div class='ocr_carea' id='block_1_98' title="bbox 419 5018 2032 5094">
    <p class='ocr_par' dir='ltr' id='par_1_98' title="bbox 419 5018 2032 5094">
     <span class='ocr_line' id='line_1_98' title="bbox 419 5018 2032 5094; baseline 0.003 -22"><span class='ocrx_word' id='word_1_726' title='bbox 419 5018 522 5072; x_wconf 92' lang='lat' dir='ltr'>bus</span> <span class='ocrx_word' id='word_1_727' title='bbox 543 5019 610 5072; x_wconf 88' lang='lat' dir='ltr'>ad</span> <span class='ocrx_word' id='word_1_728' title='bbox 645 5019 948 5094; x_wconf 86' lang='lat' dir='ltr'>angelicam</span> <span class='ocrx_word' id='word_1_729' title='bbox 990 5021 1233 5092; x_wconf 88' lang='lat' dir='ltr'>provecti</span> <span class='ocrx_word' id='word_1_730' title='bbox 1260 5021 1510 5094; x_wconf 84' lang='lat' dir='ltr'>gloriam.</span> <span class='ocrx_word' id='word_1_731' title='bbox 2021 5030 2032 5041; x_wconf 89' lang='lat'>‘</span> 
     </span>
    </p>
   </div>
   <div class='ocr_carea' id='block_1_99' title="bbox 488 5113 2026 5186">
    <p class='ocr_par' dir='ltr' id='par_1_99' title="bbox 488 5113 2026 5186">
     <span class='ocr_line' id='line_1_99' title="bbox 488 5113 2026 5186; baseline 0.002 -18"><span class='ocrx_word' id='word_1_732' title='bbox 488 5113 576 5168; x_wconf 77' lang='grc'>32.</span> <span class='ocrx_word' id='word_1_733' title='bbox 603 5113 691 5168; x_wconf 87' lang='lat' dir='ltr'>His</span> <span class='ocrx_word' id='word_1_734' title='bbox 715 5121 770 5170; x_wconf 88' lang='lat' dir='ltr'>et</span> <span class='ocrx_word' id='word_1_735' title='bbox 801 5114 1002 5169; x_wconf 90' lang='lat' dir='ltr'>talibus</span> <span class='ocrx_word' id='word_1_736' title='bbox 1033 5114 1364 5170; x_wconf 62' lang='lat' dir='ltr'>Praedicator</span> <span class='ocrx_word' id='word_1_737' title='bbox 1385 5114 1578 5169; x_wconf 89' lang='lat' dir='ltr'>Christi</span> <span class='ocrx_word' id='word_1_738' title='bbox 1599 5115 1858 5186; x_wconf 88' lang='lat' dir='ltr'>paulatim</span> <span class='ocrx_word' id='word_1_739' title='bbox 1891 5116 2026 5171; x_wconf 84' lang='lat' dir='ltr'>abo-</span> 
     </span>
    </p>
   </div>
   <div class='ocr_carea' id='block_1_100' title="bbox 419 5204 2027 5279">
    <p class='ocr_par' dir='ltr' id='par_1_100' title="bbox 419 5204 2027 5279">
     <span class='ocr_line' id='line_1_100' title="bbox 419 5204 2027 5279; baseline 0.001 -21"><span class='ocrx_word' id='word_1_740' title='bbox 419 5204 539 5259; x_wconf 92' lang='lat' dir='ltr'>lens</span> <span class='ocrx_word' id='word_1_741' title='bbox 562 5205 630 5260; x_wconf 89' lang='lat' dir='ltr'>ab</span> <span class='ocrx_word' id='word_1_742' title='bbox 669 5221 861 5261; x_wconf 91' lang='lat' dir='ltr'>eorum</span> <span class='ocrx_word' id='word_1_743' title='bbox 893 5205 1153 5262; x_wconf 90' lang='lat' dir='ltr'>cordibus</span> <span class='ocrx_word' id='word_1_744' title='bbox 1193 5205 1504 5260; x_wconf 91' lang='lat' dir='ltr'>barbariem</span> <span class='ocrx_word' id='word_1_745' title='bbox 1533 5205 1878 5279; x_wconf 86' lang='lat' dir='ltr'>gentilitatis,</span> <span class='ocrx_word' id='word_1_746' title='bbox 1907 5206 2027 5261; x_wconf 88' lang='lat' dir='ltr'>ine-</span> 
     </span>
    </p>
   </div>
   <div class='ocr_carea' id='block_1_101' title="bbox 419 5295 2032 5363">
    <p class='ocr_par' dir='ltr' id='par_1_101' title="bbox 419 5295 2032 5363">
     <span class='ocr_line' id='line_1_101' title="bbox 419 5295 2032 5363; baseline 0.001 -14"><span class='ocrx_word' id='word_1_747' title='bbox 419 5295 607 5350; x_wconf 90' lang='lat' dir='ltr'>scabat</span> <span class='ocrx_word' id='word_1_748' title='bbox 663 5311 759 5351; x_wconf 91' lang='lat' dir='ltr'>eos</span> <span class='ocrx_word' id='word_1_749' title='bbox 809 5296 878 5350; x_wconf 89' lang='lat' dir='ltr'>ad</span> <span class='ocrx_word' id='word_1_750' title='bbox 930 5295 1348 5351; x_wconf 88' lang='lat' dir='ltr'>Christianitatis</span> <span class='ocrx_word' id='word_1_751' title='bbox 1418 5296 1919 5363; x_wconf 90' lang='lat' dir='ltr'>mansuetudinem,</span> <span class='ocrx_word' id='word_1_752' title='bbox 1977 5302 2032 5350; x_wconf 91' lang='lat' dir='ltr'>et</span> 
     </span>
    </p>
   </div>
   <div class='ocr_carea' id='block_1_102' title="bbox 491 5449 1482 5524">
    <p class='ocr_par' dir='ltr' id='par_1_102' title="bbox 491 5449 1482 5524">
     <span class='ocr_line' id='line_1_102' title="bbox 491 5449 1482 5524; baseline -0.001 -19"><span class='ocrx_word' id='word_1_753' title='bbox 491 5450 672 5524; x_wconf 71' lang='grc'>(1044)</span> <span class='ocrx_word' id='word_1_754' title='bbox 700 5451 764 5524; x_wconf 87' lang='lat' dir='ltr'>_ln</span> <span class='ocrx_word' id='word_1_755' title='bbox 796 5449 1043 5524; x_wconf 84' lang='lat' dir='ltr'>margine</span> <span class='ocrx_word' id='word_1_756' title='bbox 1073 5456 1174 5515; x_wconf 89' lang='lat' dir='ltr'>est,</span> <span class='ocrx_word' id='word_1_757' title='bbox 1195 5452 1482 5517; x_wconf 79' lang='lat' dir='ltr'>fervorem.</span> 
     </span>
    </p>
   </div>
   <div class='ocr_carea' id='block_1_103' title="bbox 493 5520 2033 5592">
    <p class='ocr_par' dir='ltr' id='par_1_103' title="bbox 493 5520 2033 5592">
     <span class='ocr_line' id='line_1_103' title="bbox 493 5520 2033 5592; baseline 0 -18"><span class='ocrx_word' id='word_1_758' title='bbox 493 5520 675 5592; x_wconf 70' lang='grc'>(1045)</span> <span class='ocrx_word' id='word_1_759' title='bbox 699 5521 763 5575; x_wconf 93' lang='lat' dir='ltr'>In</span> <span class='ocrx_word' id='word_1_760' title='bbox 816 5520 1064 5592; x_wconf 71' lang='lat' dir='ltr'>margine</span> <span class='ocrx_word' id='word_1_761' title='bbox 1103 5538 1212 5590; x_wconf 85' lang='lat' dir='ltr'>pro</span> <span class='ocrx_word' id='word_1_762' title='bbox 1267 5537 1488 5588; x_wconf 84' lang='lat' dir='ltr'>regnum</span> <span class='ocrx_word' id='word_1_763' title='bbox 1545 5520 1778 5592; x_wconf 87' lang='lat' dir='ltr'>habetur</span> <span class='ocrx_word' id='word_1_764' title='bbox 1819 5523 2033 5575; x_wconf 62' lang='lat' dir='ltr'>attenti:</span> 
     </span>
    </p>
   </div>
   <div class='ocr_carea' id='block_1_104' title="bbox 423 5591 2040 5674">
    <p class='ocr_par' dir='ltr' id='par_1_104' title="bbox 423 5591 2040 5674">
     <span class='ocr_line' id='line_1_104' title="bbox 423 5591 2040 5674; baseline 0 -28"><span class='ocrx_word' id='word_1_765' title='bbox 423 5593 572 5646; x_wconf 90' lang='lat' dir='ltr'>unde</span> <span class='ocrx_word' id='word_1_766' title='bbox 615 5591 1021 5674; x_wconf 66' lang='lat' dir='ltr'>c0nsequenter</span> <span class='ocrx_word' id='word_1_767' title='bbox 1048 5608 1172 5646; x_wconf 78' lang='lat' dir='ltr'>mox</span> <span class='ocrx_word' id='word_1_768' title='bbox 1215 5608 1310 5674; x_wconf 62' lang='lat' dir='ltr'>pro</span> <span class='ocrx_word' id='word_1_769' title='bbox 1346 5609 1534 5659; x_wconf 78' lang='lat' dir='ltr'>regum</span> <span class='ocrx_word' id='word_1_770' title='bbox 1563 5591 1858 5674; x_wconf 67' lang='lat' dir='ltr'>legendum</span> <span class='ocrx_word' id='word_1_771' title='bbox 1893 5598 2040 5647; x_wconf 87' lang='lat' dir='ltr'>esset</span> 
     </span>
    </p>
   </div>
   <div class='ocr_carea' id='block_1_105' title="bbox 425 5662 2037 5737">
    <p class='ocr_par' dir='ltr' id='par_1_105' title="bbox 425 5662 2037 5737">
     <span class='ocr_line' id='line_1_105' title="bbox 425 5662 2037 5737; baseline 0.001 -23"><span class='ocrx_word' id='word_1_772' title='bbox 425 5678 666 5731; x_wconf 86' lang='lat' dir='ltr'>regnum.</span> <span class='ocrx_word' id='word_1_773' title='bbox 726 5662 988 5718; x_wconf 74' lang='lat' dir='ltr'>Caeterum</span> <span class='ocrx_word' id='word_1_774' title='bbox 1027 5671 1173 5719; x_wconf 88' lang='lat' dir='ltr'>totus</span> <span class='ocrx_word' id='word_1_775' title='bbox 1217 5663 1310 5718; x_wconf 89' lang='lat' dir='ltr'>ille</span> <span class='ocrx_word' id='word_1_776' title='bbox 1349 5678 1530 5718; x_wconf 92' lang='lat' dir='ltr'>sermo</span> <span class='ocrx_word' id='word_1_777' title='bbox 1583 5662 1877 5737; x_wconf 33' lang='lat' dir='ltr'>Si‘geberti,</span> <span class='ocrx_word' id='word_1_778' title='bbox 1927 5678 2037 5718; x_wconf 91' lang='lat' dir='ltr'>non</span> 
     </span>
    </p>
   </div>
   <div class='ocr_carea' id='block_1_106' title="bbox 2126 4469 3746 4547">
    <p class='ocr_par' dir='ltr' id='par_1_106' title="bbox 2126 4469 3746 4547">
     <span class='ocr_line' id='line_1_106' title="bbox 2126 4469 3746 4547; baseline -0.007 -14"><span class='ocrx_word' id='word_1_779' title='bbox 2126 4478 2340 4534; x_wconf 90' lang='lat' dir='ltr'>Domini</span> <span class='ocrx_word' id='word_1_780' title='bbox 2370 4476 2641 4547; x_wconf 91' lang='lat' dir='ltr'>tui,justa</span> <span class='ocrx_word' id='word_1_781' title='bbox 2685 4473 2782 4528; x_wconf 94' lang='lat' dir='ltr'>tibi</span> <span class='ocrx_word' id='word_1_782' title='bbox 2816 4472 3023 4527; x_wconf 89' lang='lat' dir='ltr'>solvam</span> <span class='ocrx_word' id='word_1_783' title='bbox 3055 4486 3118 4525; x_wconf 89' lang='lat' dir='ltr'>ex</span> <span class='ocrx_word' id='word_1_784' title='bbox 3149 4469 3368 4533; x_wconf 87' lang='lat' dir='ltr'>debito;</span> <span class='ocrx_word' id='word_1_785' title='bbox 3426 4478 3503 4532; x_wconf 92' lang='lat' dir='ltr'>tu,</span> <span class='ocrx_word' id='word_1_786' title='bbox 3536 4484 3746 4539; x_wconf 62' lang='lat' dir='ltr'>quaeso,</span> 
     </span>
    </p>
   </div>
   <div class='ocr_carea' id='block_1_107' title="bbox 2128 4557 3750 4635">
    <p class='ocr_par' dir='ltr' id='par_1_107' title="bbox 2128 4557 3750 4635">
     <span class='ocr_line' id='line_1_107' title="bbox 2128 4557 3750 4635; baseline -0.005 -15"><span class='ocrx_word' id='word_1_787' title='bbox 2128 4567 2262 4621; x_wconf 89' lang='lat' dir='ltr'>mihi</span> <span class='ocrx_word' id='word_1_788' title='bbox 2289 4566 2492 4628; x_wconf 88' lang='lat' dir='ltr'>indica,</span> <span class='ocrx_word' id='word_1_789' title='bbox 2521 4579 2630 4635; x_wconf 91' lang='lat' dir='ltr'>quo</span> <span class='ocrx_word' id='word_1_790' title='bbox 2663 4564 2718 4616; x_wconf 89' lang='lat' dir='ltr'>in</span> <span class='ocrx_word' id='word_1_791' title='bbox 2746 4562 2867 4617; x_wconf 89' lang='lat' dir='ltr'>loco</span> <span class='ocrx_word' id='word_1_792' title='bbox 2899 4559 3284 4630; x_wconf 87' lang='lat' dir='ltr'>corpusculum</span> <span class='ocrx_word' id='word_1_793' title='bbox 3329 4575 3392 4612; x_wconf 86' lang='lat' dir='ltr'>ex</span> <span class='ocrx_word' id='word_1_794' title='bbox 3426 4567 3516 4612; x_wconf 92' lang='lat' dir='ltr'>tuo</span> <span class='ocrx_word' id='word_1_795' title='bbox 3547 4557 3750 4628; x_wconf 87' lang='lat' dir='ltr'>placito</span> 
     </span>
    </p>
   </div>
   <div class='ocr_carea' id='block_1_108' title="bbox 2127 4649 3748 4730">
    <p class='ocr_par' dir='ltr' id='par_1_108' title="bbox 2127 4649 3748 4730">
     <span class='ocr_line' id='line_1_108' title="bbox 2127 4649 3748 4730; baseline -0.008 -16"><span class='ocrx_word' id='word_1_796' title='bbox 2127 4658 2414 4730; x_wconf 90' lang='lat' dir='ltr'>sepeliam.</span> <span class='ocrx_word' id='word_1_797' title='bbox 2461 4657 2522 4711; x_wconf 85' lang='lat' dir='ltr'>Et</span> <span class='ocrx_word' id='word_1_798' title='bbox 2565 4655 2691 4709; x_wconf 87' lang='lat' dir='ltr'>illa:</span> <span class='ocrx_word' id='word_1_799' title='bbox 2727 4653 2978 4723; x_wconf 85' lang='lat' dir='ltr'>Suspice,</span> <span class='ocrx_word' id='word_1_800' title='bbox 3011 4651 3212 4722; x_wconf 91' lang='lat' dir='ltr'>inquit,</span> <span class='ocrx_word' id='word_1_801' title='bbox 3257 4651 3478 4717; x_wconf 58' lang='lat' dir='ltr'>caelum,</span> <span class='ocrx_word' id='word_1_802' title='bbox 3521 4657 3575 4703; x_wconf 92' lang='lat' dir='ltr'>et</span> <span class='ocrx_word' id='word_1_803' title='bbox 3611 4649 3748 4702; x_wconf 89' lang='lat' dir='ltr'>dili-</span> 
     </span>
    </p>
   </div>
   <div class='ocr_carea' id='block_1_109' title="bbox 2127 4738 3753 4822">
    <p class='ocr_par' dir='ltr' id='par_1_109' title="bbox 2127 4738 3753 4822">
     <span class='ocr_line' id='line_1_109' title="bbox 2127 4738 3753 4822; baseline -0.006 -20"><span class='ocrx_word' id='word_1_804' title='bbox 2127 4754 2322 4822; x_wconf 86' lang='lat' dir='ltr'>genter</span> <span class='ocrx_word' id='word_1_805' title='bbox 2375 4746 2525 4800; x_wconf 90' lang='lat' dir='ltr'>illum</span> <span class='ocrx_word' id='word_1_806' title='bbox 2568 4745 2625 4798; x_wconf 91' lang='lat' dir='ltr'>in</span> <span class='ocrx_word' id='word_1_807' title='bbox 2647 4742 2806 4797; x_wconf 91' lang='lat' dir='ltr'>terris</span> <span class='ocrx_word' id='word_1_808' title='bbox 2845 4743 3024 4796; x_wconf 89' lang='lat' dir='ltr'>locum</span> <span class='ocrx_word' id='word_1_809' title='bbox 3069 4746 3276 4805; x_wconf 88' lang='lat' dir='ltr'>notato,</span> <span class='ocrx_word' id='word_1_810' title='bbox 3317 4739 3374 4792; x_wconf 91' lang='lat' dir='ltr'>in</span> <span class='ocrx_word' id='word_1_811' title='bbox 3405 4754 3513 4809; x_wconf 92' lang='lat' dir='ltr'>quo</span> <span class='ocrx_word' id='word_1_812' title='bbox 3545 4738 3753 4792; x_wconf 90' lang='lat' dir='ltr'>videris</span> 
     </span>
    </p>
   </div>
   <div class='ocr_carea' id='block_1_110' title="bbox 2127 4829 3749 4907">
    <p class='ocr_par' dir='ltr' id='par_1_110' title="bbox 2127 4829 3749 4907">
     <span class='ocr_line' id='line_1_110' title="bbox 2127 4829 3749 4907; baseline -0.007 -16"><span class='ocrx_word' id='word_1_813' title='bbox 2127 4837 2292 4892; x_wconf 92' lang='lat' dir='ltr'>modo</span> <span class='ocrx_word' id='word_1_814' title='bbox 2322 4852 2423 4907; x_wconf 92' lang='lat' dir='ltr'>per</span> <span class='ocrx_word' id='word_1_815' title='bbox 2443 4834 2738 4889; x_wconf 90' lang='lat' dir='ltr'>micantem</span> <span class='ocrx_word' id='word_1_816' title='bbox 2776 4831 2956 4885; x_wconf 91' lang='lat' dir='ltr'>lucem</span> <span class='ocrx_word' id='word_1_817' title='bbox 2988 4829 3207 4884; x_wconf 74' lang='lat' dir='ltr'>CtBlllllS</span> <span class='ocrx_word' id='word_1_818' title='bbox 3232 4845 3499 4899; x_wconf 89' lang='lat' dir='ltr'>apparere</span> <span class='ocrx_word' id='word_1_819' title='bbox 3543 4836 3749 4881; x_wconf 75' lang='lat' dir='ltr'>sanctae</span> 
     </span>
    </p>
   </div>
   <div class='ocr_carea' id='block_1_111' title="bbox 2131 4920 3751 4996">
    <p class='ocr_par' dir='ltr' id='par_1_111' title="bbox 2131 4920 3751 4996">
     <span class='ocr_line' id='line_1_111' title="bbox 2131 4920 3751 4996; baseline -0.008 -14"><span class='ocrx_word' id='word_1_820' title='bbox 2131 4925 2308 4982; x_wconf 90' lang='lat' dir='ltr'>crucis</span> <span class='ocrx_word' id='word_1_821' title='bbox 2373 4925 2612 4996; x_wconf 89' lang='lat' dir='ltr'>signum.</span> <span class='ocrx_word' id='word_1_822' title='bbox 2667 4920 2997 4975; x_wconf 90' lang='lat' dir='ltr'>Lantbertus</span> <span class='ocrx_word' id='word_1_823' title='bbox 3031 4934 3153 4973; x_wconf 90' lang='lat' dir='ltr'>eam</span> <span class='ocrx_word' id='word_1_824' title='bbox 3201 4925 3597 4972; x_wconf 91' lang='lat' dir='ltr'>monstrantem</span> <span class='ocrx_word' id='word_1_825' title='bbox 3659 4932 3751 4970; x_wconf 87' lang='lat' dir='ltr'>se-</span> 
     </span>
    </p>
   </div>
   <div class='ocr_carea' id='block_1_112' title="bbox 2131 5005 3752 5087">
    <p class='ocr_par' dir='ltr' id='par_1_112' title="bbox 2131 5005 3752 5087">
     <span class='ocr_line' id='line_1_112' title="bbox 2131 5005 3752 5087; baseline -0.008 -17"><span class='ocrx_word' id='word_1_826' title='bbox 2131 5031 2310 5087; x_wconf 90' lang='lat' dir='ltr'>quens</span> <span class='ocrx_word' id='word_1_827' title='bbox 2347 5013 2525 5068; x_wconf 92' lang='lat' dir='ltr'>oculis</span> <span class='ocrx_word' id='word_1_828' title='bbox 2567 5019 2622 5066; x_wconf 90' lang='lat' dir='ltr'>et</span> <span class='ocrx_word' id='word_1_829' title='bbox 2660 5018 2866 5074; x_wconf 85' lang='lat' dir='ltr'>mente,</span> <span class='ocrx_word' id='word_1_830' title='bbox 2920 5024 3048 5064; x_wconf 89' lang='lat' dir='ltr'>ecce</span> <span class='ocrx_word' id='word_1_831' title='bbox 3081 5008 3228 5062; x_wconf 89' lang='lat' dir='ltr'>videt</span> <span class='ocrx_word' id='word_1_832' title='bbox 3272 5007 3450 5060; x_wconf 92' lang='lat' dir='ltr'>locum</span> <span class='ocrx_word' id='word_1_833' title='bbox 3495 5005 3550 5058; x_wconf 92' lang='lat' dir='ltr'>in</span> <span class='ocrx_word' id='word_1_834' title='bbox 3587 5005 3752 5059; x_wconf 86' lang='lat' dir='ltr'>terris</span> 
     </span>
    </p>
   </div>
   <div class='ocr_carea' id='block_1_113' title="bbox 2128 5095 3754 5173">
    <p class='ocr_par' dir='ltr' id='par_1_113' title="bbox 2128 5095 3754 5173">
     <span class='ocr_line' id='line_1_113' title="bbox 2128 5095 3754 5173; baseline -0.007 -13"><span class='ocrx_word' id='word_1_835' title='bbox 2128 5103 2338 5160; x_wconf 73' lang='lat' dir='ltr'>caelesti</span> <span class='ocrx_word' id='word_1_836' title='bbox 2384 5103 2505 5156; x_wconf 89' lang='lat' dir='ltr'>luce</span> <span class='ocrx_word' id='word_1_837' title='bbox 2536 5099 2812 5173; x_wconf 87' lang='lat' dir='ltr'>designari</span> <span class='ocrx_word' id='word_1_838' title='bbox 2847 5099 2901 5152; x_wconf 92' lang='lat' dir='ltr'>in</span> <span class='ocrx_word' id='word_1_839' title='bbox 2952 5097 3178 5153; x_wconf 91' lang='lat' dir='ltr'>modum</span> <span class='ocrx_word' id='word_1_840' title='bbox 3227 5104 3428 5151; x_wconf 68' lang='lat' dir='ltr'>sancta}</span> <span class='ocrx_word' id='word_1_841' title='bbox 3460 5095 3658 5157; x_wconf 89' lang='lat' dir='ltr'>crucis,</span> <span class='ocrx_word' id='word_1_842' title='bbox 3698 5102 3754 5149; x_wconf 90' lang='lat' dir='ltr'>et</span> 
     </span>
    </p>
   </div>
   <div class='ocr_carea' id='block_1_114' title="bbox 2129 5189 3753 5266">
    <p class='ocr_par' dir='ltr' id='par_1_114' title="bbox 2129 5189 3753 5266">
     <span class='ocr_line' id='line_1_114' title="bbox 2129 5189 3753 5266; baseline -0.007 -13"><span class='ocrx_word' id='word_1_843' title='bbox 2129 5199 2196 5254; x_wconf 88' lang='lat' dir='ltr'>ab</span> <span class='ocrx_word' id='word_1_844' title='bbox 2228 5213 2322 5252; x_wconf 88' lang='lat' dir='ltr'>ore</span> <span class='ocrx_word' id='word_1_845' title='bbox 2354 5194 2722 5266; x_wconf 91' lang='lat' dir='ltr'>colloquentis</span> <span class='ocrx_word' id='word_1_846' title='bbox 2760 5193 2870 5247; x_wconf 91' lang='lat' dir='ltr'>sibi</span> <span class='ocrx_word' id='word_1_847' title='bbox 2928 5192 3160 5266; x_wconf 86' lang='lat' dir='ltr'>virginis</span> <span class='ocrx_word' id='word_1_848' title='bbox 3192 5192 3312 5246; x_wconf 59' lang='lat' dir='ltr'>haac</span> <span class='ocrx_word' id='word_1_849' title='bbox 3342 5191 3533 5245; x_wconf 91' lang='lat' dir='ltr'>ultima</span> <span class='ocrx_word' id='word_1_850' title='bbox 3583 5189 3753 5243; x_wconf 87' lang='lat' dir='ltr'>verba</span> 
     </span>
    </p>
   </div>
   <div class='ocr_carea' id='block_1_115' title="bbox 2131 5285 3752 5362">
    <p class='ocr_par' dir='ltr' id='par_1_115' title="bbox 2131 5285 3752 5362">
     <span class='ocr_line' id='line_1_115' title="bbox 2131 5285 3752 5362; baseline -0.008 -12"><span class='ocrx_word' id='word_1_851' title='bbox 2131 5292 2375 5362; x_wconf 78' lang='lat' dir='ltr'>accipit;</span> <span class='ocrx_word' id='word_1_852' title='bbox 2429 5291 2578 5345; x_wconf 83' lang='lat' dir='ltr'>Hunc</span> <span class='ocrx_word' id='word_1_853' title='bbox 2630 5290 2835 5354; x_wconf 91' lang='lat' dir='ltr'>locum,</span> <span class='ocrx_word' id='word_1_854' title='bbox 2892 5287 3183 5342; x_wconf 87' lang='lat' dir='ltr'>Lantberte</span> <span class='ocrx_word' id='word_1_855' title='bbox 3239 5287 3360 5351; x_wconf 90' lang='lat' dir='ltr'>tibi,</span> <span class='ocrx_word' id='word_1_856' title='bbox 3405 5285 3752 5340; x_wconf 89' lang='lat' dir='ltr'>insinuatum</span> 
     </span>
    </p>
   </div>
   <div class='ocr_carea' id='block_1_116' title="bbox 2137 5455 3748 5589">
    <p class='ocr_par' dir='ltr' id='par_1_116' title="bbox 2137 5455 3748 5589">
     <span class='ocr_line' id='line_1_116' title="bbox 2137 5455 3748 5589; baseline -0.004 -16"><span class='ocrx_word' id='word_1_857' title='bbox 2137 5455 2488 5589; x_wconf 54' lang='grc' dir='ltr'>εὸῗῗὸιάιὲῗῐὸ.</span> <span class='ocrx_word' id='word_1_858' title='bbox 2515 5516 2830 5589; x_wconf 17' lang='grc' dir='ltr'>νιξειῐιᾱγθίὶω</span> <span class='ocrx_word' id='word_1_859' title='bbox 2873 5514 3105 5589; x_wconf 79' lang='lat' dir='ltr'>virginis</span> <span class='ocrx_word' id='word_1_860' title='bbox 3135 5520 3190 5567; x_wconf 91' lang='lat' dir='ltr'>et</span> <span class='ocrx_word' id='word_1_861' title='bbox 3230 5513 3748 5589; x_wconf 59' lang='lat' dir='ltr'>primteabbatissm</span> 
     </span>
    </p>
   </div>
   <div class='ocr_carea' id='block_1_117' title="bbox 2141 5584 3747 5648">
    <p class='ocr_par' dir='ltr' id='par_1_117' title="bbox 2141 5584 3747 5648">
     <span class='ocr_line' id='line_1_117' title="bbox 2141 5584 3747 5648; baseline -0.004 -4"><span class='ocrx_word' id='word_1_862' title='bbox 2141 5584 2478 5644; x_wconf 82' lang='lat' dir='ltr'>Belisiensis.</span> <span class='ocrx_word' id='word_1_863' title='bbox 2513 5588 2632 5642; x_wconf 81' lang='lat' dir='ltr'>Vita</span> <span class='ocrx_word' id='word_1_864' title='bbox 2666 5587 2789 5641; x_wconf 87' lang='lat' dir='ltr'>data</span> <span class='ocrx_word' id='word_1_865' title='bbox 2837 5584 3012 5640; x_wconf 81' lang='lat' dir='ltr'>estad</span> <span class='ocrx_word' id='word_1_866' title='bbox 3045 5586 3191 5639; x_wconf 90' lang='lat' dir='ltr'>diem</span> <span class='ocrx_word' id='word_1_867' title='bbox 3228 5603 3316 5638; x_wconf 79' lang='lat' dir='ltr'>vni</span> <span class='ocrx_word' id='word_1_868' title='bbox 3345 5584 3493 5648; x_wconf 85' lang='lat' dir='ltr'>Julii,</span> <span class='ocrx_word' id='word_1_869' title='bbox 3527 5592 3747 5639; x_wconf 85' lang='lat' dir='ltr'>auctore</span> 
     </span>
    </p>
   </div>
   <div class='ocr_carea' id='block_1_118' title="bbox 2139 5657 3261 5726">
    <p class='ocr_par' dir='ltr' id='par_1_118' title="bbox 2139 5657 3261 5726">
     <span class='ocr_line' id='line_1_118' title="bbox 2139 5657 3261 5726; baseline -0.004 -12"><span class='ocrx_word' id='word_1_870' title='bbox 2139 5661 2480 5718; x_wconf 88' lang='lat' dir='ltr'>Theodorico</span> <span class='ocrx_word' id='word_1_871' title='bbox 2521 5660 2715 5714; x_wconf 90' lang='lat' dir='ltr'>abbate</span> <span class='ocrx_word' id='word_1_872' title='bbox 2735 5657 3261 5726; x_wconf 82' lang='lat' dir='ltr'>TrudonOpolitano.</span> 
     </span>
    </p>
   </div>
  </div>
