3948 6044
205 207 320 263 ’797

1430 210 1583 265 VITA
1621 210 1879 291 ALTERA
1920 211 1975 266 S.
2020 210 2368 267 LAMBERTI.

3449 212 3565 267 798

202 336 458 402 caelitus,
478 335 622 391 scias
654 336 784 392 olim
810 336 1123 411 delegatum
1146 352 1178 391 a
1206 337 1320 393 Deo
1349 353 1488 394 mete
1515 339 1834 410 sepulturae,
1861 342 1915 410 Α
1938 339 2399 395 Wentreshovum
2445 337 2707 404 curritur,
2739 337 2836 408 qui
2887 343 3070 391 mente
3116 343 3171 390 et
3221 335 3394 390 oculis
3422 336 3561 390 rele-

203 428 326 484 Hac
364 428 484 484 vice
506 444 822 485 sermonum
858 437 1049 485 sancta
1069 430 1281 505 virgine
1304 431 1440 487 ccelo
1469 439 1714 502 recepta,
1753 433 1838 488 vir

200 528 442 577 sanctus
465 535 662 576 somno
689 522 923 588 solutus,
958 522 1330 594 applaudebat
1361 523 1468 578 sibi
1493 525 1560 578 de
1590 524 1834 580 celestis

199 610 443 666 visionis
481 610 723 666 oraculo.
781 611 955 666 Locus
1003 619 1209 680 autem,
1251 614 1345 685 qui
1403 614 1642 670 caelestis
1695 613 1834 669 lucis

201 702 375 773 signo
430 699 846 766 irradiabatur,
916 701 1372 758 Wentreshovum
1427 703 1607 773 (1047)
1675 710 1832 770 erat,

201 806 378 861 quem
413 789 532 861 ipse
560 790 615 844 8.
657 789 1004 858 Lantbertus,
1044 808 1076 845 a
1107 791 1162 847 S.
1197 792 1514 848 Landoaldo
1559 793 1693 847 inibi
1728 808 1834 847 nu-

199 881 396 948 tritus,
429 882 605 952 prima
634 882 719 937 sui
753 883 1005 952 tyrocinii
1036 884 1221 940 indole
1254 883 1626 956 insigniverat.

280 971 373 1026 35.
407 972 734 1026 Lantbertus
771 979 920 1028 tanto
971 975 1194 1044 quidem
1244 973 1626 1045 prOperantius
1660 980 1838 1029 matu-

199 1061 367 1116 rabat
396 1062 561 1128 viam,
595 1070 800 1135 quanto
841 1064 1057 1120 sciebat
1089 1066 1192 1121 hoc
1223 1067 1332 1121 Deo
1374 1075 1429 1120 ct
1468 1081 1688 1136 sponsae
1717 1066 1837 1134 ejus

201 1158 327 1216 fore
346 1161 585 1234 gratius;
620 1169 674 1216 et
696 1161 929 1216 veniens
951 1161 1204 1216 Belisiam
1238 1162 1450 1217 tardius
1489 1169 1638 1228 voto,
1672 1177 1832 1231 quam

197 1251 449 1322 pedibus
478 1252 686 1324 (animo
711 1253 862 1306 enim
895 1253 1138 1323 cupienti
1181 1254 1316 1307 nihil
1340 1254 1473 1309 satis
1504 1253 1836 1321 festinatur),

195 1343 475 1399 visionem
533 1344 791 1399 omnibus
840 1345 1052 1414 pandit,
1122 1361 1329 1417 eosque
1362 1347 1428 1400 ad
1487 1346 1632 1400 illam
1689 1361 1840 1400 exse-

195 1434 483 1505 quendam
535 1434 724 1488 nititur
754 1433 1002 1502 ﬂectere,
1042 1452 1207 1506 quam
1253 1444 1436 1506 potest
1487 1437 1744 1492 blandius
1773 1453 1834 1492 ac

195 1522 518 1577 fecundius.
563 1522 764 1578 Omnes
812 1531 1005 1578 contra
1046 1540 1214 1578 unum
1269 1525 1588 1588 reclamant,
1643 1540 1834 1580 omnes

195 1629 320 1669 uno
380 1629 476 1670 ore
548 1616 938 1671 tumultuando
999 1617 1374 1672 conclamant:
1437 1616 1608 1682 Absit,
1670 1617 1830 1671 Lant-

195 1668 580 1772 berte,vabsit,
613 1668 658 1758 οί
676 1668 1420 1775 pessumastista...
1437 1668 1641 1761 nisi.
1670 1668 1829 1779 ego
1861 1668 1910 1734 Β

194 1812 229 1850 a
276 1804 330 1850 te
359 1796 470 1850 Deo
502 1802 823 1850 consecrata
855 1795 988 1851 fuit:
1023 1796 1138 1851 haec
1178 1796 1416 1852 ecclesia
1445 1797 1564 1865 ejus
1583 1812 1752 1867 Opera
1778 1805 1833 1850 et

196 1884 472 1956 impensis
501 1891 847 1950 constructa,
878 1901 908 1938 a
938 1892 988 1939 te
1021 1901 1120 1956 per
1159 1901 1279 1940 eam
1313 1892 1398 1939 est
1427 1884 1712 1938 dedicata:
1746 1883 1834 1939 hic

195 1981 394 2036 omnia
415 1981 534 2049 ejus
574 1995 672 2050 per
705 1987 753 2036 te
793 1980 862 2034 ab
891 1995 956 2034 ea
986 1981 1097 2034 Deo
1137 1980 1391 2054 delegata
1416 1988 1573 2034 sunt:
1608 1979 1695 2033 hic
1721 1978 1832 2034 Deo

197 2068 590 2124 famulantium
625 2069 786 2124 turba
817 2085 916 2140 per
946 2085 1066 2124 eam
1099 2077 1154 2123 et
1181 2085 1280 2140 per
1330 2076 1384 2124 te
1415 2068 1601 2123 adulta
1631 2075 1746 2134 est;
1784 2075 1840 2123 et

202 2162 305 2218 ubi
341 2163 565 2236 dignius
595 2179 722 2219 ossa
747 2164 869 2233 ejus
893 2164 1202 2236 quiescent,
1242 2180 1405 2235 quam
1440 2163 1548 2228 hic,
1572 2163 1663 2218 ubi
1696 2180 1838 2234 prte-

200 2252 515 2306 seutialiter
539 2260 614 2307 tot
646 2253 915 2308 bonorum
950 2254 1072 2322 ejus
1116 2269 1346 2323 operum
1378 2263 1648 2322 apparent
1679 2253 1838 2308 testi-

199 2341 394 2396 monia
415 2340 442 2393 ?
471 2341 531 2396 Et
561 2342 678 2397 haec
710 2342 933 2412 quidem
967 2343 1154 2397 omnia
1183 2343 1347 2397 etiam
1381 2348 1487 2397 tute
1526 2343 1836 2398 sanctitatis

201 2432 427 2500 merita,
469 2433 783 2501 Lantberte,
813 2435 1184 2501 accumulant,
1223 2435 1352 2488 dum
1385 2449 1482 2504 per
1513 2442 1618 2488 tnte
1651 2441 1835 2506 pasto-

200 2521 434 2576 ralitatis
464 2521 706 2576 studium
741 2523 830 2578 hic
856 2531 912 2578 et
949 2523 1147 2577 merito
1175 2530 1230 2577 et
1260 2538 1496 2578 numero
1518 2531 1680 2578 aucto
1700 2522 1833 2578 fide-

205 2611 344 2665 lium
377 2611 603 2681 pepulo,
637 2609 766 2666 fidei
802 2618 856 2666 et
887 2612 1104 2667 virtutis
1136 2611 1442 2667 exuberant
1480 2613 1646 2668 dona.
1685 2614 1844 2668 Lant-

210 2699 407 2753 bertus
473 2697 718 2753 offensus
778 2700 1084 2770 pervicacia
1137 2700 1406 2755 omnium.
1460 2700 1682 2754 Gratum
1735 2709 1840 2788 est,

203 2791 412 2862 inquit,
445 2807 685 2861 praeesse
717 2791 960 2858 civibus;
985 2793 1082 2847 sed
1115 2808 1281 2866 grave
1313 2798 1399 2847 est
1430 2793 1692 2848 omnibus
1724 2794 1838 2865 pla-

201 2898 350 2937 cere.
386 2883 543 2951 Ecce,
605 2883 738 2955 quia
788 2900 969 2940 sermo
1014 2885 1107 2940 Dei
1149 2892 1205 2940 et
1235 2901 1390 2940 meus
1436 2901 1548 2941 non
1597 2887 1744 2959 capit
1783 2887 1839 2941 in

204 2975 385 3041 vobis,
429 2991 525 3031 vos
579 2991 774 3032 omnes
813 2977 1015 3032 invitus
1068 2994 1302 3049 sequar:
1355 2989 1538 3034 certus
1577 2996 1698 3034 sum
1757 2987 1837 3035 ta-

207 3083 360 3134 men,
401 3069 531 3140 quia
550 3070 790 3124 coelestis
818 3071 1025 3126 oraculi
1061 3086 1172 3126 non
1206 3069 1387 3126 deerit
1417 3070 1664 3126 effectus.

281 3157 368 3212 36.
403 3158 729 3213 Lantbertus
759 3159 946 3232 igitur,
992 3160 1210 3230 sepulta
1256 3167 1448 3214 sancta
1475 3160 1687 3232 virgine
1719 3177 1838 3216 ma-

207 3253 299 3328 gis
331 3267 394 3306 ex
427 3251 644 3323 populi,
679 3268 841 3323 quam
877 3269 943 3307 ex
973 3235 1074 3308 suo
1113 3253 1334 3323 placito,
1372 3253 1557 3308 animo
1607 3252 1838 3308 ﬂuctua-

207 3347 325 3411 bat,
371 3343 498 3398 hinc
530 3344 599 3398 de
638 3343 850 3398 ccelesti
881 3343 1106 3399 oraculo
1147 3350 1352 3410 certus,
1396 3343 1551 3399 illinc
1592 3344 1838 3399 incertus

212 3439 282 3493 de
311 3436 531 3507 sepulto
571 3436 802 3509 virginis
832 3438 1181 3507 corpusculo.
1213 3435 1290 3491 0b
1327 3437 1430 3492 hoc
1460 3437 1610 3491 omni
1641 3437 1832 3491 orandi

211 3532 378 3587 modo
418 3547 479 3586 se
517 3530 804 3597 addicens,
847 3531 1130 3601 quaerebat
1172 3545 1286 3584 rem
1317 3531 1385 3584 ab
1431 3545 1519 3596 eo,
1561 3530 1650 3584 cui
1701 3530 1836 3584 nihil

210 3622 552 3693 impossibile
582 3637 706 3676 esse
736 3621 966 3677 sciebat.
1016 3622 1104 3676 Sic
1135 3628 1324 3677 exacto
1375 3620 1580 3684 triduo,
1634 3636 1837 3677 convo-

207 3725 329 3773 cato
360 3715 567 3788 pepulo
595 3716 691 3783 ait,
721 3715 992 3789 virginem
1033 3714 1232 3770 Christi
1257 3715 1469 3786 pridem
1498 3715 1834 3783 defunctam,

211 3817 390 3865 vestro
423 3809 588 3864 etiam
633 3807 844 3876 judicio
895 3808 1081 3882 magni
1124 3807 1248 3862 dico
1313 3807 1486 3862 fuisse
1531 3808 1742 3872 meriti;
1785 3815 1838 3863 et

213 3893 340 3955 ideo
367 3915 478 3955 non
509 3901 629 3954 leve
663 3915 783 3953 esse
810 3899 974 3965 duco,
1011 3898 1159 3970 quod
1193 3899 1260 3952 ab
1295 3914 1390 3955 ore
1423 3899 1544 3968 ejus
1567 3900 1680 3970 jam
1711 3916 1835 3955 cum

215 3989 430 4044 Christo
467 3988 748 4062 regnantis
788 3987 923 4042 mihi
984 3995 1148 4043 teneo
1204 3989 1524 4044 indicatum.
1581 3989 1710 4044 Ideo
1765 4005 1835 4044 ne

217 4081 539 4156 gravemini,
575 4082 725 4153 quod
755 4095 972 4152 precor,
1028 4089 1087 4136 ut
1135 4091 1326 4153 aperta
1354 4083 1584 4156 virginis
1626 4084 1833 4151 tumba,

218 4188 332 4225 rem
365 4171 537 4241 ipsam
569 4171 744 4226 oculis
775 4171 1142 4242 experiamur.
1180 4172 1444 4226 Obeditur
1477 4173 1526 4227 ei
1557 4173 1624 4226 ab
1653 4173 1836 4227 omni-

220 4263 355 4326 bus;
404 4262 592 4318 tumba
618 4263 898 4333 aperitur;
924 4263 1023 4318 sed
1054 4263 1193 4317 nihil
1235 4264 1509 4334 reperitur
1533 4265 1603 4318 de
1647 4273 1836 4320 sancto

1938 447 2076 501 gens
2116 429 2360 486 ctelestis
2399 429 2540 502 signi
2593 437 2818 484 ostensa
2856 428 2964 482 sibi
3010 427 3266 500 vestigia,
3317 428 3564 483 ostendit

1936 521 2116 578 locum
2150 522 2562 594 beneplacitum
2605 531 2807 576 sancta:
2847 520 3070 596 virgini.
3103 520 3141 575 0
3172 537 3288 575 rem
3328 519 3558 576 novam‘l

1935 616 2017 671 Ibi
2068 617 2242 672 sancti
2283 617 2529 687 corporis
2585 616 2827 689 glebam,
2888 631 3013 671 cum
3069 615 3190 688 ipso
3221 615 3561 687 sarcophago

1933 712 2355 775 transportatam
2421 704 2733 770 inveniunt,
2809 711 2916 758 tam
2977 705 3282 774 composite
3339 713 3560 775 tamque

1935 792 2196 848 decenter
2250 793 2567 857 relocatam,
2630 799 2686 847 ut
2745 791 2884 846 nulli
2939 799 3086 846 esset
3144 791 3401 860 dubium,
3469 805 3562 844 an-

1937 883 2116 960 gelico
2150 884 2455 940 ministerio
2485 893 2728 940 sanctam
2775 885 3046 959 virginem
3082 884 3210 939 illuc
3239 882 3556 938 translatam

1938 977 2132 1034 fuisse.

2007 1070 2096 1127 37.
2127 1071 2187 1124 Et
2217 1069 2349 1142 quid
2377 1071 2598 1137 mirum,
2650 1071 2695 1125 si
2728 1071 2842 1136 ille,
2896 1070 2990 1142 qui
3031 1069 3252 1140 martyri
3309 1083 3409 1124 suo
3443 1067 3562 1122 Cle-

1941 1162 2114 1217 menti
2171 1162 2540 1217 habitaculum
2611 1163 2664 1216 in
2723 1163 2948 1218 modum
3007 1161 3196 1232 templi
3265 1159 3558 1216 marmorei

1942 1257 2273 1329 prmparavit
2305 1257 2358 1310 in
2404 1257 2539 1311 mari
2573 1257 2841 1329 angelicis
2869 1256 3130 1311 manibus
3156 1255 3363 1327 (1048),
3393 1255 3558 1324 hujus

1941 1361 2166 1417 quoque
2195 1346 2427 1418 virginis
2472 1361 2672 1416 corpus
2710 1361 2806 1415 per
2861 1345 3110 1418 angelos,
3170 1344 3557 1414 mysteriorum

1939 1436 2031 1490 Dei
2062 1437 2438 1501 administros,
2463 1443 2571 1490 tam
2611 1441 2993 1505 competenter
3017 1433 3296 1488 transtulit
3329 1431 3559 1501 (1049)?

1937 1527 2071 1585 Huic
2097 1528 2366 1582 miraculo
2394 1534 2654 1598 tanquam
2709 1526 2970 1580 inusitato
3015 1526 3061 1580 si
3112 1525 3238 1596 quis
3273 1523 3555 1588 discredit,

1936 1631 2152 1677 moveat
2190 1638 2314 1676 eum
2349 1621 2542 1676 saltem
2575 1628 3000 1695 argumentuma
3030 1618 3326 1674 contrario.
3347 1618 3559 1688 Quippe

1935 1725 2058 1764 cum
2109 1710 2246 1765 sciat
2295 1710 2591 1764 multorum
2633 1725 2864 1779 corpora
2916 1708 2971 1762 in
3023 1706 3228 1762 sanctis
3282 1705 3421 1760 locis
3474 1705 3561 1759 in-

1934 1800 2102 1874 digne
2123 1799 2359 1870 sepulta,
2383 1815 2480 1869 per
2504 1799 2734 1873 angelos
2751 1799 2923 1854 malos
2942 1799 3104 1871 longe
3129 1796 3374 1867 projecta
3400 1810 3549 1860 esse,

1936 1908 2047 1946 non
2080 1891 2296 1946 difiidat
2334 1898 2554 1947 sanctos
2597 1890 2828 1962 angelos
2865 1890 2932 1944 ad
2977 1897 3170 1944 nutum
3225 1888 3319 1941 Dei
3358 1893 3558 1941 sanctae

1936 1981 2135 2055 virgini
2165 1997 2316 2036 suam
2349 1981 2695 2052 impendisse
2725 1995 2971 2049 Operam,
3013 1984 3068 2033 et
3100 1985 3226 2032 voto
3260 1976 3558 2046 verbisque

1941 2072 1995 2128 8.
2030 2071 2307 2127 Lantberti
2340 2071 2503 2126 fidem
2537 2070 2754 2126 fecisse.
2787 2070 3055 2124 Attollunt
3085 2084 3217 2141 ergo
3248 2067 3429 2122 cuncti
3461 2065 3558 2120 Dei

1937 2164 2212 2232 virtutem,
2261 2179 2427 2233 super
2453 2163 2640 2218 omnia
2671 2159 2972 2232 praedicant
3002 2158 3167 2212 tidem
3208 2165 3262 2211 et
3302 2156 3559 2211 meritum

1937 2254 2160 2323 gloriosi
2204 2252 2500 2319 Lantberti,
2554 2251 2710 2320 cujus
2749 2247 3092 2305 conversatio
3138 2247 3250 2315 jam
3292 2245 3348 2299 in
3405 2243 3560 2298 ccelis

1940 2351 2077 2410 erat,
2101 2344 2355 2415 quamvis
2380 2359 2612 2414 corpore
2640 2343 2820 2397 adhuc
2853 2348 3135 2396 teneretur
3173 2338 3228 2392 in
3285 2336 3468 2401 terris,
3504 2335 3559 2388 in

1940 2450 2051 2506 quo
2081 2434 2350 2488 videbant
2394 2433 2610 2504 impleri
2643 2432 2790 2486 iltam
2819 2429 3032 2485 Domini
3063 2444 3279 2484 vocem:
3318 2447 3342 2476 σι
3368 2423 3561 2480 Omnia

1935 2525 2221 2596 possibilia
2240 2523 2638 2579 suntcredenti
2703 2543 2727 2573 »
2776 2522 3014 2577 Ovirum
3055 2520 3283 2593 dignum
3318 2517 3560 2581 Deo,cui

1946 2617 2080 2671 nihil
2113 2617 2269 2671 deest
2297 2617 2364 2670 ad
2397 2615 2750 2686 perfectionis
2779 2614 3085 2679 cumulum,
3120 2617 3362 2682 paratum
3396 2608 3560 2663 etiam

1945 2712 2248 2766 ascendere
2277 2711 2346 2765 ad
2382 2710 2528 2764 illam
2569 2709 2916 2775 charitatem,
2958 2723 3065 2779 qua
3105 2706 3367 2774 majorem
3396 2717 3560 2758 nemo

1944 2800 2132 2866 habet,
2180 2810 2240 2854 ut
2277 2800 2516 2854 animam
2567 2815 2720 2852 suam
2763 2804 2996 2868 poneret
3049 2810 3147 2866 pro
3187 2793 3378 2848 amicis
3415 2790 3557 2847 suis!

1943 2891 2108 2955 Quam
2144 2890 2290 2945 enim
2334 2890 2595 2957 majorem
2653 2888 2807 2942 daret
2837 2904 2931 2942 rex
2972 2900 3071 2941 suo
3111 2883 3342 2938 emerito
3374 2880 3560 2948 militi,

1940 2996 2102 3050 quam
2181 2988 2240 3035 ut
2321 2986 2639 3036 coronatum
2724 2977 2985 3048 martyrio
3069 2976 3344 3040 donaret,
3425 2972 3560 3026 rude

1937 3079 2156 3126 aeterna:
2187 3073 2412 3143 quietis.
2447 3073 2554 3128 Nos
2583 3079 2642 3126 ut
2673 3081 2970 3126 extremam
3015 3084 3237 3123 manum
3269 3064 3424 3137 operi
3451 3063 3560 3118 im-

1940 3177 2229 3232 ponamus,
2258 3165 2368 3234 jam
2397 3180 2544 3218 nunc
2590 3162 2862 3233 passionis
2918 3160 3038 3231 ejus
3065 3159 3325 3214 vexillum
3375 3155 3556 3231 eriga-

1940 3271 2081 3310 mus.

2581 3342 2790 3398 CAPUT
2833 3342 2914 3396 ιν.

1937 3455 2202 3524 Pippinus
2233 3455 2296 3508 ob
2335 3454 2553 3508 ductam
2599 3452 2887 3520 Alpaidem
2943 3449 3186 3524 pellicem
3229 3449 3508 3524 correptus
3545 3463 3557 3499 :

2003 3519 2210 3596 pcllicis
2249 3525 2431 3580 odium
2483 3529 2534 3579 et
2563 3519 2805 3578 insidias:
2847 3524 3043 3585 sancti,
3093 3519 3193 3572 illa
3248 3520 3558 3587 instigante,

2007 3599 2351 3665 martyrium.

2009 3711 2094 3766 38.
2124 3710 2410 3781 Pippinus,
2450 3715 2508 3762 ut
2536 3707 2912 3779 praediximus,
2945 3703 3364 3775 principabatur
3392 3716 3557 3776 egre—

1937 3801 2028 3875 gie
2078 3816 2248 3871 super
2291 3815 2484 3854 omnes
2514 3797 2793 3868 principes
2844 3795 3193 3860 Francorum,
3239 3793 3394 3860 cujus
3439 3791 3561 3865 glo-

1940 3893 2073 3947 riam
2115 3890 2392 3963 augebant
2431 3889 2610 3944 crebri
2670 3887 3019 3943 victoriarum
3063 3885 3227 3950 tituli,
3269 3900 3431 3955 quem
3491 3883 3558 3937 ad

1939 3982 2198 4036 virtutem
2251 3979 2481 4033 incitare
2523 3981 2780 4047 poterant
2816 3975 3009 4030 saltem
3043 3973 3279 4028 deducta
3307 3974 3375 4027 ab
3415 3983 3561 4028 utro—

1938 4088 2046 4144 que
2095 4078 2323 4140 parente
2378 4065 2686 4122 nobilitatis
2726 4073 2780 4120 et
2821 4064 3128 4120 sanctitatis
3179 4067 3555 4118 monumenta.

1941 4163 2005 4218 Ut
2051 4163 2198 4218 enim
2254 4161 2445 4215 sileam
2503 4159 2573 4213 de
2612 4157 2902 4212 sanctitate
2957 4154 3256 4210 Gerdrudis
3303 4161 3560 4207 materte-

1941 4272 2014 4311 rae
2053 4253 2235 4325 (1050)
2281 4253 2402 4320 ejus
2440 4251 2526 4306 vel
2576 4249 2824 4305 Clodulei
2871 4248 3054 4318 (1051)
3121 4245 3402 4300 Mettensis
3441 4244 3560 4315 epi-

220 4350 294 4404 ibi
357 4353 575 4422 sepulto
625 4367 900 4422 corpore,
945 4368 1069 4407 cum
1136 4352 1258 4422 ipso
1312 4354 1652 4428 sarc0phago
1707 4354 1837 4408 alias

1946 4344 2119 4414 scapi,
2173 4342 2266 4414 qui
2296 4341 2398 4396 fuit
2431 4339 2679 4410 patrinus
2727 4337 2928 4407 ipsius;
2960 4335 3084 4406 quis
3130 4335 3184 4388 8.
3227 4335 3423 4406 Beggae
3445 4347 3560 4385 ma-

220 4444 568 4515 transposito.
606 4445 853 4515 Expallet
894 4444 1077 4499 vultus
1131 4445 1412 4512 omnium;
1472 4446 1623 4501 solus
1680 4447 1838 4502 Lant-

219 4539 408 4593 bertus
428 4537 652 4610 gaudet,
681 4544 736 4592 et
764 4537 1028 4592 attonitos
1050 4545 1281 4608 paterne
1310 4536 1654 4595 demulcens.
1684 4539 1835 4604 Quia,

222 4627 416 4698 inquit.
451 4625 817 4681 diffidentiam
852 4633 1086 4681 vestram
1131 4625 1343 4696 experti
1372 4625 1524 4693 estis,
1549 4627 1660 4693 jam
1693 4644 1840 4682 nunc

225 4716 316 4771 Dei
351 4714 758 4770 miriﬁcentiam
791 4715 1160 4785 experiamur,
1197 4723 1251 4770 et
1282 4715 1337 4768 in
1372 4714 1492 4770 loco
1524 4715 1660 4769 mihi
1692 4715 1838 4770 desi-

224 4815 385 4883 gnato
415 4807 586 4864 sancti
640 4808 891 4879 corporis
949 4806 1170 4882 glebam
1216 4823 1545 4878 quaeramus.
1590 4808 1664 4863 Eo
1696 4807 1836 4864 duce

295 4965 477 5036 (1047)
509 4966 644 5020 Vide
662 4965 916 5020 adnotata
960 4965 1028 5019 ad
1061 4981 1180 5034 cap.
1217 4981 1254 5029 ι,
1287 4964 1390 5020 litt.
1416 4967 1456 5019 ἰ.

299 5039 479 5104 (1048)
522 5038 575 5092 8.
612 5037 861 5091 Clemens
912 5053 1056 5106 papa
1089 5043 1142 5090 et
1187 5044 1410 5108 martyr,
1440 5052 1604 5107 quem
1646 5037 1735 5091 hic
1762 5036 1841 5090 in-

227 5109 392 5175 dicat,
427 5109 624 5164 colitur
677 5125 806 5163 xxm
848 5108 1168 5174 Novembr.,
1201 5123 1308 5178 quo
1355 5108 1447 5162 die
1493 5108 1610 5163 haec
1639 5110 1842 5163 exami-

231 5181 345 5234 nari
374 5187 652 5250 poterunt.

296 5252 479 5334 (1οι19)
515 5250 1078 5334 Eademle‘gun‘tur‘in
1109 5250 1227 5304 Vita
1253 5250 1306 5304 S.
1341 5250 1658 5316 Landradre,
1694 5251 1842 5306 unde

230 5338 292 5377 ea
322 5323 534 5396 discere
557 5323 732 5396 potuit
763 5323 1108 5396 Sigebertus.

299 5394 475 5466 (1050)
511 5394 718 5466 lndicat
746 5395 800 5449 S.
825 5392 1148 5466 Gertrudem
1183 5392 1472 5466 virginem,
1511 5392 1842 5466 abbatissam

233 5464 594 5519 Nivellensem
629 5465 684 5519 in
719 5465 1028 5528 Brabantia,
1052 5465 1210 5533 cujus
1235 5464 1390 5535 gesta
1416 5464 1688 5520 elucidata
1718 5474 1843 5519 sunt

232 5537 294 5610 ad
327 5536 802 5610 d_iem174Mgartii.
857 5539 978 5591 Erat
1008 5537 1129 5610 haec
1155 5536 1370 5606 Pippini
1403 5537 1445 5602 Ι,
1477 5544 1846 5610 cognomento

234 5607 549 5676 Landensis,
583 5608 721 5676 ﬁlia,
748 5617 805 5663 et
831 5624 986 5664 soror
1025 5607 1080 5661 S.
1112 5607 1329 5680 Bcggae,
1354 5623 1421 5664 ex
1451 5607 1639 5680 qua'et
1675 5609 1848 5664 Anse-

1943 4440 2042 4493 tris
2072 4439 2192 4507 ejus
2217 4437 2380 4490 vitam
2416 4450 2525 4490 non
2558 4431 2812 4486 miretur!
2863 4429 2991 4495 Quis
3021 4428 3228 4483 nesciat
3257 4426 3560 4481 sanctimo-

1942 4532 2090 4586 niam
2125 4528 2337 4600 paterni
2381 4527 2464 4582 avi
2505 4526 2625 4594 ejus
2669 4523 2934 4594 Arnulphi
2977 4521 3180 4592 (1052),
3237 4519 3331 4591 qui
3381 4517 3558 4588 primo

1941 4621 2116 4688 major
2154 4619 2351 4674 domus
2381 4616 2549 4690 regis,
2581 4623 2703 4686 post
2745 4612 3034 4668 Mettensis
3065 4610 3382 4681 episcOpus,
3415 4616 3470 4662 et
3501 4605 3559 4659 in

1940 4717 2049 4772 vita
2087 4724 2141 4770 et
2179 4715 2234 4768 in
2293 4721 2466 4769 morte
2518 4711 2782 4766 mirabilis
2832 4709 3040 4764 mundo
3073 4705 3220 4762 fuit?
3257 4705 3376 4759 Jam
3434 4717 3562 4758 vero

1939 4809 2107 4864 etiam
2137 4807 2374 4862 filiorum
2395 4805 2523 4874 ejus
2545 4805 2788 4876 potentia
2814 4801 3034 4876 vigebat
3060 4800 3116 4854 in
3149 4814 3345 4873 regno,
3379 4813 3409 4851 e
3438 4794 3568 4868 qui_

1938 4965 2057 5040 giso
2080 4964 2426 5040 Pippinule
2451 4970 2612 5040 natus
2639 4968 2740 5015 est.

2015 5024 2203 5103 (1051)
2239 5036 2294 5090 S.
2337 5033 2707 5104 Clodulphum
2762 5046 2859 5104 seu
2893 5028 3296 5104 Chlodulphum
3327 5024 3560 5104 Metten-

1941 5094 2056 5162 sem
2097 5094 2417 5177 epi'scOpum
2450 5094 2693 5177 indicare
2723 5103 2912 5177 voluit,
2945 5102 3101 5170 cujus
3128 5094 3283 5173 gesta
3307 5094 3560 5165 exposita

1941 5193 2068 5234 sunt
2099 5174 2166 5232 ad
2191 5174 2338 5233 diem
2370 5178 2402 5232 8
2440 5175 2589 5232 Junii
2622 5190 2731 5245 quo
2759 5174 2981 5228 colitur.
3150 5241 3160 5245 _
3346 5243 3352 5245 _
3504 5235 3514 5245 ,

2015 5250 2197 5319 (1052)
2264 5250 2318 5303 8.
2415 5241 2690 5319 Arnulfus,
2756 5245 3007 5319 additum
3075 5241 3456 5319 episcopatum
3503 5241 3559 5288 in

1942 5321 2146 5376 saeculo
2180 5313 2458 5385 exoratus,
2508 5320 2560 5371 S.
2602 5317 3031 5386 Chlodulphum,
3074 5313 3228 5382 cujus
3259 5323 3382 5363 mox
3441 5321 3560 5386 me:

1944 5393 2228 5465 minimus.
2276 5401 2329 5465 et
2377 5378 2724 5465 Angesisum
2757 5378 3086 5465 procreavit,
3140 5378 3208 5437 ex
3254 5395 3388 5465 quo“
3413 5378 3565 5465 etIS.

1946 5465 2136 5538 Begga
2171 5451 2875 5538 Pippinus,vu.t_dix_im_us,
2927 5456 3155 5538 genitus
3195 5451 3298 5507 est.
3360 5451 3414 5504 S.
3465 5451 3566 5504 Ar-

1948 5527 2141 5607 nul'p'hi
2172 5527 2474 5607 res-geatas
2503 5531 2628 5587 vide
2657 5530 2722 5584 ad
2758 5529 2900 5583 diem
2937 5529 3001 5582 18
3029 5527 3180 5580 Julii.
