  <div class='ocr_page' id='page_1' title='image "/cluster/home/n/w/nwhite01/storage/ocr_20150623/160/hvd.32044054760186/405.png"; bbox 0 0 3948 6044; ppageno 0'>
   <div class='ocr_carea' id='block_1_1' title="bbox 390 172 496 228">
    <p class='ocr_par' dir='ltr' id='par_1_1' title="bbox 390 172 496 228">
     <span class='ocr_line' id='line_1_1' title="bbox 390 172 496 228; baseline 0.019 -2"><span class='ocrx_word' id='word_1_1' title='bbox 390 172 496 228; x_wconf 82' lang='lat'>799</span> 
     </span>
    </p>
   </div>
   <div class='ocr_carea' id='block_1_2' title="bbox 1620 169 2525 228">
    <p class='ocr_par' dir='ltr' id='par_1_2' title="bbox 1620 169 2525 228">
     <span class='ocr_line' id='line_1_2' title="bbox 1620 169 2525 228; baseline 0 0"><span class='ocrx_word' id='word_1_2' title='bbox 1620 170 1965 228; x_wconf 82' lang='lat' dir='ltr'>SIGEBERTI</span> <span class='ocrx_word' id='word_1_3' title='bbox 2013 169 2525 228; x_wconf 81' lang='lat' dir='ltr'>GEMBLACENSIS.</span> 
     </span>
    </p>
   </div>
   <div class='ocr_carea' id='block_1_3' title="bbox 3635 141 3756 228">
    <p class='ocr_par' dir='ltr' id='par_1_3' title="bbox 3635 141 3756 228">
     <span class='ocr_line' id='line_1_3' title="bbox 3635 141 3756 228; baseline 0 0"><span class='ocrx_word' id='word_1_4' title='bbox 3635 141 3756 228; x_wconf 84' lang='lat' dir='ltr'>soo</span> 
     </span>
    </p>
   </div>
   <div class='ocr_carea' id='block_1_4' title="bbox 392 293 3757 371">
    <p class='ocr_par' dir='ltr' id='par_1_4' title="bbox 392 293 3757 371">
     <span class='ocr_line' id='line_1_4' title="bbox 392 293 3757 371; baseline -0.001 -17"><span class='ocrx_word' id='word_1_5' title='bbox 392 299 496 355; x_wconf 91' lang='lat' dir='ltr'>bus</span> <span class='ocrx_word' id='word_1_6' title='bbox 547 301 724 371; x_wconf 86' lang='lat' dir='ltr'>Drogo</span> <span class='ocrx_word' id='word_1_7' title='bbox 765 298 939 370; x_wconf 88' lang='lat'>(1053)</span> <span class='ocrx_word' id='word_1_8' title='bbox 970 300 1079 354; x_wconf 86' lang='lat' dir='ltr'>dux</span> <span class='ocrx_word' id='word_1_9' title='bbox 1127 305 1245 354; x_wconf 87' lang='lat' dir='ltr'>erat</span> <span class='ocrx_word' id='word_1_10' title='bbox 1274 298 1757 370; x_wconf 88' lang='lat' dir='ltr'>Gampanensium,</span> <span class='ocrx_word' id='word_1_11' title='bbox 1798 305 1853 354; x_wconf 88' lang='lat' dir='ltr'>at</span> <span class='ocrx_word' id='word_1_12' title='bbox 1891 297 2012 354; x_wconf 89' lang='lat' dir='ltr'>Gri-</span> <span class='ocrx_word' id='word_1_13' title='bbox 2035 300 2090 369; x_wconf 86' lang='grc' dir='ltr'><strong>Α</strong></span> <span class='ocrx_word' id='word_1_14' title='bbox 2113 313 2274 353; x_wconf 91' lang='lat' dir='ltr'>suum</span> <span class='ocrx_word' id='word_1_15' title='bbox 2304 297 2564 370; x_wconf 84' lang='lat' dir='ltr'>martyrio</span> <span class='ocrx_word' id='word_1_16' title='bbox 2590 296 2846 362; x_wconf 80' lang='lat' dir='ltr'>devovit;</span> <span class='ocrx_word' id='word_1_17' title='bbox 2894 293 3092 350; x_wconf 85' lang='lat' dir='ltr'>tertius</span> <span class='ocrx_word' id='word_1_18' title='bbox 3137 295 3372 351; x_wconf 90' lang='lat' dir='ltr'>duorum</span> <span class='ocrx_word' id='word_1_19' title='bbox 3410 295 3757 351; x_wconf 88' lang='lat' dir='ltr'>Lantbertus</span> 
     </span>
    </p>
   </div>
   <div class='ocr_carea' id='block_1_5' title="bbox 392 387 3750 464">
    <p class='ocr_par' dir='ltr' id='par_1_5' title="bbox 392 387 3750 464">
     <span class='ocr_line' id='line_1_5' title="bbox 392 387 3750 464; baseline -0.001 -19"><span class='ocrx_word' id='word_1_20' title='bbox 392 391 643 446; x_wconf 91' lang='lat' dir='ltr'>moaldus</span> <span class='ocrx_word' id='word_1_21' title='bbox 703 391 886 462; x_wconf 73' lang='lat'>(1051)</span> <span class='ocrx_word' id='word_1_22' title='bbox 929 392 1337 447; x_wconf 71' lang='lat' dir='ltr'>haereditarium</span> <span class='ocrx_word' id='word_1_23' title='bbox 1405 392 1574 462; x_wconf 84' lang='lat' dir='ltr'>patris</span> <span class='ocrx_word' id='word_1_24' title='bbox 1633 391 2004 463; x_wconf 94' lang='lat' dir='ltr'>principatum</span> <span class='ocrx_word' id='word_1_25' title='bbox 2106 408 2168 450; x_wconf 79' lang='lat' dir='ltr'>se</span> <span class='ocrx_word' id='word_1_26' title='bbox 2219 407 2441 464; x_wconf 89' lang='lat' dir='ltr'>quoque</span> <span class='ocrx_word' id='word_1_27' title='bbox 2472 391 2699 463; x_wconf 85' lang='lat' dir='ltr'>dignum</span> <span class='ocrx_word' id='word_1_28' title='bbox 2753 388 3004 445; x_wconf 88' lang='lat' dir='ltr'>exhibuit</span> <span class='ocrx_word' id='word_1_29' title='bbox 3029 388 3097 443; x_wconf 92' lang='lat' dir='ltr'>ad</span> <span class='ocrx_word' id='word_1_30' title='bbox 3151 387 3463 444; x_wconf 89' lang='lat' dir='ltr'>bibendum</span> <span class='ocrx_word' id='word_1_31' title='bbox 3508 387 3750 444; x_wconf 79' lang='lat' dir='ltr'>calicem</span> 
     </span>
    </p>
   </div>
   <div class='ocr_carea' id='block_1_6' title="bbox 389 479 2347 556">
    <p class='ocr_par' dir='ltr' id='par_1_6' title="bbox 389 479 2347 556">
     <span class='ocr_line' id='line_1_6' title="bbox 389 479 2347 556; baseline 0.001 -23"><span class='ocrx_word' id='word_1_32' title='bbox 389 479 766 550; x_wconf 73' lang='lat' dir='ltr'>exspectabat.</span> <span class='ocrx_word' id='word_1_33' title='bbox 803 480 908 534; x_wconf 81' lang='lat' dir='ltr'>llos</span> <span class='ocrx_word' id='word_1_34' title='bbox 934 480 1012 534; x_wconf 88' lang='lat' dir='ltr'>illi</span> <span class='ocrx_word' id='word_1_35' title='bbox 1058 487 1327 553; x_wconf 78' lang='lat' dir='ltr'>genuerat</span> <span class='ocrx_word' id='word_1_36' title='bbox 1358 479 1606 556; x_wconf 90' lang='lat' dir='ltr'>legitima</span> <span class='ocrx_word' id='word_1_37' title='bbox 1666 496 1767 535; x_wconf 92' lang='lat' dir='ltr'>sua</span> <span class='ocrx_word' id='word_1_38' title='bbox 1807 479 2008 548; x_wconf 87' lang='lat' dir='ltr'>conjux</span> <span class='ocrx_word' id='word_1_39' title='bbox 2108 487 2347 544; x_wconf 81' lang='lat' dir='ltr'>Domini.</span> 
     </span>
    </p>
   </div>
   <div class='ocr_carea' id='block_1_7' title="bbox 392 567 2011 643">
    <p class='ocr_par' dir='ltr' id='par_1_7' title="bbox 392 567 2011 643">
     <span class='ocr_line' id='line_1_7' title="bbox 392 567 2011 643; baseline 0.002 -23"><span class='ocrx_word' id='word_1_40' title='bbox 392 567 698 622; x_wconf 90' lang='lat' dir='ltr'>Plictrudis.</span> <span class='ocrx_word' id='word_1_41' title='bbox 734 568 943 624; x_wconf 87' lang='lat' dir='ltr'>Etcum</span> <span class='ocrx_word' id='word_1_42' title='bbox 980 569 1212 640; x_wconf 90' lang='lat' dir='ltr'>Pippino</span> <span class='ocrx_word' id='word_1_43' title='bbox 1244 571 1381 624; x_wconf 89' lang='lat' dir='ltr'>nihil</span> <span class='ocrx_word' id='word_1_44' title='bbox 1413 571 1622 643; x_wconf 76' lang='lat' dir='ltr'>gloriae,</span> <span class='ocrx_word' id='word_1_45' title='bbox 1647 570 1784 625; x_wconf 87' lang='lat' dir='ltr'>nihil</span> <span class='ocrx_word' id='word_1_46' title='bbox 1813 577 2011 642; x_wconf 88' lang='lat' dir='ltr'>poten-</span> 
     </span>
    </p>
   </div>
   <div class='ocr_carea' id='block_1_8' title="bbox 393 657 2010 732">
    <p class='ocr_par' dir='ltr' id='par_1_8' title="bbox 393 657 2010 732">
     <span class='ocr_line' id='line_1_8' title="bbox 393 657 2010 732; baseline 0.001 -20"><span class='ocrx_word' id='word_1_47' title='bbox 393 658 497 720; x_wconf 81' lang='lat' dir='ltr'>tiae,</span> <span class='ocrx_word' id='word_1_48' title='bbox 530 657 666 712; x_wconf 89' lang='lat' dir='ltr'>nihil</span> <span class='ocrx_word' id='word_1_49' title='bbox 720 657 999 714; x_wconf 85' lang='lat' dir='ltr'>felicitatis</span> <span class='ocrx_word' id='word_1_50' title='bbox 1038 660 1276 728; x_wconf 75' lang='lat' dir='ltr'>deesset,</span> <span class='ocrx_word' id='word_1_51' title='bbox 1321 677 1602 732; x_wconf 88' lang='lat' dir='ltr'>nunquam</span> <span class='ocrx_word' id='word_1_52' title='bbox 1635 661 1686 716; x_wconf 91' lang='lat' dir='ltr'>ei</span> <span class='ocrx_word' id='word_1_53' title='bbox 1717 677 1886 732; x_wconf 85' lang='lat' dir='ltr'>super</span> <span class='ocrx_word' id='word_1_54' title='bbox 1924 660 2010 714; x_wconf 89' lang='lat' dir='ltr'>in-</span> 
     </span>
    </p>
   </div>
   <div class='ocr_carea' id='block_1_9' title="bbox 391 752 1091 808">
    <p class='ocr_par' dir='ltr' id='par_1_9' title="bbox 391 752 1091 808">
     <span class='ocr_line' id='line_1_9' title="bbox 391 752 1091 808; baseline 0.003 -2"><span class='ocrx_word' id='word_1_55' title='bbox 391 752 652 808; x_wconf 91' lang='lat' dir='ltr'>dustriam</span> <span class='ocrx_word' id='word_1_56' title='bbox 686 752 903 808; x_wconf 77' lang='lat' dir='ltr'>fortuna</span> <span class='ocrx_word' id='word_1_57' title='bbox 969 753 1091 808; x_wconf 89' lang='lat' dir='ltr'>fuit.</span> 
     </span>
    </p>
   </div>
   <div class='ocr_carea' id='block_1_10' title="bbox 461 843 2019 918">
    <p class='ocr_par' dir='ltr' id='par_1_10' title="bbox 461 843 2019 918">
     <span class='ocr_line' id='line_1_10' title="bbox 461 843 2019 918; baseline 0 -18"><span class='ocrx_word' id='word_1_58' title='bbox 461 843 549 900; x_wconf 90' lang='lat'>39.</span> <span class='ocrx_word' id='word_1_59' title='bbox 599 845 636 901; x_wconf 96' lang='grc'>0</span> <span class='ocrx_word' id='word_1_60' title='bbox 687 845 826 899; x_wconf 87' lang='lat' dir='ltr'>nihil</span> <span class='ocrx_word' id='word_1_61' title='bbox 872 861 1113 917; x_wconf 87' lang='lat' dir='ltr'>unquam</span> <span class='ocrx_word' id='word_1_62' title='bbox 1154 852 1330 902; x_wconf 91' lang='lat' dir='ltr'>tutum</span> <span class='ocrx_word' id='word_1_63' title='bbox 1383 847 1532 918; x_wconf 91' lang='lat' dir='ltr'>apud</span> <span class='ocrx_word' id='word_1_64' title='bbox 1581 845 1892 902; x_wconf 85' lang='lat' dir='ltr'>diabolum!</span> <span class='ocrx_word' id='word_1_65' title='bbox 1927 845 2019 900; x_wconf 90' lang='lat' dir='ltr'>Vir</span> 
     </span>
    </p>
   </div>
   <div class='ocr_carea' id='block_1_11' title="bbox 395 933 2016 1006">
    <p class='ocr_par' dir='ltr' id='par_1_11' title="bbox 395 933 2016 1006">
     <span class='ocr_line' id='line_1_11' title="bbox 395 933 2016 1006; baseline 0.002 -19"><span class='ocrx_word' id='word_1_66' title='bbox 395 941 500 988; x_wconf 91' lang='lat' dir='ltr'>tam</span> <span class='ocrx_word' id='word_1_67' title='bbox 543 933 868 988; x_wconf 84' lang='lat' dir='ltr'>victoriosus</span> <span class='ocrx_word' id='word_1_68' title='bbox 906 934 972 988; x_wconf 90' lang='lat' dir='ltr'>de</span> <span class='ocrx_word' id='word_1_69' title='bbox 1030 935 1214 1006; x_wconf 91' lang='lat' dir='ltr'>seipso</span> <span class='ocrx_word' id='word_1_70' title='bbox 1279 951 1390 991; x_wconf 91' lang='lat' dir='ltr'>non</span> <span class='ocrx_word' id='word_1_71' title='bbox 1427 936 1604 1006; x_wconf 85' lang='lat' dir='ltr'>potuit</span> <span class='ocrx_word' id='word_1_72' title='bbox 1657 936 2016 1006; x_wconf 87' lang='lat' dir='ltr'>triumphare,</span> 
     </span>
    </p>
   </div>
   <div class='ocr_carea' id='block_1_12' title="bbox 396 1026 2019 1100">
    <p class='ocr_par' dir='ltr' id='par_1_12' title="bbox 396 1026 2019 1100">
     <span class='ocr_line' id='line_1_12' title="bbox 396 1026 2019 1100; baseline 0.002 -18"><span class='ocrx_word' id='word_1_73' title='bbox 396 1033 450 1082; x_wconf 91' lang='lat' dir='ltr'>et</span> <span class='ocrx_word' id='word_1_74' title='bbox 480 1026 720 1082; x_wconf 87' lang='lat' dir='ltr'>ferreum</span> <span class='ocrx_word' id='word_1_75' title='bbox 763 1036 954 1098; x_wconf 90' lang='lat' dir='ltr'>pectus</span> <span class='ocrx_word' id='word_1_76' title='bbox 985 1045 1144 1084; x_wconf 92' lang='lat' dir='ltr'>suum</span> <span class='ocrx_word' id='word_1_77' title='bbox 1183 1045 1375 1100; x_wconf 90' lang='lat' dir='ltr'>passus</span> <span class='ocrx_word' id='word_1_78' title='bbox 1425 1029 1688 1100; x_wconf 87' lang='lat' dir='ltr'>perforari</span> <span class='ocrx_word' id='word_1_79' title='bbox 1727 1029 1878 1085; x_wconf 92' lang='lat' dir='ltr'>molli</span> <span class='ocrx_word' id='word_1_80' title='bbox 1909 1029 2019 1086; x_wconf 89' lang='lat' dir='ltr'>telo</span> 
     </span>
    </p>
   </div>
   <div class='ocr_carea' id='block_1_13' title="bbox 396 1117 2023 1196">
    <p class='ocr_par' dir='ltr' id='par_1_13' title="bbox 396 1117 2023 1196">
     <span class='ocr_line' id='line_1_13' title="bbox 396 1117 2023 1196; baseline 0.004 -25"><span class='ocrx_word' id='word_1_81' title='bbox 396 1117 666 1186; x_wconf 89' lang='lat' dir='ltr'>libidinis,</span> <span class='ocrx_word' id='word_1_82' title='bbox 706 1120 942 1190; x_wconf 83' lang='lat' dir='ltr'>puellam</span> <span class='ocrx_word' id='word_1_83' title='bbox 1001 1121 1244 1176; x_wconf 89' lang='lat' dir='ltr'>nobilem</span> <span class='ocrx_word' id='word_1_84' title='bbox 1297 1129 1352 1177; x_wconf 93' lang='lat' dir='ltr'>et</span> <span class='ocrx_word' id='word_1_85' title='bbox 1407 1121 1742 1196; x_wconf 82' lang='lat' dir='ltr'>elegantem,</span> <span class='ocrx_word' id='word_1_86' title='bbox 1799 1122 2023 1178; x_wconf 89' lang='lat' dir='ltr'>nomine</span> 
     </span>
    </p>
   </div>
   <div class='ocr_carea' id='block_1_14' title="bbox 395 1211 2025 1288">
    <p class='ocr_par' dir='ltr' id='par_1_14' title="bbox 395 1211 2025 1288">
     <span class='ocr_line' id='line_1_14' title="bbox 395 1211 2025 1288; baseline 0.001 -24"><span class='ocrx_word' id='word_1_87' title='bbox 395 1211 701 1282; x_wconf 83' lang='lat' dir='ltr'>Alpaidem,</span> <span class='ocrx_word' id='word_1_88' title='bbox 731 1212 1058 1283; x_wconf 87' lang='lat' dir='ltr'>superduxit</span> <span class='ocrx_word' id='word_1_89' title='bbox 1081 1213 1340 1285; x_wconf 67' lang='lat' dir='ltr'>legitimae</span> <span class='ocrx_word' id='word_1_90' title='bbox 1365 1214 1742 1288; x_wconf 74' lang='lat' dir='ltr'>conjugi,‘sua3</span> <span class='ocrx_word' id='word_1_91' title='bbox 1764 1211 2025 1269; x_wconf 89' lang='lat' dir='ltr'>Plictrudi</span> 
     </span>
    </p>
   </div>
   <div class='ocr_carea' id='block_1_15' title="bbox 398 1302 2027 1376">
    <p class='ocr_par' dir='ltr' id='par_1_15' title="bbox 398 1302 2027 1376">
     <span class='ocr_line' id='line_1_15' title="bbox 398 1302 2027 1376; baseline 0.002 -20"><span class='ocrx_word' id='word_1_92' title='bbox 398 1316 465 1356; x_wconf 89' lang='lat' dir='ltr'>ex</span> <span class='ocrx_word' id='word_1_93' title='bbox 498 1317 605 1371; x_wconf 90' lang='lat' dir='ltr'>qua</span> <span class='ocrx_word' id='word_1_94' title='bbox 648 1302 811 1356; x_wconf 92' lang='lat' dir='ltr'>etiam</span> <span class='ocrx_word' id='word_1_95' title='bbox 845 1303 1089 1373; x_wconf 87' lang='lat' dir='ltr'>suscepit</span> <span class='ocrx_word' id='word_1_96' title='bbox 1147 1302 1319 1356; x_wconf 81' lang='lat' dir='ltr'>filium</span> <span class='ocrx_word' id='word_1_97' title='bbox 1367 1304 1644 1371; x_wconf 80' lang='lat' dir='ltr'>Karolum,</span> <span class='ocrx_word' id='word_1_98' title='bbox 1686 1306 1771 1360; x_wconf 90' lang='lat' dir='ltr'>cui</span> <span class='ocrx_word' id='word_1_99' title='bbox 1833 1313 2027 1376; x_wconf 91' lang='lat' dir='ltr'>postea</span> 
     </span>
    </p>
   </div>
   <div class='ocr_carea' id='block_1_16' title="bbox 397 1393 2027 1469">
    <p class='ocr_par' dir='ltr' id='par_1_16' title="bbox 397 1393 2027 1469">
     <span class='ocr_line' id='line_1_16' title="bbox 397 1393 2027 1469; baseline 0.004 -23"><span class='ocrx_word' id='word_1_100' title='bbox 397 1393 642 1463; x_wconf 67' lang='lat' dir='ltr'>propter}</span> <span class='ocrx_word' id='word_1_101' title='bbox 669 1393 988 1448; x_wconf 85' lang='lat' dir='ltr'>indomitam</span> <span class='ocrx_word' id='word_1_102' title='bbox 1031 1394 1276 1448; x_wconf 87' lang='lat' dir='ltr'>bellandi</span> <span class='ocrx_word' id='word_1_103' title='bbox 1332 1395 1709 1451; x_wconf 86' lang='lat' dir='ltr'>fortitudinem</span> <span class='ocrx_word' id='word_1_104' title='bbox 1770 1397 2027 1469; x_wconf 87' lang='lat' dir='ltr'>Tudetes,</span> 
     </span>
    </p>
   </div>
   <div class='ocr_carea' id='block_1_17' title="bbox 399 1482 2018 1556">
    <p class='ocr_par' dir='ltr' id='par_1_17' title="bbox 399 1482 2018 1556">
     <span class='ocr_line' id='line_1_17' title="bbox 399 1482 2018 1556; baseline 0.007 -22"><span class='ocrx_word' id='word_1_105' title='bbox 399 1482 514 1536; x_wconf 88' lang='lat' dir='ltr'>sive</span> <span class='ocrx_word' id='word_1_106' title='bbox 552 1482 851 1549; x_wconf 86' lang='lat' dir='ltr'>Martcllus,</span> <span class='ocrx_word' id='word_1_107' title='bbox 885 1500 1160 1556; x_wconf 78' lang='lat' dir='ltr'>agnomen</span> <span class='ocrx_word' id='word_1_108' title='bbox 1221 1485 1341 1541; x_wconf 91' lang='lat' dir='ltr'>fuit.</span> <span class='ocrx_word' id='word_1_109' title='bbox 1386 1487 1506 1542; x_wconf 69' lang='lat' dir='ltr'>Haec</span> <span class='ocrx_word' id='word_1_110' title='bbox 1535 1503 1692 1544; x_wconf 90' lang='lat' dir='ltr'>soror</span> <span class='ocrx_word' id='word_1_111' title='bbox 1741 1496 1858 1544; x_wconf 89' lang='lat' dir='ltr'>erat</span> <span class='ocrx_word' id='word_1_112' title='bbox 1912 1487 2018 1545; x_wconf 90' lang='lat' dir='ltr'>Do-</span> 
     </span>
    </p>
   </div>
   <div class='ocr_carea' id='block_1_18' title="bbox 2179 571 3746 638">
    <p class='ocr_par' dir='ltr' id='par_1_18' title="bbox 2179 571 3746 638">
     <span class='ocr_line' id='line_1_18' title="bbox 2179 571 3746 638; baseline -0.004 -6"><span class='ocrx_word' id='word_1_113' title='bbox 2179 579 2267 634; x_wconf 79' lang='grc'>41.</span> <span class='ocrx_word' id='word_1_114' title='bbox 2318 576 2500 632; x_wconf 86' lang='lat' dir='ltr'>Pellex</span> <span class='ocrx_word' id='word_1_115' title='bbox 2532 593 2644 632; x_wconf 91' lang='lat' dir='ltr'>rem</span> <span class='ocrx_word' id='word_1_116' title='bbox 2677 577 2746 632; x_wconf 89' lang='lat' dir='ltr'>ad</span> <span class='ocrx_word' id='word_1_117' title='bbox 2785 576 3004 632; x_wconf 86' lang='lat' dir='ltr'>fratrem</span> <span class='ocrx_word' id='word_1_118' title='bbox 3038 591 3200 630; x_wconf 91' lang='lat' dir='ltr'>suum</span> <span class='ocrx_word' id='word_1_119' title='bbox 3230 573 3512 629; x_wconf 90' lang='lat' dir='ltr'>Dodonem</span> <span class='ocrx_word' id='word_1_120' title='bbox 3546 571 3746 638; x_wconf 83' lang='lat' dir='ltr'>refert,</span> 
     </span>
    </p>
   </div>
   <div class='ocr_carea' id='block_1_19' title="bbox 2115 662 3750 740">
    <p class='ocr_par' dir='ltr' id='par_1_19' title="bbox 2115 662 3750 740">
     <span class='ocr_line' id='line_1_19' title="bbox 2115 662 3750 740; baseline -0.005 -17"><span class='ocrx_word' id='word_1_121' title='bbox 2115 668 2278 740; x_wconf 88' lang='lat' dir='ltr'>eique</span> <span class='ocrx_word' id='word_1_122' title='bbox 2308 682 2474 723; x_wconf 89' lang='lat' dir='ltr'>omne</span> <span class='ocrx_word' id='word_1_123' title='bbox 2526 667 2816 721; x_wconf 87' lang='lat' dir='ltr'>consilium</span> <span class='ocrx_word' id='word_1_124' title='bbox 2863 681 3021 721; x_wconf 91' lang='lat' dir='ltr'>suum</span> <span class='ocrx_word' id='word_1_125' title='bbox 3076 663 3356 727; x_wconf 86' lang='lat' dir='ltr'>deferens,</span> <span class='ocrx_word' id='word_1_126' title='bbox 3407 662 3750 734; x_wconf 76' lang='lat' dir='ltr'>precabatur</span> 
     </span>
    </p>
   </div>
   <div class='ocr_carea' id='block_1_20' title="bbox 2115 755 3735 830">
    <p class='ocr_par' dir='ltr' id='par_1_20' title="bbox 2115 755 3735 830">
     <span class='ocr_line' id='line_1_20' title="bbox 2115 755 3735 830; baseline -0.006 -13"><span class='ocrx_word' id='word_1_127' title='bbox 2115 767 2176 817; x_wconf 92' lang='lat' dir='ltr'>ut</span> <span class='ocrx_word' id='word_1_128' title='bbox 2195 761 2313 830; x_wconf 83' lang='lat' dir='ltr'>ejus</span> <span class='ocrx_word' id='word_1_129' title='bbox 2341 774 2447 830; x_wconf 83' lang='lat' dir='ltr'>Ope</span> <span class='ocrx_word' id='word_1_130' title='bbox 2477 758 2764 815; x_wconf 90' lang='lat' dir='ltr'>aboleatur</span> <span class='ocrx_word' id='word_1_131' title='bbox 2791 757 3153 830; x_wconf 88' lang='lat' dir='ltr'>opprobrium</span> <span class='ocrx_word' id='word_1_132' title='bbox 3175 755 3397 830; x_wconf 75' lang='lat' dir='ltr'>generis</span> <span class='ocrx_word' id='word_1_133' title='bbox 3424 755 3534 822; x_wconf 89' lang='lat' dir='ltr'>sui,</span> <span class='ocrx_word' id='word_1_134' title='bbox 3581 755 3735 826; x_wconf 89' lang='lat' dir='ltr'>quod</span> 
     </span>
    </p>
   </div>
   <div class='ocr_carea' id='block_1_21' title="bbox 2118 847 3742 920">
    <p class='ocr_par' dir='ltr' id='par_1_21' title="bbox 2118 847 3742 920">
     <span class='ocr_line' id='line_1_21' title="bbox 2118 847 3742 920; baseline -0.004 -13"><span class='ocrx_word' id='word_1_135' title='bbox 2118 852 2284 907; x_wconf 92' lang='lat' dir='ltr'>nimis</span> <span class='ocrx_word' id='word_1_136' title='bbox 2323 851 2707 917; x_wconf 90' lang='lat' dir='ltr'>invalesceret,</span> <span class='ocrx_word' id='word_1_137' title='bbox 2730 851 2773 905; x_wconf 88' lang='lat' dir='ltr'>si</span> <span class='ocrx_word' id='word_1_138' title='bbox 2803 866 2901 920; x_wconf 88' lang='lat' dir='ltr'>per</span> <span class='ocrx_word' id='word_1_139' title='bbox 2936 847 3215 904; x_wconf 89' lang='lat' dir='ltr'>Lantberti</span> <span class='ocrx_word' id='word_1_140' title='bbox 3265 863 3434 903; x_wconf 90' lang='lat' dir='ltr'>censu</span> <span class='ocrx_word' id='word_1_141' title='bbox 3448 863 3560 901; x_wconf 91' lang='lat' dir='ltr'>ram</span> <span class='ocrx_word' id='word_1_142' title='bbox 3595 862 3742 901; x_wconf 88' lang='lat' dir='ltr'>con-</span> 
     </span>
    </p>
   </div>
   <div class='ocr_carea' id='block_1_22' title="bbox 2119 936 3742 1014">
    <p class='ocr_par' dir='ltr' id='par_1_22' title="bbox 2119 936 3742 1014">
     <span class='ocr_line' id='line_1_22' title="bbox 2119 936 3742 1014; baseline -0.004 -18"><span class='ocrx_word' id='word_1_143' title='bbox 2119 942 2356 1014; x_wconf 90' lang='lat' dir='ltr'>tingeret</span> <span class='ocrx_word' id='word_1_144' title='bbox 2407 955 2565 994; x_wconf 92' lang='lat' dir='ltr'>suum</span> <span class='ocrx_word' id='word_1_145' title='bbox 2611 957 2642 994; x_wconf 92' lang='lat' dir='ltr'>a</span> <span class='ocrx_word' id='word_1_146' title='bbox 2688 938 2942 1010; x_wconf 88' lang='lat' dir='ltr'>principe</span> <span class='ocrx_word' id='word_1_147' title='bbox 2992 937 3312 993; x_wconf 91' lang='lat' dir='ltr'>divortium.</span> <span class='ocrx_word' id='word_1_148' title='bbox 3378 936 3474 990; x_wconf 86' lang='lat' dir='ltr'>Ille</span> <span class='ocrx_word' id='word_1_149' title='bbox 3516 952 3742 991; x_wconf 90' lang='lat' dir='ltr'>causam</span> 
     </span>
    </p>
   </div>
   <div class='ocr_carea' id='block_1_23' title="bbox 2121 1026 3749 1098">
    <p class='ocr_par' dir='ltr' id='par_1_23' title="bbox 2121 1026 3749 1098">
     <span class='ocr_line' id='line_1_23' title="bbox 2121 1026 3749 1098; baseline -0.004 -13"><span class='ocrx_word' id='word_1_150' title='bbox 2121 1045 2273 1085; x_wconf 83' lang='lat' dir='ltr'>suam</span> <span class='ocrx_word' id='word_1_151' title='bbox 2300 1035 2356 1084; x_wconf 91' lang='lat' dir='ltr'>et</span> <span class='ocrx_word' id='word_1_152' title='bbox 2382 1028 2588 1084; x_wconf 87' lang='lat' dir='ltr'>sororis</span> <span class='ocrx_word' id='word_1_153' title='bbox 2617 1044 2738 1083; x_wconf 93' lang='lat' dir='ltr'>cum</span> <span class='ocrx_word' id='word_1_154' title='bbox 2768 1027 3166 1083; x_wconf 87' lang='lat' dir='ltr'>valentioribus</span> <span class='ocrx_word' id='word_1_155' title='bbox 3203 1027 3286 1080; x_wconf 90' lang='lat' dir='ltr'>sui</span> <span class='ocrx_word' id='word_1_156' title='bbox 3327 1026 3549 1098; x_wconf 78' lang='lat' dir='ltr'>generis</span> <span class='ocrx_word' id='word_1_157' title='bbox 3583 1042 3749 1081; x_wconf 89' lang='lat' dir='ltr'>com-</span> 
     </span>
    </p>
   </div>
   <div class='ocr_carea' id='block_1_24' title="bbox 2123 1119 3748 1191">
    <p class='ocr_par' dir='ltr' id='par_1_24' title="bbox 2123 1119 3748 1191">
     <span class='ocr_line' id='line_1_24' title="bbox 2123 1119 3748 1191; baseline -0.002 -15"><span class='ocrx_word' id='word_1_158' title='bbox 2123 1121 2432 1186; x_wconf 89' lang='lat' dir='ltr'>municans,</span> <span class='ocrx_word' id='word_1_159' title='bbox 2461 1137 2560 1191; x_wconf 92' lang='lat' dir='ltr'>per</span> <span class='ocrx_word' id='word_1_160' title='bbox 2588 1136 2647 1175; x_wconf 93' lang='lat' dir='ltr'>se</span> <span class='ocrx_word' id='word_1_161' title='bbox 2679 1127 2732 1175; x_wconf 88' lang='lat' dir='ltr'>et</span> <span class='ocrx_word' id='word_1_162' title='bbox 2785 1137 2884 1190; x_wconf 91' lang='lat' dir='ltr'>per</span> <span class='ocrx_word' id='word_1_163' title='bbox 2913 1134 3006 1174; x_wconf 91' lang='lat' dir='ltr'>eos</span> <span class='ocrx_word' id='word_1_164' title='bbox 3037 1119 3356 1189; x_wconf 82' lang='lat' dir='ltr'>episcOpum</span> <span class='ocrx_word' id='word_1_165' title='bbox 3389 1133 3748 1189; x_wconf 86' lang='lat' dir='ltr'>compescere</span> 
     </span>
    </p>
   </div>
   <div class='ocr_carea' id='block_1_25' title="bbox 2124 1207 3747 1280">
    <p class='ocr_par' dir='ltr' id='par_1_25' title="bbox 2124 1207 3747 1280">
     <span class='ocr_line' id='line_1_25' title="bbox 2124 1207 3747 1280; baseline -0.001 -16"><span class='ocrx_word' id='word_1_166' title='bbox 2124 1210 2194 1264; x_wconf 87' lang='lat' dir='ltr'>ab</span> <span class='ocrx_word' id='word_1_167' title='bbox 2227 1209 2606 1280; x_wconf 89' lang='lat' dir='ltr'>increpatione</span> <span class='ocrx_word' id='word_1_168' title='bbox 2653 1208 2921 1280; x_wconf 82' lang='lat' dir='ltr'>principis</span> <span class='ocrx_word' id='word_1_169' title='bbox 2953 1208 3191 1272; x_wconf 89' lang='lat' dir='ltr'>laborat;</span> <span class='ocrx_word' id='word_1_170' title='bbox 3235 1223 3398 1279; x_wconf 88' lang='lat' dir='ltr'>quem</span> <span class='ocrx_word' id='word_1_171' title='bbox 3428 1208 3557 1278; x_wconf 90' lang='lat' dir='ltr'>quia</span> <span class='ocrx_word' id='word_1_172' title='bbox 3589 1207 3747 1262; x_wconf 82' lang='lat' dir='ltr'>inve-</span> 
     </span>
    </p>
   </div>
   <div class='ocr_carea' id='block_1_26' title="bbox 2129 1297 3746 1367">
    <p class='ocr_par' dir='ltr' id='par_1_26' title="bbox 2129 1297 3746 1367">
     <span class='ocr_line' id='line_1_26' title="bbox 2129 1297 3746 1367; baseline -0.002 -13"><span class='ocrx_word' id='word_1_173' title='bbox 2129 1299 2210 1354; x_wconf 89' lang='lat' dir='ltr'>nit</span> <span class='ocrx_word' id='word_1_174' title='bbox 2239 1297 2620 1364; x_wconf 88' lang='lat' dir='ltr'>inﬂexibilem,</span> <span class='ocrx_word' id='word_1_175' title='bbox 2654 1313 2756 1352; x_wconf 92' lang='lat' dir='ltr'>nec</span> <span class='ocrx_word' id='word_1_176' title='bbox 2787 1297 2981 1352; x_wconf 87' lang='lat' dir='ltr'>faciem</span> <span class='ocrx_word' id='word_1_177' title='bbox 3009 1297 3242 1367; x_wconf 90' lang='lat' dir='ltr'>alicujus</span> <span class='ocrx_word' id='word_1_178' title='bbox 3260 1307 3448 1352; x_wconf 90' lang='lat' dir='ltr'>contra</span> <span class='ocrx_word' id='word_1_179' title='bbox 3469 1297 3746 1365; x_wconf 88' lang='lat' dir='ltr'>justitiam</span> 
     </span>
    </p>
   </div>
   <div class='ocr_carea' id='block_1_27' title="bbox 2128 1390 3746 1464">
    <p class='ocr_par' dir='ltr' id='par_1_27' title="bbox 2128 1390 3746 1464">
     <span class='ocr_line' id='line_1_27' title="bbox 2128 1390 3746 1464; baseline -0.003 -13"><span class='ocrx_word' id='word_1_180' title='bbox 2128 1395 2370 1451; x_wconf 86' lang='lat' dir='ltr'>revereri</span> <span class='ocrx_word' id='word_1_181' title='bbox 2394 1393 2584 1460; x_wconf 88' lang='lat' dir='ltr'>sensit,</span> <span class='ocrx_word' id='word_1_182' title='bbox 2607 1392 2870 1464; x_wconf 84' lang='lat' dir='ltr'>proximis</span> <span class='ocrx_word' id='word_1_183' title='bbox 2901 1402 2956 1448; x_wconf 88' lang='lat' dir='ltr'>et</span> <span class='ocrx_word' id='word_1_184' title='bbox 2987 1392 3178 1447; x_wconf 89' lang='lat' dir='ltr'>amicis</span> <span class='ocrx_word' id='word_1_185' title='bbox 3207 1391 3324 1445; x_wconf 90' lang='lat' dir='ltr'>suis</span> <span class='ocrx_word' id='word_1_186' title='bbox 3369 1390 3642 1461; x_wconf 88' lang='lat' dir='ltr'>promittit</span> <span class='ocrx_word' id='word_1_187' title='bbox 3674 1391 3746 1446; x_wconf 92' lang='lat' dir='ltr'>de</span> 
     </span>
    </p>
   </div>
   <div class='ocr_carea' id='block_1_28' title="bbox 2121 1483 3747 1548">
    <p class='ocr_par' dir='ltr' id='par_1_28' title="bbox 2121 1483 3747 1548">
     <span class='ocr_line' id='line_1_28' title="bbox 2121 1483 3747 1548; baseline -0.003 -4"><span class='ocrx_word' id='word_1_188' title='bbox 2121 1503 2285 1544; x_wconf 90' lang='lat' dir='ltr'>causa</span> <span class='ocrx_word' id='word_1_189' title='bbox 2311 1487 2518 1543; x_wconf 88' lang='lat' dir='ltr'>sororis</span> <span class='ocrx_word' id='word_1_190' title='bbox 2561 1486 2851 1541; x_wconf 91' lang='lat' dir='ltr'>ultionem.</span> <span class='ocrx_word' id='word_1_191' title='bbox 2901 1486 3035 1540; x_wconf 86' lang='lat' dir='ltr'>Hinc</span> <span class='ocrx_word' id='word_1_192' title='bbox 3064 1485 3175 1540; x_wconf 92' lang='lat' dir='ltr'>duo</span> <span class='ocrx_word' id='word_1_193' title='bbox 3208 1483 3420 1548; x_wconf 87' lang='lat' dir='ltr'>fratres,</span> <span class='ocrx_word' id='word_1_194' title='bbox 3463 1483 3653 1538; x_wconf 88' lang='lat' dir='ltr'>Gallus</span> <span class='ocrx_word' id='word_1_195' title='bbox 3693 1491 3747 1539; x_wconf 87' lang='lat' dir='ltr'>et</span> 
     </span>
    </p>
   </div>
   <div class='ocr_carea' id='block_1_29' title="bbox 400 1572 3747 1680">
    <p class='ocr_par' dir='ltr' id='par_1_29' title="bbox 400 1572 3747 1680">
     <span class='ocr_line' id='line_1_29' title="bbox 400 1572 3747 1680; baseline -0.001 -51"><span class='ocrx_word' id='word_1_196' title='bbox 400 1575 566 1632; x_wconf 91' lang='lat' dir='ltr'>donis</span> <span class='ocrx_word' id='word_1_197' title='bbox 597 1577 802 1649; x_wconf 74' lang='grc'>(1055),</span> <span class='ocrx_word' id='word_1_198' title='bbox 837 1579 931 1650; x_wconf 90' lang='lat' dir='ltr'>qui</span> <span class='ocrx_word' id='word_1_199' title='bbox 964 1580 1300 1635; x_wconf 86' lang='lat' dir='ltr'>domesticus</span> <span class='ocrx_word' id='word_1_200' title='bbox 1332 1581 1547 1653; x_wconf 91' lang='lat' dir='ltr'>Pippini</span> <span class='ocrx_word' id='word_1_201' title='bbox 1582 1583 1854 1654; x_wconf 89' lang='lat' dir='ltr'>principis</span> <span class='ocrx_word' id='word_1_202' title='bbox 1884 1590 2018 1649; x_wconf 88' lang='lat' dir='ltr'>erat,</span> <span class='ocrx_word' id='word_1_203' title='bbox 2053 1612 2104 1680; x_wconf 81' lang='grc' dir='ltr'><strong>Β</strong></span> <span class='ocrx_word' id='word_1_204' title='bbox 2127 1576 2375 1642; x_wconf 81' lang='lat' dir='ltr'>Rioldus,</span> <span class='ocrx_word' id='word_1_205' title='bbox 2419 1573 3107 1680; x_wconf 30' lang='lat' dir='ltr'>consanguineiODodon‘is</span> <span class='ocrx_word' id='word_1_206' title='bbox 3145 1572 3362 1680; x_wconf 42' lang='lat'>(1058).,</span> <span class='ocrx_word' id='word_1_207' title='bbox 3405 1572 3591 1676; x_wconf 83' lang='lat' dir='ltr'>neptis</span> <span class='ocrx_word' id='word_1_208' title='bbox 3630 1588 3747 1627; x_wconf 67' lang='lat' dir='ltr'>sum</span> 
     </span>
    </p>
   </div>
   <div class='ocr_carea' id='block_1_30' title="bbox 399 1663 3745 1745">
    <p class='ocr_par' dir='ltr' id='par_1_30' title="bbox 399 1663 3745 1745">
     <span class='ocr_line' id='line_1_30' title="bbox 399 1663 3745 1745; baseline 0 -28"><span class='ocrx_word' id='word_1_209' title='bbox 399 1667 484 1721; x_wconf 87' lang='lat' dir='ltr'>vir</span> <span class='ocrx_word' id='word_1_210' title='bbox 509 1668 705 1740; x_wconf 88' lang='lat' dir='ltr'>plenus</span> <span class='ocrx_word' id='word_1_211' title='bbox 743 1669 946 1740; x_wconf 85' lang='lat' dir='ltr'>opibus</span> <span class='ocrx_word' id='word_1_212' title='bbox 989 1688 1201 1745; x_wconf 76' lang='lat' dir='ltr'>genere</span> <span class='ocrx_word' id='word_1_213' title='bbox 1231 1672 1433 1740; x_wconf 77' lang='lat' dir='ltr'>clarus,</span> <span class='ocrx_word' id='word_1_214' title='bbox 1465 1690 1564 1744; x_wconf 77' lang='lat' dir='ltr'>par</span> <span class='ocrx_word' id='word_1_215' title='bbox 1593 1675 1800 1730; x_wconf 78' lang='lat' dir='ltr'>amicos</span> <span class='ocrx_word' id='word_1_216' title='bbox 1829 1682 1884 1729; x_wconf 78' lang='lat' dir='ltr'>et</span> <span class='ocrx_word' id='word_1_217' title='bbox 1929 1690 2026 1730; x_wconf 81' lang='lat' dir='ltr'>co-</span> <span class='ocrx_word' id='word_1_218' title='bbox 2053 1663 2104 1680; x_wconf 67' lang='grc' dir='ltr'><em>υ</em></span> <span class='ocrx_word' id='word_1_219' title='bbox 2127 1668 2372 1739; x_wconf 78' lang='lat' dir='ltr'>Alpaidis</span> <span class='ocrx_word' id='word_1_220' title='bbox 2415 1667 2742 1721; x_wconf 89' lang='lat' dir='ltr'>miserantes</span> <span class='ocrx_word' id='word_1_221' title='bbox 2797 1665 2997 1732; x_wconf 83' lang='lat' dir='ltr'>vicem,</span> <span class='ocrx_word' id='word_1_222' title='bbox 3054 1664 3366 1720; x_wconf 88' lang='lat' dir='ltr'>lacessendi</span> <span class='ocrx_word' id='word_1_223' title='bbox 3416 1663 3745 1736; x_wconf 90' lang='lat' dir='ltr'>episcopum</span> 
     </span>
    </p>
   </div>
   <div class='ocr_carea' id='block_1_31' title="bbox 402 1753 3750 1837">
    <p class='ocr_par' dir='ltr' id='par_1_31' title="bbox 402 1753 3750 1837">
     <span class='ocr_line' id='line_1_31' title="bbox 402 1753 3750 1837; baseline 0.001 -23"><span class='ocrx_word' id='word_1_224' title='bbox 402 1766 624 1833; x_wconf 82' lang='lat' dir='ltr'>gnatos,</span> <span class='ocrx_word' id='word_1_225' title='bbox 658 1768 713 1815; x_wconf 90' lang='lat' dir='ltr'>et</span> <span class='ocrx_word' id='word_1_226' title='bbox 753 1763 953 1818; x_wconf 88' lang='lat' dir='ltr'>multos</span> <span class='ocrx_word' id='word_1_227' title='bbox 983 1763 1091 1817; x_wconf 84' lang='lat' dir='ltr'>sibi</span> <span class='ocrx_word' id='word_1_228' title='bbox 1123 1763 1498 1837; x_wconf 82' lang='lat' dir='ltr'>obsequentes</span> <span class='ocrx_word' id='word_1_229' title='bbox 1541 1782 1764 1837; x_wconf 89' lang='lat' dir='ltr'>pueros,</span> <span class='ocrx_word' id='word_1_230' title='bbox 1799 1767 2024 1823; x_wconf 88' lang='lat' dir='ltr'>multam</span> <span class='ocrx_word' id='word_1_231' title='bbox 2126 1756 2592 1829; x_wconf 79' lang='lat' dir='ltr'>opportunitatem</span> <span class='ocrx_word' id='word_1_232' title='bbox 2625 1762 2898 1826; x_wconf 76' lang='lat' dir='ltr'>quaerunt.</span> <span class='ocrx_word' id='word_1_233' title='bbox 2938 1761 2992 1808; x_wconf 90' lang='lat' dir='ltr'>et</span> <span class='ocrx_word' id='word_1_234' title='bbox 3031 1753 3382 1828; x_wconf 78' lang='lat' dir='ltr'>insurgentes</span> <span class='ocrx_word' id='word_1_235' title='bbox 3406 1769 3530 1808; x_wconf 85' lang='lat' dir='ltr'>cum</span> <span class='ocrx_word' id='word_1_236' title='bbox 3562 1753 3750 1807; x_wconf 76' lang='lat' dir='ltr'>omni-‘</span> 
     </span>
    </p>
   </div>
   <div class='ocr_carea' id='block_1_32' title="bbox 403 1851 2029 1929">
    <p class='ocr_par' dir='ltr' id='par_1_32' title="bbox 403 1851 2029 1929">
     <span class='ocr_line' id='line_1_32' title="bbox 403 1851 2029 1929; baseline 0.006 -25"><span class='ocrx_word' id='word_1_237' title='bbox 403 1851 704 1920; x_wconf 90' lang='lat' dir='ltr'>potentiam</span> <span class='ocrx_word' id='word_1_238' title='bbox 765 1861 1052 1908; x_wconf 90' lang='lat' dir='ltr'>assecutus</span> <span class='ocrx_word' id='word_1_239' title='bbox 1109 1855 1161 1908; x_wconf 92' lang='lat' dir='ltr'>in</span> <span class='ocrx_word' id='word_1_240' title='bbox 1207 1871 1399 1929; x_wconf 89' lang='lat' dir='ltr'>regno.</span> <span class='ocrx_word' id='word_1_241' title='bbox 1453 1859 1584 1911; x_wconf 65' lang='lat' dir='ltr'>(tum</span> <span class='ocrx_word' id='word_1_242' title='bbox 1628 1867 1810 1914; x_wconf 88' lang='lat' dir='ltr'>autem</span> <span class='ocrx_word' id='word_1_243' title='bbox 1848 1859 2029 1914; x_wconf 89' lang='lat' dir='ltr'>nullus</span> 
     </span>
    </p>
   </div>
   <div class='ocr_carea' id='block_1_33' title="bbox 406 1943 2024 2021">
    <p class='ocr_par' dir='ltr' id='par_1_33' title="bbox 406 1943 2024 2021">
     <span class='ocr_line' id='line_1_33' title="bbox 406 1943 2024 2021; baseline 0.007 -26"><span class='ocrx_word' id='word_1_244' title='bbox 406 1950 555 1997; x_wconf 88' lang='lat' dir='ltr'>esset</span> <span class='ocrx_word' id='word_1_245' title='bbox 595 1943 1006 2014; x_wconf 87' lang='lat' dir='ltr'>episcOporum,</span> <span class='ocrx_word' id='word_1_246' title='bbox 1041 1946 1132 2017; x_wconf 92' lang='lat' dir='ltr'>qui</span> <span class='ocrx_word' id='word_1_247' title='bbox 1168 1953 1338 2003; x_wconf 85' lang='lat' dir='ltr'>staret</span> <span class='ocrx_word' id='word_1_248' title='bbox 1390 1965 1456 2002; x_wconf 89' lang='lat' dir='ltr'>ex</span> <span class='ocrx_word' id='word_1_249' title='bbox 1486 1949 1718 2006; x_wconf 87' lang='lat' dir='ltr'>adverso</span> <span class='ocrx_word' id='word_1_250' title='bbox 1758 1958 1810 2006; x_wconf 88' lang='lat' dir='ltr'>et</span> <span class='ocrx_word' id='word_1_251' title='bbox 1841 1966 2024 2021; x_wconf 85' lang='lat' dir='ltr'>Oppo-</span> 
     </span>
    </p>
   </div>
   <div class='ocr_carea' id='block_1_34' title="bbox 404 2036 2026 2104">
    <p class='ocr_par' dir='ltr' id='par_1_34' title="bbox 404 2036 2026 2104">
     <span class='ocr_line' id='line_1_34' title="bbox 404 2036 2026 2104; baseline 0.006 -20"><span class='ocrx_word' id='word_1_252' title='bbox 404 2040 559 2085; x_wconf 90' lang='lat' dir='ltr'>neret</span> <span class='ocrx_word' id='word_1_253' title='bbox 597 2047 656 2086; x_wconf 90' lang='lat' dir='ltr'>se</span> <span class='ocrx_word' id='word_1_254' title='bbox 693 2049 907 2087; x_wconf 90' lang='lat' dir='ltr'>murum</span> <span class='ocrx_word' id='word_1_255' title='bbox 941 2050 1039 2104; x_wconf 86' lang='lat' dir='ltr'>pro</span> <span class='ocrx_word' id='word_1_256' title='bbox 1071 2036 1234 2091; x_wconf 93' lang='lat' dir='ltr'>domo</span> <span class='ocrx_word' id='word_1_257' title='bbox 1270 2038 1459 2096; x_wconf 84' lang='lat' dir='ltr'>Israel.</span> <span class='ocrx_word' id='word_1_258' title='bbox 1503 2047 1563 2093; x_wconf 91' lang='lat' dir='ltr'>ut</span> <span class='ocrx_word' id='word_1_259' title='bbox 1600 2046 1767 2094; x_wconf 88' lang='lat' dir='ltr'>staret</span> <span class='ocrx_word' id='word_1_260' title='bbox 1793 2040 1849 2094; x_wconf 93' lang='lat' dir='ltr'>in</span> <span class='ocrx_word' id='word_1_261' title='bbox 1881 2039 2026 2095; x_wconf 92' lang='lat' dir='ltr'>bello</span> 
     </span>
    </p>
   </div>
   <div class='ocr_carea' id='block_1_35' title="bbox 409 2121 2028 2201">
    <p class='ocr_par' dir='ltr' id='par_1_35' title="bbox 409 2121 2028 2201">
     <span class='ocr_line' id='line_1_35' title="bbox 409 2121 2028 2201; baseline 0.006 -27"><span class='ocrx_word' id='word_1_262' title='bbox 409 2121 467 2175; x_wconf 91' lang='lat' dir='ltr'>in</span> <span class='ocrx_word' id='word_1_263' title='bbox 495 2121 586 2176; x_wconf 93' lang='lat' dir='ltr'>die</span> <span class='ocrx_word' id='word_1_264' title='bbox 616 2122 854 2188; x_wconf 89' lang='lat' dir='ltr'>Domini,</span> <span class='ocrx_word' id='word_1_265' title='bbox 891 2124 1220 2181; x_wconf 86' lang='lat' dir='ltr'>Lantbertus</span> <span class='ocrx_word' id='word_1_266' title='bbox 1241 2136 1576 2199; x_wconf 84' lang='lat' dir='ltr'>Opportune,</span> <span class='ocrx_word' id='word_1_267' title='bbox 1601 2131 1917 2201; x_wconf 89' lang='lat' dir='ltr'>importune</span> <span class='ocrx_word' id='word_1_268' title='bbox 1940 2148 2028 2185; x_wconf 92' lang='lat' dir='ltr'>ar-</span> 
     </span>
    </p>
   </div>
   <div class='ocr_carea' id='block_1_36' title="bbox 402 2214 2026 2288">
    <p class='ocr_par' dir='ltr' id='par_1_36' title="bbox 402 2214 2026 2288">
     <span class='ocr_line' id='line_1_36' title="bbox 402 2214 2026 2288; baseline 0.009 -22"><span class='ocrx_word' id='word_1_269' title='bbox 402 2214 605 2288; x_wconf 87' lang='lat' dir='ltr'>guebat</span> <span class='ocrx_word' id='word_1_270' title='bbox 637 2215 972 2286; x_wconf 90' lang='lat' dir='ltr'>principem,</span> <span class='ocrx_word' id='word_1_271' title='bbox 997 2225 1052 2272; x_wconf 90' lang='lat' dir='ltr'>et</span> <span class='ocrx_word' id='word_1_272' title='bbox 1083 2219 1312 2274; x_wconf 87' lang='lat' dir='ltr'>alterum</span> <span class='ocrx_word' id='word_1_273' title='bbox 1355 2237 1414 2276; x_wconf 91' lang='lat' dir='ltr'>se</span> <span class='ocrx_word' id='word_1_274' title='bbox 1444 2222 1613 2276; x_wconf 84' lang='lat' dir='ltr'>Eliam</span> <span class='ocrx_word' id='word_1_275' title='bbox 1647 2223 1735 2277; x_wconf 79' lang='lat' dir='ltr'>vel</span> <span class='ocrx_word' id='word_1_276' title='bbox 1757 2224 2026 2279; x_wconf 87' lang='lat' dir='ltr'>Joannem</span> 
     </span>
    </p>
   </div>
   <div class='ocr_carea' id='block_1_37' title="bbox 403 2301 2021 2377">
    <p class='ocr_par' dir='ltr' id='par_1_37' title="bbox 403 2301 2021 2377">
     <span class='ocr_line' id='line_1_37' title="bbox 403 2301 2021 2377; baseline 0.007 -21"><span class='ocrx_word' id='word_1_277' title='bbox 403 2301 715 2368; x_wconf 89' lang='lat' dir='ltr'>exhibebat,</span> <span class='ocrx_word' id='word_1_278' title='bbox 749 2310 804 2358; x_wconf 86' lang='lat' dir='ltr'>et</span> <span class='ocrx_word' id='word_1_279' title='bbox 847 2321 1084 2375; x_wconf 90' lang='lat' dir='ltr'>quorum</span> <span class='ocrx_word' id='word_1_280' title='bbox 1140 2306 1455 2364; x_wconf 87' lang='lat' dir='ltr'>imitabatur</span> <span class='ocrx_word' id='word_1_281' title='bbox 1491 2310 1691 2377; x_wconf 89' lang='lat' dir='ltr'>zelum,</span> <span class='ocrx_word' id='word_1_282' title='bbox 1732 2312 1801 2366; x_wconf 91' lang='lat' dir='ltr'>ad</span> <span class='ocrx_word' id='word_1_283' title='bbox 1831 2327 2021 2367; x_wconf 91' lang='lat' dir='ltr'>eorum</span> 
     </span>
    </p>
   </div>
   <div class='ocr_carea' id='block_1_38' title="bbox 403 2396 2022 2474">
    <p class='ocr_par' dir='ltr' id='par_1_38' title="bbox 403 2396 2022 2474">
     <span class='ocr_line' id='line_1_38' title="bbox 403 2396 2022 2474; baseline 0.007 -27"><span class='ocrx_word' id='word_1_284' title='bbox 403 2409 626 2465; x_wconf 90' lang='lat' dir='ltr'>quoque</span> <span class='ocrx_word' id='word_1_285' title='bbox 659 2396 924 2450; x_wconf 88' lang='lat' dir='ltr'>tendebat</span> <span class='ocrx_word' id='word_1_286' title='bbox 965 2398 1241 2465; x_wconf 89' lang='lat' dir='ltr'>meritum,</span> <span class='ocrx_word' id='word_1_287' title='bbox 1277 2409 1335 2454; x_wconf 93' lang='lat' dir='ltr'>ut</span> <span class='ocrx_word' id='word_1_288' title='bbox 1374 2402 1574 2472; x_wconf 90' lang='lat' dir='ltr'>quibus</span> <span class='ocrx_word' id='word_1_289' title='bbox 1635 2420 1734 2474; x_wconf 92' lang='lat' dir='ltr'>per</span> <span class='ocrx_word' id='word_1_290' title='bbox 1797 2412 1917 2460; x_wconf 90' lang='lat' dir='ltr'>erat</span> <span class='ocrx_word' id='word_1_291' title='bbox 1968 2405 2022 2459; x_wconf 93' lang='lat' dir='ltr'>in</span> 
     </span>
    </p>
   </div>
   <div class='ocr_carea' id='block_1_39' title="bbox 403 2487 2020 2569">
    <p class='ocr_par' dir='ltr' id='par_1_39' title="bbox 403 2487 2020 2569">
     <span class='ocr_line' id='line_1_39' title="bbox 403 2487 2020 2569; baseline 0.007 -31"><span class='ocrx_word' id='word_1_292' title='bbox 403 2487 664 2540; x_wconf 78' lang='lat' dir='ltr'>certando</span> <span class='ocrx_word' id='word_1_293' title='bbox 698 2489 1031 2548; x_wconf 83' lang='lat' dir='ltr'>constantia.</span> <span class='ocrx_word' id='word_1_294' title='bbox 1063 2507 1161 2560; x_wconf 92' lang='lat' dir='ltr'>par</span> <span class='ocrx_word' id='word_1_295' title='bbox 1213 2491 1351 2548; x_wconf 91' lang='lat' dir='ltr'>foret</span> <span class='ocrx_word' id='word_1_296' title='bbox 1399 2495 1457 2548; x_wconf 92' lang='lat' dir='ltr'>in</span> <span class='ocrx_word' id='word_1_297' title='bbox 1514 2495 1788 2553; x_wconf 89' lang='lat' dir='ltr'>vincendo</span> <span class='ocrx_word' id='word_1_298' title='bbox 1827 2497 2020 2569; x_wconf 88' lang='lat' dir='ltr'>gloria.</span> 
     </span>
    </p>
   </div>
   <div class='ocr_carea' id='block_1_40' title="bbox 408 2572 2026 2651">
    <p class='ocr_par' dir='ltr' id='par_1_40' title="bbox 408 2572 2026 2651">
     <span class='ocr_line' id='line_1_40' title="bbox 408 2572 2026 2651; baseline 0.007 -27"><span class='ocrx_word' id='word_1_299' title='bbox 408 2572 549 2626; x_wconf 82' lang='lat' dir='ltr'>Elias</span> <span class='ocrx_word' id='word_1_300' title='bbox 606 2573 718 2626; x_wconf 85' lang='lat' dir='ltr'>Aab</span> <span class='ocrx_word' id='word_1_301' title='bbox 749 2573 931 2644; x_wconf 76' lang='lat'>(1056)</span> <span class='ocrx_word' id='word_1_302' title='bbox 1081 2592 1266 2650; x_wconf 84' lang='lat' dir='ltr'>regem</span> <span class='ocrx_word' id='word_1_303' title='bbox 1327 2579 1492 2634; x_wconf 86' lang='lat' dir='ltr'>lsrael</span> <span class='ocrx_word' id='word_1_304' title='bbox 1537 2581 1752 2636; x_wconf 89' lang='lat' dir='ltr'>hostem</span> <span class='ocrx_word' id='word_1_305' title='bbox 1805 2582 2026 2651; x_wconf 89' lang='lat' dir='ltr'>pertulit</span> 
     </span>
    </p>
   </div>
   <div class='ocr_carea' id='block_1_41' title="bbox 407 2664 2026 2742">
    <p class='ocr_par' dir='ltr' id='par_1_41' title="bbox 407 2664 2026 2742">
     <span class='ocr_line' id='line_1_41' title="bbox 407 2664 2026 2742; baseline 0.007 -24"><span class='ocrx_word' id='word_1_306' title='bbox 407 2670 463 2719; x_wconf 90' lang='lat' dir='ltr'>et</span> <span class='ocrx_word' id='word_1_307' title='bbox 500 2664 650 2729; x_wconf 88' lang='lat' dir='ltr'>vicit,</span> <span class='ocrx_word' id='word_1_308' title='bbox 686 2672 740 2720; x_wconf 92' lang='lat' dir='ltr'>et</span> <span class='ocrx_word' id='word_1_309' title='bbox 764 2681 888 2720; x_wconf 92' lang='lat' dir='ltr'>eum</span> <span class='ocrx_word' id='word_1_310' title='bbox 921 2667 988 2721; x_wconf 90' lang='lat' dir='ltr'>ad</span> <span class='ocrx_word' id='word_1_311' title='bbox 1020 2668 1124 2723; x_wconf 91' lang='lat' dir='ltr'>hoc</span> <span class='ocrx_word' id='word_1_312' title='bbox 1154 2671 1437 2742; x_wconf 83' lang='lat' dir='ltr'>arguendo</span> <span class='ocrx_word' id='word_1_313' title='bbox 1471 2673 1710 2738; x_wconf 87' lang='lat' dir='ltr'>attraxit,</span> <span class='ocrx_word' id='word_1_314' title='bbox 1752 2682 1811 2727; x_wconf 92' lang='lat' dir='ltr'>ut</span> <span class='ocrx_word' id='word_1_315' title='bbox 1839 2673 2026 2729; x_wconf 90' lang='lat' dir='ltr'>inten-</span> 
     </span>
    </p>
   </div>
   <div class='ocr_carea' id='block_1_42' title="bbox 407 2757 2026 2836">
    <p class='ocr_par' dir='ltr' id='par_1_42' title="bbox 407 2757 2026 2836">
     <span class='ocr_line' id='line_1_42' title="bbox 407 2757 2026 2836; baseline 0.007 -26"><span class='ocrx_word' id='word_1_316' title='bbox 407 2761 572 2811; x_wconf 89' lang='lat' dir='ltr'>tatam</span> <span class='ocrx_word' id='word_1_317' title='bbox 611 2757 705 2812; x_wconf 90' lang='lat' dir='ltr'>Dei</span> <span class='ocrx_word' id='word_1_318' title='bbox 761 2758 894 2814; x_wconf 87' lang='lat' dir='ltr'>iram</span> <span class='ocrx_word' id='word_1_319' title='bbox 952 2775 982 2814; x_wconf 86' lang='lat' dir='ltr'>a</span> <span class='ocrx_word' id='word_1_320' title='bbox 1029 2776 1089 2815; x_wconf 92' lang='lat' dir='ltr'>se</span> <span class='ocrx_word' id='word_1_321' title='bbox 1119 2761 1384 2830; x_wconf 74' lang='lat' dir='ltr'>differret,</span> <span class='ocrx_word' id='word_1_322' title='bbox 1417 2781 1580 2836; x_wconf 88' lang='lat' dir='ltr'>quam</span> <span class='ocrx_word' id='word_1_323' title='bbox 1614 2765 1754 2820; x_wconf 89' lang='lat' dir='ltr'>forte</span> <span class='ocrx_word' id='word_1_324' title='bbox 1796 2782 1859 2820; x_wconf 90' lang='lat' dir='ltr'>ex</span> <span class='ocrx_word' id='word_1_325' title='bbox 1912 2773 2026 2822; x_wconf 92' lang='lat' dir='ltr'>toto</span> 
     </span>
    </p>
   </div>
   <div class='ocr_carea' id='block_1_43' title="bbox 409 2843 2024 2920">
    <p class='ocr_par' dir='ltr' id='par_1_43' title="bbox 409 2843 2024 2920">
     <span class='ocr_line' id='line_1_43' title="bbox 409 2843 2024 2920; baseline 0.007 -22"><span class='ocrx_word' id='word_1_326' title='bbox 409 2843 717 2920; x_wconf 87' lang='lat' dir='ltr'>eﬂugisset,</span> <span class='ocrx_word' id='word_1_327' title='bbox 753 2847 858 2902; x_wconf 90' lang='lat' dir='ltr'>nisi</span> <span class='ocrx_word' id='word_1_328' title='bbox 889 2864 1013 2902; x_wconf 92' lang='lat' dir='ltr'>eum</span> <span class='ocrx_word' id='word_1_329' title='bbox 1044 2849 1264 2906; x_wconf 88' lang='lat' dir='ltr'>Jezabel</span> <span class='ocrx_word' id='word_1_330' title='bbox 1292 2868 1432 2907; x_wconf 89' lang='lat' dir='ltr'>uxor</span> <span class='ocrx_word' id='word_1_331' title='bbox 1464 2869 1584 2920; x_wconf 88' lang='lat' dir='ltr'>sua,</span> <span class='ocrx_word' id='word_1_332' title='bbox 1629 2863 1819 2909; x_wconf 90' lang='lat' dir='ltr'>contra</span> <span class='ocrx_word' id='word_1_333' title='bbox 1857 2855 2024 2909; x_wconf 91' lang='lat' dir='ltr'>Deum</span> 
     </span>
    </p>
   </div>
   <div class='ocr_carea' id='block_1_44' title="bbox 407 2939 1490 3012">
    <p class='ocr_par' dir='ltr' id='par_1_44' title="bbox 407 2939 1490 3012">
     <span class='ocr_line' id='line_1_44' title="bbox 407 2939 1490 3012; baseline 0.007 -19"><span class='ocrx_word' id='word_1_334' title='bbox 407 2939 710 3007; x_wconf 90' lang='lat' dir='ltr'>concitans,</span> <span class='ocrx_word' id='word_1_335' title='bbox 738 2941 840 2995; x_wconf 91' lang='lat' dir='ltr'>sub</span> <span class='ocrx_word' id='word_1_336' title='bbox 873 2950 1097 3012; x_wconf 86' lang='lat' dir='ltr'>peccato</span> <span class='ocrx_word' id='word_1_337' title='bbox 1127 2944 1490 3001; x_wconf 90' lang='lat' dir='ltr'>vendidisset.</span> 
     </span>
    </p>
   </div>
   <div class='ocr_carea' id='block_1_45' title="bbox 478 3029 2024 3112">
    <p class='ocr_par' dir='ltr' id='par_1_45' title="bbox 478 3029 2024 3112">
     <span class='ocr_line' id='line_1_45' title="bbox 478 3029 2024 3112; baseline 0.009 -28"><span class='ocrx_word' id='word_1_338' title='bbox 478 3029 565 3085; x_wconf 77' lang='grc'>40.</span> <span class='ocrx_word' id='word_1_339' title='bbox 599 3031 866 3088; x_wconf 86' lang='lat' dir='ltr'>Joannem</span> <span class='ocrx_word' id='word_1_340' title='bbox 902 3035 1141 3091; x_wconf 83' lang='lat' dir='ltr'>Herodes</span> <span class='ocrx_word' id='word_1_341' title='bbox 1181 3053 1242 3092; x_wconf 93' lang='lat' dir='ltr'>se</span> <span class='ocrx_word' id='word_1_342' title='bbox 1281 3046 1600 3112; x_wconf 83' lang='lat' dir='ltr'>arguentem</span> <span class='ocrx_word' id='word_1_343' title='bbox 1630 3042 1935 3109; x_wconf 91' lang='lat' dir='ltr'>metuebat,</span> <span class='ocrx_word' id='word_1_344' title='bbox 1969 3052 2024 3098; x_wconf 92' lang='lat' dir='ltr'>et</span> 
     </span>
    </p>
   </div>
   <div class='ocr_carea' id='block_1_46' title="bbox 410 3121 2026 3202">
    <p class='ocr_par' dir='ltr' id='par_1_46' title="bbox 410 3121 2026 3202">
     <span class='ocr_line' id='line_1_46' title="bbox 410 3121 2026 3202; baseline 0.01 -30"><span class='ocrx_word' id='word_1_345' title='bbox 410 3133 509 3189; x_wconf 89' lang='lat' dir='ltr'>pro</span> <span class='ocrx_word' id='word_1_346' title='bbox 540 3135 606 3174; x_wconf 91' lang='lat' dir='ltr'>eo</span> <span class='ocrx_word' id='word_1_347' title='bbox 639 3121 808 3175; x_wconf 90' lang='lat' dir='ltr'>multa</span> <span class='ocrx_word' id='word_1_348' title='bbox 844 3121 1112 3191; x_wconf 87' lang='lat' dir='ltr'>faciebat;</span> <span class='ocrx_word' id='word_1_349' title='bbox 1155 3127 1254 3180; x_wconf 88' lang='lat' dir='ltr'>sed</span> <span class='ocrx_word' id='word_1_350' title='bbox 1307 3145 1432 3183; x_wconf 91' lang='lat' dir='ltr'>eum</span> <span class='ocrx_word' id='word_1_351' title='bbox 1488 3145 1710 3202; x_wconf 91' lang='lat' dir='ltr'>quoque</span> <span class='ocrx_word' id='word_1_352' title='bbox 1761 3132 2026 3188; x_wconf 88' lang='lat' dir='ltr'>Herodias</span> 
     </span>
    </p>
   </div>
   <div class='ocr_carea' id='block_1_47' title="bbox 409 3212 2020 3291">
    <p class='ocr_par' dir='ltr' id='par_1_47' title="bbox 409 3212 2020 3291">
     <span class='ocr_line' id='line_1_47' title="bbox 409 3212 2020 3291; baseline 0.01 -28"><span class='ocrx_word' id='word_1_353' title='bbox 409 3226 546 3265; x_wconf 89' lang='lat' dir='ltr'>uxor</span> <span class='ocrx_word' id='word_1_354' title='bbox 592 3227 691 3282; x_wconf 89' lang='lat' dir='ltr'>per</span> <span class='ocrx_word' id='word_1_355' title='bbox 719 3212 996 3268; x_wconf 88' lang='lat' dir='ltr'>lasciviam</span> <span class='ocrx_word' id='word_1_356' title='bbox 1054 3217 1301 3274; x_wconf 89' lang='lat' dir='ltr'>saltantis</span> <span class='ocrx_word' id='word_1_357' title='bbox 1355 3219 1478 3275; x_wconf 67' lang='lat' dir='ltr'>ﬁliae</span> <span class='ocrx_word' id='word_1_358' title='bbox 1511 3223 1580 3276; x_wconf 91' lang='lat' dir='ltr'>ad</span> <span class='ocrx_word' id='word_1_359' title='bbox 1613 3223 2020 3291; x_wconf 87' lang='lat' dir='ltr'>jusjurandum,</span> 
     </span>
    </p>
   </div>
   <div class='ocr_carea' id='block_1_48' title="bbox 411 3301 2023 3381">
    <p class='ocr_par' dir='ltr' id='par_1_48' title="bbox 411 3301 2023 3381">
     <span class='ocr_line' id='line_1_48' title="bbox 411 3301 2023 3381; baseline 0.009 -28"><span class='ocrx_word' id='word_1_360' title='bbox 411 3306 466 3354; x_wconf 90' lang='lat' dir='ltr'>et</span> <span class='ocrx_word' id='word_1_361' title='bbox 484 3315 582 3370; x_wconf 90' lang='lat' dir='ltr'>per</span> <span class='ocrx_word' id='word_1_362' title='bbox 611 3301 714 3356; x_wconf 90' lang='lat' dir='ltr'>hoc</span> <span class='ocrx_word' id='word_1_363' title='bbox 743 3302 811 3356; x_wconf 92' lang='lat' dir='ltr'>ad</span> <span class='ocrx_word' id='word_1_364' title='bbox 853 3320 1046 3359; x_wconf 87' lang='lat' dir='ltr'>necem</span> <span class='ocrx_word' id='word_1_365' title='bbox 1097 3306 1283 3362; x_wconf 89' lang='lat' dir='ltr'>Sancti</span> <span class='ocrx_word' id='word_1_366' title='bbox 1318 3311 1582 3381; x_wconf 90' lang='lat' dir='ltr'>perpulit.</span> <span class='ocrx_word' id='word_1_367' title='bbox 1609 3313 1822 3367; x_wconf 89' lang='lat' dir='ltr'>Tertius</span> <span class='ocrx_word' id='word_1_368' title='bbox 1862 3314 2023 3381; x_wconf 91' lang='lat' dir='ltr'>Elias,</span> 
     </span>
    </p>
   </div>
   <div class='ocr_carea' id='block_1_49' title="bbox 413 3391 2031 3477">
    <p class='ocr_par' dir='ltr' id='par_1_49' title="bbox 413 3391 2031 3477">
     <span class='ocr_line' id='line_1_49' title="bbox 413 3391 2031 3477; baseline 0.01 -32"><span class='ocrx_word' id='word_1_369' title='bbox 413 3391 499 3446; x_wconf 87' lang='lat' dir='ltr'>vel</span> <span class='ocrx_word' id='word_1_370' title='bbox 536 3393 972 3450; x_wconf 87' lang='lat' dir='ltr'>alterJohannes</span> <span class='ocrx_word' id='word_1_371' title='bbox 999 3405 1187 3454; x_wconf 90' lang='lat' dir='ltr'>noster</span> <span class='ocrx_word' id='word_1_372' title='bbox 1205 3401 1416 3457; x_wconf 89' lang='lat' dir='ltr'>scilicet</span> <span class='ocrx_word' id='word_1_373' title='bbox 1449 3402 1790 3466; x_wconf 86' lang='lat' dir='ltr'>Lantbertus,</span> <span class='ocrx_word' id='word_1_374' title='bbox 1825 3405 1880 3459; x_wconf 92' lang='lat' dir='ltr'>in</span> <span class='ocrx_word' id='word_1_375' title='bbox 1911 3407 2031 3477; x_wconf 89' lang='lat' dir='ltr'>spi-</span> 
     </span>
    </p>
   </div>
   <div class='ocr_carea' id='block_1_50' title="bbox 417 3485 2031 3568">
    <p class='ocr_par' dir='ltr' id='par_1_50' title="bbox 417 3485 2031 3568">
     <span class='ocr_line' id='line_1_50' title="bbox 417 3485 2031 3568; baseline 0.011 -29"><span class='ocrx_word' id='word_1_376' title='bbox 417 3485 524 3540; x_wconf 89' lang='lat' dir='ltr'>ritu</span> <span class='ocrx_word' id='word_1_377' title='bbox 567 3492 622 3541; x_wconf 89' lang='lat' dir='ltr'>et</span> <span class='ocrx_word' id='word_1_378' title='bbox 645 3487 844 3545; x_wconf 90' lang='lat' dir='ltr'>virtute</span> <span class='ocrx_word' id='word_1_379' title='bbox 875 3490 1002 3546; x_wconf 65' lang='lat' dir='ltr'>Elite</span> <span class='ocrx_word' id='word_1_380' title='bbox 1057 3501 1111 3548; x_wconf 92' lang='lat' dir='ltr'>et</span> <span class='ocrx_word' id='word_1_381' title='bbox 1146 3493 1398 3555; x_wconf 83' lang='lat' dir='ltr'>Joannis.</span> <span class='ocrx_word' id='word_1_382' title='bbox 1434 3497 1596 3552; x_wconf 91' lang='lat' dir='ltr'>etiam</span> <span class='ocrx_word' id='word_1_383' title='bbox 1622 3499 1740 3568; x_wconf 90' lang='lat' dir='ltr'>ipse</span> <span class='ocrx_word' id='word_1_384' title='bbox 1789 3499 2031 3556; x_wconf 90' lang='lat' dir='ltr'>directus</span> 
     </span>
    </p>
   </div>
   <div class='ocr_carea' id='block_1_51' title="bbox 419 3577 2028 3658">
    <p class='ocr_par' dir='ltr' id='par_1_51' title="bbox 419 3577 2028 3658">
     <span class='ocr_line' id='line_1_51' title="bbox 419 3577 2028 3658; baseline 0.01 -31"><span class='ocrx_word' id='word_1_385' title='bbox 419 3589 607 3643; x_wconf 88' lang='lat' dir='ltr'>parare</span> <span class='ocrx_word' id='word_1_386' title='bbox 645 3577 790 3631; x_wconf 87' lang='lat' dir='ltr'>viam</span> <span class='ocrx_word' id='word_1_387' title='bbox 862 3579 1115 3646; x_wconf 91' lang='lat' dir='ltr'>Domino,</span> <span class='ocrx_word' id='word_1_388' title='bbox 1175 3584 1442 3657; x_wconf 82' lang='lat' dir='ltr'>arguebat</span> <span class='ocrx_word' id='word_1_389' title='bbox 1513 3586 1683 3642; x_wconf 90' lang='lat' dir='ltr'>libere</span> <span class='ocrx_word' id='word_1_390' title='bbox 1739 3588 2028 3658; x_wconf 87' lang='lat' dir='ltr'>Pippinum</span> 
     </span>
    </p>
   </div>
   <div class='ocr_carea' id='block_1_52' title="bbox 420 3663 2024 3734">
    <p class='ocr_par' dir='ltr' id='par_1_52' title="bbox 420 3663 2024 3734">
     <span class='ocr_line' id='line_1_52' title="bbox 420 3663 2024 3734; baseline 0.011 -19"><span class='ocrx_word' id='word_1_391' title='bbox 420 3663 751 3734; x_wconf 88' lang='lat' dir='ltr'>principem,</span> <span class='ocrx_word' id='word_1_392' title='bbox 776 3683 880 3722; x_wconf 90' lang='lat' dir='ltr'>nec</span> <span class='ocrx_word' id='word_1_393' title='bbox 910 3671 1170 3724; x_wconf 66' lang='lat' dir='ltr'>secundae</span> <span class='ocrx_word' id='word_1_394' title='bbox 1198 3671 1520 3728; x_wconf 79' lang='lat' dir='ltr'>llerodiadis</span> <span class='ocrx_word' id='word_1_395' title='bbox 1543 3675 1771 3730; x_wconf 87' lang='lat' dir='ltr'>timebat</span> <span class='ocrx_word' id='word_1_396' title='bbox 1793 3676 2024 3732; x_wconf 91' lang='lat' dir='ltr'>rabiem.</span> 
     </span>
    </p>
   </div>
   <div class='ocr_carea' id='block_1_53' title="bbox 416 3754 2029 3834">
    <p class='ocr_par' dir='ltr' id='par_1_53' title="bbox 416 3754 2029 3834">
     <span class='ocr_line' id='line_1_53' title="bbox 416 3754 2029 3834; baseline 0.011 -27"><span class='ocrx_word' id='word_1_397' title='bbox 416 3754 555 3808; x_wconf 88' lang='lat' dir='ltr'>Nam</span> <span class='ocrx_word' id='word_1_398' title='bbox 599 3758 747 3826; x_wconf 92' lang='lat' dir='ltr'>quod</span> <span class='ocrx_word' id='word_1_399' title='bbox 800 3759 966 3814; x_wconf 89' lang='lat' dir='ltr'>animi</span> <span class='ocrx_word' id='word_1_400' title='bbox 1008 3761 1242 3817; x_wconf 89' lang='lat' dir='ltr'>habebat</span> <span class='ocrx_word' id='word_1_401' title='bbox 1282 3763 1564 3834; x_wconf 86' lang='lat' dir='ltr'>Herodias,</span> <span class='ocrx_word' id='word_1_402' title='bbox 1612 3784 1735 3822; x_wconf 90' lang='lat' dir='ltr'>cum</span> <span class='ocrx_word' id='word_1_403' title='bbox 1788 3769 2029 3825; x_wconf 83' lang='lat' dir='ltr'>Herodes</span> 
     </span>
    </p>
   </div>
   <div class='ocr_carea' id='block_1_54' title="bbox 413 3844 2026 3928">
    <p class='ocr_par' dir='ltr' id='par_1_54' title="bbox 413 3844 2026 3928">
     <span class='ocr_line' id='line_1_54' title="bbox 413 3844 2026 3928; baseline 0.011 -31"><span class='ocrx_word' id='word_1_404' title='bbox 413 3844 633 3911; x_wconf 88' lang='lat' dir='ltr'>Joanni,</span> <span class='ocrx_word' id='word_1_405' title='bbox 666 3863 790 3902; x_wconf 90' lang='lat' dir='ltr'>eum</span> <span class='ocrx_word' id='word_1_406' title='bbox 816 3865 913 3918; x_wconf 92' lang='lat' dir='ltr'>pro</span> <span class='ocrx_word' id='word_1_407' title='bbox 942 3852 1214 3907; x_wconf 88' lang='lat' dir='ltr'>adulterio</span> <span class='ocrx_word' id='word_1_408' title='bbox 1245 3857 1521 3928; x_wconf 83' lang='lat' dir='ltr'>arguenti,</span> <span class='ocrx_word' id='word_1_409' title='bbox 1553 3857 1793 3913; x_wconf 89' lang='lat' dir='ltr'>libenter</span> <span class='ocrx_word' id='word_1_410' title='bbox 1811 3876 2026 3916; x_wconf 92' lang='lat' dir='ltr'>accom-</span> 
     </span>
    </p>
   </div>
   <div class='ocr_carea' id='block_1_55' title="bbox 414 3937 2029 4024">
    <p class='ocr_par' dir='ltr' id='par_1_55' title="bbox 414 3937 2029 4024">
     <span class='ocr_line' id='line_1_55' title="bbox 414 3937 2029 4024; baseline 0.012 -35"><span class='ocrx_word' id='word_1_411' title='bbox 414 3937 674 3992; x_wconf 90' lang='lat' dir='ltr'>modabat</span> <span class='ocrx_word' id='word_1_412' title='bbox 723 3956 941 4007; x_wconf 90' lang='lat' dir='ltr'>aurem;</span> <span class='ocrx_word' id='word_1_413' title='bbox 977 3943 1082 3998; x_wconf 91' lang='lat' dir='ltr'>hoc</span> <span class='ocrx_word' id='word_1_414' title='bbox 1132 3945 1299 3999; x_wconf 92' lang='lat' dir='ltr'>animi</span> <span class='ocrx_word' id='word_1_415' title='bbox 1360 3947 1597 4004; x_wconf 87' lang='lat' dir='ltr'>habebat</span> <span class='ocrx_word' id='word_1_416' title='bbox 1627 3951 1792 4006; x_wconf 88' lang='lat' dir='ltr'>etiam</span> <span class='ocrx_word' id='word_1_417' title='bbox 1843 3953 2029 4024; x_wconf 79' lang='lat' dir='ltr'>Alpais</span> 
     </span>
    </p>
   </div>
   <div class='ocr_carea' id='block_1_56' title="bbox 413 4027 2026 4114">
    <p class='ocr_par' dir='ltr' id='par_1_56' title="bbox 413 4027 2026 4114">
     <span class='ocr_line' id='line_1_56' title="bbox 413 4027 2026 4114; baseline 0.013 -34"><span class='ocrx_word' id='word_1_418' title='bbox 413 4027 616 4098; x_wconf 87' lang='lat'>(1857),</span> <span class='ocrx_word' id='word_1_419' title='bbox 647 4045 770 4084; x_wconf 93' lang='lat' dir='ltr'>cum</span> <span class='ocrx_word' id='word_1_420' title='bbox 802 4031 1067 4102; x_wconf 90' lang='lat' dir='ltr'>Pippinus</span> <span class='ocrx_word' id='word_1_421' title='bbox 1101 4035 1411 4102; x_wconf 90' lang='lat' dir='ltr'>Lantberto,</span> <span class='ocrx_word' id='word_1_422' title='bbox 1468 4056 1596 4094; x_wconf 92' lang='lat' dir='ltr'>eum</span> <span class='ocrx_word' id='word_1_423' title='bbox 1654 4059 1752 4112; x_wconf 89' lang='lat' dir='ltr'>pro</span> <span class='ocrx_word' id='word_1_424' title='bbox 1787 4045 2026 4114; x_wconf 90' lang='lat' dir='ltr'>pelicatu</span> 
     </span>
    </p>
   </div>
   <div class='ocr_carea' id='block_1_57' title="bbox 416 4123 2030 4201">
    <p class='ocr_par' dir='ltr' id='par_1_57' title="bbox 416 4123 2030 4201">
     <span class='ocr_line' id='line_1_57' title="bbox 416 4123 2030 4201; baseline 0.012 -28"><span class='ocrx_word' id='word_1_425' title='bbox 416 4134 517 4174; x_wconf 90' lang='lat' dir='ltr'>suo</span> <span class='ocrx_word' id='word_1_426' title='bbox 546 4123 818 4193; x_wconf 77' lang='lat' dir='ltr'>arguenti,</span> <span class='ocrx_word' id='word_1_427' title='bbox 849 4123 1168 4182; x_wconf 88' lang='lat' dir='ltr'>obediebat.</span> <span class='ocrx_word' id='word_1_428' title='bbox 1206 4129 1475 4201; x_wconf 85' lang='lat' dir='ltr'>Equidem</span> <span class='ocrx_word' id='word_1_429' title='bbox 1505 4133 1588 4187; x_wconf 91' lang='lat' dir='ltr'>vir</span> <span class='ocrx_word' id='word_1_430' title='bbox 1606 4134 1742 4189; x_wconf 90' lang='lat' dir='ltr'>alias</span> <span class='ocrx_word' id='word_1_431' title='bbox 1774 4137 2030 4192; x_wconf 88' lang='lat' dir='ltr'>laudabi—</span> 
     </span>
    </p>
   </div>
   <div class='ocr_carea' id='block_1_58' title="bbox 414 4207 2028 4295">
    <p class='ocr_par' dir='ltr' id='par_1_58' title="bbox 414 4207 2028 4295">
     <span class='ocr_line' id='line_1_58' title="bbox 414 4207 2028 4295; baseline 0.012 -33"><span class='ocrx_word' id='word_1_432' title='bbox 414 4207 489 4264; x_wconf 89' lang='lat' dir='ltr'>lia</span> <span class='ocrx_word' id='word_1_433' title='bbox 515 4217 571 4265; x_wconf 90' lang='lat' dir='ltr'>et</span> <span class='ocrx_word' id='word_1_434' title='bbox 601 4211 913 4283; x_wconf 90' lang='lat' dir='ltr'>religiosus,</span> <span class='ocrx_word' id='word_1_435' title='bbox 947 4215 1050 4270; x_wconf 90' lang='lat' dir='ltr'>hoc</span> <span class='ocrx_word' id='word_1_436' title='bbox 1079 4226 1330 4288; x_wconf 87' lang='lat' dir='ltr'>excepto,</span> <span class='ocrx_word' id='word_1_437' title='bbox 1363 4221 1590 4276; x_wconf 91' lang='lat' dir='ltr'>multum</span> <span class='ocrx_word' id='word_1_438' title='bbox 1625 4223 1901 4280; x_wconf 87' lang='lat' dir='ltr'>Lantberti</span> <span class='ocrx_word' id='word_1_439' title='bbox 1928 4227 2028 4295; x_wconf 87' lang='lat' dir='ltr'>ju-</span> 
     </span>
    </p>
   </div>
   <div class='ocr_carea' id='block_1_59' title="bbox 412 4299 2026 4388">
    <p class='ocr_par' dir='ltr' id='par_1_59' title="bbox 412 4299 2026 4388">
     <span class='ocr_line' id='line_1_59' title="bbox 412 4299 2026 4388; baseline 0.012 -35"><span class='ocrx_word' id='word_1_440' title='bbox 412 4299 759 4357; x_wconf 90' lang='lat' dir='ltr'>cundabatur</span> <span class='ocrx_word' id='word_1_441' title='bbox 786 4303 1056 4372; x_wconf 90' lang='lat' dir='ltr'>consiliis,</span> <span class='ocrx_word' id='word_1_442' title='bbox 1117 4314 1170 4360; x_wconf 89' lang='lat' dir='ltr'>et</span> <span class='ocrx_word' id='word_1_443' title='bbox 1212 4309 1436 4364; x_wconf 90' lang='lat' dir='ltr'>monitis</span> <span class='ocrx_word' id='word_1_444' title='bbox 1483 4309 1804 4369; x_wconf 88' lang='lat' dir='ltr'>ﬂectebatur</span> <span class='ocrx_word' id='word_1_445' title='bbox 1834 4316 1929 4388; x_wconf 91' lang='lat' dir='ltr'>qui</span> <span class='ocrx_word' id='word_1_446' title='bbox 1979 4318 2026 4372; x_wconf 82' lang='lat' dir='ltr'>si</span> 
     </span>
    </p>
   </div>
   <div class='ocr_carea' id='block_1_60' title="bbox 414 4393 2028 4469">
    <p class='ocr_par' dir='ltr' id='par_1_60' title="bbox 414 4393 2028 4469">
     <span class='ocr_line' id='line_1_60' title="bbox 414 4393 2028 4469; baseline 0.011 -24"><span class='ocrx_word' id='word_1_447' title='bbox 414 4401 688 4447; x_wconf 86' lang='lat' dir='ltr'>amantem</span> <span class='ocrx_word' id='word_1_448' title='bbox 718 4393 970 4464; x_wconf 91' lang='lat' dir='ltr'>pellicem</span> <span class='ocrx_word' id='word_1_449' title='bbox 995 4396 1183 4453; x_wconf 88' lang='lat' dir='ltr'>fallere</span> <span class='ocrx_word' id='word_1_450' title='bbox 1214 4400 1504 4469; x_wconf 87' lang='lat' dir='ltr'>potuisset,</span> <span class='ocrx_word' id='word_1_451' title='bbox 1528 4402 1784 4458; x_wconf 90' lang='lat' dir='ltr'>nimirum</span> <span class='ocrx_word' id='word_1_452' title='bbox 1813 4406 2028 4463; x_wconf 90' lang='lat' dir='ltr'>lucrose</span> 
     </span>
    </p>
   </div>
   <div class='ocr_carea' id='block_1_61' title="bbox 415 4484 2028 4564">
    <p class='ocr_par' dir='ltr' id='par_1_61' title="bbox 415 4484 2028 4564">
     <span class='ocr_line' id='line_1_61' title="bbox 415 4484 2028 4564; baseline 0.011 -27"><span class='ocrx_word' id='word_1_453' title='bbox 415 4484 660 4540; x_wconf 84' lang='lat' dir='ltr'>audisset</span> <span class='ocrx_word' id='word_1_454' title='bbox 681 4503 741 4541; x_wconf 92' lang='lat' dir='ltr'>se</span> <span class='ocrx_word' id='word_1_455' title='bbox 780 4487 976 4544; x_wconf 91' lang='lat' dir='ltr'>merito</span> <span class='ocrx_word' id='word_1_456' title='bbox 1009 4488 1386 4562; x_wconf 89' lang='lat' dir='ltr'>increpantem</span> <span class='ocrx_word' id='word_1_457' title='bbox 1419 4495 1728 4564; x_wconf 69' lang='lat' dir='ltr'>praesulem.</span> <span class='ocrx_word' id='word_1_458' title='bbox 1782 4497 1923 4552; x_wconf 85' lang='lat' dir='ltr'>Elias</span> <span class='ocrx_word' id='word_1_459' title='bbox 1972 4500 2028 4555; x_wconf 91' lang='lat' dir='ltr'>in</span> 
     </span>
    </p>
   </div>
   <div class='ocr_carea' id='block_1_62' title="bbox 415 4571 2026 4659">
    <p class='ocr_par' dir='ltr' id='par_1_62' title="bbox 415 4571 2026 4659">
     <span class='ocr_line' id='line_1_62' title="bbox 415 4571 2026 4659; baseline 0.01 -33"><span class='ocrx_word' id='word_1_460' title='bbox 415 4571 614 4628; x_wconf 63' lang='lat' dir='ltr'>caelum</span> <span class='ocrx_word' id='word_1_461' title='bbox 646 4581 834 4644; x_wconf 88' lang='lat' dir='ltr'>raptus</span> <span class='ocrx_word' id='word_1_462' title='bbox 873 4585 1153 4648; x_wconf 89' lang='lat' dir='ltr'>exspectat</span> <span class='ocrx_word' id='word_1_463' title='bbox 1200 4579 1381 4636; x_wconf 89' lang='lat' dir='ltr'>adhuc</span> <span class='ocrx_word' id='word_1_464' title='bbox 1426 4598 1522 4651; x_wconf 86' lang='lat' dir='ltr'>per</span> <span class='ocrx_word' id='word_1_465' title='bbox 1553 4585 1870 4641; x_wconf 85' lang='lat' dir='ltr'>Antichristi</span> <span class='ocrx_word' id='word_1_466' title='bbox 1903 4588 2026 4659; x_wconf 89' lang='lat' dir='ltr'>gla-</span> 
     </span>
    </p>
   </div>
   <div class='ocr_carea' id='block_1_63' title="bbox 417 4663 2028 4751">
    <p class='ocr_par' dir='ltr' id='par_1_63' title="bbox 417 4663 2028 4751">
     <span class='ocr_line' id='line_1_63' title="bbox 417 4663 2028 4751; baseline 0.012 -34"><span class='ocrx_word' id='word_1_467' title='bbox 417 4663 567 4719; x_wconf 92' lang='lat' dir='ltr'>dium</span> <span class='ocrx_word' id='word_1_468' title='bbox 595 4664 838 4723; x_wconf 61' lang='lat' dir='ltr'>victorim</span> <span class='ocrx_word' id='word_1_469' title='bbox 871 4669 1135 4739; x_wconf 89' lang='lat' dir='ltr'>palmam;</span> <span class='ocrx_word' id='word_1_470' title='bbox 1164 4672 1446 4729; x_wconf 87' lang='lat' dir='ltr'>Johannes</span> <span class='ocrx_word' id='word_1_471' title='bbox 1477 4691 1576 4746; x_wconf 91' lang='lat' dir='ltr'>pro</span> <span class='ocrx_word' id='word_1_472' title='bbox 1605 4678 1834 4733; x_wconf 87' lang='lat' dir='ltr'>veritate</span> <span class='ocrx_word' id='word_1_473' title='bbox 1863 4689 2028 4751; x_wconf 90' lang='lat' dir='ltr'>caput</span> 
     </span>
    </p>
   </div>
   <div class='ocr_carea' id='block_1_64' title="bbox 491 4830 2029 4922">
    <p class='ocr_par' dir='ltr' id='par_1_64' title="bbox 491 4830 2029 4922">
     <span class='ocr_line' id='line_1_64' title="bbox 491 4830 2029 4922; baseline 0.012 -38"><span class='ocrx_word' id='word_1_474' title='bbox 491 4830 1205 4922; x_wconf 28' lang='grc' dir='ltr'>(1ᾉο5ί3-)-1)1ςρείξοδῃιρέιρίθε</span> <span class='ocrx_word' id='word_1_475' title='bbox 1231 4840 1360 4922; x_wconf 82' lang='lat' dir='ltr'>dux,</span> <span class='ocrx_word' id='word_1_476' title='bbox 1395 4841 1613 4922; x_wconf 77' lang='lat' dir='ltr'>Pippini</span> <span class='ocrx_word' id='word_1_477' title='bbox 1670 4851 1756 4922; x_wconf 42' lang='lat' dir='ltr'>et”</span> <span class='ocrx_word' id='word_1_478' title='bbox 1782 4847 2029 4922; x_wconf 82' lang='lat' dir='ltr'>legitima</span> 
     </span>
    </p>
   </div>
   <div class='ocr_carea' id='block_1_65' title="bbox 417 4904 2028 4991">
    <p class='ocr_par' dir='ltr' id='par_1_65' title="bbox 417 4904 2028 4991">
     <span class='ocr_line' id='line_1_65' title="bbox 417 4904 2028 4991; baseline 0.013 -36"><span class='ocrx_word' id='word_1_479' title='bbox 417 4917 587 4991; x_wconf 45' lang='lat' dir='ltr'>ﬁxere</span> <span class='ocrx_word' id='word_1_480' title='bbox 616 4919 717 4958; x_wconf 92' lang='lat' dir='ltr'>sua</span> <span class='ocrx_word' id='word_1_481' title='bbox 737 4904 1216 4991; x_wconf 44' lang='lat' dir='ltr'>Plectrudedilius,</span> <span class='ocrx_word' id='word_1_482' title='bbox 1243 4912 1299 4966; x_wconf 90' lang='lat' dir='ltr'>in</span> <span class='ocrx_word' id='word_1_483' title='bbox 1347 4904 1516 4991; x_wconf 61' lang='lat' dir='ltr'>variis</span> <span class='ocrx_word' id='word_1_484' title='bbox 1546 4904 1868 4974; x_wconf 53' lang='lat' dir='ltr'>Annalibus&quot;</span> <span class='ocrx_word' id='word_1_485' title='bbox 1881 4920 2028 4991; x_wconf 88' lang='lat' dir='ltr'>apud</span> 
     </span>
    </p>
   </div>
   <div class='ocr_carea' id='block_1_66' title="bbox 417 4973 1493 5040">
    <p class='ocr_par' dir='ltr' id='par_1_66' title="bbox 417 4973 1493 5040">
     <span class='ocr_line' id='line_1_66' title="bbox 417 4973 1493 5040; baseline 0.011 -12"><span class='ocrx_word' id='word_1_486' title='bbox 417 4973 686 5029; x_wconf 90' lang='lat' dir='ltr'>Cointium</span> <span class='ocrx_word' id='word_1_487' title='bbox 715 4976 920 5032; x_wconf 90' lang='lat' dir='ltr'>obiisse</span> <span class='ocrx_word' id='word_1_488' title='bbox 952 4986 1170 5036; x_wconf 89' lang='lat' dir='ltr'>notatur</span> <span class='ocrx_word' id='word_1_489' title='bbox 1196 4973 1341 5040; x_wconf 85' lang='lat' dir='ltr'>anno</span> <span class='ocrx_word' id='word_1_490' title='bbox 1373 4986 1493 5040; x_wconf 82' lang='lat'>708.</span> 
     </span>
    </p>
   </div>
   <div class='ocr_carea' id='block_1_67' title="bbox 487 5046 2025 5132">
    <p class='ocr_par' dir='ltr' id='par_1_67' title="bbox 487 5046 2025 5132">
     <span class='ocr_line' id='line_1_67' title="bbox 487 5046 2025 5132; baseline 0.012 -34"><span class='ocrx_word' id='word_1_491' title='bbox 487 5046 665 5132; x_wconf 50' lang='lat'>(10:54)</span> <span class='ocrx_word' id='word_1_492' title='bbox 709 5047 830 5132; x_wconf 59' lang='lat' dir='ltr'>Fuit</span> <span class='ocrx_word' id='word_1_493' title='bbox 856 5049 944 5132; x_wconf 73' lang='lat' dir='ltr'>hic</span> <span class='ocrx_word' id='word_1_494' title='bbox 971 5050 1418 5132; x_wconf 75' lang='lat' dir='ltr'>alter_legitimus</span> <span class='ocrx_word' id='word_1_495' title='bbox 1450 5057 1670 5132; x_wconf 83' lang='lat' dir='ltr'>Pippini</span> <span class='ocrx_word' id='word_1_496' title='bbox 1707 5058 1876 5132; x_wconf 80' lang='lat' dir='ltr'>filius,</span> <span class='ocrx_word' id='word_1_497' title='bbox 1909 5062 2025 5132; x_wconf 92' lang='lat' dir='ltr'>qui,</span> 
     </span>
    </p>
   </div>
   <div class='ocr_carea' id='block_1_68' title="bbox 417 5117 2028 5213">
    <p class='ocr_par' dir='ltr' id='par_1_68' title="bbox 417 5117 2028 5213">
     <span class='ocr_line' id='line_1_68' title="bbox 417 5117 2028 5213; baseline 0.012 -44"><span class='ocrx_word' id='word_1_498' title='bbox 1013 5117 1255 5213; x_wconf 46' lang='lat' dir='ltr'>ecclesia.</span> <span class='ocrx_word' id='word_1_499' title='bbox 1285 5117 1676 5213; x_wconf 42' lang='lat' dir='ltr'>S..‘l.am15erti</span> <span class='ocrx_word' id='word_1_500' title='bbox 1715 5117 1900 5213; x_wconf 35' lang='lat' dir='ltr'>‘Legiae</span> <span class='ocrx_word' id='word_1_501' title='bbox 1926 5117 2028 5213; x_wconf 52' lang='lat' dir='ltr'>13rd</span> 
     </span>
    </p>
   </div>
   <div class='ocr_carea' id='block_1_69' title="bbox 416 5192 2029 5313">
    <p class='ocr_par' dir='ltr' id='par_1_69' title="bbox 416 5192 2029 5313">
     <span class='ocr_line' id='line_1_69' title="bbox 416 5192 2029 5313; baseline 0.011 -71"><span class='ocrx_word' id='word_1_502' title='bbox 416 5192 732 5313; x_wconf 44' lang='lat' dir='ltr'>nigrotaiitis</span> <span class='ocrx_word' id='word_1_503' title='bbox 762 5192 934 5262; x_wconf 90' lang='lat' dir='ltr'>patris</span> <span class='ocrx_word' id='word_1_504' title='bbox 986 5194 1072 5248; x_wconf 90' lang='lat' dir='ltr'>sui</span> <span class='ocrx_word' id='word_1_505' title='bbox 1113 5195 1490 5251; x_wconf 87' lang='lat' dir='ltr'>incolumitate</span> <span class='ocrx_word' id='word_1_506' title='bbox 1548 5207 1750 5268; x_wconf 89' lang='lat' dir='ltr'>oraret,</span> <span class='ocrx_word' id='word_1_507' title='bbox 1797 5192 2029 5260; x_wconf 74' lang='lat' dir='ltr'>interfe-</span> 
     </span>
     <span class='ocr_line' id='line_1_70' title="bbox 417 5275 660 5313; baseline 0 0"><span class='ocrx_word' id='word_1_508' title='bbox 417 5275 448 5313; x_wconf 97' lang='lat' dir='ltr'>c</span> <span class='ocrx_word' id='word_1_509' title='bbox 473 5277 536 5313; x_wconf 92' lang='lat' dir='ltr'>us</span> <span class='ocrx_word' id='word_1_510' title='bbox 558 5277 616 5313; x_wconf 89' lang='lat' dir='ltr'>es</span> <span class='ocrx_word' id='word_1_511' title='bbox 647 5299 660 5313; x_wconf 94' lang='lat'>.</span> 
     </span>
    </p>
   </div>
   <div class='ocr_carea' id='block_1_70' title="bbox 417 5270 660 5316">
    <p class='ocr_par' dir='ltr' id='par_1_70' title="bbox 417 5270 660 5316">
     <span class='ocr_line' id='line_1_71' title="bbox 417 5270 660 5316; baseline 0 -2"><span class='ocrx_word' id='word_1_512' title='bbox 417 5270 536 5315; x_wconf 65' lang='lat' dir='ltr'>CIUS</span> <span class='ocrx_word' id='word_1_513' title='bbox 558 5270 660 5316; x_wconf 89' lang='lat' dir='ltr'>est.</span> 
     </span>
    </p>
   </div>
   <div class='ocr_carea' id='block_1_71' title="bbox 491 5330 2030 5416">
    <p class='ocr_par' dir='ltr' id='par_1_71' title="bbox 491 5330 2030 5416">
     <span class='ocr_line' id='line_1_72' title="bbox 491 5330 2030 5416; baseline 0.011 -31"><span class='ocrx_word' id='word_1_514' title='bbox 491 5330 666 5413; x_wconf 47' lang='lat'>(10555)</span> <span class='ocrx_word' id='word_1_515' title='bbox 710 5335 1015 5416; x_wconf 71' lang='lat' dir='ltr'>Dodonem</span> <span class='ocrx_word' id='word_1_516' title='bbox 1045 5336 1262 5416; x_wconf 88' lang='lat' dir='ltr'>Pippini</span> <span class='ocrx_word' id='word_1_517' title='bbox 1303 5338 1666 5416; x_wconf 74' lang='lat' dir='ltr'>domesticum</span> <span class='ocrx_word' id='word_1_518' title='bbox 1721 5359 1782 5400; x_wconf 88' lang='lat' dir='ltr'>ac</span> <span class='ocrx_word' id='word_1_519' title='bbox 1831 5354 2030 5416; x_wconf 91' lang='lat' dir='ltr'>poten-</span> 
     </span>
    </p>
   </div>
   <div class='ocr_carea' id='block_1_72' title="bbox 418 5405 2030 5474">
    <p class='ocr_par' dir='ltr' id='par_1_72' title="bbox 418 5405 2030 5474">
     <span class='ocr_line' id='line_1_73' title="bbox 418 5405 2030 5474; baseline 0.012 -19"><span class='ocrx_word' id='word_1_520' title='bbox 418 5411 525 5474; x_wconf 72' lang='lat' dir='ltr'>tem</span> <span class='ocrx_word' id='word_1_521' title='bbox 558 5405 734 5458; x_wconf 84' lang='lat' dir='ltr'>virum</span> <span class='ocrx_word' id='word_1_522' title='bbox 768 5405 954 5472; x_wconf 90' lang='lat' dir='ltr'>fuisse,</span> <span class='ocrx_word' id='word_1_523' title='bbox 1004 5405 1276 5464; x_wconf 88' lang='lat' dir='ltr'>testantur</span> <span class='ocrx_word' id='word_1_524' title='bbox 1317 5410 1479 5465; x_wconf 91' lang='lat' dir='ltr'>etiam</span> <span class='ocrx_word' id='word_1_525' title='bbox 1537 5405 1944 5472; x_wconf 80' lang='lat' dir='ltr'>Godeschalcus</span> <span class='ocrx_word' id='word_1_526' title='bbox 1975 5425 2030 5474; x_wconf 91' lang='lat' dir='ltr'>et</span> 
     </span>
    </p>
   </div>
   <div class='ocr_carea' id='block_1_73' title="bbox 419 5471 2025 5557">
    <p class='ocr_par' dir='ltr' id='par_1_73' title="bbox 419 5471 2025 5557">
     <span class='ocr_line' id='line_1_74' title="bbox 419 5471 2025 5557; baseline 0.013 -33"><span class='ocrx_word' id='word_1_527' title='bbox 419 5471 768 5550; x_wconf 82' lang='lat' dir='ltr'>Stephanus;</span> <span class='ocrx_word' id='word_1_528' title='bbox 811 5478 908 5532; x_wconf 89' lang='lat' dir='ltr'>sed</span> <span class='ocrx_word' id='word_1_529' title='bbox 944 5471 1512 5557; x_wconf 25' lang='lat' dir='ltr'>&#39;eumdem-Alpaidis</span> <span class='ocrx_word' id='word_1_530' title='bbox 1559 5471 1779 5542; x_wconf 86' lang='lat' dir='ltr'>fratrem</span> <span class='ocrx_word' id='word_1_531' title='bbox 1837 5471 2025 5557; x_wconf 75' lang='lat' dir='ltr'>fuisse,</span> 
     </span>
    </p>
   </div>
   <div class='ocr_carea' id='block_1_74' title="bbox 420 5550 2028 5630">
    <p class='ocr_par' dir='ltr' id='par_1_74' title="bbox 420 5550 2028 5630">
     <span class='ocr_line' id='line_1_75' title="bbox 420 5550 2028 5630; baseline 0.014 -35"><span class='ocrx_word' id='word_1_532' title='bbox 420 5557 648 5630; x_wconf 64' lang='lat' dir='ltr'>primus,</span> <span class='ocrx_word' id='word_1_533' title='bbox 674 5561 839 5627; x_wconf 83' lang='lat' dir='ltr'>quem</span> <span class='ocrx_word' id='word_1_534' title='bbox 875 5550 1024 5630; x_wconf 70' lang='lat' dir='ltr'>novi,</span> <span class='ocrx_word' id='word_1_535' title='bbox 1051 5550 1274 5630; x_wconf 79' lang='lat' dir='ltr'>scripsit</span> <span class='ocrx_word' id='word_1_536' title='bbox 1309 5550 1638 5630; x_wconf 50' lang='lat' dir='ltr'>a&#39;nonymus,</span> <span class='ocrx_word' id='word_1_537' title='bbox 1681 5559 1837 5630; x_wconf 91' lang='lat' dir='ltr'>cujus</span> <span class='ocrx_word' id='word_1_538' title='bbox 1861 5550 2028 5617; x_wconf 74' lang='lat' dir='ltr'>verba</span> 
     </span>
    </p>
   </div>
   <div class='ocr_carea' id='block_1_75' title="bbox 424 5612 1632 5684">
    <p class='ocr_par' dir='ltr' id='par_1_75' title="bbox 424 5612 1632 5684">
     <span class='ocr_line' id='line_1_76' title="bbox 424 5612 1632 5684; baseline 0.016 -19"><span class='ocrx_word' id='word_1_539' title='bbox 424 5612 776 5672; x_wconf 79' lang='lat' dir='ltr'>recitavinius</span> <span class='ocrx_word' id='word_1_540' title='bbox 805 5617 861 5674; x_wconf 91' lang='lat' dir='ltr'>in</span> <span class='ocrx_word' id='word_1_541' title='bbox 897 5612 1297 5681; x_wconf 75' lang='lat' dir='ltr'>Commentario</span> <span class='ocrx_word' id='word_1_542' title='bbox 1328 5612 1479 5680; x_wconf 61' lang='lat' dir='ltr'>num&#39;.</span> <span class='ocrx_word' id='word_1_543' title='bbox 1511 5612 1632 5684; x_wconf 52' lang='lat'>128:</span> 
     </span>
    </p>
   </div>
   <div class='ocr_carea' id='block_1_76' title="bbox 2127 1842 3749 1912">
    <p class='ocr_par' dir='ltr' id='par_1_76' title="bbox 2127 1842 3749 1912">
     <span class='ocr_line' id='line_1_77' title="bbox 2127 1842 3749 1912; baseline -0.003 -12"><span class='ocrx_word' id='word_1_544' title='bbox 2127 1846 2233 1902; x_wconf 90' lang='lat' dir='ltr'>bus</span> <span class='ocrx_word' id='word_1_545' title='bbox 2261 1846 2376 1900; x_wconf 92' lang='lat' dir='ltr'>suis</span> <span class='ocrx_word' id='word_1_546' title='bbox 2414 1845 2469 1898; x_wconf 91' lang='lat' dir='ltr'>in</span> <span class='ocrx_word' id='word_1_547' title='bbox 2509 1844 2758 1899; x_wconf 73' lang='lat' dir='ltr'>ecclesia:</span> <span class='ocrx_word' id='word_1_548' title='bbox 2811 1843 3177 1912; x_wconf 90' lang='lat' dir='ltr'>Trajectensis</span> <span class='ocrx_word' id='word_1_549' title='bbox 3207 1842 3465 1897; x_wconf 89' lang='lat' dir='ltr'>familiam</span> <span class='ocrx_word' id='word_1_550' title='bbox 3497 1857 3749 1908; x_wconf 91' lang='lat' dir='ltr'>omnem,</span> 
     </span>
    </p>
   </div>
   <div class='ocr_carea' id='block_1_77' title="bbox 2129 1935 3749 2012">
    <p class='ocr_par' dir='ltr' id='par_1_77' title="bbox 2129 1935 3749 2012">
     <span class='ocr_line' id='line_1_78' title="bbox 2129 1935 3749 2012; baseline -0.002 -19"><span class='ocrx_word' id='word_1_551' title='bbox 2129 1938 2500 2012; x_wconf 84' lang='lat' dir='ltr'>qualicunque</span> <span class='ocrx_word' id='word_1_552' title='bbox 2530 1944 2646 1991; x_wconf 90' lang='lat' dir='ltr'>arte</span> <span class='ocrx_word' id='word_1_553' title='bbox 2677 1945 2868 1992; x_wconf 91' lang='lat' dir='ltr'>contra</span> <span class='ocrx_word' id='word_1_554' title='bbox 2889 1952 2985 1992; x_wconf 92' lang='lat' dir='ltr'>eos</span> <span class='ocrx_word' id='word_1_555' title='bbox 3020 1935 3352 1990; x_wconf 90' lang='lat' dir='ltr'>calumniam</span> <span class='ocrx_word' id='word_1_556' title='bbox 3385 1936 3749 2001; x_wconf 89' lang='lat' dir='ltr'>concinnant,</span> 
     </span>
    </p>
   </div>
   <div class='ocr_carea' id='block_1_78' title="bbox 2129 2025 3748 2098">
    <p class='ocr_par' dir='ltr' id='par_1_78' title="bbox 2129 2025 3748 2098">
     <span class='ocr_line' id='line_1_79' title="bbox 2129 2025 3748 2098; baseline -0.002 -16"><span class='ocrx_word' id='word_1_557' title='bbox 2129 2028 2356 2087; x_wconf 82' lang='lat' dir='ltr'>nullam,</span> <span class='ocrx_word' id='word_1_558' title='bbox 2387 2042 2551 2098; x_wconf 90' lang='lat' dir='ltr'>quam</span> <span class='ocrx_word' id='word_1_559' title='bbox 2581 2027 2664 2081; x_wconf 90' lang='lat' dir='ltr'>eis</span> <span class='ocrx_word' id='word_1_560' title='bbox 2693 2025 2897 2080; x_wconf 86' lang='lat' dir='ltr'>inferre</span> <span class='ocrx_word' id='word_1_561' title='bbox 2951 2033 3197 2096; x_wconf 88' lang='lat' dir='ltr'>possunt,</span> <span class='ocrx_word' id='word_1_562' title='bbox 3241 2026 3551 2080; x_wconf 89' lang='lat' dir='ltr'>molestiam</span> <span class='ocrx_word' id='word_1_563' title='bbox 3600 2042 3748 2096; x_wconf 66' lang='lat' dir='ltr'>prte-</span> 
     </span>
    </p>
   </div>
   <div class='ocr_carea' id='block_1_79' title="bbox 2131 2115 3745 2186">
    <p class='ocr_par' dir='ltr' id='par_1_79' title="bbox 2131 2115 3745 2186">
     <span class='ocr_line' id='line_1_80' title="bbox 2131 2115 3745 2186; baseline -0.002 -15"><span class='ocrx_word' id='word_1_564' title='bbox 2131 2116 2467 2180; x_wconf 89' lang='lat' dir='ltr'>termittunt;</span> <span class='ocrx_word' id='word_1_565' title='bbox 2489 2116 2533 2169; x_wconf 90' lang='lat' dir='ltr'>si</span> <span class='ocrx_word' id='word_1_566' title='bbox 2566 2130 2676 2186; x_wconf 91' lang='lat' dir='ltr'>quo</span> <span class='ocrx_word' id='word_1_567' title='bbox 2704 2115 2868 2170; x_wconf 92' lang='lat' dir='ltr'>modo</span> <span class='ocrx_word' id='word_1_568' title='bbox 2899 2122 3124 2185; x_wconf 87' lang='lat' dir='ltr'>possent</span> <span class='ocrx_word' id='word_1_569' title='bbox 3156 2130 3255 2184; x_wconf 92' lang='lat' dir='ltr'>per</span> <span class='ocrx_word' id='word_1_570' title='bbox 3276 2115 3380 2171; x_wconf 85' lang='lat' dir='ltr'>hoc</span> <span class='ocrx_word' id='word_1_571' title='bbox 3406 2115 3745 2170; x_wconf 86' lang='lat' dir='ltr'>sententiam</span> 
     </span>
    </p>
   </div>
   <div class='ocr_carea' id='block_1_80' title="bbox 2130 2207 3756 2280">
    <p class='ocr_par' dir='ltr' id='par_1_80' title="bbox 2130 2207 3756 2280">
     <span class='ocr_line' id='line_1_81' title="bbox 2130 2207 3756 2280; baseline 0 -19"><span class='ocrx_word' id='word_1_572' title='bbox 2130 2208 2378 2280; x_wconf 66' lang='lat' dir='ltr'>praesulis</span> <span class='ocrx_word' id='word_1_573' title='bbox 2406 2207 2710 2273; x_wconf 90' lang='lat' dir='ltr'>inﬂectere,</span> <span class='ocrx_word' id='word_1_574' title='bbox 2742 2214 2802 2262; x_wconf 90' lang='lat' dir='ltr'>ut</span> <span class='ocrx_word' id='word_1_575' title='bbox 2829 2207 3021 2262; x_wconf 89' lang='lat' dir='ltr'>saltem</span> <span class='ocrx_word' id='word_1_576' title='bbox 3053 2224 3217 2263; x_wconf 89' lang='lat' dir='ltr'>causa</span> <span class='ocrx_word' id='word_1_577' title='bbox 3244 2223 3467 2262; x_wconf 92' lang='lat' dir='ltr'>suorum</span> <span class='ocrx_word' id='word_1_578' title='bbox 3497 2224 3528 2262; x_wconf 90' lang='lat' dir='ltr'>a</span> <span class='ocrx_word' id='word_1_579' title='bbox 3561 2207 3756 2262; x_wconf 88' lang='lat' dir='ltr'>redar-</span> 
     </span>
    </p>
   </div>
   <div class='ocr_carea' id='block_1_81' title="bbox 2123 2297 3750 2372">
    <p class='ocr_par' dir='ltr' id='par_1_81' title="bbox 2123 2297 3750 2372">
     <span class='ocr_line' id='line_1_82' title="bbox 2123 2297 3750 2372; baseline 0 -20"><span class='ocrx_word' id='word_1_580' title='bbox 2123 2297 2350 2372; x_wconf 78' lang='lat' dir='ltr'>gutione</span> <span class='ocrx_word' id='word_1_581' title='bbox 2381 2297 2649 2368; x_wconf 91' lang='lat' dir='ltr'>principis</span> <span class='ocrx_word' id='word_1_582' title='bbox 2691 2297 3000 2352; x_wconf 88' lang='lat' dir='ltr'>desisteret.</span> <span class='ocrx_word' id='word_1_583' title='bbox 3045 2297 3153 2352; x_wconf 89' lang='lat' dir='ltr'>Sed</span> <span class='ocrx_word' id='word_1_584' title='bbox 3208 2314 3295 2352; x_wconf 91' lang='lat' dir='ltr'>res</span> <span class='ocrx_word' id='word_1_585' title='bbox 3331 2297 3489 2352; x_wconf 91' lang='lat' dir='ltr'>aliter</span> <span class='ocrx_word' id='word_1_586' title='bbox 3527 2313 3590 2353; x_wconf 89' lang='lat' dir='ltr'>ac</span> <span class='ocrx_word' id='word_1_587' title='bbox 3643 2299 3750 2352; x_wconf 89' lang='lat' dir='ltr'>rati</span> 
     </span>
    </p>
   </div>
   <div class='ocr_carea' id='block_1_82' title="bbox 2125 2384 3750 2457">
    <p class='ocr_par' dir='ltr' id='par_1_82' title="bbox 2125 2384 3750 2457">
     <span class='ocr_line' id='line_1_83' title="bbox 2125 2384 3750 2457; baseline -0.001 -15"><span class='ocrx_word' id='word_1_588' title='bbox 2125 2396 2302 2454; x_wconf 92' lang='lat' dir='ltr'>erant,</span> <span class='ocrx_word' id='word_1_589' title='bbox 2335 2386 2519 2442; x_wconf 89' lang='lat' dir='ltr'>cessit.</span> <span class='ocrx_word' id='word_1_590' title='bbox 2545 2387 2730 2442; x_wconf 87' lang='lat' dir='ltr'>Justus</span> <span class='ocrx_word' id='word_1_591' title='bbox 2771 2402 2994 2457; x_wconf 85' lang='lat' dir='ltr'>nempe,</span> <span class='ocrx_word' id='word_1_592' title='bbox 3022 2392 3081 2440; x_wconf 91' lang='lat' dir='ltr'>ut</span> <span class='ocrx_word' id='word_1_593' title='bbox 3106 2386 3192 2441; x_wconf 91' lang='lat' dir='ltr'>leo</span> <span class='ocrx_word' id='word_1_594' title='bbox 3223 2384 3536 2453; x_wconf 85' lang='lat' dir='ltr'>confidens,</span> <span class='ocrx_word' id='word_1_595' title='bbox 3561 2386 3750 2456; x_wconf 91' lang='lat' dir='ltr'>clipeo</span> 
     </span>
    </p>
   </div>
   <div class='ocr_carea' id='block_1_83' title="bbox 2127 2478 3752 2552">
    <p class='ocr_par' dir='ltr' id='par_1_83' title="bbox 2127 2478 3752 2552">
     <span class='ocr_line' id='line_1_84' title="bbox 2127 2478 3752 2552; baseline -0.002 -17"><span class='ocrx_word' id='word_1_596' title='bbox 2127 2479 2410 2552; x_wconf 68' lang='lat' dir='ltr'>patientiae</span> <span class='ocrx_word' id='word_1_597' title='bbox 2457 2485 2648 2534; x_wconf 86' lang='lat' dir='ltr'>contra</span> <span class='ocrx_word' id='word_1_598' title='bbox 2683 2494 2879 2534; x_wconf 91' lang='lat' dir='ltr'>omnes</span> <span class='ocrx_word' id='word_1_599' title='bbox 2919 2495 2978 2533; x_wconf 89' lang='lat' dir='ltr'>se</span> <span class='ocrx_word' id='word_1_600' title='bbox 3033 2478 3272 2549; x_wconf 87' lang='lat' dir='ltr'>protexit</span> <span class='ocrx_word' id='word_1_601' title='bbox 3337 2478 3617 2542; x_wconf 89' lang='lat' dir='ltr'>incursus,</span> <span class='ocrx_word' id='word_1_602' title='bbox 3693 2484 3752 2533; x_wconf 86' lang='lat' dir='ltr'>et</span> 
     </span>
    </p>
   </div>
   <div class='ocr_carea' id='block_1_84' title="bbox 2125 2569 3755 2647">
    <p class='ocr_par' dir='ltr' id='par_1_84' title="bbox 2125 2569 3755 2647">
     <span class='ocr_line' id='line_1_85' title="bbox 2125 2569 3755 2647; baseline -0.002 -22"><span class='ocrx_word' id='word_1_603' title='bbox 2125 2571 2309 2647; x_wconf 87' lang='lat' dir='ltr'>gladio</span> <span class='ocrx_word' id='word_1_604' title='bbox 2340 2570 2596 2642; x_wconf 85' lang='lat' dir='ltr'>Spiritus,</span> <span class='ocrx_word' id='word_1_605' title='bbox 2627 2571 2776 2642; x_wconf 92' lang='lat' dir='ltr'>quod</span> <span class='ocrx_word' id='word_1_606' title='bbox 2808 2579 2892 2624; x_wconf 89' lang='lat' dir='ltr'>est</span> <span class='ocrx_word' id='word_1_607' title='bbox 2941 2570 3173 2624; x_wconf 78' lang='lat' dir='ltr'>verbum</span> <span class='ocrx_word' id='word_1_608' title='bbox 3212 2569 3327 2636; x_wconf 89' lang='lat' dir='ltr'>Dei,</span> <span class='ocrx_word' id='word_1_609' title='bbox 3355 2576 3544 2625; x_wconf 88' lang='lat' dir='ltr'>contra</span> <span class='ocrx_word' id='word_1_610' title='bbox 3569 2569 3755 2623; x_wconf 84' lang='lat' dir='ltr'>minas</span> 
     </span>
    </p>
   </div>
   <div class='ocr_carea' id='block_1_85' title="bbox 2125 2658 3756 2731">
    <p class='ocr_par' dir='ltr' id='par_1_85' title="bbox 2125 2658 3756 2731">
     <span class='ocr_line' id='line_1_86' title="bbox 2125 2658 3756 2731; baseline -0.001 -17"><span class='ocrx_word' id='word_1_611' title='bbox 2125 2666 2358 2715; x_wconf 77' lang='lat' dir='ltr'>terrenae</span> <span class='ocrx_word' id='word_1_612' title='bbox 2389 2659 2678 2731; x_wconf 89' lang='lat' dir='ltr'>potestatis</span> <span class='ocrx_word' id='word_1_613' title='bbox 2707 2675 2768 2713; x_wconf 91' lang='lat' dir='ltr'>se</span> <span class='ocrx_word' id='word_1_614' title='bbox 2813 2659 3071 2725; x_wconf 88' lang='lat' dir='ltr'>accinxit,</span> <span class='ocrx_word' id='word_1_615' title='bbox 3120 2666 3173 2712; x_wconf 90' lang='lat' dir='ltr'>et</span> <span class='ocrx_word' id='word_1_616' title='bbox 3203 2660 3412 2730; x_wconf 87' lang='lat' dir='ltr'>galeam</span> <span class='ocrx_word' id='word_1_617' title='bbox 3444 2659 3636 2713; x_wconf 83' lang='lat' dir='ltr'>salutis</span> <span class='ocrx_word' id='word_1_618' title='bbox 3670 2658 3756 2712; x_wconf 88' lang='lat' dir='ltr'>in-</span> 
     </span>
    </p>
   </div>
   <div class='ocr_carea' id='block_1_86' title="bbox 2127 2747 3751 2820">
    <p class='ocr_par' dir='ltr' id='par_1_86' title="bbox 2127 2747 3751 2820">
     <span class='ocr_line' id='line_1_87' title="bbox 2127 2747 3751 2820; baseline 0 -18"><span class='ocrx_word' id='word_1_619' title='bbox 2127 2748 2292 2802; x_wconf 91' lang='lat' dir='ltr'>dutus</span> <span class='ocrx_word' id='word_1_620' title='bbox 2324 2748 2523 2820; x_wconf 84' lang='lat' dir='ltr'>agebat</span> <span class='ocrx_word' id='word_1_621' title='bbox 2552 2747 2932 2802; x_wconf 87' lang='lat' dir='ltr'>indubitanter</span> <span class='ocrx_word' id='word_1_622' title='bbox 2983 2763 3098 2801; x_wconf 91' lang='lat' dir='ltr'>rem</span> <span class='ocrx_word' id='word_1_623' title='bbox 3137 2747 3412 2802; x_wconf 80' lang='lat' dir='ltr'>veritatis.</span> <span class='ocrx_word' id='word_1_624' title='bbox 3474 2747 3534 2802; x_wconf 87' lang='lat' dir='ltr'>Et</span> <span class='ocrx_word' id='word_1_625' title='bbox 3565 2747 3751 2818; x_wconf 90' lang='lat' dir='ltr'>primo</span> 
     </span>
    </p>
   </div>
   <div class='ocr_carea' id='block_1_87' title="bbox 2127 2838 3755 2911">
    <p class='ocr_par' dir='ltr' id='par_1_87' title="bbox 2127 2838 3755 2911">
     <span class='ocr_line' id='line_1_88' title="bbox 2127 2838 3755 2911; baseline 0.002 -20"><span class='ocrx_word' id='word_1_626' title='bbox 2127 2838 2352 2908; x_wconf 86' lang='lat' dir='ltr'>quidem</span> <span class='ocrx_word' id='word_1_627' title='bbox 2392 2838 2596 2894; x_wconf 87' lang='lat' dir='ltr'>blande</span> <span class='ocrx_word' id='word_1_628' title='bbox 2625 2840 2992 2911; x_wconf 86' lang='lat' dir='ltr'>compellebat</span> <span class='ocrx_word' id='word_1_629' title='bbox 3033 2856 3148 2905; x_wconf 89' lang='lat' dir='ltr'>eos,</span> <span class='ocrx_word' id='word_1_630' title='bbox 3211 2848 3266 2895; x_wconf 89' lang='lat' dir='ltr'>et</span> <span class='ocrx_word' id='word_1_631' title='bbox 3309 2840 3515 2911; x_wconf 88' lang='lat' dir='ltr'>quibus</span> <span class='ocrx_word' id='word_1_632' title='bbox 3570 2839 3755 2895; x_wconf 90' lang='lat' dir='ltr'>modis</span> 
     </span>
    </p>
   </div>
   <div class='ocr_carea' id='block_1_88' title="bbox 2052 2927 3753 3015">
    <p class='ocr_par' dir='ltr' id='par_1_88' title="bbox 2052 2927 3753 3015">
     <span class='ocr_line' id='line_1_89' title="bbox 2052 2927 3753 3015; baseline 0 -35"><span class='ocrx_word' id='word_1_633' title='bbox 2052 2947 2100 3015; x_wconf 69' lang='grc' dir='ltr'><strong>ρ</strong></span> <span class='ocrx_word' id='word_1_634' title='bbox 2128 2927 2306 2997; x_wconf 91' lang='lat' dir='ltr'>pietas</span> <span class='ocrx_word' id='word_1_635' title='bbox 2344 2927 2538 2995; x_wconf 89' lang='lat' dir='ltr'>Patris,</span> <span class='ocrx_word' id='word_1_636' title='bbox 2588 2935 2644 2983; x_wconf 88' lang='lat' dir='ltr'>et</span> <span class='ocrx_word' id='word_1_637' title='bbox 2687 2944 2922 2984; x_wconf 90' lang='lat' dir='ltr'>censura</span> <span class='ocrx_word' id='word_1_638' title='bbox 2964 2929 3213 2999; x_wconf 75' lang='lat' dir='ltr'>praesulis</span> <span class='ocrx_word' id='word_1_639' title='bbox 3249 2936 3489 3000; x_wconf 89' lang='lat' dir='ltr'>poterat,</span> <span class='ocrx_word' id='word_1_640' title='bbox 3535 2944 3632 2985; x_wconf 93' lang='lat' dir='ltr'>eos</span> <span class='ocrx_word' id='word_1_641' title='bbox 3680 2929 3753 2983; x_wconf 88' lang='lat' dir='ltr'>ab</span> 
     </span>
    </p>
   </div>
   <div class='ocr_carea' id='block_1_89' title="bbox 2127 3019 3004 3089">
    <p class='ocr_par' dir='ltr' id='par_1_89' title="bbox 2127 3019 3004 3089">
     <span class='ocr_line' id='line_1_90' title="bbox 2127 3019 3004 3089; baseline 0.005 -17"><span class='ocrx_word' id='word_1_642' title='bbox 2127 3020 2329 3089; x_wconf 77' lang='lat' dir='ltr'>injuste</span> <span class='ocrx_word' id='word_1_643' title='bbox 2366 3019 2684 3076; x_wconf 89' lang='lat' dir='ltr'>deterrebat</span> <span class='ocrx_word' id='word_1_644' title='bbox 2713 3021 3004 3077; x_wconf 90' lang='lat' dir='ltr'>violentia.</span> 
     </span>
    </p>
   </div>
   <div class='ocr_carea' id='block_1_90' title="bbox 2193 3112 3755 3187">
    <p class='ocr_par' dir='ltr' id='par_1_90' title="bbox 2193 3112 3755 3187">
     <span class='ocr_line' id='line_1_91' title="bbox 2193 3112 3755 3187; baseline 0.003 -22"><span class='ocrx_word' id='word_1_645' title='bbox 2193 3112 2282 3165; x_wconf 75' lang='grc'>42.</span> <span class='ocrx_word' id='word_1_646' title='bbox 2317 3112 2426 3167; x_wconf 91' lang='lat' dir='ltr'>Sed</span> <span class='ocrx_word' id='word_1_647' title='bbox 2467 3113 2598 3185; x_wconf 90' lang='lat' dir='ltr'>quia</span> <span class='ocrx_word' id='word_1_648' title='bbox 2628 3114 2684 3168; x_wconf 92' lang='lat' dir='ltr'>in</span> <span class='ocrx_word' id='word_1_649' title='bbox 2719 3122 2951 3170; x_wconf 91' lang='lat' dir='ltr'>ventum</span> <span class='ocrx_word' id='word_1_650' title='bbox 2980 3113 3246 3170; x_wconf 90' lang='lat' dir='ltr'>fundebat</span> <span class='ocrx_word' id='word_1_651' title='bbox 3274 3114 3462 3184; x_wconf 87' lang='lat' dir='ltr'>verba,</span> <span class='ocrx_word' id='word_1_652' title='bbox 3496 3131 3555 3169; x_wconf 90' lang='lat' dir='ltr'>se</span> <span class='ocrx_word' id='word_1_653' title='bbox 3587 3131 3755 3187; x_wconf 89' lang='lat' dir='ltr'>quam</span> 
     </span>
    </p>
   </div>
   <div class='ocr_carea' id='block_1_91' title="bbox 2126 3201 3759 3281">
    <p class='ocr_par' dir='ltr' id='par_1_91' title="bbox 2126 3201 3759 3281">
     <span class='ocr_line' id='line_1_92' title="bbox 2126 3201 3759 3281; baseline 0.004 -25"><span class='ocrx_word' id='word_1_654' title='bbox 2126 3201 2468 3260; x_wconf 87' lang='lat' dir='ltr'>familiariter</span> <span class='ocrx_word' id='word_1_655' title='bbox 2489 3205 2545 3259; x_wconf 90' lang='lat' dir='ltr'>in</span> <span class='ocrx_word' id='word_1_656' title='bbox 2573 3205 2741 3260; x_wconf 91' lang='lat' dir='ltr'>Deum</span> <span class='ocrx_word' id='word_1_657' title='bbox 2767 3207 3047 3277; x_wconf 89' lang='lat' dir='ltr'>rejiciens,</span> <span class='ocrx_word' id='word_1_658' title='bbox 3074 3207 3324 3262; x_wconf 89' lang='lat' dir='ltr'>dicebat:</span> <span class='ocrx_word' id='word_1_659' title='bbox 3348 3207 3615 3281; x_wconf 87' lang='lat' dir='ltr'>Exsurge,</span> <span class='ocrx_word' id='word_1_660' title='bbox 3645 3208 3759 3263; x_wconf 90' lang='lat' dir='ltr'>Do-</span> 
     </span>
    </p>
   </div>
   <div class='ocr_carea' id='block_1_92' title="bbox 2130 3298 3757 3374">
    <p class='ocr_par' dir='ltr' id='par_1_92' title="bbox 2130 3298 3757 3374">
     <span class='ocr_line' id='line_1_93' title="bbox 2130 3298 3757 3374; baseline 0.003 -21"><span class='ocrx_word' id='word_1_661' title='bbox 2130 3298 2299 3366; x_wconf 85' lang='lat' dir='ltr'>mine,</span> <span class='ocrx_word' id='word_1_662' title='bbox 2334 3306 2390 3354; x_wconf 87' lang='lat' dir='ltr'>et</span> <span class='ocrx_word' id='word_1_663' title='bbox 2415 3299 2604 3368; x_wconf 90' lang='lat' dir='ltr'>judica</span> <span class='ocrx_word' id='word_1_664' title='bbox 2634 3317 2853 3356; x_wconf 90' lang='lat' dir='ltr'>causam</span> <span class='ocrx_word' id='word_1_665' title='bbox 2884 3318 3103 3368; x_wconf 87' lang='lat' dir='ltr'>meam;</span> <span class='ocrx_word' id='word_1_666' title='bbox 3152 3317 3363 3357; x_wconf 91' lang='lat' dir='ltr'>memor</span> <span class='ocrx_word' id='word_1_667' title='bbox 3393 3311 3510 3357; x_wconf 92' lang='lat' dir='ltr'>esto</span> <span class='ocrx_word' id='word_1_668' title='bbox 3543 3319 3757 3374; x_wconf 88' lang='lat' dir='ltr'>oppro-</span> 
     </span>
    </p>
   </div>
   <div class='ocr_carea' id='block_1_93' title="bbox 2131 3391 3761 3450">
    <p class='ocr_par' dir='ltr' id='par_1_93' title="bbox 2131 3391 3761 3450">
     <span class='ocr_line' id='line_1_94' title="bbox 2131 3391 3761 3450; baseline 0.002 -4"><span class='ocrx_word' id='word_1_669' title='bbox 2131 3391 2234 3446; x_wconf 93' lang='lat' dir='ltr'>brii</span> <span class='ocrx_word' id='word_1_670' title='bbox 2265 3407 2545 3447; x_wconf 90' lang='lat' dir='ltr'>servorum</span> <span class='ocrx_word' id='word_1_671' title='bbox 2572 3399 2810 3449; x_wconf 91' lang='lat' dir='ltr'>tuorum.</span> <span class='ocrx_word' id='word_1_672' title='bbox 2842 3417 2860 3443; x_wconf 74' lang='grc' dir='ltr'>ι</span> <span class='ocrx_word' id='word_1_673' title='bbox 2895 3396 2957 3448; x_wconf 90' lang='lat' dir='ltr'>At</span> <span class='ocrx_word' id='word_1_674' title='bbox 2975 3393 3075 3448; x_wconf 83' lang='lat' dir='ltr'>lilii</span> <span class='ocrx_word' id='word_1_675' title='bbox 3108 3393 3274 3449; x_wconf 89' lang='lat' dir='ltr'>Belial</span> <span class='ocrx_word' id='word_1_676' title='bbox 3297 3395 3478 3449; x_wconf 89' lang='lat' dir='ltr'>acrius</span> <span class='ocrx_word' id='word_1_677' title='bbox 3494 3395 3584 3450; x_wconf 90' lang='lat' dir='ltr'>Dei</span> <span class='ocrx_word' id='word_1_678' title='bbox 3614 3395 3761 3450; x_wconf 80' lang='lat' dir='ltr'>fide-</span> 
     </span>
    </p>
   </div>
   <div class='ocr_carea' id='block_1_94' title="bbox 2132 3483 3761 3558">
    <p class='ocr_par' dir='ltr' id='par_1_94' title="bbox 2132 3483 3761 3558">
     <span class='ocr_line' id='line_1_95' title="bbox 2132 3483 3761 3558; baseline 0.002 -20"><span class='ocrx_word' id='word_1_679' title='bbox 2132 3483 2213 3539; x_wconf 90' lang='lat' dir='ltr'>les</span> <span class='ocrx_word' id='word_1_680' title='bbox 2241 3484 2602 3555; x_wconf 88' lang='lat' dir='ltr'>impetebant,</span> <span class='ocrx_word' id='word_1_681' title='bbox 2626 3493 2682 3540; x_wconf 91' lang='lat' dir='ltr'>et</span> <span class='ocrx_word' id='word_1_682' title='bbox 2706 3486 2858 3541; x_wconf 92' lang='lat' dir='ltr'>omni</span> <span class='ocrx_word' id='word_1_683' title='bbox 2895 3502 3098 3558; x_wconf 83' lang='lat' dir='ltr'>genere</span> <span class='ocrx_word' id='word_1_684' title='bbox 3152 3487 3388 3542; x_wconf 88' lang='lat' dir='ltr'>nocendi</span> <span class='ocrx_word' id='word_1_685' title='bbox 3421 3488 3761 3544; x_wconf 87' lang='lat' dir='ltr'>tribulabant</span> 
     </span>
    </p>
   </div>
   <div class='ocr_carea' id='block_1_95' title="bbox 2131 3575 3761 3650">
    <p class='ocr_par' dir='ltr' id='par_1_95' title="bbox 2131 3575 3761 3650">
     <span class='ocr_line' id='line_1_96' title="bbox 2131 3575 3761 3650; baseline 0.002 -21"><span class='ocrx_word' id='word_1_686' title='bbox 2131 3575 2478 3650; x_wconf 86' lang='lat' dir='ltr'>innocentes.</span> <span class='ocrx_word' id='word_1_687' title='bbox 2515 3576 2616 3644; x_wconf 83' lang='lat' dir='ltr'>illi,</span> <span class='ocrx_word' id='word_1_688' title='bbox 2645 3577 2848 3648; x_wconf 90' lang='lat' dir='ltr'>quibus</span> <span class='ocrx_word' id='word_1_689' title='bbox 2873 3593 2960 3631; x_wconf 88' lang='lat' dir='ltr'>res</span> <span class='ocrx_word' id='word_1_690' title='bbox 2979 3585 3096 3632; x_wconf 90' lang='lat' dir='ltr'>erat</span> <span class='ocrx_word' id='word_1_691' title='bbox 3121 3593 3217 3647; x_wconf 92' lang='lat' dir='ltr'>pro</span> <span class='ocrx_word' id='word_1_692' title='bbox 3246 3578 3453 3645; x_wconf 91' lang='lat' dir='ltr'>anima,</span> <span class='ocrx_word' id='word_1_693' title='bbox 3480 3589 3533 3632; x_wconf 92' lang='lat' dir='ltr'>et</span> <span class='ocrx_word' id='word_1_694' title='bbox 3556 3579 3761 3650; x_wconf 89' lang='lat' dir='ltr'>quibus</span> 
     </span>
    </p>
   </div>
   <div class='ocr_carea' id='block_1_96' title="bbox 2131 3665 3760 3737">
    <p class='ocr_par' dir='ltr' id='par_1_96' title="bbox 2131 3665 3760 3737">
     <span class='ocr_line' id='line_1_97' title="bbox 2131 3665 3760 3737; baseline 0.002 -17"><span class='ocrx_word' id='word_1_695' title='bbox 2131 3670 2246 3720; x_wconf 87' lang='lat' dir='ltr'>tota</span> <span class='ocrx_word' id='word_1_696' title='bbox 2273 3679 2400 3736; x_wconf 87' lang='lat' dir='ltr'>spes</span> <span class='ocrx_word' id='word_1_697' title='bbox 2450 3665 2506 3718; x_wconf 91' lang='lat' dir='ltr'>in</span> <span class='ocrx_word' id='word_1_698' title='bbox 2549 3665 2666 3720; x_wconf 90' lang='lat' dir='ltr'>sola</span> <span class='ocrx_word' id='word_1_699' title='bbox 2722 3666 3044 3721; x_wconf 89' lang='lat' dir='ltr'>innocentia</span> <span class='ocrx_word' id='word_1_700' title='bbox 3089 3666 3387 3737; x_wconf 89' lang='lat' dir='ltr'>pendebat,</span> <span class='ocrx_word' id='word_1_701' title='bbox 3436 3667 3760 3723; x_wconf 89' lang='lat' dir='ltr'>inconsulto</span> 
     </span>
    </p>
   </div>
   <div class='ocr_carea' id='block_1_97' title="bbox 2129 3756 3762 3829">
    <p class='ocr_par' dir='ltr' id='par_1_97' title="bbox 2129 3756 3762 3829">
     <span class='ocr_line' id='line_1_98' title="bbox 2129 3756 3762 3829; baseline 0.002 -18"><span class='ocrx_word' id='word_1_702' title='bbox 2129 3756 2393 3828; x_wconf 88' lang='lat' dir='ltr'>episcopo</span> <span class='ocrx_word' id='word_1_703' title='bbox 2422 3757 2588 3811; x_wconf 89' lang='lat' dir='ltr'>armis</span> <span class='ocrx_word' id='word_1_704' title='bbox 2616 3757 2834 3812; x_wconf 87' lang='lat' dir='ltr'>obviam</span> <span class='ocrx_word' id='word_1_705' title='bbox 2875 3759 2953 3812; x_wconf 91' lang='lat' dir='ltr'>ire</span> <span class='ocrx_word' id='word_1_706' title='bbox 2981 3765 3196 3829; x_wconf 88' lang='lat' dir='ltr'>parant,</span> <span class='ocrx_word' id='word_1_707' title='bbox 3229 3767 3288 3813; x_wconf 91' lang='lat' dir='ltr'>ut</span> <span class='ocrx_word' id='word_1_708' title='bbox 3338 3766 3432 3813; x_wconf 91' lang='lat' dir='ltr'>aut</span> <span class='ocrx_word' id='word_1_709' title='bbox 3470 3759 3762 3814; x_wconf 88' lang='lat' dir='ltr'>ulciscan-</span> 
     </span>
    </p>
   </div>
   <div class='ocr_carea' id='block_1_98' title="bbox 2129 3845 3760 3919">
    <p class='ocr_par' dir='ltr' id='par_1_98' title="bbox 2129 3845 3760 3919">
     <span class='ocr_line' id='line_1_99' title="bbox 2129 3845 3760 3919; baseline 0.002 -15"><span class='ocrx_word' id='word_1_710' title='bbox 2129 3856 2219 3904; x_wconf 93' lang='lat' dir='ltr'>tur</span> <span class='ocrx_word' id='word_1_711' title='bbox 2242 3865 2371 3904; x_wconf 90' lang='lat' dir='ltr'>suas</span> <span class='ocrx_word' id='word_1_712' title='bbox 2415 3849 2668 3919; x_wconf 90' lang='lat' dir='ltr'>injurias,</span> <span class='ocrx_word' id='word_1_713' title='bbox 2716 3860 2810 3905; x_wconf 92' lang='lat' dir='ltr'>aut</span> <span class='ocrx_word' id='word_1_714' title='bbox 2841 3867 2908 3906; x_wconf 91' lang='lat' dir='ltr'>ne</span> <span class='ocrx_word' id='word_1_715' title='bbox 2951 3851 3259 3907; x_wconf 91' lang='lat' dir='ltr'>moriantur</span> <span class='ocrx_word' id='word_1_716' title='bbox 3290 3852 3475 3908; x_wconf 90' lang='lat' dir='ltr'>inulti.</span> <span class='ocrx_word' id='word_1_717' title='bbox 3523 3845 3760 3908; x_wconf 77' lang='lat' dir='ltr'>Concur.</span> 
     </span>
    </p>
   </div>
   <div class='ocr_carea' id='block_1_99' title="bbox 2129 3946 3760 4018">
    <p class='ocr_par' dir='ltr' id='par_1_99' title="bbox 2129 3946 3760 4018">
     <span class='ocr_line' id='line_1_100' title="bbox 2129 3946 3760 4018; baseline 0.004 -20"><span class='ocrx_word' id='word_1_718' title='bbox 2129 3961 2250 3999; x_wconf 89' lang='lat' dir='ltr'>sum</span> <span class='ocrx_word' id='word_1_719' title='bbox 2282 3951 2385 4009; x_wconf 90' lang='lat' dir='ltr'>est,</span> <span class='ocrx_word' id='word_1_720' title='bbox 2421 3953 2722 4017; x_wconf 88' lang='lat' dir='ltr'>pugnatum</span> <span class='ocrx_word' id='word_1_721' title='bbox 2754 3954 2855 4000; x_wconf 86' lang='lat' dir='ltr'>est.</span> <span class='ocrx_word' id='word_1_722' title='bbox 2891 3946 3140 4017; x_wconf 82' lang='lat' dir='ltr'>Pugnant</span> <span class='ocrx_word' id='word_1_723' title='bbox 3178 3947 3254 4000; x_wconf 90' lang='lat' dir='ltr'>illi</span> <span class='ocrx_word' id='word_1_724' title='bbox 3289 3963 3386 4018; x_wconf 92' lang='lat' dir='ltr'>pro</span> <span class='ocrx_word' id='word_1_725' title='bbox 3418 3947 3760 4006; x_wconf 64' lang='lat' dir='ltr'>temeritate.</span> 
     </span>
    </p>
   </div>
   <div class='ocr_carea' id='block_1_100' title="bbox 2127 4035 3753 4108">
    <p class='ocr_par' dir='ltr' id='par_1_100' title="bbox 2127 4035 3753 4108">
     <span class='ocr_line' id='line_1_101' title="bbox 2127 4035 3753 4108; baseline 0.003 -20"><span class='ocrx_word' id='word_1_726' title='bbox 2127 4042 2440 4108; x_wconf 90' lang='lat' dir='ltr'>repugnant</span> <span class='ocrx_word' id='word_1_727' title='bbox 2477 4035 2563 4088; x_wconf 88' lang='lat' dir='ltr'>isti</span> <span class='ocrx_word' id='word_1_728' title='bbox 2599 4051 2696 4105; x_wconf 89' lang='lat' dir='ltr'>pro</span> <span class='ocrx_word' id='word_1_729' title='bbox 2729 4036 2935 4090; x_wconf 91' lang='lat' dir='ltr'>salute:</span> <span class='ocrx_word' id='word_1_730' title='bbox 2969 4036 3178 4090; x_wconf 90' lang='lat' dir='ltr'>Gallum</span> <span class='ocrx_word' id='word_1_731' title='bbox 3208 4044 3262 4091; x_wconf 90' lang='lat' dir='ltr'>et</span> <span class='ocrx_word' id='word_1_732' title='bbox 3296 4038 3573 4102; x_wconf 80' lang='lat' dir='ltr'>Rioldum,</span> <span class='ocrx_word' id='word_1_733' title='bbox 3604 4054 3753 4093; x_wconf 88' lang='lat' dir='ltr'>con-</span> 
     </span>
    </p>
   </div>
   <div class='ocr_carea' id='block_1_101' title="bbox 2129 4123 3761 4198">
    <p class='ocr_par' dir='ltr' id='par_1_101' title="bbox 2129 4123 3761 4198">
     <span class='ocr_line' id='line_1_102' title="bbox 2129 4123 3761 4198; baseline 0.003 -21"><span class='ocrx_word' id='word_1_734' title='bbox 2129 4123 2468 4198; x_wconf 86' lang='lat' dir='ltr'>sanguineos</span> <span class='ocrx_word' id='word_1_735' title='bbox 2495 4123 2761 4191; x_wconf 92' lang='lat' dir='ltr'>Dodonis,</span> <span class='ocrx_word' id='word_1_736' title='bbox 2794 4124 2937 4179; x_wconf 89' lang='lat' dir='ltr'>locat</span> <span class='ocrx_word' id='word_1_737' title='bbox 2975 4125 3240 4196; x_wconf 90' lang='lat' dir='ltr'>superbia</span> <span class='ocrx_word' id='word_1_738' title='bbox 3265 4126 3322 4179; x_wconf 91' lang='lat' dir='ltr'>in</span> <span class='ocrx_word' id='word_1_739' title='bbox 3371 4127 3546 4196; x_wconf 89' lang='lat' dir='ltr'>prima</span> <span class='ocrx_word' id='word_1_740' title='bbox 3577 4126 3761 4182; x_wconf 86' lang='lat' dir='ltr'>fronte</span> 
     </span>
    </p>
   </div>
   <div class='ocr_carea' id='block_1_102' title="bbox 2132 4217 3762 4292">
    <p class='ocr_par' dir='ltr' id='par_1_102' title="bbox 2132 4217 3762 4292">
     <span class='ocr_line' id='line_1_103' title="bbox 2132 4217 3762 4292; baseline 0.003 -21"><span class='ocrx_word' id='word_1_741' title='bbox 2132 4217 2287 4282; x_wconf 88' lang='lat' dir='ltr'>belli,</span> <span class='ocrx_word' id='word_1_742' title='bbox 2319 4218 2535 4273; x_wconf 91' lang='lat' dir='ltr'>Petrum</span> <span class='ocrx_word' id='word_1_743' title='bbox 2570 4226 2625 4274; x_wconf 93' lang='lat' dir='ltr'>et</span> <span class='ocrx_word' id='word_1_744' title='bbox 2669 4219 3027 4286; x_wconf 84' lang='lat' dir='ltr'>Audolecum,</span> <span class='ocrx_word' id='word_1_745' title='bbox 3057 4221 3501 4292; x_wconf 90' lang='lat' dir='ltr'>consanguineos</span> <span class='ocrx_word' id='word_1_746' title='bbox 3542 4237 3762 4292; x_wconf 60' lang='lat' dir='ltr'>praesuo</span> 
     </span>
    </p>
   </div>
   <div class='ocr_carea' id='block_1_103' title="bbox 2057 4284 3758 4386">
    <p class='ocr_par' dir='ltr' id='par_1_103' title="bbox 2057 4284 3758 4386">
     <span class='ocr_line' id='line_1_104' title="bbox 2057 4284 3758 4386; baseline 0.002 -20"><span class='ocrx_word' id='word_1_747' title='bbox 2057 4284 2113 4352; x_wconf 70' lang='grc' dir='ltr'><strong>Β</strong></span> <span class='ocrx_word' id='word_1_748' title='bbox 2135 4313 2219 4380; x_wconf 92' lang='lat' dir='ltr'>lis,</span> <span class='ocrx_word' id='word_1_749' title='bbox 2267 4329 2331 4367; x_wconf 91' lang='lat' dir='ltr'>ex</span> <span class='ocrx_word' id='word_1_750' title='bbox 2365 4314 2598 4369; x_wconf 90' lang='lat' dir='ltr'>adverso</span> <span class='ocrx_word' id='word_1_751' title='bbox 2631 4314 2686 4368; x_wconf 92' lang='lat' dir='ltr'>in</span> <span class='ocrx_word' id='word_1_752' title='bbox 2720 4315 2896 4386; x_wconf 91' lang='lat' dir='ltr'>prima</span> <span class='ocrx_word' id='word_1_753' title='bbox 2931 4315 3047 4370; x_wconf 91' lang='lat' dir='ltr'>acie</span> <span class='ocrx_word' id='word_1_754' title='bbox 3078 4316 3312 4386; x_wconf 90' lang='lat' dir='ltr'>opponit</span> <span class='ocrx_word' id='word_1_755' title='bbox 3353 4316 3587 4384; x_wconf 90' lang='lat' dir='ltr'>justitia.</span> <span class='ocrx_word' id='word_1_756' title='bbox 3619 4317 3758 4370; x_wconf 87' lang='lat' dir='ltr'>Galli</span> 
     </span>
    </p>
   </div>
   <div class='ocr_carea' id='block_1_104' title="bbox 2129 4407 3759 4482">
    <p class='ocr_par' dir='ltr' id='par_1_104' title="bbox 2129 4407 3759 4482">
     <span class='ocr_line' id='line_1_105' title="bbox 2129 4407 3759 4482; baseline 0.002 -22"><span class='ocrx_word' id='word_1_757' title='bbox 2129 4407 2396 4462; x_wconf 80' lang='lat' dir='ltr'>et-Rioldi</span> <span class='ocrx_word' id='word_1_758' title='bbox 2435 4407 2741 4480; x_wconf 82' lang='lat' dir='ltr'>degeneres</span> <span class='ocrx_word' id='word_1_759' title='bbox 2769 4408 2986 4466; x_wconf 90' lang='lat' dir='ltr'>animos</span> <span class='ocrx_word' id='word_1_760' title='bbox 3034 4409 3199 4463; x_wconf 92' lang='lat' dir='ltr'>timor</span> <span class='ocrx_word' id='word_1_761' title='bbox 3249 4409 3461 4482; x_wconf 87' lang='lat' dir='ltr'>arguit;</span> <span class='ocrx_word' id='word_1_762' title='bbox 3513 4410 3655 4464; x_wconf 90' lang='lat' dir='ltr'>Petri</span> <span class='ocrx_word' id='word_1_763' title='bbox 3701 4417 3759 4464; x_wconf 93' lang='lat' dir='ltr'>et</span> 
     </span>
    </p>
   </div>
   <div class='ocr_carea' id='block_1_105' title="bbox 2133 4496 3750 4570">
    <p class='ocr_par' dir='ltr' id='par_1_105' title="bbox 2133 4496 3750 4570">
     <span class='ocr_line' id='line_1_106' title="bbox 2133 4496 3750 4570; baseline 0.002 -20"><span class='ocrx_word' id='word_1_764' title='bbox 2133 4496 2394 4552; x_wconf 76' lang='lat' dir='ltr'>Audoleci</span> <span class='ocrx_word' id='word_1_765' title='bbox 2447 4498 2700 4552; x_wconf 87' lang='lat' dir='ltr'>dexteras</span> <span class='ocrx_word' id='word_1_766' title='bbox 2755 4497 2824 4552; x_wconf 87' lang='lat' dir='ltr'>ad</span> <span class='ocrx_word' id='word_1_767' title='bbox 2873 4498 3128 4551; x_wconf 79' lang='lat' dir='ltr'>virtutem</span> <span class='ocrx_word' id='word_1_768' title='bbox 3189 4497 3350 4570; x_wconf 88' lang='lat' dir='ltr'>erigit</span> <span class='ocrx_word' id='word_1_769' title='bbox 3409 4499 3750 4553; x_wconf 89' lang='lat' dir='ltr'>innocentia.</span> 
     </span>
    </p>
   </div>
   <div class='ocr_carea' id='block_1_106' title="bbox 2128 4589 3750 4662">
    <p class='ocr_par' dir='ltr' id='par_1_106' title="bbox 2128 4589 3750 4662">
     <span class='ocr_line' id='line_1_107' title="bbox 2128 4589 3750 4662; baseline 0.001 -18"><span class='ocrx_word' id='word_1_770' title='bbox 2128 4591 2314 4647; x_wconf 90' lang='lat' dir='ltr'>Virtus</span> <span class='ocrx_word' id='word_1_771' title='bbox 2366 4592 2700 4648; x_wconf 65' lang='lat' dir='ltr'>innocentiae.</span> <span class='ocrx_word' id='word_1_772' title='bbox 2748 4592 2897 4660; x_wconf 91' lang='lat' dir='ltr'>favit,</span> <span class='ocrx_word' id='word_1_773' title='bbox 2928 4589 3162 4647; x_wconf 80' lang='lat' dir='ltr'>victoria</span> <span class='ocrx_word' id='word_1_774' title='bbox 3203 4591 3370 4645; x_wconf 89' lang='lat' dir='ltr'>cessit</span> <span class='ocrx_word' id='word_1_775' title='bbox 3403 4590 3540 4662; x_wconf 90' lang='lat' dir='ltr'>parti</span> <span class='ocrx_word' id='word_1_776' title='bbox 3576 4591 3750 4646; x_wconf 89' lang='lat' dir='ltr'>eccle.</span> 
     </span>
    </p>
   </div>
   <div class='ocr_carea' id='block_1_107' title="bbox 2129 4682 3751 4754">
    <p class='ocr_par' dir='ltr' id='par_1_107' title="bbox 2129 4682 3751 4754">
     <span class='ocr_line' id='line_1_108' title="bbox 2129 4682 3751 4754; baseline -0.001 -16"><span class='ocrx_word' id='word_1_777' title='bbox 2129 4684 2392 4739; x_wconf 71' lang='lat' dir='ltr'>siasticze:</span> <span class='ocrx_word' id='word_1_778' title='bbox 2429 4684 2612 4738; x_wconf 89' lang='lat' dir='ltr'>Gallus</span> <span class='ocrx_word' id='word_1_779' title='bbox 2667 4700 2730 4738; x_wconf 90' lang='lat' dir='ltr'>ac</span> <span class='ocrx_word' id='word_1_780' title='bbox 2769 4683 3017 4750; x_wconf 84' lang='lat' dir='ltr'>Rioldus,</span> <span class='ocrx_word' id='word_1_781' title='bbox 3058 4682 3314 4738; x_wconf 89' lang='lat' dir='ltr'>factionis</span> <span class='ocrx_word' id='word_1_782' title='bbox 3344 4683 3551 4754; x_wconf 66' lang='lat' dir='ltr'>iniquae</span> <span class='ocrx_word' id='word_1_783' title='bbox 3596 4683 3751 4753; x_wconf 84' lang='lat' dir='ltr'>prin-</span> 
     </span>
    </p>
   </div>
   <div class='ocr_carea' id='block_1_108' title="bbox 2201 4849 3745 4926">
    <p class='ocr_par' dir='ltr' id='par_1_108' title="bbox 2201 4849 3745 4926">
     <span class='ocr_line' id='line_1_109' title="bbox 2201 4849 3745 4926; baseline 0.001 -22"><span class='ocrx_word' id='word_1_784' title='bbox 2201 4850 2379 4919; x_wconf 77' lang='lat'>(1056)</span> <span class='ocrx_word' id='word_1_785' title='bbox 2407 4851 2550 4926; x_wconf 72' lang='lat' dir='ltr'>Lege</span> <span class='ocrx_word' id='word_1_786' title='bbox 2571 4850 2777 4926; x_wconf 81' lang='lat' dir='ltr'>Achab.</span> <span class='ocrx_word' id='word_1_787' title='bbox 2812 4851 2987 4926; x_wconf 83' lang='lat' dir='ltr'>Hicin</span> <span class='ocrx_word' id='word_1_788' title='bbox 3017 4867 3118 4904; x_wconf 85' lang='lat' dir='ltr'>ms.</span> <span class='ocrx_word' id='word_1_789' title='bbox 3164 4856 3368 4926; x_wconf 33' lang='lat' dir='ltr'>nostro.</span> <span class='ocrx_word' id='word_1_790' title='bbox 3394 4849 3602 4926; x_wconf 77' lang='lat' dir='ltr'>deinde</span> <span class='ocrx_word' id='word_1_791' title='bbox 3643 4867 3745 4906; x_wconf 85' lang='lat' dir='ltr'>vox</span> 
     </span>
    </p>
   </div>
   <div class='ocr_carea' id='block_1_109' title="bbox 2130 4920 3582 4989">
    <p class='ocr_par' dir='ltr' id='par_1_109' title="bbox 2130 4920 3582 4989">
     <span class='ocr_line' id='line_1_110' title="bbox 2130 4920 3582 4989; baseline -0.002 -13"><span class='ocrx_word' id='word_1_792' title='bbox 2130 4937 2240 4976; x_wconf 90' lang='lat' dir='ltr'>una</span> <span class='ocrx_word' id='word_1_793' title='bbox 2270 4931 2362 4977; x_wconf 89' lang='lat' dir='ltr'>aut</span> <span class='ocrx_word' id='word_1_794' title='bbox 2390 4920 2559 4978; x_wconf 62' lang='lat' dir='ltr'>alte&#39;ra</span> <span class='ocrx_word' id='word_1_795' title='bbox 2589 4923 2814 4989; x_wconf 90' lang='lat' dir='ltr'>excidit,</span> <span class='ocrx_word' id='word_1_796' title='bbox 2847 4933 2906 4978; x_wconf 93' lang='lat' dir='ltr'>ut</span> <span class='ocrx_word' id='word_1_797' title='bbox 2936 4922 3091 4978; x_wconf 91' lang='lat' dir='ltr'>locus</span> <span class='ocrx_word' id='word_1_798' title='bbox 3121 4937 3324 4976; x_wconf 86' lang='lat' dir='ltr'>vacuus</span> <span class='ocrx_word' id='word_1_799' title='bbox 3356 4920 3582 4975; x_wconf 88' lang='lat' dir='ltr'>indicat.</span> 
     </span>
    </p>
   </div>
   <div class='ocr_carea' id='block_1_110' title="bbox 2200 4991 3741 5081">
    <p class='ocr_par' dir='ltr' id='par_1_110' title="bbox 2200 4991 3741 5081">
     <span class='ocr_line' id='line_1_111' title="bbox 2200 4991 3741 5081; baseline -0.001 -33"><span class='ocrx_word' id='word_1_800' title='bbox 2200 4993 2579 5081; x_wconf 41' lang='lat' dir='ltr'>(t057‘).ln_ms_.</span> <span class='ocrx_word' id='word_1_801' title='bbox 2613 4992 3106 5081; x_wconf 42' lang='lat' dir='ltr'>nostro‘me‘ndose</span> <span class='ocrx_word' id='word_1_802' title='bbox 3132 4993 3223 5081; x_wconf 72' lang='lat' dir='ltr'>hic</span> <span class='ocrx_word' id='word_1_803' title='bbox 3250 4991 3458 5081; x_wconf 73' lang='lat' dir='ltr'>legitur</span> <span class='ocrx_word' id='word_1_804' title='bbox 3479 4992 3741 5081; x_wconf 44' lang='lat' dir='ltr'>Allp‘aidis.</span> 
     </span>
    </p>
   </div>
   <div class='ocr_carea' id='block_1_111' title="bbox 2130 5063 3746 5140">
    <p class='ocr_par' dir='ltr' id='par_1_111' title="bbox 2130 5063 3746 5140">
     <span class='ocr_line' id='line_1_112' title="bbox 2130 5063 3746 5140; baseline 0.001 -21"><span class='ocrx_word' id='word_1_805' title='bbox 2130 5064 2296 5140; x_wconf 73' lang='lat' dir='ltr'>Porro</span> <span class='ocrx_word' id='word_1_806' title='bbox 2342 5064 2651 5140; x_wconf 36' lang='lat' dir='ltr'>bic‘incipit</span> <span class='ocrx_word' id='word_1_807' title='bbox 2683 5065 3007 5140; x_wconf 87' lang='lat' dir='ltr'>Sigebertus</span> <span class='ocrx_word' id='word_1_808' title='bbox 3053 5070 3244 5140; x_wconf 68' lang='lat' dir='ltr'>contra</span> <span class='ocrx_word' id='word_1_809' title='bbox 3293 5063 3649 5140; x_wconf 78' lang='lat' dir='ltr'>Godescbalci</span> <span class='ocrx_word' id='word_1_810' title='bbox 3682 5081 3746 5121; x_wconf 86' lang='lat' dir='ltr'>ac</span> 
     </span>
    </p>
   </div>
   <div class='ocr_carea' id='block_1_112' title="bbox 2130 5135 3743 5206">
    <p class='ocr_par' dir='ltr' id='par_1_112' title="bbox 2130 5135 3743 5206">
     <span class='ocr_line' id='line_1_113' title="bbox 2130 5135 3743 5206; baseline 0.001 -17"><span class='ocrx_word' id='word_1_811' title='bbox 2130 5136 2392 5206; x_wconf 90' lang='lat' dir='ltr'>Stephani</span> <span class='ocrx_word' id='word_1_812' title='bbox 2435 5135 2599 5190; x_wconf 86' lang='lat' dir='ltr'>fidem</span> <span class='ocrx_word' id='word_1_813' title='bbox 2643 5135 2838 5191; x_wconf 75' lang='lat' dir='ltr'>novam</span> <span class='ocrx_word' id='word_1_814' title='bbox 2885 5135 3132 5206; x_wconf 87' lang='lat' dir='ltr'>martyrii</span> <span class='ocrx_word' id='word_1_815' title='bbox 3181 5137 3234 5191; x_wconf 92' lang='lat' dir='ltr'>S.</span> <span class='ocrx_word' id='word_1_816' title='bbox 3294 5135 3568 5190; x_wconf 84' lang='lat' dir='ltr'>Lamberti</span> <span class='ocrx_word' id='word_1_817' title='bbox 3612 5151 3743 5191; x_wconf 88' lang='lat' dir='ltr'>cau-</span> 
     </span>
    </p>
   </div>
   <div class='ocr_carea' id='block_1_113' title="bbox 2129 5207 2642 5262">
    <p class='ocr_par' dir='ltr' id='par_1_113' title="bbox 2129 5207 2642 5262">
     <span class='ocr_line' id='line_1_114' title="bbox 2129 5207 2642 5262; baseline -0.004 0"><span class='ocrx_word' id='word_1_818' title='bbox 2129 5223 2244 5262; x_wconf 87' lang='lat' dir='ltr'>sam</span> <span class='ocrx_word' id='word_1_819' title='bbox 2276 5207 2642 5262; x_wconf 90' lang='lat' dir='ltr'>comminisci.</span> 
     </span>
    </p>
   </div>
   <div class='ocr_carea' id='block_1_114' title="bbox 2205 5276 3744 5351">
    <p class='ocr_par' dir='ltr' id='par_1_114' title="bbox 2205 5276 3744 5351">
     <span class='ocr_line' id='line_1_115' title="bbox 2205 5276 3744 5351; baseline 0.002 -20"><span class='ocrx_word' id='word_1_820' title='bbox 2205 5279 2380 5346; x_wconf 84' lang='lat'>(1058)</span> <span class='ocrx_word' id='word_1_821' title='bbox 2409 5279 2615 5334; x_wconf 90' lang='lat' dir='ltr'>Gallum</span> <span class='ocrx_word' id='word_1_822' title='bbox 2644 5285 2696 5333; x_wconf 88' lang='lat' dir='ltr'>et</span> <span class='ocrx_word' id='word_1_823' title='bbox 2730 5277 2979 5351; x_wconf 80' lang='lat' dir='ltr'>Rioldum</span> <span class='ocrx_word' id='word_1_824' title='bbox 3011 5276 3256 5351; x_wconf 86' lang='lat' dir='ltr'>Dodonis</span> <span class='ocrx_word' id='word_1_825' title='bbox 3283 5277 3744 5351; x_wconf 86' lang='lat' dir='ltr'>consanguineos</span> 
     </span>
    </p>
   </div>
   <div class='ocr_carea' id='block_1_115' title="bbox 2132 5348 3742 5421">
    <p class='ocr_par' dir='ltr' id='par_1_115' title="bbox 2132 5348 3742 5421">
     <span class='ocr_line' id='line_1_116' title="bbox 2132 5348 3742 5421; baseline 0 -17"><span class='ocrx_word' id='word_1_826' title='bbox 2132 5349 2303 5404; x_wconf 87' lang='lat' dir='ltr'>fuisse</span> <span class='ocrx_word' id='word_1_827' title='bbox 2326 5360 2382 5404; x_wconf 91' lang='lat' dir='ltr'>et</span> <span class='ocrx_word' id='word_1_828' title='bbox 2410 5351 2815 5419; x_wconf 87' lang='lat' dir='ltr'>Trajectensem</span> <span class='ocrx_word' id='word_1_829' title='bbox 2848 5348 3140 5404; x_wconf 92' lang='lat' dir='ltr'>ecclesiam</span> <span class='ocrx_word' id='word_1_830' title='bbox 3182 5349 3388 5420; x_wconf 88' lang='lat' dir='ltr'>rapinis</span> <span class='ocrx_word' id='word_1_831' title='bbox 3413 5348 3536 5403; x_wconf 75' lang='lat' dir='ltr'>suis</span> <span class='ocrx_word' id='word_1_832' title='bbox 3561 5350 3742 5421; x_wconf 62' lang='lat' dir='ltr'>gravi-</span> 
     </span>
    </p>
   </div>
   <div class='ocr_carea' id='block_1_116' title="bbox 2129 5421 3736 5490">
    <p class='ocr_par' dir='ltr' id='par_1_116' title="bbox 2129 5421 3736 5490">
     <span class='ocr_line' id='line_1_117' title="bbox 2129 5421 3736 5490; baseline -0.001 -13"><span class='ocrx_word' id='word_1_833' title='bbox 2129 5428 2214 5477; x_wconf 88' lang='lat' dir='ltr'>ter</span> <span class='ocrx_word' id='word_1_834' title='bbox 2241 5421 2520 5487; x_wconf 87' lang='lat' dir='ltr'>afﬂixisse,</span> <span class='ocrx_word' id='word_1_835' title='bbox 2572 5421 2766 5476; x_wconf 89' lang='lat' dir='ltr'>didicit</span> <span class='ocrx_word' id='word_1_836' title='bbox 2801 5437 2866 5475; x_wconf 88' lang='lat' dir='ltr'>ex</span> <span class='ocrx_word' id='word_1_837' title='bbox 2897 5421 3267 5476; x_wconf 85' lang='lat' dir='ltr'>Godeschalco</span> <span class='ocrx_word' id='word_1_838' title='bbox 3307 5428 3360 5474; x_wconf 83' lang='lat' dir='ltr'>et</span> <span class='ocrx_word' id='word_1_839' title='bbox 3404 5421 3688 5490; x_wconf 89' lang='lat' dir='ltr'>Stephano</span> <span class='ocrx_word' id='word_1_840' title='bbox 3723 5441 3736 5476; x_wconf 90' lang='lat'><strong>:</strong></span> 
     </span>
    </p>
   </div>
   <div class='ocr_carea' id='block_1_117' title="bbox 2129 5491 3739 5565">
    <p class='ocr_par' dir='ltr' id='par_1_117' title="bbox 2129 5491 3739 5565">
     <span class='ocr_line' id='line_1_118' title="bbox 2129 5491 3739 5565; baseline 0 -17"><span class='ocrx_word' id='word_1_841' title='bbox 2129 5509 2335 5565; x_wconf 83' lang='lat' dir='ltr'>verum</span> <span class='ocrx_word' id='word_1_842' title='bbox 2376 5493 2430 5546; x_wconf 91' lang='lat' dir='ltr'>hi</span> <span class='ocrx_word' id='word_1_843' title='bbox 2457 5492 2664 5548; x_wconf 89' lang='lat' dir='ltr'>nullam</span> <span class='ocrx_word' id='word_1_844' title='bbox 2705 5491 2988 5565; x_wconf 82' lang='lat' dir='ltr'>affligendi</span> <span class='ocrx_word' id='word_1_845' title='bbox 3022 5507 3245 5548; x_wconf 90' lang='lat' dir='ltr'>causam</span> <span class='ocrx_word' id='word_1_846' title='bbox 3289 5493 3598 5563; x_wconf 86' lang='lat' dir='ltr'>assignant,</span> <span class='ocrx_word' id='word_1_847' title='bbox 3637 5509 3739 5548; x_wconf 90' lang='lat' dir='ltr'>nec</span> 
     </span>
    </p>
   </div>
   <div class='ocr_carea' id='block_1_118' title="bbox 2128 5563 3044 5638">
    <p class='ocr_par' dir='ltr' id='par_1_118' title="bbox 2128 5563 3044 5638">
     <span class='ocr_line' id='line_1_119' title="bbox 2128 5563 3044 5638; baseline -0.001 -21"><span class='ocrx_word' id='word_1_848' title='bbox 2128 5563 2372 5635; x_wconf 84' lang='lat' dir='ltr'>Alpaidis</span> <span class='ocrx_word' id='word_1_849' title='bbox 2386 5581 2628 5638; x_wconf 89' lang='lat' dir='ltr'>unquam</span> <span class='ocrx_word' id='word_1_850' title='bbox 2651 5563 3044 5620; x_wconf 74' lang='lat' dir='ltr'>meminerunt.</span> 
     </span>
    </p>
   </div>
  </div>
