3948 6044
175 227 292 284 801

1381 227 1533 284 VITA
1573 226 1832 285 ALTERA
1872 225 1928 282 S.
1972 220 2325 282 LAMBERTI.

3415 233 3522 292 802

175 356 360 432 cipes,
401 355 528 411 caesi
559 360 861 426 oppetunt;
906 354 1101 410 Petrus
1129 360 1294 427 atque
1335 357 1663 425 Audolecus,
1699 358 1800 414 Ee—
1824 361 1878 430 Α
1901 355 2124 426 Vesperi
2148 359 2378 426 parente
2394 354 2572 410 redire
2589 355 2875 427 episcopo,
2895 358 2944 413 ei
2982 375 3082 430 per
3108 361 3523 434 suggestionem

178 451 368 508 clesiae
406 450 682 516 vindices,
715 449 964 505 referunt
1000 450 1262 505 vexillum
1317 451 1560 507 victoriae
1599 451 1800 523 (1059)·

153 545 412 601 -Confusi
446 551 572 600 sunt
604 544 781 615 impii,
825 561 929 598 nec
960 543 1332 608 erubuerunt;
1373 545 1500 600 victi
1531 552 1679 612 sunt,
1709 544 1805 599 sed

181 637 474 712 defatigati
507 651 618 690 non
649 642 971 690 cesserunt:
1004 634 1156 690 Dodo
1183 635 1351 700 enim,
1382 635 1476 706 qui
1518 634 1692 690 fuerat
1721 633 1807 688 in-

175 723 382 785 centor
411 728 657 784 omnium
709 728 973 782 malorum
1011 727 1122 796 jam
1155 733 1211 782 et
1240 727 1359 798 ipse
1387 726 1624 783 efficitur
1652 726 1810 794 belli,

183 827 401 884 auctor,
434 827 488 873 et
509 817 882 888 vilipendens,
921 815 1072 888 quod
1110 817 1178 872 de
1208 815 1588 872 sacerdotibus
1609 816 1808 872 dicitur

183 910 281 981 exi
287 926 384 966 ore
411 909 540 964 Dei:
579 930 603 960 (ι
646 908 748 974 Qui
791 909 965 982 tangit
1002 924 1119 975 vos,
1151 909 1325 981 tangit
1368 907 1629 979 pupillam
1660 906 1806 963 oculi

183 1003 340 1067 mei;
384 987 723 1072 {grassatur
778 1000 834 1054 in
889 999 1066 1070 ipsum
1118 1005 1283 1070 caput
1311 999 1484 1054 sancti
1534 999 1806 1070 episcOpi,

189 1093 431 1147 devovet
462 1106 587 1145 eum
635 1090 819 1157 morti,
853 1089 907 1144 in
941 1105 1066 1145 eum
1098 1089 1275 1145 solum
1309 1096 1588 1161 retorquet
1632 1104 1806 1160 nepo-

186 1191 304 1240 tum
339 1199 562 1239 suorum
593 1182 885 1238 ultionem.

257 1277 348 1332 43.
385 1275 651 1347 Pippinus
681 1275 943 1346 princeps
975 1274 1084 1329 illis
1115 1275 1313 1331 diebus
1343 1273 1598 1346 JOpiliam
1633 1273 1808 1345 (1060)

183 1371 438 1430 venerat,
470 1365 538 1418 ad
582 1362 764 1418 villam
817 1362 1032 1436 Leggiaa
1077 1363 1416 1435 contiguam,
1447 1362 1540 1418 ubi
1575 1362 1658 1417 vir
1683 1379 1814 1418 san-

1905 447 2120 517 pellicis
2169 463 2200 501 a
2236 447 2485 518 principe
2519 448 2767 519 jubetur,
2812 466 2881 505 ne
2914 451 3073 506 abeat
3103 452 3395 508 insalutata
3425 470 3525 510 sua

1905 539 2162 612 conjuge.

1978 635 2069 688 45.
2112 633 2436 704 Episcopus,
2493 635 2755 708 loquente
2786 637 2843 691 in
2892 654 2950 693 se
3001 639 3206 711 Spiritu
3259 641 3526 711 veritatis,

1909 729 2125 796 Testor,
2155 728 2250 792 ait,
2278 743 2311 782 o
2335 729 2571 783 maxime
2607 730 2884 803 princeps,
2930 741 3100 790 testor
3136 753 3265 791 vere
3317 737 3528 804 Jesum,

1906 836 2060 892 spem
2104 819 2226 874 vitae
2253 827 2476 887 nostrae,
2509 838 2597 876 me
2626 839 2906 895 nunquam
2941 825 3248 882 fornicariae
3275 844 3530 884 commu-

1908 909 2246 973 nicaturum;
2279 910 2407 980 quia
2439 911 2715 967 mandavit
2744 913 2905 968 nobis
2937 914 3168 970 Paulus:
3212 937 3235 966 (ι
3279 917 3355 971 Ne
3385 933 3532 972 com-

1909 996 2252 1051 misceamini
2280 997 2608 1054 fornicariis.
2650 1025 2672 1046 ιο
2699 999 2908 1068 Testor,
2944 1002 3191 1073 inquam,
3225 1005 3416 1069 Deum,
3443 1021 3531 1060 me

1911 1103 2192 1159 nunquam
2225 1103 2344 1142 eam
2389 1089 2778 1156 salutaturum;
2811 1092 2941 1163 quia
2984 1093 3099 1148 seio
3143 1093 3350 1150 dixisse
3391 1095 3533 1149 ami-

1913 1190 2037 1231 cum
2088 1175 2185 1230 Dei
2209 1176 2511 1232 Joannem:
2557 1203 2582 1225 α
2615 1178 2670 1233 Si
2700 1179 2824 1250 quis
2869 1196 2980 1235 non
3008 1189 3295 1252 permanet
3345 1182 3400 1236 in
3429 1183 3533 1239 do-

1911 1269 2088 1325 ctrina
2119 1268 2336 1335 Christi,
2370 1285 2480 1324 non
2512 1286 2639 1325 eum
2673 1272 2978 1342 recipiatis,
3011 1289 3114 1329 nec
3142 1291 3241 1329 ave
3286 1275 3336 1330 ei
3379 1275 3536 1331 dixe-

1913 1361 2058 1416 ritis:
2089 1361 2184 1433 qui
2237 1361 2384 1416 enim
2427 1361 2560 1416 dicit
2587 1361 2664 1416 illi
2709 1379 2826 1429 ave,
2869 1365 3241 1420 communicat
3265 1366 3534 1436 operibus

184 1465 334 1525 ctus,
367 1458 522 1529 quasi
550 1472 652 1528 pro
691 1457 843 1527 regni
885 1456 1107 1529 negotio
1135 1457 1204 1511 ad
1233 1457 1353 1526 ejus
1382 1457 1587 1513 curiam
1616 1457 1817 1512 invita-
1916 1457 2066 1511 illius
2119 1456 2394 1531 malignis.
2429 1479 2449 1506 ι
2485 1457 2558 1510 Te
2608 1456 2659 1510 ei
2689 1459 3098 1515 communicare
3155 1460 3319 1515 nimis
3347 1461 3532 1530 doleo,

186 1560 302 1616 tus,
362 1566 515 1606 suam
567 1549 918 1621 praesentiam
967 1564 1080 1604 non
1137 1550 1377 1624 negavit.
1448 1550 1710 1622 Princeps
1761 1557 1817 1606 et
1916 1556 1971 1604 te
2003 1548 2153 1603 nolle
2174 1548 2504 1620 resipiscere
2530 1564 2676 1622 aegre
2707 1547 2854 1615 fero;
2889 1559 3114 1621 propter
3139 1551 3242 1606 hoc
3269 1552 3364 1606 Dei
3397 1554 3532 1608 iram

189 1640 471 1712 principis
511 1639 695 1710 pellex
733 1639 939 1694 vultum
991 1648 1255 1694 serenant
1293 1646 1483 1695 contra
1524 1655 1682 1705 eum;
1723 1639 1817 1694 alii
1842 1665 1894 1732 Β
1919 1640 2019 1695 tibi
2047 1641 2235 1696 timeo.
2265 1641 2448 1696 Pellex
2472 1641 2638 1712 igitur
2665 1641 3073 1708 videns,causae
3102 1659 3214 1697 suae
3243 1643 3382 1698 nihil
3413 1660 3534 1700 esse

190 1731 331 1786 iram
367 1732 738 1794 dissimulant,
782 1729 1048 1785 simulant
1077 1731 1170 1785 alii
1230 1732 1496 1796 laetitiam,
1527 1731 1685 1786 multi
1719 1747 1816 1803 pro

189 1833 295 1872 suo
327 1818 566 1889 quisque
619 1816 846 1872 arbitrio
887 1817 1136 1873 habitum
1188 1819 1372 1875 cordis
1420 1819 1651 1874 variant.
1685 1820 1819 1874 Tra-

188 1903 376 1958 ctabat
407 1911 586 1958 autem
629 1904 809 1974 pellex
839 1911 1151 1975 opportune
1199 1906 1441 1978 aliquem
1474 1923 1668 1977 parare
1709 1907 1817 1962 sibi

191 2008 558 2071 precatorem,
589 2016 689 2071 per
717 2002 875 2070 cujus
925 2001 1297 2058 interventum
1332 2010 1518 2074 posset
1546 2002 1651 2058 sibi
1681 2018 1820 2059 con-

197 2093 388 2148 ciliare
415 2095 662 2148 animum
695 2093 965 2164 epise0pi,
1008 2093 1094 2149 vel
1142 2095 1334 2149 saltem
1390 2095 1458 2149 ab
1509 2095 1821 2166 importuna

195 2185 636 2255 reprehensione
677 2185 945 2256 principis
1002 2185 1482 2258 inpraesentiarum
1545 2186 1816 2261 mitigare.

197 2275 521 2331 Convivium
565 2282 886 2347 apparatur;
930 2275 1193 2330 invitatur
1245 2276 1572 2347 episcopus;
1616 2276 1821 2345 jucun-

199 2372 364 2426 datur
397 2388 624 2442 prorsus
679 2371 861 2426 omnis
903 2371 1126 2425 curialis
1169 2370 1501 2444 frequentia.
1562 2371 1822 2443 Princeps

199 2459 449 2515 oblatum
482 2460 587 2514 sibi
616 2477 646 2514 a
681 2459 949 2531 pincerna
981 2459 1237 2530 poculum
1271 2459 1453 2516 innuit
1481 2458 1820 2515 afferendum

196 2570 327 2618 esse
358 2554 642 2624 episcOpo,
679 2553 889 2608 ducens
914 2553 1328 2609 benedictionis
1349 2554 1490 2622 vice,
1513 2555 1558 2609 si
1592 2555 1662 2609 de
1687 2570 1825 2610 con-

197 2653 414 2700 secrata
472 2644 651 2700 sancti
698 2644 946 2716 episcOpi
1000 2662 1167 2700 manu
1209 2645 1466 2717 poculum
1525 2647 1822 2717 acciperet,

202 2737 354 2809 quod
402 2737 533 2792 olim
574 2754 606 2792 a
649 2738 900 2799 Martino,
955 2737 1263 2792 Turonensi
1296 2737 1582 2810 episc0po,
1615 2738 1827 2794 sciebat

204 2831 472 2904 quaesisse
500 2832 789 2887 Maximum
824 2832 1214 2903 imperatorem
1255 2832 1460 2904 (1061).
1501 2832 1606 2888 Sed
1640 2832 1828 2904 Pippi-

209 2940 316 2979 nus
345 2925 612 2994 majorem
653 2924 1100 2981 benedictionem
1159 2941 1186 2979 a
1220 2925 1518 2981 Lantberto
1547 2926 1826 2997 percepis-

1919 1735 2140 1806 reliqui,
2166 1735 2527 1806 jamjamque,
2561 1735 2605 1788 si
2645 1735 2742 1791 diu
2804 1737 3022 1792 advnvat
3073 1737 3422 1804 Lantbertus,
3466 1740 3538 1794 ti-

1919 1839 2077 1878 mens
2115 1823 2222 1878 sibi
2257 1823 2546 1878 imminere
2582 1824 2902 1892 divortium,
2936 1841 3047 1880 rem
3090 1833 3258 1882 totam
3291 1828 3534 1883 seriatim

1919 1916 2071 1972 fratri
2103 1917 2310 1973 furioso
2335 1917 2582 1984 mandat,
2608 1927 2663 1972 et
2693 1918 2877 1973 oleum
2919 1919 3134 1975 camino
3165 1921 3394 1988 addens,
3427 1922 3537 1977 ob-

1920 2015 2170 2076 testatur,
2204 2014 2264 2063 ut
2303 2008 2630 2079 quantocius
2661 2015 2786 2082 agat
2816 2008 2886 2062 de
2912 2009 3218 2065 occidendo
3251 2010 3534 2082 episcopo,

1920 2105 2197 2169 Dolorem,
2230 2121 2394 2176 quem
2427 2105 2578 2160 Dodo
2609 2104 2845 2159 habebat
2866 2105 2936 2158 de
2962 2121 3097 2160 nece
3123 2115 3385 2176 nepotum
3409 2123 3539 2162 suo-

1921 2213 2065 2265 rum,
2094 2196 2462 2270 exaggerabat
2491 2195 2802 2270 geminatus
2832 2196 2901 2250 de
2934 2197 3154 2267 repulsa
3183 2197 3387 2252 sororis
3424 2213 3540 2252 suae

1922 2286 2115 2352 dolor;
2153 2287 2378 2357 jamque
2408 2285 2462 2339 in
2497 2286 2603 2340 hoc
2631 2292 2778 2341 totus
2805 2293 2947 2352 erat,
2996 2294 3056 2340 ut
3113 2286 3220 2340 sibi
3251 2293 3309 2340 et
3365 2287 3537 2342 sorori

1922 2394 2038 2432 suae
2077 2378 2438 2432 satisfaceret.

1993 2465 2078 2520 46.
2115 2465 2300 2520 Prmco
2335 2463 2584 2519 veritatis
2639 2464 2990 2532 Lantbertus,
3047 2465 3155 2534 jam
3187 2467 3421 2522 tendens
3473 2468 3542 2523 ad

1925 2553 2174 2609 bravium
2194 2569 2451 2624 supernae
2477 2553 2798 2613 vocationis.
2820 2561 3048 2610 venerat
3071 2555 3364 2622 Leodium;
3393 2556 3546 2614 Dodo

1924 2658 2054 2698 vero
2101 2642 2169 2697 ad
2218 2642 2397 2698 vicum
2456 2643 2720 2698 Auridum
2776 2653 3100 2713 secesserat,
3156 2647 3288 2701 satis
3343 2647 3545 2703 Leodio

1926 2732 2276 2806 contiguum:
2321 2739 2478 2803 parat
2509 2749 2678 2795 arma,
2739 2734 2921 2788 socios
2954 2743 3235 2808 aggregat,
3293 2752 3324 2790 a
3376 2737 3543 2792 domo

1927 2819 2090 2882 etiam
2123 2826 2294 2899 regia,
2317 2843 2418 2882 suo
2448 2827 2533 2882 vel
2565 2827 2769 2882 sororis
2798 2844 2910 2882 suae
2942 2829 3166 2883 nomine
3197 2838 3548 2901 comparatos

1927 2924 2120 2972 evocat
2139 2915 2476 2972 auxiliarios.
2511 2916 2801 2972 Dilationis
2832 2933 3013 2972 moras
3040 2919 3177 2984 odit,
3202 2919 3310 2974 iras
3337 2920 3548 2994 colligit

204 3019 311 3078 set,
343 3029 507 3085 quam
547 3013 812 3068 Maximus
862 3013 1161 3084 imperator
1198 3030 1229 3068 a
1286 3013 1517 3070 Martino
1559 3013 1826 3085 percepit,
1853 3035 1904 3105 Ο
1929 3010 2259 3079 diﬁerendo,
2301 3011 2591 3068 irascendo
2627 3011 2882 3068 stimulos
2911 3012 3110 3069 furoris
3139 3014 3207 3068 ad
3234 3021 3412 3071 cotem
3437 3016 3544 3070 du-

202 3105 250 3160 si
283 3106 444 3160 talem
467 3107 694 3181 gratiam
725 3105 871 3176 apud
906 3105 1258 3160 Lantbertum
1303 3119 1444 3162 uxor
1471 3105 1688 3177 Pippini
1718 3122 1829 3162 me-

210 3189 414 3254 ruisset
443 3198 665 3270 qualem
697 3199 846 3270 apud
875 3197 1166 3254 Martinum
1195 3215 1333 3256 uxor
1361 3199 1578 3254 Maximi
1609 3214 1826 3270 prome-

206 3291 320 3348 ruit
352 3293 553 3363 (1062).

277 3389 366 3443 44.
404 3387 667 3443 Martinus
728 3388 976 3444 melioris
1027 3388 1262 3444 Maximo
1318 3388 1650 3460 imperatore
1678 3389 1830 3444 msti-

207 3477 374 3532 mavit
424 3476 810 3548 presbyterum
871 3495 1056 3544 suum,
1097 3478 1185 3533 cui
1248 3477 1508 3548 poculum
1559 3477 1824 3548 porrexit.

207 3576 334 3624 ante
376 3583 600 3642 regem;
647 3568 976 3624 Lantbertus
1029 3569 1242 3624 nullum
1288 3569 1524 3640 Pippino
1566 3569 1822 3639 praetulit.

206 3657 528 3728 Exemplum
560 3657 829 3728 principis
853 3657 1029 3713 secuti
1051 3657 1294 3713 minores
1325 3673 1603 3728 proceres,
1631 3673 1829 3714 omnes

205 3769 239 3807 a
276 3759 464 3806 sancta
493 3767 658 3806 manu
690 3751 865 3806 sancti
892 3751 1141 3822 episcopi
1172 3752 1430 3823 poculum
1458 3752 1563 3808 sibi
1624 3751 1832 3828 porrigi

208 3843 531 3919 efﬂagitant.
567 3844 702 3898 Dum
731 3843 798 3898 ad
829 3843 936 3898 hoc
960 3858 1156 3898 omnes
1186 3843 1388 3898 mistim
1420 3844 1656 3909 irruunt,
1691 3850 1746 3900 et
1771 3860 1830 3900 se

208 3935 442 3991 confuse
486 3935 764 4007 ingerunt,
800 3940 858 3990 ut
884 3935 1024 3990 alter
1061 3934 1294 3990 alterum
1338 3936 1668 4007 praeveniat;
1703 3951 1831 3992 ecce

209 4023 390 4095 pellex
421 4039 520 4078 sua
551 4039 716 4077 manu
746 4022 1056 4078 clanculum
1089 4023 1348 4078 manibus
1389 4025 1623 4080 aliorum
1655 4025 1830 4080 inter-

207 4113 388 4175 mista,
421 4111 704 4184 satagebat
733 4110 819 4165 vel
852 4110 930 4165 sic
961 4109 1030 4165 de
1052 4126 1218 4165 manu
1250 4111 1497 4182 episCOpi
1532 4111 1832 4182 praeripere

208 4200 489 4272 poculum.
525 4199 621 4253 llle
653 4205 776 4253 ante
810 4207 865 4253 et
895 4205 1040 4253 retro
1071 4199 1343 4265 oculatus,
1386 4200 1642 4269 praecavit
1671 4199 1835 4254 femi-

208 4305 343 4343 neas
372 4288 600 4342 insidias
652 4286 875 4342 callenti
921 4287 1126 4354 animo,
1169 4293 1224 4342 et
1249 4288 1318 4342 ad
1360 4287 1666 4359 principem
1695 4303 1833 4344 con-

1928 3103 2132 3160 rissimi
2176 3103 2358 3160 cordis
2413 3104 2578 3160 acuit.
2629 3104 2954 3160 Lantbertus
3012 3105 3232 3162 interim
3275 3123 3544 3178 praescius
3649 3146 3668 3158 .

1929 3192 2136 3247 instare
2192 3208 2349 3248 suum
2409 3208 2686 3267 agonem,
2736 3201 2953 3249 noctem
3023 3195 3174 3250 illam
3236 3195 3546 3252 insomnem

1929 3281 2104 3347 duxit,
2168 3296 2278 3336 non
2336 3281 2467 3352 quia
2527 3289 2799 3338 terrerent
2853 3298 2976 3337 eum
3033 3283 3216 3355 aliqua
3271 3285 3546 3342 insomnia

1929 3374 2121 3430 mortis
2173 3374 2269 3429 sed
2323 3374 2451 3444 quia
2502 3389 2601 3444 spe
2653 3376 3074 3446 pmoccupabat
3113 3377 3293 3432 futura
3341 3379 3546 3449 quietis

1928 3465 2144 3539 gaudia.
2190 3466 2248 3518 In
2281 3465 2400 3536 ipso
2428 3481 2665 3536 namque
2683 3467 2983 3522 conticinio
3016 3469 3194 3524 noctis
3223 3485 3456 3540 surgens
3479 3470 3549 3525 ad

1929 3555 2302 3612 confitendum
2336 3555 2587 3622 Domino,
2619 3557 2871 3629 angelico
2912 3573 2972 3613 se
3004 3559 3060 3612 in
3091 3560 3252 3614 terris
3279 3559 3550 3632 obsequio

1931 3646 2242 3703 exercebat.
2269 3647 2407 3702 Hora
2433 3647 2777 3702 celebranda:
2811 3655 3094 3703 nocturnae
3115 3648 3334 3720 synaxis
3364 3649 3550 3721 (1064)

1933 3736 2180 3790 excitatis
2209 3735 2517 3807 discipulis,
2542 3736 2645 3791 ait:
2680 3736 2898 3811 Surgite
2921 3736 3096 3803 ocius,
3127 3737 3381 3807 promisit
3406 3738 3553 3793 Deus

1934 3842 2192 3882 coronam
2209 3827 2578 3899 vigilantibus.
2615 3827 2808 3884 Officio
2837 3829 3079 3900 expleto,
3110 3829 3299 3885 caeteri
3331 3844 3388 3884 se
3410 3829 3553 3886 lecto

1933 3920 2200 3987 reddunt;
2243 3921 2364 3990 ipse
2408 3926 2628 3990 praestat
2672 3921 2830 3991 [forte
2881 3921 3103 3993 perstat]
3167 3923 3298 3978 boni
3365 3923 3554 3995 Operis

1933 4025 2151 4065 cursum
2226 4009 2686 4064 consummando.
2759 4008 2910 4064 Circa
2981 4010 3365 4081 crepusculum
3430 4027 3554 4068 cor-

1937 4115 2071 4171 pore
2098 4099 2412 4171 corruptivo
2465 4107 2797 4175 aggravante
2839 4101 3101 4170 animam,
3166 4103 3332 4174 coepit
3369 4119 3557 4158 exem-

1936 4188 2028 4258 plo
2064 4188 2281 4243 Domini
2339 4187 2522 4243 euntis
2557 4188 2626 4242 ad
2676 4189 2989 4260 passionem
3052 4190 3275 4258 taedere,
3338 4199 3393 4246 et
3422 4207 3556 4248 ocu-

1935 4284 2003 4338 lis
2067 4284 2302 4360 gravatis
2355 4299 2573 4352 somno,
2631 4285 2890 4356 captabat
2947 4285 3229 4340 dormiens
3276 4287 3553 4343 modicum

206 4395 423 4446 versus,
473 4378 540 4432 de
589 4377 874 4432 nimietate
934 4375 1189 4432 femineae
1216 4377 1668 4448 praesumptionis
1698 4393 1835 4432 con-
1853 4408 1911 4478 D
1936 4378 2160 4450 quietis.

209 4471 482 4544 queritur,
504 4486 626 4542 quae
655 4470 855 4525 callida
885 4477 1002 4524 arte
1032 4469 1320 4541 quaesisset
1346 4470 1566 4525 inurere
1597 4469 1704 4524 sibi
1727 4485 1835 4525 no-

209 4573 321 4620 tam
355 4578 466 4618 non
518 4561 734 4632 placitae
764 4562 876 4616 Deo
915 4560 1344 4618 communionis.
1409 4561 1544 4616 Inde
1601 4577 1662 4616 se
1704 4562 1835 4617 aula

214 4654 508 4728 proripuit,
541 4661 832 4709 etomnem
866 4653 1015 4707 illam
1052 4653 1374 4724 principalis
1390 4652 1627 4708 convivii
1658 4653 1836 4706 immi-

213 4748 336 4803 nuit
359 4747 763 4816 jucunditatem
815 4746 1019 4817 (1063).
1053 4745 1165 4800 Nec
1203 4745 1284 4801 sic
1321 4745 1535 4817 quievit
1593 4744 1834 4801 versutia

214 4839 508 4905 femineae,
565 4837 705 4893 nihil
753 4837 990 4894 volentis
1071 4837 1395 4910 relinquere
1455 4837 1824 4908 inexpertum.

288 5041 472 5114 (1059)
509 5043 699 5116 Totum
735 5043 942 5098 bellum
980 5043 1088 5116 hoc
1117 5042 1441 5116 Sigebertus
1481 5058 1579 5115 pro
1608 5059 1708 5099 suo
1748 5043 1835 5098 in-

217 5115 853 5190 genio_exornavit_,_cum
878 5115 1282 5190 Go‘d‘eschal’cus
1308 5122 1363 5190 et
1383 5116 1837 5190 Stephanustan-

220 5184 332 5243 Tum
367 5187 572 5250 dicant,
609 5187 818 5241 Gallum
851 5202 914 5241 ac
945 5186 1197 5242 Rioldum
1236 5202 1267 5240 a
1312 5184 1494 5241 Petro‘
1515 5195 1570 5242 et
1600 5187 1836 5242 Audole-

219 5275 308 5324 co,
362 5258 454 5330 qui
489 5258 977 5313 ecclesiasticarum
1024 5273 1204 5312 rerum
1256 5257 1628 5328 pmdationes
1697 5259 1838 5314 ultra

221 5330 364 5384 ferre
385 5345 495 5384 non
529 5338 803 5384 poterant.
830 5331 1043 5384 occisos
1066 5328 1259 5383 fuisse.

242 5345 364 5384 erre
385 5345 495 5384 non
529 5344 803 5397 p0terant,
830 5344 1043 5384 occisos
1066 5344 1259 5383 tuisse.

291 5347 364 5384 're
385 5347 495 5384 non
529 5347 803 5400 porerant,
830 5347 1043 5384 occisos
1066 5347 1259 5383 1111880.

291 5401 710 5470 (1060).!opilia,
744 5401 944 5471 Jopila,
976 5400 1238 5471 Jopilum,
1279 5398 1486 5471 Jupila,
1512 5398 1833 5471 Jobii-villa,

220 5471 617 5543 vulgolupille,
644 5473 799 5527 vicus
817 5470 908 5526 est
927 5473 981 5526 in
1008 5470 1128 5543 ripa
1158 5471 1321 5543 Mosae
1343 5470 1529 5542 propae
1555 5470 1837 5543 Leodium,

217 5540 645 5668 ubiéofippinus
690 5544 873 5598 villam
925 5540 1137 5610 habuit,
1171 5542 1226 5596 in
1275 5540 1387 5614 qua
1434 5540 1600 5598 etiam
1631 5540 1842 5597 obiisse

219 5629 310 5668 ere
357 5631 482 5668 iur.

219 5620 482 5671 creditur.

2006 4471 2092 4525 47.
2126 4468 2276 4524 Tunc
2305 4483 2455 4531 ecce.
2488 4468 2632 4524 circa
2658 4483 2910 4523 auroram
2950 4466 3362 4526 rarescentibus
3393 4479 3555 4528 tene-

1936 4557 2072 4624 bris,
2094 4557 2348 4611 hostilem
2383 4555 2681 4611 exercitum
2729 4556 3001 4611 cuneatim
3035 4556 3294 4614 incedere
3320 4557 3469 4615 videt
3499 4566 3555 4614 et

1935 4651 2155 4706 nuntiat
2185 4649 2473 4706 excubitor
2500 4647 2834 4721 episeOpalis
2854 4650 3072 4718 domus,
3097 4651 3322 4708 nomine
3355 4654 3555 4710 Baldo«

1933 4759 2102 4809 veus;
2134 4750 2190 4797 et
2220 4741 2472 4812 quamvis
2520 4741 2720 4797 nebula
2778 4757 2941 4796 mane
2971 4743 3282 4799 ascendens
3315 4745 3552 4802 liberum

1933 4835 2192 4890 intuitum
2230 4833 2568 4899 retunderet,
2609 4831 2769 4890 facile
2816 4840 2933 4890 erat
2983 4851 3100 4891 rem
3131 4835 3555 4909 deprehendere

2013 5037 2522 5114 (1061)Al_llistoria_m
2569 5041 2710 5098 hanc
2755 5041 2924 5098 refert
2987 5043 3222 5100 Severus
3276 5041 3556 5114 Sulpicius

1937 5129 2061 5195 cap.
2092 5113 2162 5167 23
2191 5111 2325 5168 Vitae
2363 5113 2418 5169 S.
2459 5111 2697 5181 Martini,
2728 5114 2823 5185 qui
2876 5115 3073 5170 colitur
3101 5115 3192 5171 die
3230 5131 3282 5170 χι
3325 5111 3558 5170 Novem-

1939 5184 2194 5327 δτξῖὸδε)
2215 5255 2312 5309 Adi
2340 5256 2594 5328 Dialogos
2615 5255 2868 5324 ejusdem
2900 5257 3087 5312 Severi
3109 5257 3339 5328 Sulpicii
3372 5256 3468 5314 lib.
3497 5274 3554 5326 ιι,

2225 5399 2302 5474 Et
2338 5398 2692 5474 hoc_quoque
2751 5405 2922 5474 totum
2965 5399 3275 5474 convivium
3308 5402 3561 5474 antiquo-

1941 5470 2098 5524 ribus
2135 5470 2392 5544 omnibus
2447 5469 2696 5544 ignotum
2741 5471 2952 5544 primus
3007 5469 3270 5544 confinxit
3299 5469 3556 5544 Sigeber-

1942 5550 2034 5596 tus
2053 5548 2229 5613 atque
2271 5541 2344 5613 ita
2374 5541 2586 5613 retiilit,
2604 5542 2773 5613 quasi
2827 5543 2942 5613 ipse
2973 5541 3156 5598 eidem
3190 5541 3557 5602 interfuisset.

2013 5611 2202 5682 (1064)
2231 5612 2288 5668 ld
2329 5618 2419 5683 est
2447 5611 2930 5670 ofﬁcii‘noctur‘ni.
