3948 6044
443 205 550 263 803

1651 198 2003 255 SIGEBERTI
2044 198 2558 254 GEMBLACENSIS.

3671 202 3782 259 804

446 330 532 388 vel
563 346 628 384 ex
655 329 772 385 visa
800 326 1152 382 multitudine
1180 325 1446 392 virorum,
1477 324 1561 380 vel
1593 341 1661 379 ex
1688 324 1873 380 audita
1899 324 2062 380 colli-
2091 330 2139 396 Α
2166 323 2294 379 tatis
2341 322 2642 392 damnavit,
2690 331 2745 378 et
2782 321 2911 394 quia
2955 321 3144 378 illicite
3198 321 3390 379 saltem
3419 329 3788 382 attentaverat

446 424 602 478 sione
633 438 927 478 armorum.
949 421 1220 477 Micabant
1257 420 1458 486 loricaa,
1484 419 1908 490 proeininebant
1945 435 2065 476 cas-

445 515 595 569 sides
653 515 705 569 in
762 515 960 585 capite;
1005 514 1142 568 levae
1177 512 1509 585 tegebantur
1549 512 1780 583 clypeis,
1824 512 2063 568 dexterae

446 602 803 660 armabantur
833 603 1006 673 spatis
1037 613 1091 656 et
1123 602 1366 668 lanceis;
1403 600 1675 672 praaibant
1705 600 2059 656 fundibularii

446 712 571 752 cum
611 695 928 768 sagittariis.
964 694 1162 749 Audito
1191 710 1304 749 rem
1338 692 1674 761 mirabilem,
1710 693 1910 748 divina:
1941 693 2065 764 pie-

446 788 574 843 tatis
625 786 895 843 indiceml
954 787 1019 841 Ut
1076 786 1222 841 enim
1288 785 1541 849 clareret,
1601 785 1952 840 Lantbertum
2007 785 2062 839 in

447 878 599 933 nullo
646 877 889 952 gloriari,
942 877 1048 930 nisi
1106 876 1160 930 in
1214 891 1378 931 cruce
1431 874 1647 930 Domini
1705 875 1877 930 nostri
1934 875 2063 930 Jesu

449 969 664 1036 Christi,
698 985 795 1040 per
824 985 988 1041 quem
1021 968 1072 1023 ei
1101 968 1342 1024 mundus
1371 965 1664 1022 crucifixus
1693 974 1832 1035 erat,
1862 973 1917 1021 et
1945 966 2064 1037 ipse

447 1062 676 1127 mundo,
719 1061 882 1132 eique
925 1061 1036 1129 jam
1079 1078 1110 1115 a
1147 1042 1380 1116 terrain
1425 1059 1622 1116 coelum
1657 1075 1756 1129 per
1801 1059 2060 1114 virtutem

447 1151 624 1205 crucis
649 1166 936 1206 ascensum
980 1150 1035 1203 in
1066 1149 1224 1204 caelis
1262 1148 1464 1220 parari,
1498 1147 1721 1219 quidam
1764 1154 2061 1219 sequentes

450 1239 773 1305 exercitum,
791 1237 1209 1310 videntsignum
1231 1236 1558 1291 admirabile
1584 1243 1872 1306 stupentes
1896 1251 2064 1306 supra

448 1327 700 1394 domum,
730 1327 786 1380 in
815 1342 923 1397 qua
953 1333 1067 1380 erat
1096 1324 1360 1395 pontifex,
1406 1324 1579 1379 instar
1609 1325 1903 1379 Dominicae
1933 1341 2061 1379 cru-

449 1422 528 1478 cis
553 1421 770 1494 ciarius
799 1421 947 1476 omni
981 1419 1224 1486 metallo,
1257 1435 1287 1474 a
1337 1428 1479 1475 terra
1525 1435 1701 1492 usque
1761 1421 1828 1475 ad
1860 1420 2061 1476 coelum

447 1512 690 1568 rutilare.
742 1511 960 1565 Constat
999 1509 1352 1582 quibusdam,
1387 1509 1480 1581 qui
1514 1527 1613 1581 spe
1647 1516 1821 1582 pactae
1851 1527 2064 1566 merce-

449 1603 556 1670 dis,
588 1619 698 1658 non
719 1602 979 1658 aviditate
1008 1601 1279 1658 fundendi
1310 1603 1617 1677 sanguinis,
1652 1611 1706 1658 et
1755 1610 1962 1658 tantum
1997 1603 2065 1658 ad

449 1692 762 1763 augendum
819 1705 1105 1745 numerum
1165 1690 1422 1756 militum,
1469 1705 1578 1745 non
1631 1691 1700 1745 ad
1739 1692 2066 1762 patrandum

449 1783 628 1838 scelus
691 1782 971 1837 Dodonem
1037 1781 1414 1852 sequebantur
1445 1823 1459 1848 ,
1538 1791 1783 1836 sanctam
1848 1797 2066 1838 crucem

450 1876 620 1932 fuisse
651 1875 1040 1947 conspicuam;
1090 1875 1200 1929 illis
1237 1883 1462 1930 econtra
1504 1875 1881 1932 occultabatur
1909 1877 2068 1947 obje-

451 1975 540 2024 ctu
583 1968 819 2035 nebulae,
855 1968 950 2039 qui
983 1967 1282 2038 cupiditate
1321 1967 1526 2039 rapinae
1581 1975 1635 2023 et
1682 1970 2063 2040 expectatione

451 2060 664 2131 praemii
739 2059 1020 2131 spirabant
1071 2059 1126 2113 in
1195 2058 1498 2130 perniciem
1557 2060 1730 2115 sancti
1785 2059 2062 2131 pontiﬁcis

450 2151 653 2224 (1065).

519 2284 607 2340 L8.
681 2283 862 2340 Primo
920 2283 1277 2340 Constantino
1350 2284 1672 2356 imperatori
1729 2287 1796 2340 ad
1858 2286 2061 2341 bellum

450 2371 637 2429 amuli
655 2371 872 2447 signum
905 2371 960 2426 in
985 2372 1164 2428 crucis
1180 2373 1342 2444 igneo
1368 2372 1583 2448 fulgore
1604 2374 1825 2430 rutilum
1850 2375 1907 2429 in
1924 2375 2063 2432 coelo

449 2461 723 2532 apparuit,
749 2476 860 2531 quo
880 2460 1200 2532 inscriptum
1222 2461 1540 2517 videbatur:
1564 2467 1742 2532 Τούτῳ
1767 2467 1898 2530 νίκα,
1915 2463 2062 2534 quod

449 2562 553 2619 cst,
602 2554 660 2605 ln
692 2553 798 2606 hoc
826 2552 986 2625 signo
1033 2552 1220 2607 vinces
1253 2553 1452 2623 (1066).
1510 2553 1803 2608 Lantberto
1843 2569 2063 2626 quoque

452 2640 509 2693 in
550 2640 834 2710 procinctu
883 2640 1015 2694 belli
1062 2647 1260 2705 stante,
1312 2642 1530 2716 signum
1589 2643 1770 2698 crucis
1809 2644 2068 2714 apparuit

451 2746 620 2802 super
649 2731 872 2786 domum
907 2731 1045 2802 ejus,
1084 2731 1248 2802 plane
1279 2734 1618 2803 portendens
1658 2735 1758 2803 illi,
1792 2735 1884 2806 qui
1927 2736 2065 2807 stig-

451 2830 596 2878 mata
623 2823 802 2879 crucis
833 2823 1030 2878 Christi
1089 2824 1144 2878 in
1176 2825 1341 2880 corde
1374 2833 1430 2880 et
1475 2841 1709 2898 corpore
1748 2843 1848 2883 suo
1877 2835 2065 2899 pertu-

451 2911 608 2979 lerat,
643 2912 756 2980 jam
790 2929 820 2966 a
853 2913 961 2966 Deo
990 2912 1275 2967 victoriam
1318 2919 1372 2968 ct
1397 2929 1658 2969 coronam
1692 2917 1889 2985 parari.
1925 2917 2066 2972 Dile-

2163 431 2331 471 arma.
2374 432 2432 470 se
2488 421 2614 470 ante
2646 415 2816 470 Deum
2855 414 3194 488 {congruenti
3237 415 3447 471 addixit
3505 418 3791 488 pmniten-

2161 507 2252 560 tiae
2307 505 2484 576 (1068)
2564 506 2660 572 Te,
2723 505 2923 576 inquit,
2981 505 3127 560 bone
3184 506 3336 572 Jesu,
3396 507 3489 578 qui
3558 507 3786 564 dixisti:

2165 619 2194 651 α
2225 599 2349 653 Mihi
2379 599 2697 664 vindictam,
2731 605 2785 652 et
2813 613 2916 672 ego
2957 598 3280 666 retribuam,
3315 619 3340 649 ››
3376 607 3428 654 te
3460 615 3684 670 precor,
3717 618 3788 657 ne

2164 692 2390 762 perdam
2419 690 2702 747 victoriam
2732 707 2934 756 meam,
2966 691 3095 763 quia
3123 691 3296 746 satius
3324 699 3407 746 est
3457 692 3592 747 mihi
3641 695 3784 749 mori

2165 780 2325 849 inte,
2359 797 2522 852 quam
2553 796 2722 851 super
2775 779 3032 835 inimicos
3072 795 3224 834 meos
3263 780 3523 836 bellando
3563 781 3786 838 mittere

2165 892 2381 931 manus.
2411 875 2487 931 Tu
2527 875 2761 930 bellator
2783 873 2961 941 fortis,
2985 875 3342 946 apprehende
3382 891 3538 930 arma
3564 884 3622 931 et
3654 894 3786 932 scu-

2166 972 2301 1032 tum,
2334 972 2389 1020 et
2419 980 2657 1040 exsurge
2710 964 2765 1019 in
2797 964 3131 1033 adjutorium
3186 964 3343 1020 mihi.
3401 965 3520 1020 Jam
3552 964 3787 1035 irruptis

2163 1058 2354 1128 portis,
2391 1059 2504 1127 jam
2555 1056 2793 1112 effractis
2842 1056 3073 1122 toribus,
3116 1057 3267 1127 ipsos
3294 1057 3492 1112 domus
3543 1058 3789 1128 parietes

2164 1144 2547 1220 impingebant
2567 1145 2809 1211 lanceis;
2842 1145 3014 1217 aliqui
3035 1145 3202 1200 etiam
3226 1145 3575 1220 introgressi,
3598 1147 3786 1217 ignem

2163 1237 2534 1294 intentabant.
2570 1238 2764 1294 Petrus
2793 1246 2848 1293 et
2875 1238 3187 1294 Audolecus
3210 1239 3578 1312 intrOgressos
3599 1238 3787 1292 elimi-

2164 1328 2390 1392 nabant,
2424 1334 2479 1383 et
2508 1335 2618 1383 tam
2653 1327 2839 1383 multis
2877 1335 2986 1383 tam
3015 1343 3314 1398 paucorum
3345 1327 3558 1384 viribus
3583 1327 3789 1384 frustra

2163 1419 2506 1476 conabantur
2552 1421 2841 1485 resistere;
2908 1435 3048 1492 quos
3103 1427 3326 1476 sanctus
3382 1435 3482 1491 pro
3537 1427 3786 1490 tempore

2165 1517 2476 1572 consolans.
2523 1516 2601 1584 Si,
2641 1517 2840 1588 inquit,
2897 1532 3007 1584 me,
3044 1515 3258 1584 fratres,
3307 1515 3509 1572 vicarie
3539 1515 3787 1580 amastis,

2093 1610 2464 1702 BChristum,
2521 1612 2661 1668 sicut
2716 1626 2819 1685 ego
2854 1611 3049 1686 diligo,
3119 1609 3366 1684 diligite:
3426 1617 3608 1666 vestra
3657 1610 3790 1664 Jesu

2170 1713 2397 1775 peccata
2423 1703 2790 1768 conﬁtemini,
2820 1711 2876 1758 et
2904 1711 3056 1758 orate
3103 1717 3203 1773 pro
3235 1701 3494 1770 invicem,
3527 1708 3588 1757 ut
3609 1701 3790 1759 salve-

2168 1797 2323 1853 mini.
2374 1797 2457 1853 Me
2496 1796 2844 1869 oportetjam
2878 1795 3128 1861 dissolvi,
3162 1802 3218 1850 et
3265 1810 3390 1850 cum
3435 1793 3648 1849 Christo
3702 1793 3791 1849 vi-

2167 1905 2295 1945 vere
2304 1930 2317 1944 .

2233 2016 2323 2075 50.
2353 2017 2511 2073 Scitis
2533 2031 2649 2084 vos,
2681 2030 2713 2071 o
2741 2023 2971 2087 nepotes
2995 2015 3125 2082 mei,
3156 2029 3281 2070 reos
3301 2019 3357 2069 et
3377 2013 3570 2069 noxios
3605 2012 3785 2069 fuisse

2164 2107 2220 2161 in
2264 2105 2497 2162 crimine
2550 2105 2654 2160 isto
2706 2103 2908 2174 (1069),
2964 2104 3035 2158 de
3104 2117 3216 2174 quo
3272 2102 3438 2158 modo
3487 2101 3624 2158 ultio
3688 2118 3785 2157 ex-

2165 2194 2401 2268 petitur;
2455 2194 2604 2266 quod
2650 2199 2782 2248 tunc
2838 2193 3044 2262 injuste
3084 2191 3278 2267 egistis
3321 2189 3508 2258 modo,
3559 2205 3783 2261 precor,

2156 2283 2306 2353 justc
2335 2298 2398 2338 ac
2428 2282 2702 2352 patienter
2724 2281 2881 2336 luite.
2914 2281 3030 2336 Non
3055 2279 3491 2349 judicabitDeus
3518 2278 3607 2334 bis
3635 2279 3694 2333 in
3728 2281 3787 2334 id

2165 2376 2344 2447 ipsum
2372 2391 2474 2430 nec
2499 2380 2793 2445 consurget
2820 2373 3021 2445 duplex
3061 2372 3362 2428 tribulatio.
3420 2372 3521 2439 Ne,
3564 2387 3786 2443 quaeso,

2165 2472 2451 2536 peccatum
2483 2471 2724 2520 vestrum
2755 2471 2881 2520 ante
2918 2465 3086 2518 Deum
3129 2463 3386 2532 inundet,
3409 2478 3512 2516 nec
3540 2477 3642 2532 per
3673 2478 3790 2516 ma-

2164 2573 2268 2612 nus
2297 2566 2508 2612 \estras
2536 2556 2763 2630 sanguis
2803 2554 3133 2629 sanguinem
3168 2560 3366 2625 tangat.
3422 2554 3540 2608 Non
3582 2553 3784 2607 timea-

2166 2662 2287 2701 mus
2317 2645 2582 2701 saevitiam
2639 2652 3078 2716 persecutorum,
3126 2643 3256 2716 quia
3286 2643 3394 2697 illis
3437 2643 3541 2697 erit
3569 2642 3624 2695 in
3661 2643 3790 2696 vin-

2165 2735 2368 2790 dictam
2396 2734 2615 2810 gladius
2640 2740 2696 2788 et
2717 2733 2882 2806 ignis,
2919 2733 3015 2804 qui
3043 2732 3400 2787 manducabit
3425 2747 3620 2786 carnes
3659 2731 3790 2787 illo-

2166 2846 2286 2884 rum
2317 2847 2495 2902 usque
2519 2829 2586 2884 ad
2621 2828 2936 2883 medullam.
2972 2828 3080 2882 Vos
3110 2834 3320 2883 tantum
3351 2841 3544 2883 manus
3575 2832 3790 2880 vestras

2165 2930 2377 2977 servate
2409 2922 2683 2988 innoxias,
2716 2929 2776 2976 ut
2823 2927 2879 2975 et
2921 2920 3148 2991 spiritus
3187 2928 3371 2974 vester
3417 2919 3473 2973 in
3515 2926 3790 2973 internum

452 3012 542 3058 cto
572 3018 797 3074 quoque
847 3005 1062 3058 Domini
1119 3004 1419 3060 Benedicto
1459 3006 1547 3061 via
1589 3007 1772 3077 palliis
1820 3017 1987 3064 strata
2013 3017 2067 3065 et
2091 2981 2141 3050 C
2168 3014 2478 3068 sitsalvus:
2511 2981 2723 3068 vestras
2754 3011 2918 3067 etiam
2949 2981 3143 3066 carnes
3176 3011 3300 3066 date
3335 3011 3444 3065 illis
3484 3010 3551 3065 ad
3575 3010 3796 3064 dilace-

454 3094 805 3165 lampadibus
845 3111 874 3148 a
938 3102 1081 3150 terra
1132 3112 1311 3168 usque
1351 3097 1419 3152 ad
1457 3098 1656 3154 caelum
1697 3108 1886 3170 parata
1921 3118 2062 3170 esse,

455 3201 556 3256 per
585 3202 748 3257 quam
782 3187 848 3241 ad
899 3186 1090 3242 caelum
1134 3189 1480 3256 ascenderet,
1533 3190 1862 3261 quibusdam
1894 3209 2065 3265 appa-

454 3275 561 3329 ruit
593 3275 800 3346 (1067):
835 3275 1130 3332 Lantberto
1169 3293 1301 3332 vero
1330 3294 1494 3349 quam
1533 3279 1835 3335 Benedicto
1857 3282 2065 3356 glorio-

452 3364 566 3418 sior
601 3364 688 3418 via
721 3375 910 3435 parata
949 3372 1051 3432 est,
1103 3365 1196 3437 qui
1229 3383 1326 3437 per
1356 3366 1530 3437 ipsam
1586 3383 1826 3435 crucem,
1862 3385 1894 3424 a
1923 3378 2066 3426 terra

453 3471 628 3527 usque
672 3457 740 3511 ad
771 3457 968 3512 coelum
1003 3458 1338 3525 rutilantem,
1372 3459 1544 3514 caelos
1597 3461 1862 3517 ascendit.
1905 3463 2064 3518 Lant-

453 3547 646 3604 bertus
690 3565 910 3621 quoque
967 3549 1181 3605 felicior
1206 3549 1309 3605 fuit
1335 3550 1457 3621 ipso
1508 3552 1655 3606 Elia:
1726 3553 1866 3609 Elias
1917 3555 2064 3609 enim

452 3635 619 3710 igneo
653 3653 812 3692 curru
842 3639 897 3691 in
926 3638 1124 3694 caelum
1157 3647 1366 3709 raptus,
1402 3648 1576 3695 morte
1619 3641 1808 3709 dilata,
1841 3642 2061 3716 longam

451 3740 605 3796 spem
645 3726 770 3781 vitae
813 3733 1034 3782 mtcrnae
1064 3728 1244 3782 adhuc
1272 3736 1449 3783 tenet:
1485 3730 1832 3798 Lantbertus,
1887 3739 2062 3789 morte

451 3815 623 3884 obita,
648 3816 702 3870 in
735 3817 930 3872 caelum
982 3819 1180 3874 ductus
1227 3835 1324 3889 per
1349 3835 1567 3876 crucem
1601 3822 1779 3895 igneae
1811 3823 1970 3891 lucis,
2005 3825 2060 3879 in

450 3915 655 3966 aeterna
698 3911 810 3966 vita
835 3912 1040 3985 gaudet
1065 3929 1189 3968 cum
1222 3913 1454 3970 Christo.

521 4041 612 4095 49.
654 4041 814 4097 Acies
852 4043 1091 4100 hostium
1139 4045 1253 4114 jam
1290 4048 1446 4118 quasi
1478 4049 1546 4104 ad
1586 4051 1943 4121 praecinctum
1971 4072 2063 4128 ap-

448 4130 885 4203 prOpinquabat:
919 4135 1208 4192 excubitor
1236 4137 1434 4194 domus
1488 4141 1746 4198 inclamat
1773 4144 2059 4202 dormien-

449 4225 550 4286 tes,
580 4219 785 4290 quibus
820 4222 938 4293 ip'se
960 4223 1070 4292 jam
1103 4224 1464 4283 circumstans
1497 4231 1768 4288 exercitus
1802 4249 1925 4290 esse
1967 4251 2062 4307 po-

2167 3103 2419 3157 randum.
2463 3102 2556 3156 His
2590 3100 2798 3156 ultimis
2825 3100 3049 3156 monitis
3081 3100 3251 3155 Patris
3277 3100 3382 3167 sui,
3410 3099 3523 3168 jam
3552 3099 3608 3152 in
3651 3113 3792 3171 ago-

2167 3196 2254 3250 nis
2293 3194 2601 3264 constituti,
2651 3194 2874 3248 animati
2912 3200 3040 3248 sunt
3093 3209 3287 3249 omnes
3332 3193 3400 3248 ad
3440 3191 3786 3248 occumben-

2167 3286 2296 3342 dum
2337 3302 2436 3358 pro
2463 3285 2678 3355 justitia
2709 3291 2764 3340 et
2793 3283 3130 3340 innocentia.
3189 3285 3310 3355 lpse
3340 3290 3559 3355 arrepto
3581 3282 3792 3337 Psalte-

2166 3379 2269 3443 rio,
2313 3386 2368 3434 et
2422 3380 2661 3450 primum
2705 3377 2900 3448 psalmi
2946 3393 3185 3444 versum,
3229 3376 3322 3448 qui
3382 3375 3639 3441 occurrit,
3685 3389 3788 3445 pro

2168 3471 2441 3543 praesagio
2471 3470 2784 3541 accipiens:
2839 3494 2863 3516 ιε
2910 3468 3179 3533 Quoniam
3234 3468 3477 3541 requiret
3526 3466 3790 3522 Dominus

2167 3563 2498 3635 sanguinem
2528 3577 2808 3618 servorum
2841 3576 3096 3629 suorum;
3131 3584 3157 3612 υ
3199 3562 3306 3617 hoc
3333 3559 3617 3629 subjunxit
3642 3558 3784 3613 ulti-

2167 3669 2350 3708 mum:
2384 3652 2578 3708 Videat
2599 3652 2881 3718 Dominus,
2923 3659 2978 3706 et
3005 3651 3270 3724 requirat.
3306 3651 3369 3706 Et
3396 3649 3634 3725 egressis
3663 3664 3789 3704 om-

2164 3745 2329 3800 nibus
2355 3753 2504 3800 extra
2535 3743 2875 3809 cubiculum,
2899 3751 2954 3799 et
2983 3744 3138 3815 quasi
3182 3743 3340 3816 agnis
3365 3742 3422 3796 in
3470 3741 3654 3796 medio
3695 3739 3790 3795 fu-

2162 3835 2421 3891 rientium
2450 3836 2512 3904 [ι.
2555 3834 2872 3903 furentium]
2915 3834 3203 3904 expositis,
3245 3834 3365 3905 ipse
3397 3833 3639 3889 extensis
3666 3849 3788 3887 ma-

2163 3929 2347 3996 nibus,
2371 3935 2530 3982 terrae
2564 3927 2621 3981 in
2652 3927 2877 3982 modum
2906 3927 3086 3982 crucis
3115 3927 3501 3998 prosternitur,
3531 3932 3585 3981 et
3614 3940 3784 3980 orans

2160 4034 2283 4073 cum
2340 4015 2619 4086 lacrymis,
2673 4015 2730 4069 in
2788 4031 2982 4070 manus
3034 4015 3251 4071 Domini
3310 4015 3550 4069 animam
3623 4029 3782 4067 suam

2159 4105 2585 4175 commendavit,
2623 4113 2684 4163 ut
2713 4122 2876 4164 nemo
2906 4123 3148 4179 unquam
3202 4105 3531 4162 aﬁ'ectuosus
3556 4121 3613 4161 se
3669 4105 3783 4160 Deo

2159 4198 2650 4255 commendaverit.

445 4310 867 4408 teratpuncius
920 4312 1186 4408 horroris.
1249 4315 1424 4408 'l‘estis
1473 4319 1671 4375 Christi
1735 4305 2136 4382 LantbertusD
2231 4331 2318 4385 51.
2353 4330 2649 4386 Carnifices
2695 4330 2909 4385 interea
2949 4329 3168 4386 Petrum
3190 4336 3245 4385 et
3287 4327 3626 4385 Audolecum
3652 4347 3782 4402 per-

443 4401 711 4498 attonitus
746 4401 1067 4498 gravedine
1090 4405 1269 4459 somni
1299 4413 1358 4498 et
1392 4407 1472 4498 rei
1511 4410 1826 4480 acerbitate,
1856 4415 2059 4472 discal-
2159 4426 2435 4488 emerunt,
2466 4426 2520 4475 et
2547 4427 2820 4492 quotquot
2845 4418 3235 4475 ecclesiasticae
3268 4418 3539 4473 clientelae
3569 4401 3780 4473 ibidem

442 4494 602 4542 cratis
657 4489 893 4560 pedibus
922 4493 1115 4566 surgit,
1171 4502 1226 4549 et
1254 4495 1445 4568 arripit
1475 4499 1742 4574 gladium,
1795 4505 1951 4574 quasi
1996 4522 2057 4561 se
2157 4511 2506 4568 invenerunt.
2543 4489 2933 4567 Unusvcaeteris
2973 4511 3352 4578 truculentior,
3385 4526 3615 4566 ascenso
3649 4510 3781 4565 tecti

442 4597 682 4655 suosque
710 4585 1068 4642 defensurus:
1097 4589 1194 4645 sed
1228 4591 1295 4646 ad
1336 4608 1395 4647 se
1429 4609 1701 4663 reversus,
1735 4614 1796 4653 se
1833 4603 2056 4657 temeri-

515 4837 695 4928 (1066)
726 4841 934 4928 Quibus
976 4858 1041 4900 ea
1081 4860 1210 4928 crux
1256 4848 1371 4928 visa
1403 4848 1594 4928 fuerit,
1605 4852 1827 4928 quibus
1851 4857 2054 4928 occul-

441 4919 575 4979 tata,
609 4914 930 4996 Sigebertus
969 4933 1045 4996 ex
1072 4919 1188 4973 sola
1209 4914 1771 4996 conjecturagdixisse
1812 4925 2050 4996 videtur,

443 4998 574 5066 nam.
601 4987 939 5066 antiquiores
969 4987 1733 5066 biographitantumdicunt,
1766 5013 1885 5052 eam
1919 4987 2054 5054 non;

440 5055 606 5139 nullis
636 5056 705 5110 de
737 5055 858 5138 ipso
888 5055 1149 5128 exercitu,
1170 5055 1184 5060 ⁷
1206 5062 1292 5116 vel
1344 5065 1640 5120 exercitum
1693 5055 2054 5139 sequentibus

442 5133 515 5180 ita
541 5133 884 5196 apparuisse.

510 5198 692 5280 (1066)
819 5199 1550 5280 constantiniuimperatoris
1598 5214 1752 5280 gesta
1784 5210 2049 5267 illustrata

437 5271 1449 5362 invasam?“ttaiidbiwe
1504 5271 1833 5362 ρι’άςῖῑείοεει.
1865 5298 2046 5349 cruce.

439 5342 1280 5420 quamnadversus-Maxentiumi
1296 5342 1543 5420 moturus
1571 5342 1726 5420 vidit,
1755 5360 1937 5408 actum
1969 5342 2052 5409 est

2157 4605 2419 4674 culmine,
2446 4620 2686 4678 eumque
2732 4606 2924 4662 videns
2965 4606 3266 4661 haerentem
3299 4605 3418 4660 solo
3447 4603 3776 4676 pavimenti,

2154 4863 2378 4933 auctore
2403 4857 2458 4933 ΙιΣ
2495 4856 2756 4933 Gregorio
2798 4857 3016 4933 Magno,
3064 4857 3191 4912 data
3220 4863 3304 4911 est
3332 4855 3424 4910 die
3461 4854 3528 4910 21
3575 4852 3781 4922 Martii,

2152 4929 2246 4983 ubi
2281 4945 2402 5000 cap.
2431 4930 2464 4983 6
2495 4928 2762 4984 ista‘visio
2785 4928 3040 4984 refertur.

2226 4998 2408 5071 (1068)
2435 5001 2692 5056 Sanctum
2727 5001 2941 5069 abjeeto
2987 5013 3114 5053 mox
3145 4998 3543 5071 gladio,_que_m
3576 5010 3780 5052 somno

2153 5071 2333 5145 gravis
2358 5069 2533 5141 primo
2561 5073 2765 5128 mentis
2795 5075 3010 5145 impetu
3037 5071 3102 5124 ad
3150 5069 3236 5145 sui
3281 5069 3678 5145 defensionem
3696 5084 3782 5122 ιιι-ι

2155 5139 2423 5212 ripucrat,
2477 5151 2720 5198 mutasse
2773 5139 3127 5206 sententiam,
3161 5141 3316 5212 aiunt
3359 5141 3522 5212 etiam
3565 5139 3778 5193 Godes—

2154 5211 2458 5286 chalcuset
2499 5215 2838 5286 Stephanus;
2898 5213 2995 5268 sed
3018 5213 3097 5286 de
3145 5211 3353 5286 indicta
3382 5211 3485 5266 sibi
3516 5216 3777 5281 propter-

2152 5299 2216 5338 ea
2248 5283 2819 5354 poenitentia'neuter
2865 5283 3137 5339 meminit.
3186 5283 3351 5354 Poeta
3401 5296 3774 5352 annonymus,

2153 5353 2442 5412 num.174
2488 5356 2712 5424 relatus,
2745 5373 2811 5412 ex
2875 5371 3093 5411 rumore
3146 5353 3424 5409 fabulatus
3473 5359 3576 5420 est,
3645 5368 3773 5407 eum

438 5425 558 5498 gap.
593 5411 644 5498 3.
696 5413 869 5498 Voces
899 5413 1112 5498 Graecas
1152 5417 1390 5486 restitui,
1442 5435 1565 5475 cum
1612 5422 1667 5476 in
1712 5411 1826 5478 'ms.
1860 5433 2048 5482 nostro
2149 5411 2445 5497 septennia
2485 5411 2777 5498 poenitere,
2805 5428 2850 5481 si
2879 5427 3090 5498 viveret
3118 5427 3400 5498 statuisse.

438 5480 939 5569 legepetl'nr‘vi‘tios’e
978 5486 1286 5569 D'uthoxca.

511 5553 687 5625 (1067)
721 5555 839 5610 Vita
895 5557 950 5610 S.
1008 5553 1314 5627 Benedicti,
1345 5558 1563 5619 Ordinis
1592 5563 1677 5620 sui
1720 5563 2044 5631 fundatoris,

2221 5495 2403 5569 (1069)
2435 5495 2501 5554 In
2526 5499 2678 5555 caede
2704 5495 2916 5556 scilicet
2939 5495 3075 5553 Galli
3107 5503 3162 5552 et
3188 5496 3388 5553 Rioldi.
