3948 6044
209 240 316 298 805

1403 243 1552 301 VlTA
1593 245 1845 301 ALTERA
1887 246 1940 301 S.
1986 245 2341 303 LAMBERTI.

3432 251 3538 308 806

208 384 306 425 cor
340 369 460 439 ejus
493 368 640 438 jacto
669 369 778 424 telo
819 368 1086 424 transﬁxit
1122 371 1336 440 (1070);
1393 374 1634 429 animam
1683 390 1815 430 vero
1841 377 1894 447 Α
1915 375 2120 431 sanctis
2152 375 2415 431 membris
2444 373 2676 451 infigere
2705 375 2912 431 oscula.
2946 375 3278 431 Delectabile
3295 392 3359 431 ac
3381 377 3533 446 pium

209 461 333 528 ejus
371 477 494 515 cum
538 461 660 531 ipso
691 461 958 516 orationis
1011 465 1316 520 murmurio
1359 467 1541 538 angeli
1584 467 1818 523 intulere

153 579 156 582 -
209 549 377 605 cmlo.
436 548 714 603 Pretiosus
755 565 857 622 ego
897 551 1154 607 sacerdos
1201 553 1416 608 Domini
1478 555 1822 624 Lantbertus,

155 693 158 696 _
209 639 306 710 qui
355 639 445 693 hic
511 638 687 693 fuerat
745 640 1025 711 particeps
1086 642 1338 698 omnium
1396 645 1824 700 custodientium

208 732 470 786 mandata
500 731 594 786 Dei
647 731 844 788 fruitur
870 732 985 790 illic
1011 736 1261 809 gaudens
1293 743 1346 793 et
1377 739 1679 805 exsultans,
1709 755 1826 794 om-

209 822 364 877 nium
408 831 722 878 sanctorum
781 824 1170 880 contubernio.
1222 827 1355 884 Cum
1412 828 1830 884 continentibus

210 918 270 966 et
307 911 619 985 virginibus
660 913 952 970 redimitus
998 923 1146 972 serto
1190 917 1478 985 castitatis,
1543 918 1831 976 confessor

165 1037 168 1040 -
211 1017 338 1056 cum
367 1001 798 1070 confessoribus,
831 1011 956 1058 ante
985 1005 1155 1060 Deum
1178 1005 1321 1061 bibit
1349 1007 1652 1062 secundum
1694 1008 1829 1062 cali-

208 1106 330 1145 cem
361 1090 766 1159 confessionis;
811 1094 1111 1148 monachus
1142 1111 1267 1150 cum
1307 1098 1593 1152 monachis
1629 1099 1831 1170 accipit

209 1182 530 1251 centuplum
601 1191 822 1236 aeternae
896 1185 1466 1254 recompensationis;
1543 1190 1829 1258 apostolus

210 1288 337 1326 cum
372 1273 646 1344 Apostolis
691 1274 746 1327 in
786 1275 916 1330 sede
961 1276 1268 1344 judiciariae
1307 1280 1595 1349 potestatis
1641 1281 1826 1347 sedet;

211 1367 483 1437 prepheta
514 1383 636 1422 cum
669 1369 955 1439 prophetis
979 1385 1076 1442 Spe
1104 1371 1332 1444 gaudet,
1369 1373 1678 1443 patriarcha
1704 1391 1827 1429 cum

209 1461 542 1530 patriarchis
573 1460 681 1517 fide
710 1461 908 1538 fulget;
950 1473 1227 1534 postremo
1259 1472 1467 1537 martyr
1519 1483 1641 1522 cum
1674 1485 1826 1523 mar-

208 1553 423 1623 tyribus
453 1554 680 1609 calicem
719 1555 978 1610 salutaris
1020 1557 1322 1629 accipiens,
1366 1574 1568 1614 nomen
1611 1560 1829 1615 Domini

205 1646 456 1713 invocat,
503 1648 636 1718 quia
674 1649 855 1719 majus
899 1665 1008 1706 non
1047 1650 1245 1707 habuit
1296 1653 1443 1724 quod
1487 1654 1719 1709 Domino
1749 1670 1830 1710 re-

1925 471 2044 520 erat
2081 464 2270 519 videre
2319 479 2512 519 omnes
2555 465 2758 535 pastori
2808 480 2910 520 suo
2966 465 3287 535 impendere
3341 465 3540 538 pignus

1927 551 2162 615 amoris;
2205 552 2304 606 sed
2335 552 2652 606 miserabile
2683 568 2746 607 ac
2776 553 2976 606 mirum
3009 562 3126 608 erat
3171 554 3314 608 circa
3344 554 3542 608 errati-

1927 655 2018 694 cas
2045 656 2178 695 oves
2206 640 2339 694 iram
2373 641 2446 711 pii
2490 640 2726 711 pastoris
2757 641 3042 695 advertere
3098 641 3354 695 Traditur
3393 641 3540 696 enim

1927 747 1959 785 a
1997 731 2324 802 majoribus,
2382 731 2530 802 quia,
2582 747 2706 787 cum
2739 731 2998 786 omnibus
3036 737 3283 786 sanctum
3315 748 3545 787 exoscu-

1927 828 2080 884 landi
2101 829 2245 884 liber
2265 828 2450 884 aditus
2478 836 2713 900 pateret,
2745 829 2788 883 si
2815 845 2920 899 qua
2959 827 3138 898 pellex
3169 844 3228 882 se
3259 828 3546 903 ingerebat

1930 920 1998 974 ad
2025 935 2226 991 corpus
2263 921 2519 991 martyris
2550 919 2934 982 osculandum,
2973 919 3126 991 quasi
3160 920 3401 992 quodam
3431 929 3546 975 tur-

1931 1008 2059 1062 bine
2090 1013 2286 1074 rotata,
2339 1009 2721 1064 retrocedebat
2752 1009 2954 1079 (1072).
2991 1009 3092 1064 Per
3122 1009 3377 1079 pellicum
3411 1025 3544 1084 ergo

1931 1103 2208 1174 repulsam
2229 1103 2472 1158 clarebat
2501 1104 2686 1169 nimis,
2710 1105 2820 1159 Deo
2851 1111 3110 1160 ctsancto
3137 1104 3360 1175 martyri
3388 1105 3547 1175 pelli-

1930 1211 2049 1250 cem
2091 1195 2274 1266 (1073)
2321 1196 2465 1250 illam
2508 1196 2754 1251 odiosam
2801 1195 2987 1262 fuisse,
3030 1213 3153 1268 quae
3186 1196 3394 1267 duplici
3438 1196 3550 1252 cri-

1931 1287 2082 1342 mine
2122 1287 2402 1342 Franciam
2454 1287 2834 1353 infamaverat,
2872 1294 2928 1341 et
2965 1295 3206 1343 sanctam
3250 1289 3549 1343 conturba-

1929 1382 2081 1430 verat
2137 1375 2451 1431 Ecclesiam.
2496 1377 2702 1431 Tantus
2747 1384 2929 1431 autem
2967 1378 3130 1432 timor
3171 1378 3548 1447 Trajectenses

1931 1488 2031 1543 pro
2060 1472 2225 1540 hujus
2256 1472 2332 1526 rei
2380 1472 2678 1527 acerbitate
2735 1473 3057 1538 incesserat,
3102 1480 3162 1528 ut
3191 1488 3294 1528 nec
3324 1489 3544 1528 mauso-

1929 1565 2078 1619 leum
2124 1563 2353 1638 dignum
2403 1565 2539 1618 tanti
2582 1564 2825 1619 nominis
2872 1565 2986 1620 viro
3036 1565 3306 1620 auderent
3336 1581 3544 1636 praepa-

1931 1670 2090 1709 rare:
2171 1654 2376 1710 idcirco
2437 1664 2624 1726 aperta
2695 1655 2884 1710 tumba
2947 1656 3075 1726 Apri
3147 1656 3318 1726 patris
3375 1656 3550 1726 ipsius

443 1701 456 1713 ι
523 1701 536 1718 ι
589 1701 634 1702 νί
677 1701 680 1702 ⁷
717 1701 852 1719 "1""
903 1701 1008 1706 “"‘
1049 1701 1151 1706 “""
1170 1701 1244 1707 ""
1299 1701 1443 1724 1"“
1488 1701 1716 1709 “'""""
1751 1701 1805 1710 ’ν
1933 1701 2050 1709 """
2077 1701 2090 1708 '
2171 1701 2373 1710 ""'"""
2437 1701 2624 1726 “Ἶ⁵’ν”“⁴’
2698 1701 2884 1710 """""'
2947 1701 3075 1726 "I’"
3148 1701 3318 1726 l’“""’
3375 1701 3550 1726 ⁵Γ“¹⁸“⁴““’

207 1737 479 1793 tribueret
510 1755 608 1810 pro
639 1741 921 1806 omnibus,
965 1758 1084 1813 quae
1116 1743 1371 1798 retribuit
1391 1743 1517 1799 sibi.
1553 1747 1700 1800 Inter
1729 1763 1832 1802 no-
1859 1701 1907 1769 B
1937 1744 1994 1798 S.
2029 1743 2336 1810 Lantberti,
2368 1761 2529 1800 mane
2558 1745 2698 1801 facto
2721 1761 2842 1800 cum
2866 1747 3084 1802 ossibus
3116 1747 3283 1818 patris
3311 1747 3395 1801 sui
3428 1761 3554 1802 cor-

208 1844 335 1884 vem
379 1829 542 1883 etiam
577 1829 758 1884 locum
799 1830 1025 1886 ordines
1051 1833 1371 1906 angelorum
1407 1833 1594 1900 habet,
1636 1835 1692 1890 in
1723 1851 1834 1908 quo

211 1922 450 1994 singulis
480 1939 577 1994 pro
613 1925 810 1980 merito
838 1924 1006 1981 officii
1038 1927 1123 1981 sui
1173 1927 1484 1999 participet.
1529 1931 1720 2002 Itaque
1746 1929 1834 1985 fa-

211 2017 335 2067 ctus
365 2013 613 2068 omnium
645 2014 943 2086 particeps,
999 2014 1207 2071 electus
1235 2023 1318 2070 est
1362 2016 1419 2071 in
1449 2023 1657 2072 aeterna
1685 2019 1839 2074 curia

215 2101 532 2173 municeps,
572 2103 669 2157 ubi
714 2103 926 2159 obtinet
964 2104 1202 2175 palmam
1245 2106 1508 2176 perennis
1535 2106 1750 2178 gloriae,
1783 2113 1838 2162 et

217 2196 413 2253 stolam
429 2197 801 2268 jucunditatis
833 2206 1075 2256 aeternas.

887 2328 1094 2384 CAPUT
1118 2330 1179 2386 V.

226 2443 487 2514 Corporis
539 2444 820 2513 sepultura
878 2445 1147 2514 Trajecti:
1200 2443 1426 2498 Dodoni:
1473 2448 1523 2498 et
1570 2446 1842 2500 sociorum

291 2532 480 2585 poma:
521 2516 784 2570 miracula
822 2516 1006 2570 Lcodii
1052 2516 1222 2582 facta,
1255 2519 1301 2569 et
1351 2516 1567 2570 ecclesia
1601 2516 1681 2570 ibi
1704 2519 1844 2572 aedi-

292 2590 503 2654 ﬁcata:
557 2602 746 2657 corpus
797 2603 858 2641 eo
898 2590 1268 2642 translatum:
1326 2587 1626 2643 Grimoaldi
1677 2589 1843 2644 caedes

296 2659 563 2712 divinitus
588 2661 818 2727 punita:
851 2660 1216 2716 Northmanni
1255 2675 1286 2712 a
1318 2674 1473 2713 sacro
1503 2675 1721 2727 corpore
1749 2677 1838 2714 rc-

291 2731 470 2799 pulsi:
504 2733 736 2786 auctoris
764 2731 1094 2785 obseruatio:
1125 2735 1328 2801 tempus
1351 2733 1627 2800 martyrii.

293 2838 385 2891 52.
431 2837 587 2892 Pauci
620 2854 684 2893 ex
733 2839 994 2893 satellitio
1042 2839 1216 2894 sancti
1257 2838 1529 2910 martyris.
1585 2840 1682 2911 qui
1715 2855 1843 2895 eva-

224 2935 418 2983 serunt
443 2928 635 2982 mortis
665 2929 992 2999 periculum,
1028 2935 1280 3002 tegentes
1311 2927 1407 2982 vili
1440 2929 1684 3004 tegmine
1716 2944 1845 2984 cor-

1937 1850 2042 1905 pus
2072 1835 2404 1890 sanctissimi
2438 1834 2534 1888 filii
2568 1835 2688 1903 ejus
2721 1851 2900 1906 usque
2925 1836 2992 1890 ad
3027 1842 3245 1908 tempus
3273 1836 3553 1892 tumulan-

1939 1926 2069 1980 dum
2103 1926 2489 1982 decreverunt.

2010 2042 2100 2096 54.
2134 2044 2430 2096 Exanimes
2469 2045 2618 2096 artus
2656 2057 2763 2096 non
2801 2043 2958 2111 liquit
2987 2043 3168 2096 coelica
3196 2045 3391 2106 virtus,
3435 2049 3485 2098 et

2015 2115 2330 2168 Monstravit
2358 2113 2590 2183 populis.
2626 2117 2837 2183 quanta:
2864 2115 3068 2180 fuerint
3097 2115 3365 2169 bonitatis.

2014 2207 2091 2260 Nc
2123 2206 2270 2261 enim
2304 2213 2644 2261 terrerentur
2670 2207 2858 2276 pOpuli
2908 2208 3148 2262 humano
3183 2213 3412 2273 terrore,
3445 2221 3555 2278 quo

1941 2301 2126 2357 minus
2148 2310 2392 2357 sanctum
2419 2302 2627 2356 domini
2654 2301 2999 2356 Lantbertum
3032 2301 3200 2374 digno
3222 2302 3434 2356 honore
3456 2317 3551 2356 ve-

1944 2401 2288 2459 nerarentur,
2307 2395 2473 2464 coepit
2493 2395 2559 2449 ad
2583 2395 2852 2448 tumulum
2879 2394 3000 2461 ejus
3018 2401 3181 2449 noctu
3205 2402 3259 2449 et
3281 2393 3556 2448 interdum

1944 2482 2104 2537 indic
2123 2483 2298 2537 audiri
2321 2483 2631 2556 angelicum
2647 2483 3005 2537 conticinium
3028 2483 3400 2553 psallentium,
3425 2497 3559 2554 quo-

1944 2575 2049 2630 ties
2079 2575 2151 2628 ibi
2185 2576 2483 2630 humanum
2515 2575 2794 2630 silentium
2825 2592 2950 2630 esse
2982 2575 3294 2631 videbatur.
3323 2575 3435 2630 Nec
3458 2575 3560 2629 de-

1945 2662 2186 2728 fuerunt,
2241 2663 2334 2734 qui
2394 2663 2471 2717 rei
2505 2662 2680 2733 ipsius
2709 2664 2997 2718 veritatem
3053 2663 3458 2725 scrutabantur,
3506 2669 3562 2717 et

1945 2767 2071 2806 cum
2103 2761 2448 2823 apponerent
2478 2767 2699 2807 omnem
2739 2753 2938 2807 mentis
2981 2760 3033 2808 et
3065 2753 3276 2807 aurium
3307 2753 3555 2827 diligen-

1947 2839 2098 2907 tiam,
2132 2841 2425 2896 videbatur
2455 2841 2537 2896 eis
2561 2841 2646 2912 [ex
2687 2840 2950 2912 qualitate
2989 2841 3139 2896 vocis
3170 2842 3224 2895 S.
3282 2840 3559 2895 Lantberti

1943 2934 2091 2990 bene
2114 2933 2219 2988 sibi
2237 2932 2602 3006 nota(lO7-1)],
2627 2933 2775 3005 quod
2792 2933 2909 3004 ipse
2924 2940 3146 2988 sanctus
3166 2949 3289 2988 cum
3303 2933 3448 2998 aliis,
3468 2934 3562 3005 qui

230 3035 334 3088 pus
363 3033 522 3073 roseo
548 3033 741 3072 cruore
773 3017 1077 3088 perfusum,
1113 3018 1442 3089 quantocius
1468 3018 1687 3091 navigio
1714 3020 1843 3074 Tra-
1875 3049 1926 3118 Ο
1947 3039 2134 3079 secum
2168 3023 2562 3089 occubuerant,
2596 3023 2796 3077 divinae
2826 3022 3098 3090 majestati
3131 3021 3348 3077 dulcem
3387 3023 3560 3077 melo-

224 3110 432 3179 jeclum
465 3117 902 3165 transvexerunt.
945 3110 1100 3166 Volat
1133 3109 1276 3165 fama
1316 3126 1416 3182 per
1447 3112 1703 3182 populos,
1748 3129 1848 3183 pa-
1884 3109 1925 3118 ν
1949 3113 2094 3168 diam
2127 3124 2348 3169 caneret
2401 3114 2454 3166 Si
2489 3114 2612 3185 quis
2635 3130 2699 3168 ea
2731 3114 2862 3169 hora
2894 3112 3058 3168 vellet
3080 3112 3230 3166 adire
3255 3111 3561 3178 basilicam,

232 3215 365 3254 vore
387 3206 440 3254 et
458 3201 688 3254 horrore
711 3199 998 3255 universos
1019 3201 1382 3258 concutiens:
1422 3208 1622 3274 pavent
1655 3218 1850 3257 omnes

234 3305 335 3359 pro
359 3289 566 3344 offensa
595 3290 862 3361 principis
899 3291 1106 3361 (1071),
1137 3292 1362 3348 horrent
1391 3308 1590 3348 omnes
1617 3308 1718 3364 pro
1760 3293 1851 3346 in-

234 3378 424 3433 debita
455 3395 588 3434 necc
630 3378 905 3450 praesulis,
947 3379 1159 3434 deflent
1187 3381 1588 3448 Trajectenses,
1625 3397 1684 3436 se
1713 3381 1851 3435 ami-

236 3467 377 3523 sisse
410 3468 486 3539 pii
519 3468 690 3538 patris
719 3468 1186 3536 benevolentiam,
1229 3485 1331 3525 nec
1370 3478 1552 3525 tamen
1591 3471 1722 3524 satis
1750 3487 1853 3525 au-

239 3563 374 3618 dent
408 3564 648 3619 debitam
679 3571 828 3620 tanto
861 3566 998 3636 patri
1031 3567 1395 3621 reverentiam
1428 3565 1711 3620 exhibere.
1756 3566 1852 3620 Vix

179 3735 188 3737 _
241 3673 400 3712 caros
453 3658 664 3732 lugere,
702 3658 793 3712 vix
842 3674 968 3713 reos
1016 3665 1172 3715 vacat
1209 3659 1415 3714 odisse.
1473 3659 1734 3730 Exposito
1787 3660 1854 3714 ad

243 3757 462 3821 portum
508 3759 696 3806 sancto
737 3765 989 3821 corpore,
1040 3751 1278 3808 occurrit
1307 3752 1548 3824 populus
1588 3752 1709 3806 sine
1755 3767 1858 3807 no-

242 3841 393 3894 mine
424 3849 478 3894 et
509 3855 761 3904 numero,
792 3847 847 3895 et
875 3841 1067 3912 quanti
1099 3841 1246 3912 apud
1278 3856 1472 3896 omnes
1502 3841 1562 3898 S.
1592 3840 1854 3895 Lantber-

241 3935 332 3984 tus
384 3929 684 3984 aestimatus
733 3929 824 3997 sit,
857 3945 922 3984 ex
969 3928 1214 3984 confusis
1254 3929 1502 3984 omnium
1544 3928 1856 4000 planctibus

239 4019 499 4073 aestimari
531 4025 758 4089 poterat.
796 4017 1089 4088 Impositus
1123 4018 1322 4074 feretro
1361 4015 1609 4073 defertur
1635 4025 1857 4073 sanctus

241 4115 446 4178 martyr
473 4108 541 4161 ad
586 4107 870 4162 basilicam
908 4107 961 4161 S.
1017 4107 1156 4162 Petri
1188 4123 1314 4163 cum
1371 4108 1584 4164 honore
1631 4107 1853 4174 debito;

242 4202 425 4257 clerus
479 4216 599 4256 cum
659 4200 886 4271 psalmis
924 4206 978 4255 et
1033 4201 1264 4257 canticis
1321 4201 1700 4273 prosequitur,
1757 4215 1856 4272 po-

249 4294 413 4366 pulus
468 4294 770 4366 complodit
821 4310 1018 4350 manus
1092 4311 1215 4350 cum
1274 4295 1564 4350 lamentis:
1622 4294 1858 4366 populus

246 4391 535 4456 pernoctat
575 4384 916 4452 solemniter,
973 4385 1151 4440 clerus
1191 4385 1292 4440 rite
1337 4383 1654 4457 frequentat
1696 4400 1862 4440 excu-

249 4477 390 4532 bias.

317 4567 408 4622 53.
455 4567 613 4622 Juvat
657 4581 851 4622 omnes
903 4565 1204 4621 allambere
1253 4565 1485 4638 vestigia
1532 4566 1609 4638 pii
1643 4565 1859 4637 patris;

1951 3221 2062 3276 prae
2093 3206 2317 3260 horrore
2359 3220 2469 3258 non
2506 3211 2720 3276 poterat
2745 3205 2990 3269 introire,
3032 3211 3087 3257 et
3116 3209 3322 3274 quanto
3351 3203 3477 3273 quis
3505 3218 3564 3257 se

1951 3295 2178 3366 propius
2221 3294 2518 3367 ingereret,
2557 3301 2706 3348 tanto
2737 3294 2916 3347 minus
2961 3292 3239 3366 angelicas
3269 3307 3431 3347 voces
3468 3293 3564 3346 ad-

1951 3386 2202 3441 mittebat
2253 3385 2450 3440 retusis
2476 3384 2742 3439 auribus:
2797 3401 2919 3439 cum
2959 3395 3141 3438 autem
3189 3385 3564 3457 clongabatur,

1951 3475 2202 3550 angelica
2233 3475 2474 3529 melodia
2533 3472 2774 3544 amplius
2814 3473 3130 3528 iterabatur.
3175 3473 3213 3527 0
3274 3472 3568 3527 ineffabilis

1953 3568 2200 3639 potentia
2227 3574 2337 3626 tua.
2381 3565 2620 3620 Christe!
2683 3565 2819 3631 Quis
2865 3572 3184 3635 compenset
3228 3571 3318 3619 tua
3350 3581 3568 3636 magna-

1957 3659 2066 3713 lia?
2093 3659 2249 3724 Ecce,
2290 3657 2467 3728 palam
2510 3656 2662 3722 facis,
2696 3657 2842 3728 quod
2875 3673 2970 3712 ore
3019 3663 3112 3712 tuo
3140 3657 3358 3717 dixisti;
3395 3678 3420 3708 (ι
3449 3658 3565 3712 Non

1956 3757 2040 3806 est
2078 3751 2220 3805 Deus
2259 3758 2620 3810 mortuorum.
2670 3749 2767 3803 sed
2816 3749 3086 3803 vivorum.
3121 3773 3146 3795 »
3183 3748 3382 3803 Omnes
3419 3749 3564 3802 enim

1957 3839 2057 3894 tibi
2099 3839 2310 3903 vivunt,
2345 3838 2436 3909 qui
2487 3837 2624 3892 vivis
2653 3845 2706 3892 et
2745 3853 2943 3912 regnas
2995 3837 3048 3890 in
3083 3837 3283 3892 saecula
3331 3837 3568 3892 saeculo-

1957 3945 2098 3984 rum.

2025 4021 2096 4075 55
2171 4021 2324 4074 Miles
2381 4019 2576 4076 Christi
2624 4019 2896 4092 gloriosus
2949 4019 3292 4086 Lantbertus,
3333 4030 3572 4092 quantus

1958 4113 2103 4183 apud
2137 4113 2338 4185 Regem
2377 4129 2566 4185 regum
2599 4112 2652 4166 in
2685 4113 2837 4167 cmlis
2865 4119 3031 4175 esset,
3080 4110 3248 4182 cmpit
3291 4112 3481 4166 statim
3515 4112 3570 4166 in

1958 4207 2118 4262 terris
2167 4206 2497 4277 patefacere,
2531 4223 2630 4276 per
2670 4206 2770 4260 hoc
2810 4205 2983 4259 multo
3015 4203 3254 4267 beatior,
3295 4205 3444 4276 quod
3472 4222 3572 4275 per

1959 4311 2082 4349 eum
2115 4295 2276 4349 etiam
2307 4300 2428 4365 post
2455 4301 2684 4348 mortem
2719 4308 2919 4347 nomen
2955 4291 3166 4346 Domini
3201 4292 3569 4346 benedieeba-

1964 4392 2049 4438 tur
2078 4384 2132 4437 in
2189 4383 2422 4453 populis.
2479 4383 2764 4453 Apparcns
2805 4381 2953 4434 enim
3013 4387 3170 4434 nocte
3203 4380 3566 4441 thesaurario.

1963 4475 2190 4529 nomine
2215 4473 2490 4547 Amalgiso
2523 4472 2704 4543 (1075)
2728 4489 2742 4536 ;
2770 4471 2942 4539 judici
2975 4471 3253 4542 quondam
3285 4487 3408 4537 suo,
3443 4488 3569 4525 eum

1962 4562 2167 4616 blando
2199 4561 2568 4632 compellabat
2607 4561 2876 4632 alloquio:
2911 4560 3004 4631 qui
3058 4559 3126 4614 de
3174 4575 3340 4615 causa
3365 4559 3571 4614 adven-

245 4673 447 4732 magna
485 4674 544 4713 se
575 4663 729 4728 putat
757 4653 1016 4730 suffragia
1047 4654 1334 4722 meruisse,
1379 4654 1467 4710 cui
1506 4653 1864 4728 contingebat
1964 4651 2147 4706 tussui
2165 4651 2234 4705 ab
2263 4650 2460 4706 eodem
2482 4650 2603 4707 viro
2633 4649 2929 4723 diligenter
2955 4648 3287 4722 inquisitus:
3322 4650 3572 4715 Romam,

322 4886 498 4957 (1070)
539 4886 758 4961 Primus
800 4886 1141 4961 _Sigebertus
1175 4883 1528 4961 _sc‘ripsit_S.
1590 4881 1863 4938 Lamberti

252 4955 348 5016 cor
386 4959 702 5014 transﬁxum
735 4955 926 5021 fuisse,
957 4955 1366 5012 Godeschalcus
1404 4955 1507 5010 ait:

323 5054 386 5107 In
416 5055 526 5107 ictu
553 5053 647 5107 teli
665 5053 938 5122 jacutavit
967 5067 1084 5106 eum
1121 5067 1134 5104 :

252 5161 567 5231 Stephanus
599 5178 612 5213 :

326 5274 592 5326 Percussit
620 5271 721 5325 telo
748 5273 1017 5326 uicturum
1048 5271 1109 5324 in
1129 5268 1324 5324 saecula
1352 5268 1562 5324 Christo
1590 5284 1602 5320 :

256 5380 422 5438 Poeta
445 5397 792 5452 annonymus
822 5399 834 5435 :

324 5495 478 5548 Hunc
506 5494 605 5546 telo
643 5496 830 5561 ﬁgens,
863 5494 1024 5546 auxit
1051 5491 1160 5546 sibi
1188 5489 1408 5544 vulnera
1434 5487 1622 5556 culpa.

325 5608 484 5677 1071)
511 5608 626 5665 lmo
655 5608 917 5674 Dodonis,
952 5613 1012 5664 ut
1035 5605 1167 5663 alibi
1207 5619 1352 5674 saepe
1383 5599 1589 5658 dictum
1621 5606 1726 5654 est.

2040 4882 2218 4953 (1072)
2257 4882 2409 4959 lianc
2455 4880 3064 4959 mirabilempellicum
3115 4882 3388 4954 repulsam
3419 4881 3575 4959 Sige-

1970 4955 2156 5026 hertus
2189 4954 2399 5024 primus
2437 4970 2467 5007 e
2497 4953 2816 5026 biographis
2847 4954 3088 5008 tradidit.

2041 5025 2220 5092 (1073)
2260 5026 2540 5098 Alpaidem
2574 5025 2845 5098 designat,
2885 5041 3048 5096 quam
3089 5026 3141 5080 S.
3176 5027 3449 5082 Lamberti
3481 5042 3579 5081 ne-

1971 5097 2051 5152 cis
2081 5113 2225 5151 ream
2270 5097 2435 5151 fuisse
2467 5113 2577 5151 non
2607 5097 2906 5151 credimus.

2047 5168 2224 5237 (107i)
2265 5169 2391 5231 Quae
2450 5168 2607 5221 uncis
2662 5169 2872 5222 inclusa
2922 5175 3069 5234 sunt,
3104 5168 3449 5222 restituimus
3511 5185 3578 5224 ex

1977 5238 2091 5292 Vita
2149 5240 2383 5293 breviori
2428 5239 2494 5292 ab
2549 5239 2742 5294 eodem
2800 5239 3106 5308 Sigcberto,
3151 5240 3484 5308 conscripta,
3527 5248 3580 5295 et

1976 5309 2210 5364 Reinero
2238 5326 2521 5381 perperam
2555 5310 2830 5365 attributa.
2866 5309 2925 5364 In
2958 5328 3060 5366 ms.
3088 5311 3236 5365 enim
3281 5318 3462 5366 nostro
3493 5313 3580 5365 hic

1977 5382 2170 5454 luxato
2214 5382 2289 5436 ita
2347 5382 2571 5454 legitur:
2635 5382 2932 5454 Videbatur
2974 5383 3056 5436 eis
3083 5383 3236 5436 vocis
3283 5382 3390 5435 sibi
3441 5391 3581 5438 notae

1972 5454 2119 5507 unde
2151 5453 2204 5506 S.
2250 5453 2544 5517 Lamberti,
2578 5453 2725 5524 quod
2760 5454 3152 5524 ipsesanctus,
3186 5460 3292 5507 etc.

2065 5524 2216 5598 1075)
2249 5525 2288 5598 A
2339 5523 3097 5598 Codeschalco_Amalgi_silus
3134 5532 3380 5598 vocatur,
3414 5531 3580 5598 atque

1974 5596 2048 5650 ita
2073 5595 2235 5650 etiam
2267 5595 2471 5670 legitur
2501 5595 2554 5649 in
2580 5596 2696 5650 Vita
2727 5595 2966 5650 breviori
2996 5611 3119 5651 mox
3147 5596 3328 5652 citata.
