3948 6044
401 195 506 252 807

1624 188 1971 250 SIGEBERTI
2008 189 2523 259 GEMBLACENSIS.

3635 207 3746 263 808

400 325 606 398 inquit,
652 323 893 388 ivimus;
954 324 1145 392 Roma,
1201 339 1353 392 ecce,
1421 323 1685 392 redimus,
1747 325 2018 383 visitaturi
2041 330 2102 401 Α
2125 332 2328 388 cubare
2362 335 2430 389 ad
2464 336 2640 392 locum
2675 335 2920 408 martyrii
2956 337 3099 406 ejus,
3128 343 3183 393 et
3210 337 3348 393 alter
3377 337 3602 410 quidam
3632 339 3746 394 Ra-

401 417 680 473 DOdODem
711 425 770 470 ει
794 415 1094 486 σοιηρὶὶοεε
1127 416 1280 484 eius;
1311 416 1538 489 Sanguis
1564 417 1714 472 enim
1748 416 2022 474 iunocen-
2120 426 2395 502 ginfridus
2424 428 2679 483 eumdem
2715 428 2892 483 locum
2936 427 3241 483 emundare
3281 429 3541 494 monitus,
3576 430 3748 486 ambo

398 508 556 577 tium,
595 507 689 578 qui
721 521 936 561 mecum
968 521 1066 577 pro
1112 505 1324 562 Christo
1363 522 1530 577 super
1568 515 1768 562 terram
1812 507 2021 563 effusus
2119 517 2308 571 lumen
2333 517 2640 585 oculorum,
2690 531 2800 588 quo
2829 517 3111 585 carebant,
3146 527 3493 589 receperunt,
3552 518 3607 572 in
3639 534 3747 574 suo

398 605 500 664 est,
527 598 868 669 jamjamque
897 597 1103 668 expetit
1133 597 1202 652 ab
1245 613 1312 654 eo
1342 598 1663 666 vindictam,
1709 615 1812 655 nec
1858 615 2017 654 suam
2120 605 2358 679 quisque
2381 613 2650 677 tempore,

397 694 541 749 Deus
581 693 649 747 ab
691 693 771 748 eis
813 693 1050 767 gratiam
1101 692 1400 766 elongabit.
1450 693 1542 747 llis
1587 694 1774 761 dictis,
1835 695 2022 765 dispa-

399 789 506 845 ruit
573 789 682 843 Sed
713 788 843 859 quia
874 787 1010 842 visio
1043 803 1153 842 non
1187 787 1290 844 fuit
1338 788 1647 856 fantastica,
1700 806 1881 844 rerum
1926 805 2026 844 ex-

398 883 508 937 itus
535 880 740 936 docuit.
762 880 914 935 Dodo
941 895 1142 950 nempe
1174 881 1380 935 sanctis
1410 881 1672 937 antistitis
1704 880 2026 937 interfector

398 971 581 1027 statim
632 969 870 1024 incurrit
925 969 1060 1023 iram
1110 968 1310 1023 divinae
1358 969 1616 1024 ultionis:
1677 986 1802 1024 nam
1837 969 2024 1025 omnia

400 1066 591 1124 vitalia
624 1064 932 1137 putrefacta
965 1072 1020 1120 et
1068 1065 1238 1120 fetida
1270 1083 1369 1136 per
1397 1081 1461 1122 os
1507 1083 1666 1121 suum
1701 1067 2023 1138 projiciens,

400 1155 642 1211 ostendit
672 1153 929 1209 omnibus
970 1152 1352 1208 infelicitatem
1405 1170 1560 1208 suam
1591 1169 1688 1224 per
1731 1154 2024 1209 miserabi-

401 1248 506 1303 lem
537 1247 662 1302 vitae
703 1245 943 1310 exitum;
977 1250 1031 1299 et
1061 1245 1156 1316 qui
1197 1245 1287 1298 hic
1326 1261 1529 1316 pompa
1577 1246 1765 1300 saeculi
1820 1246 2029 1300 abusus

399 1345 503 1404 est,
534 1336 831 1406 deputatus
863 1341 949 1388 est
980 1332 1035 1386 in
1075 1331 1294 1388 inferno
1322 1333 1437 1401 jam
1463 1332 1624 1406 [igni]
1660 1333 2028 1406 inexstingui-

400 1429 520 1496 bili,
544 1435 600 1483 et
627 1427 802 1483 vermi
832 1442 944 1482 non
974 1426 1256 1481 morienti.

471 1519 560 1576 56.
594 1519 783 1574 Fertur
811 1518 1000 1583 etiam,
1036 1517 1182 1588 quod
1218 1525 1442 1588 propter
1482 1518 1896 1574 intolerantiam
1935 1519 2024 1572 ni-

2191 696 2282 751 58.
2316 695 2582 751 Veniebat
2625 711 2748 751 cum
2781 693 2891 751 ﬁde
2928 696 2996 751 ad
3030 696 3176 752 hunc
3205 697 3388 752 locum
3421 697 3576 770 virgo
3605 696 3748 762 Oda,

2125 795 2180 844 et
2216 788 2336 859 ipsa
2371 804 2548 855 caeca;
2597 797 2651 844 et
2691 790 2811 844 loco
2845 789 3096 860 prpxima
3128 798 3186 844 ut
3228 805 3432 845 nomen
3465 790 3748 846 invocavit

2125 878 2299 933 sancti
2356 878 2628 950 martyris,
2670 879 2816 950 quod
2873 878 3095 934 volebat
3131 879 3349 949 accepit
3406 878 3603 947 (1082).
3651 879 3750 932 His

2125 965 2432 1040 augebatur
2461 982 2658 1022 recens
2685 967 2967 1022 veneratio
3000 966 3126 1021 novi
3160 968 3397 1038 patroni,
3418 976 3471 1023 et
3509 984 3748 1023 accensa

2125 1057 2316 1128 populi
2349 1057 2569 1112 devotio
2614 1065 2806 1112 sancto
2841 1056 3124 1112 basilicam
3175 1055 3432 1125 aediﬁcat,
3467 1065 3619 1114 tanto
3661 1059 3748 1114 ci-

2131 1145 2260 1209 tius,
2303 1153 2509 1216 quanto
2548 1145 2824 1201 devotius.
2865 1147 3060 1202 Lectus
3095 1146 3260 1201 etiam
3301 1147 3532 1203 sanctia
3561 1147 3749 1202 ﬁdeli-

2129 1236 2234 1292 bus
2277 1237 2594 1306 fabricatus,
2638 1239 2694 1292 in
2726 1238 2821 1294 illo
2851 1239 2973 1295 loco
3007 1240 3219 1311 positus
3249 1248 3350 1307 est,
3383 1241 3477 1297 ubi
3521 1248 3747 1298 sanctus

2130 1329 2238 1384 telo
2285 1329 2459 1402 iniqui
2494 1330 2786 1386 transﬁxus
2825 1330 2950 1387 fuit.
2983 1332 3107 1388 Haec
3135 1332 3483 1408 Legiensium
3520 1335 3746 1390 devotio

2129 1423 2268 1478 adeo
2295 1423 2527 1479 Domino
2560 1424 2786 1494 placuit,
2816 1433 2876 1481 ut
2907 1425 3022 1494 jam
3049 1425 3244 1482 crebro
3274 1426 3460 1481 multis
3485 1426 3750 1483 fidelibus

2128 1512 2344 1568 caelitus
2383 1514 2500 1570 viso
2540 1523 2853 1586 appareret,
2886 1524 2945 1571 ut
2971 1524 3195 1572 sanctus
3231 1517 3429 1589 Martyr
3466 1517 3676 1573 relatus
3715 1535 3745 1573 a

402 1613 498 1668 mii
541 1612 729 1668 fetoris
759 1627 960 1682 corpus
989 1612 1111 1680 ejus
1143 1611 1196 1665 in
1218 1611 1442 1666 fluvium
1475 1613 1681 1668 Mosam
1715 1611 2019 1684 projectum
2050 1663 2094 1684 η
2120 1608 2364 1678 Trajecto
2408 1612 2655 1682 martyrii
2699 1612 2785 1667 sui
2838 1612 2959 1668 loco
3035 1613 3437 1668 restitueretur.
3502 1613 3744 1669 Sanctus

401 1705 492 1772 sit,
521 1703 801 1758 vermibus
839 1710 893 1757 et
931 1703 1056 1757 tabe
1101 1709 1418 1774 corruptum
1454 1702 1670 1775 (1076);
1715 1720 1820 1759 nec
1859 1704 2020 1758 aliam

403 1796 744 1867 sepulturam
774 1794 994 1858 meruit,
1037 1794 1133 1865 qui
1184 1794 1556 1849 miserabilem
1611 1795 1746 1849 tanti
1777 1795 2028 1850 criminis

404 1886 508 1942 sibi
590 1884 912 1940 memoriam
987 1885 1301 1955 acquisivit.
1379 1885 1594 1940 Dodoni
1660 1885 1717 1940 in
1793 1886 2027 1941 crimine

403 1976 706 2050 aequandus
757 1976 868 2040 ille,
916 1975 1010 2047 qui
1062 1987 1310 2030 sanctum
1358 1977 1573 2032 Domini
1621 1978 1736 2032 suis
1775 1978 2029 2032 manibus

405 2066 663 2138 peremit,
695 2065 847 2120 fratri
880 2081 980 2120 suo
1019 2066 1187 2120 miser
1215 2065 1360 2121 bello
1390 2067 1767 2141 congreditur,
1821 2073 1876 2122 et
1921 2067 2031 2122 fra-

403 2165 543 2212 trem
575 2157 873 2228 perimens,
907 2163 1097 2211 mutuo
1131 2173 1161 2211 a
1190 2155 1356 2212 fratre
1398 2157 1702 2227 perimitur.
1748 2158 1812 2212 Ut
1851 2159 2030 2225 aiunt,

403 2247 594 2318 paucis
627 2246 812 2301 omnia
837 2245 1196 2301 concludam:
1230 2245 1373 2300 infra
1412 2247 1542 2300 anni
1574 2247 1749 2318 ipsius
1779 2247 2027 2318 spatium

401 2337 491 2394 vix
518 2337 717 2409 aliquis
755 2337 952 2402 evasit,
984 2337 1080 2408 qui
1126 2336 1180 2392 in
1216 2353 1351 2393 nece
1379 2337 1554 2393 sancti
1608 2337 1867 2409 martyris
1908 2352 2034 2392 reus

403 2429 534 2485 fuit:
589 2438 644 2485 et
703 2431 751 2484 si
811 2431 937 2501 quis
1011 2430 1327 2501 superfuit,
1382 2431 1438 2485 in
1507 2438 1720 2487 tantum
1796 2447 1857 2486 se
1933 2436 2031 2486 aut

402 2536 570 2576 sensu
627 2520 809 2590 (1077)
866 2520 1143 2591 perdoluit
1196 2522 1492 2587 annullari,
1545 2529 1604 2578 ut
1658 2522 1782 2579 illos
1836 2521 2031 2578 felices

405 2607 626 2662 duxerit
657 2623 797 2673 esse,
840 2612 935 2680 qui
967 2609 1152 2675 citata,
1187 2611 1439 2682 quamvis
1479 2611 1802 2678 miserabili,
1845 2617 2023 2666 morte

407 2698 719 2769 consumpti
748 2707 895 2754 sunt.
939 2700 1003 2754 At
1037 2699 1233 2756 Christi
1271 2712 1476 2774 martyr
1513 2711 1810 2758 coronatus
1839 2703 2030 2758 trium-

408 2791 560 2862 phat,
621 2799 674 2846 et
710 2792 952 2848 victoriae
1011 2795 1246 2864 palmam
1283 2797 1461 2864 (1078)
1515 2803 1734 2864 tenens,
1787 2797 1843 2850 iu
1900 2797 2024 2852 sinu

405 2883 635 2938 Abrahae
655 2885 909 2940 exsultat.
954 2886 1062 2952 Sic,
1096 2886 1330 2956 Christe,
1363 2889 1420 2942 in
1450 2889 1655 2944 sanctis
1690 2889 1797 2944 tuis
1825 2889 1895 2945 de
1917 2889 2028 2943 ini-

407 2973 566 3028 micis
587 2975 913 3046 triumphas,
947 2984 1001 3032 et
1019 2977 1316 3052 diligentes
1346 2989 1400 3035 te
1415 2981 1677 3055 diligens,
1693 2980 2027 3037 honoriﬁcas

407 3064 746 3120 honorantes
775 3073 846 3121 te.

478 3156 567 3209 57.
597 3155 782 3230 Legia,
814 3173 938 3229 quae
971 3159 1232 3216 illustrari
1275 3163 1474 3218 meruit
1505 3163 1722 3234 patroni
1757 3163 1842 3218 sui
1873 3181 2024 3220 mar-

407 3247 571 3318 tyrio,
601 3251 856 3320 quamvis
882 3267 1114 3324 corpore
1139 3254 1316 3325 ipsius
1345 3270 1404 3310 se
1447 3256 1513 3310 ad
1541 3261 1763 3328 tempus
1787 3257 2028 3313 doluerit

409 3337 684 3392 viduatam
719 3355 862 3407 esse,
910 3346 1095 3396 tamen
1153 3343 1543 3399 miraculorum
1603 3345 1723 3414 ejus
1763 3345 2031 3401 immunis

408 3447 522 3487 non
546 3431 662 3487 fuit.
701 3435 758 3488 ln
791 3435 1048 3492 cubiculo
1081 3453 1321 3510 namque
1347 3439 1592 3511 martyrii
1628 3439 1778 3495 illius
1807 3441 2028 3496 conscio

410 3523 726 3590 luminaria,
755 3526 1019 3582 divinitus
1039 3545 1294 3594 accensa,
1317 3531 1520 3602 saepius
1558 3532 2031 3602 resplendebant;

409 3623 471 3672 ut
501 3623 613 3672 tota
643 3618 862 3686 domus,
897 3621 1052 3692 quasi
1084 3623 1232 3678 solus
1266 3623 1472 3690 radius,
1506 3623 1805 3699 refulgeret
1840 3625 1919 3696 [ut
1948 3625 2034 3679 lu-

408 3726 527 3767 cem
560 3711 708 3768 illam
761 3714 847 3768 vix
881 3715 1158 3771 humanus
1188 3717 1354 3772 ferret
1392 3717 1619 3789 (1079)],
1651 3719 1861 3774 oculus.
1909 3719 2033 3775 Haec

411 3801 568 3858 famae
593 3804 894 3874 primordia
940 3807 1259 3864 veriﬁcabat
1289 3825 1532 3880 sequens
1573 3811 1749 3882 gratia
1795 3811 2033 3866 miracu-

412 3893 613 3958 lorum,
644 3909 877 3963 quorum
917 3895 1007 3949 hic
1036 3913 1249 3951 summa
1280 3899 1632 3968 capitulanda
1661 3909 1764 3955 est.
1794 3901 2034 3957 Theodi-

410 3994 562 4034 mum
591 3979 774 4051 (1080)
801 3983 1094 4052 quemdam
1122 3985 1205 4037 vir
1230 3996 1456 4041 sanctus
1499 3988 1670 4042 semel
1707 4005 1807 4058 per
1853 3991 2028 4044 visum

411 4071 646 4137 monuit,
695 4078 755 4126 ut
787 4073 1064 4142 pectinem
1096 4092 1255 4131 suum
1295 4078 1562 4149 optimum
1628 4080 1906 4149 redderet,
1959 4081 2029 4138 ab

415 4162 536 4231 ejus
590 4179 756 4219 uxore
787 4164 890 4219 sibi
923 4173 1281 4238 praereptum:
1317 4171 1479 4226 tertio
1537 4171 1721 4243 (1081)
1778 4189 1890 4229 non
1930 4191 2031 4246 pa-

413 4253 586 4310 rentis
614 4255 716 4309 sibi
750 4263 941 4326 pectus
972 4257 1464 4315 aﬁecitinsanabili
1491 4262 1622 4331 ictu,
1646 4263 1835 4336 sicque
1869 4282 2030 4321 suum

413 4346 482 4401 ab
511 4345 684 4403 invito
724 4348 946 4420 recepit.
981 4350 1336 4425 Baldigisilus
1365 4352 1556 4422 jussus
1593 4368 1693 4424 per
1722 4355 1897 4412 visum
1927 4372 2030 4413 ex-

489 4559 666 4644 (1070)
697 4561 778 4644 _De
805 4578 972 4644 corpo
1001 4581 1032 4619 e
1074 4565 1129 4620 in
1157 4565 1357 4624 Mosam
1387 4568 1634 4640 projecto
1665 4569 1804 4624 nihil
1833 4570 2032 4644 legitur

416 4633 566 4702 apud
597 4633 1052 4690 Godeschalcum.

493 4703 674 4784 (1077)
717 4705 778 4758 In
811 4722 912 4760 ms.
957 4714 1142 4764 nostro
1180 4725 1340 4765 censu
1372 4709 1600 4784 legitur:
1657 4712 1816 4768 Forte
1847 4720 2030 4769 tamen

418 4772 713 4846 legendum
753 4791 987 4832 sensum.

484 4843 663 4928 (1078)
721 4846 818 4928 Ms.
889 4855 1132 4928 uestrum
1196 4852 1390 4928 habet:
1443 4853 1734 4928 Victoriam
1802 4855 2028 4928 palmae;

414 4915 566 4986 quod
587 4932 652 4970 ex
683 4918 877 4973 eadem
909 4920 1025 4975 Vita
1057 4923 1298 4978 breviori
1328 4925 1561 4980 correxi.

485 4987 664 5057 (1079)
703 4987 864 5044 Uncis
893 4989 1103 5046 inclusa
1143 5010 1207 5048 ex
1251 4995 1469 5050 laudata
1495 4997 1606 5051 vita
1643 4997 1887 5055 breviori
1924 4997 2028 5052 de-

414 5071 526 5113 nuo
551 5060 946 5141 restituitcum
981 5063 1150 5141 in_ms
1219 5075 1407 5122 nostro
1437 5075 1559 5138 post
1588 5070 1816 5124 verbum
1860 5069 2031 5125 reful-

411 5132 1119 5210 gerehlonlissisczeteris,
1175 5143 1385 5210 tantum
1429 5132 1778 5210 sequeretur,
1811 5142 2026 5196 oculus.

483 5201 658 5278 (1080)
689 5203 1073 5278 Theoduinum
1106 5206 1273 5262 habet
1296 5207 1412 5262 Vita
1440 5201 1677 5278 brevior,
1695 5201 2026 5267 Godeschal—

411 5286 528 5332 cus.
557 5273 970 5329 Theodoenum.

481 5343 660 5423 (1081)
691 5345 1094 5426 Godeschalcus
1134 5355 1341 5426 tantum
1375 5349 1462 5404 bis
1514 5353 2028 5426 sanctumipsiiap-

409 5414 656 5538 plaguisse
709 5423 967 5484 testatur;
1022 5418 1240 5474 tertiam
1270 5417 1445 5476 vicem
1478 5423 1733 5492 adjunxit
1761 5414 2026 5498 Sigebe'r-

479 5554 663 5629 (1082)
710 5557 786 5613 De
817 5559 968 5616 hisce
999 5561 1178 5617 tribus
1230 5561 1438 5619 lumine
1485 5564 1706 5622 donatis
1753 5565 1866 5639 agit
1917 5565 2024 5622 Go-

2127 1698 2416 1766 Hubertus,
2447 1700 2784 1756 sanctissimi
2835 1702 3114 1758 Lantberti
3151 1704 3458 1774 discipulus
3501 1712 3558 1760 et
3613 1721 3742 1760 suc-

2128 1804 2333 1856 cessor,
2375 1805 2485 1845 non
2537 1791 2842 1846 contraibat
2894 1791 2993 1848 Dei
3044 1801 3100 1848 et
3153 1794 3406 1864 martyris
3444 1794 3742 1850 voluntati.

2130 1882 2286 1938 Anno
2323 1882 2492 1956 igitur
2529 1883 2884 1955 episcopatus
2941 1885 3027 1939 sui
3081 1901 3174 1939 xm
3225 1885 3408 1956 (1083)
3466 1886 3743 1941 tumulum

2133 1972 2308 2028 sancti
2362 1972 2640 2043 aperiens,
2681 1989 2880 2044 corpus
2928 1975 3047 2044 ejus
3077 1975 3313 2030 solidum
3365 1975 3635 2030 illibatum
3685 1992 3752 2031 ac

2133 2067 2274 2122 miro
2303 2068 2474 2123 odore
2504 2084 2815 2139 respersum
2846 2069 3090 2125 invenit:
3125 2071 3352 2126 mutavit
3391 2071 3745 2138 vestimenta,

2133 2166 2188 2214 et
2213 2159 2392 2230 priora
2424 2176 2522 2232 pro
2562 2161 2758 2216 dandis
2793 2162 3118 2234 pignoribus
3148 2161 3326 2235 (1084)
3375 2164 3644 2218 servanda
3674 2164 3769 2227 δὶα,

2133 2251 2363 2324 gillavit.

2203 2343 2292 2397 59.
2354 2341 2557 2398 Claruit
2606 2345 2694 2399 vel
2772 2344 3158 2402 transferendo
3191 2388 3206 2414 ,
3262 2347 3368 2401 hoc
3419 2346 3746 2418 beneplaci-

2134 2443 2248 2493 tum
2303 2434 2473 2492 fuisse
2511 2437 2772 2494 Domino:
2813 2438 2870 2493 in
2903 2439 3035 2495 villa
3075 2440 3284 2512 quippe
3323 2440 3515 2495 Nuella
3561 2440 3747 2508 (1085)

2131 2526 2517 2598 requiescente
2547 2527 2774 2598 populo,
2833 2545 3046 2600 pauper
3085 2536 3140 2584 et
3177 2545 3380 2595 cacus,
3412 2529 3617 2584 ditatus
3664 2534 3751 2584 est

2132 2618 2346 2674 reddito
2381 2618 2484 2673 sibi
2544 2619 2731 2675 ofﬁcio
2761 2622 3067 2676 oculorum.
3129 2623 3238 2677 Nec
3285 2623 3458 2677 multo
3516 2631 3639 2692 post
3692 2621 3749 2675 in

2130 2708 2261 2764 villa
2289 2709 2544 2764 Hermala
2575 2709 2749 2780 (1086)
2800 2711 3012 2766 cunctis
3040 2711 3238 2782 requie
3269 2711 3644 2766 relevantibus
3676 2711 3755 2765 la-

2129 2803 2319 2858 borem
2346 2801 2682 2872 paralyticus
2714 2801 2893 2873 (1087)
2923 2802 3128 2858 ibidem
3148 2802 3416 2858 adductus
3437 2801 3492 2856 in
3517 2812 3745 2873 aspectu

2126 2897 2298 2953 sancti
2342 2896 2529 2952 foretri
2593 2897 2826 2952 solidata
2871 2912 3136 2973 compage
3188 2897 3586 2964 membrorum,
3637 2897 3746 2952 sibi

2127 2986 2374 3042 redditus
2411 2993 2494 3041 est
2551 2988 2610 3040 lu
2639 2985 2871 3060 singulis
2902 2987 2986 3042 his
3024 2987 3159 3042 locis
3189 2987 3368 3042 statim
3401 2987 3642 3042 basilicae
3690 2988 3749 3042 in

2049 3073 2389 3142 Chonorem
2457 3075 2628 3132 sancti
2680 3076 2930 3148 martyris
2979 3075 3373 3131 fundabantur.
3459 3078 3590 3131 Cum
3645 3077 3746 3131 tali

2127 3170 2368 3242 tripudio
2409 3168 2956 3241 appropinquabatur
2994 3179 3108 3237 tuo,
3168 3184 3200 3224 ο
3249 3169 3432 3244 Legia,
3495 3169 3740 3224 munici-

2129 3261 2220 3332 pio
2252 3257 2454 3331 (1088)!
2501 3259 2709 3323 Quanta
2761 3263 2816 3313 et
2844 3258 3024 3330 qualis
3068 3257 3235 3313 fuerit
3275 3257 3553 3329 processio
3613 3258 3749 3313 cleri

2130 3360 2184 3409 et
2217 3352 2431 3425 populi,
2462 3358 2665 3423 quanta
2693 3357 2747 3406 et
2800 3351 2980 3422 qualis
3005 3352 3293 3408 exsultatio
3323 3352 3572 3424 undique
3601 3367 3746 3407 cou-

2135 3442 2495 3506 currentium,
2546 3447 2750 3512 quanta
2802 3441 3048 3496 omnium
3088 3441 3389 3496 liberalitas
3446 3442 3502 3496 in
3544 3441 3746 3496 dandis

2135 3538 2325 3588 sancto
2377 3531 2718 3596 muneribus,
2756 3537 2963 3601 quanta
2994 3529 3158 3586 fuerit
3186 3529 3434 3585 ﬁdelium
3477 3531 3672 3586 orandi
3696 3536 3753 3584 et

2134 3629 2260 3679 vota
2311 3620 2562 3676 solvendi
2604 3618 2849 3690 puritas;
2889 3619 3010 3674 llth
3054 3626 3108 3674 et
3155 3618 3472 3687 hujusmodi
3528 3618 3750 3673 facilius

2134 3729 2166 3768 a
2193 3711 2443 3782 sapiente
2469 3707 2728 3765 aestimari
2766 3714 3047 3780 poterunt,
3079 3725 3244 3782 quam
3275 3709 3508 3779 alicujus
3536 3723 3632 3764 ore
3661 3710 3751 3764 vel

2132 3805 2275 3876 stylo
2306 3804 2534 3859 narrari.

2201 3895 2287 3950 60.
2344 3894 2542 3959 Habes,
2602 3893 2788 3966 Legia,
2831 3901 2984 3947 tuum
3023 3892 3323 3968 gaudium;
3375 3908 3526 3958 ecce,
3586 3897 3750 3946 tenes

2133 3992 2284 4040 tuum
2329 3983 2571 4055 speciale
2627 3983 3016 4054 patrocinium.
3060 3983 3195 4038 Hinc
3244 3982 3412 4054 cmpit
3439 3982 3516 4037 tui
3576 3981 3755 4054 profc-

2131 4080 2250 4129 ctus
2274 4074 2363 4145 [aL
2389 4071 2699 4146 provectus]
2730 4071 2971 4138 initium,
2998 4088 3097 4144 per
3123 4073 3272 4128 hunc
3292 4072 3349 4127 in
3370 4071 3566 4127 urbem
3593 4071 3750 4125 exal-

2131 4173 2262 4232 tata,
2291 4164 2613 4237 proveheris
2639 4165 2709 4220 de
2741 4164 2855 4219 ﬁlia
2879 4165 2936 4219 in
2964 4172 3196 4220 matrem
3227 4164 3440 4238 (1089):
3472 4179 3570 4234 per
3600 4163 3751 4218 hunc

2132 4261 2189 4317 in
2220 4261 2594 4332 episcopalem
2625 4261 2816 4316 sedem
2846 4267 3116 4332 promota,
3159 4261 3215 4316 in
3249 4277 3470 4317 omnem
3500 4258 3750 4330 profeci-

2131 4355 2200 4412 sti
2247 4355 2612 4411 honestatem.
2653 4354 2787 4409 Aliis
2843 4355 3077 4410 urbibus
3115 4354 3170 4409 in
3214 4355 3432 4410 senium
3465 4353 3746 4428 quodam-

2131 4571 2460 4627 deschalcus
2499 4586 2619 4642 cap.
2676 4572 2730 4635 3,
2761 4587 2827 4626 ex
2875 4586 3006 4642 quo,
3038 4570 3120 4626 uti
3164 4576 3218 4642 et
3249 4585 3372 4642 qum
3403 4570 3472 4625 de
3503 4571 3748 4626 ecclesia

2131 4643 2319 4698 Leodii
2359 4651 2543 4698 erecta
2568 4641 2788 4706 subdit,
2819 4641 3106 4697 ea’didicit
3135 4641 3479 4713 Sigebertus.

2201 4713 2384 4786 (1083)
2419 4714 2569 4769 Hunc
2597 4730 2823 4786 annum,
2855 4729 3020 4786 quem
3050 4714 3107 4768 in
3147 4712 3466 4786 Christi721
3505 4712 3592 4786 vel
3639 4713 3748 4786 722

2131 4783 2394 4858 incidisse
2443 4785 2807 4858 ostendimus,
2841 4783 3184 4856 deprompsit
3227 4801 3292 4840 ex
3346 4784 3652 4858 biographo
3686 4785 3741 4840 S.

2133 4857 2357 4912 Huberti
2389 4857 2532 4912 apud
2566 4857 2802 4911 Surium.

2228 4927 2386 4998 1084)
2421 4926 2479 4982 1d
2510 4935 2593 4982 est
2623 4944 2721 4998 pro
2750 4926 2921 4982 scaris
2951 4926 3201 4998 reliquiis
3224 4926 3630 4982 distribuenda.

2224 4998 2384 5070 1085)
2415 4998 2474 5070 In
2507 5000 2624 5053 Vita
2655 4998 2895 5070 breviori
2927 4999 3126 5070 legitur
3155 4998 3384 5054 Nivella.

2223 5069 2381 5124 1086)
2413 5069 2472 5122 In
2503 5071 2694 5124 eadem
2727 5070 2846 5124 Vita
2871 5069 3111 5124 breviori
3137 5077 3220 5124 est
3260 5069 3528 5124 Harmala.

2202 5141 2429 5207 (1087M
2469 5141 2838 5197 Godeschalco
2871 5148 3183 5196 contractus
3211 5141 3428 5196 dicitur.

2203 5211 2382 5286 (1088)
2415 5211 2578 5286 Legi‘a
2604 5213 2718 5267 sive
2759 5212 3049 5286 Leodium,
3075 5212 3294 5286 vivente
3340 5212 3395 5267 S.
3427 5211 3738 5273 Lamberto,

2127 5282 2255 5338 villa
2285 5282 2731 5338 tantum'fuerat:
2763 5284 2862 5338 sed
2889 5283 3189 5339 verisimile
3245 5290 3430 5339 tamen
3483 5289 3586 5349 est,
3619 5298 3742 5336 eam

2128 5353 2199 5409 ob
2231 5354 2409 5409 locum
2446 5355 2690 5424 martyrii
2724 5354 2892 5422 illius,
2935 5354 3214 5410 miraculis
3244 5361 3298 5409 et
3337 5353 3574 5411 ecclesia
3610 5353 3741 5407 illu-

2128 5431 2376 5497 stratum,
2399 5426 2514 5497 jam
2544 5434 2658 5481 tum
2691 5426 3034 5482 incrementa
3059 5425 3294 5497 cepisse.

2204 5495 2384 5569 (1089)
2403 5495 2639 5552 Matrem
2684 5497 2907 5569 restitui
2939 5513 3004 5552 ex
3047 5495 3162 5552 Vita
3202 5497 3473 5564 breviori;
3503 5513 3629 5552 nam
3681 5496 3739 5552 in

2128 5567 2230 5624 ms.
2265 5575 2450 5626 nostro
2481 5584 2772 5639 perperam
2803 5567 3024 5642 legitur,
3056 5577 3372 5640 martyrem.
