3930 6052
197 264 303 331 809

1450 283 1596 339 νιτΑ
1639 283 1891 343 ALTERA
1933 288 1986 344 S.
2034 289 2383 347 LAMBERTI.

3419 307 3525 363 810

193 400 361 456 modo
393 401 770 476 vergentibus,
803 411 859 459 tu
894 421 992 476 per
1044 405 1189 462 hunc
1245 406 1532 464 effloruiin
1576 409 1631 463 in
1675 411 1804 480 pul-
1836 419 1879 482 Α
1913 413 2122 469 Deinde
2151 415 2219 470 ad
2250 415 2429 471 locum
2465 415 2516 470 iu
2551 433 2662 490 quo
2701 427 2948 474 sanctum
2976 423 3524 494 corpusycneraba—

190 493 336 548 chrze
361 493 668 562 juventutis
722 501 940 552 statum.
1002 497 1256 571 Protegat
1306 508 1357 555 te
1399 501 1452 556 in
1485 517 1658 556 aevum
1692 503 1808 558 suis

187 581 397 637 sanctis
429 589 634 654 martyr
665 583 964 659 suffragiis,
991 586 1083 658 qui
1128 594 1178 642 te
1213 590 1280 642 ad
1312 590 1416 645 hoc
1451 592 1716 660 provexit,
1750 599 1808 646 ut

190 673 247 727 in
279 681 422 728 terra
449 674 646 730 merito
697 681 751 730 et
783 678 1008 732 nomine
1065 679 1455 755 magnificeris.
1495 682 1562 736 Ex
1591 689 1718 737 tunc
1751 683 1804 737 in

195 764 464 836 reliquum
501 773 719 836 tempus
752 782 859 822 non
893 774 974 822 est
1003 768 1202 824 modus
1231 771 1314 825 vel
1350 788 1610 826 numerus
1641 773 1804 826 mira-

191 855 477 923 culorum;
532 873 656 911 cum
701 857 959 914 omnibus
1009 876 1109 930 per
1153 861 1430 917 Lantberti
1488 881 1688 919 nomen
1732 863 1806 918 ibi

193 948 365 1002 Deum
432 947 821 1004 invocantibus
871 949 926 1004 in
1001 952 1232 1008 veritate
1285 970 1506 1026 semper
1575 955 1808 1026 patuerit

191 1039 393 1092 ostium
434 1039 633 1093 divinze
676 1041 1092 1097 misericordiae.
1132 1043 1253 1098 Erat
1286 1044 1399 1100 illic
1442 1045 1629 1101 videre
1657 1062 1809 1102 com-

191 1129 504 1200 peditorum
531 1131 770 1198 vincula,
821 1133 1089 1189 debilium
1119 1137 1513 1200 sustentacula,
1563 1138 1616 1192 in
1645 1125 1809 1209 argu-

187 1226 436 1274 mentum
481 1220 701 1275 virtutis
735 1223 827 1276 Dei
868 1238 1132 1294 appensa.
1185 1225 1510 1299 Quicunque
1547 1227 1807 1284 veniebat

185 1307 316 1362 fidei
352 1317 532 1376 tenax,
563 1327 846 1382 nunquam
881 1313 1094 1368 redibat
1123 1315 1394 1372 inefficax.

253 1403 344 1460 61.
378 1405 473 1460 Hic
503 1421 728 1478 quoque
756 1414 982 1462 sanctus
1012 1416 1237 1480 martyr,
1266 1411 1410 1466 sicut
1441 1411 1548 1482 piis
1583 1419 1637 1466 et
1669 1409 1808 1467 fide-

181 1491 330 1547 libus
363 1493 488 1565 pius
519 1502 574 1549 et
620 1505 966 1566 Opportunus
1009 1496 1228 1569 adjutor
1257 1506 1391 1566 erat,
1424 1500 1497 1554 ita
1525 1510 1641 1556 erat
1671 1515 1809 1556 con-

187 1589 269 1638 tra
309 1584 512 1656 impios
541 1595 634 1641 aut
662 1603 890 1642 severus
940 1596 1226 1660 correptor
1279 1599 1374 1646 aut
1403 1592 1586 1661 justus
1640 1592 1805 1648 ultor.

1911 508 2020 566 tur,
2051 503 2337 560 barbarica
2384 507 2810 577 pnesumptionc
2848 509 3098 565 volentes
3133 512 3420 584 accedere,
3466 521 3522 569 et

1909 592 2137 663 Optima,
2171 611 2406 667 quaeque
2439 597 2773 663 invenirent,
2824 599 3086 669 diripere,
3133 601 3398 659 divinitus
3434 605 3522 659 in-

1909 699 2067 738 cussa
2093 684 2384 742 formidine
2416 689 2726 743 resilientes
2772 690 3140 764 aufugerunt;
3173 695 3267 766 qui
3308 693 3522 768 fugien-

1910 781 1991 827 tes
2036 774 2140 829 hoc
2169 775 2334 831 modo
2378 776 2558 848 fugam
2595 795 2749 833 suam
2782 782 3230 850 consolabantur,
3272 785 3520 844 dicentes

1907 866 2012 920 sibi
2045 867 2396 939 dispendium
2429 871 2702 938 evenisse,
2731 874 2879 944 quod
2911 875 3082 930 solam
3125 884 3178 931 et
3205 893 3351 934 nunc
3378 880 3520 936 adeo

1910 961 2202 1030 pretiosam
2236 963 2378 1018 circa
2411 965 2654 1037 Martyris
2682 983 2883 1039 corpus
2915 970 2990 1026 ita
3023 971 3317 1028 micantem
3353 973 3521 1032 fabri—

1908 1067 2025 1106 cam
2081 1070 2191 1109 non
2223 1055 2578 1112 abstulissent
2616 1059 2820 1126 (1093i.
2864 1061 2999 1125 Quia
3057 1063 3279 1136 longum
3331 1074 3413 1121 est
3465 1074 3519 1124 et

1910 1142 2194 1197 taediosum
2226 1144 2444 1218 singula
2475 1147 2526 1200 S.
2564 1145 2840 1203 Lantberti
2875 1150 3138 1207 miracula
3169 1154 3519 1224 particulari-

1909 1238 1992 1286 ter
2021 1249 2298 1300 enarrare,
2334 1235 2426 1290 Dei
2458 1252 2557 1307 per
2586 1253 2713 1292 eum
2741 1241 3024 1310 operantis
3046 1243 3345 1312 potentiam
3387 1245 3513 1300 lau-

1908 1323 2102 1378 demus
2121 1325 2523 1384 universaliter.

1977 1418 2064 1474 63.
2110 1419 2282 1474 Vitam
2338 1421 2392 1475 S.
2442 1422 2717 1478 Lantberti
2774 1424 3029 1495 primitus
3070 1427 3231 1494 jussu
3271 1429 3518 1502 Agilf‘ridi

1909 1511 2156 1583 episcOpi
2188 1513 2408 1585 scripsit
2437 1513 2824 1582 Godescalcus,
2857 1516 3124 1574 diaconus
3163 1519 3340 1590 ipsius
3389 1538 3523 1579 con-

1909 1601 2268 1676 gregationis,
2300 1602 2393 1673 qui
2425 1601 2527 1658 fuit
2559 1610 2806 1675 tempore
2837 1604 3053 1676 Pippini
3089 1609 3232 1664 tertii
3263 1617 3319 1666 et
3344 1611 3519 1670 Caroli

191 1673 317 1728 Ροδῑ
375 1690 579 1745 Ρδυοοε
623 1675 772 1730 enim
825 1692 1002 1732 annos
1043 1676 1422 1780 tranSWioniS
1460 1679 1803 1788 el'15l1090).
1833 1721 1882 1788 Β
1910 1673 2090 1764 Il‘lagui
2141 1691 2352 1762 (1094);
2394 1708 2556 1762 quam
2606 1673 2736 1747 licet
2767 1708 2864 1764 pro
2899 1673 3273 1766 simplicitate
3323 1711 3521 1751 sensus

188 1773 494 1838 aegrotante
529 1783 680 1838 szepe
738 1768 1022 1824 nominato
1055 1769 1292 1842 Pippino
1336 1771 1543 1840 majore
1583 1771 1800 1838 domus,

1912 1783 2093 1837 multis
2149 1781 2477 1838 barbarismi
2533 1793 2587 1839 et
2637 1785 2939 1858 stylocismi
3006 1787 3157 1842 vitiis
3233 1803 3525 1859 expresse-

184 1857 301 1914 ibat
325 1859 390 1914 ad
426 1877 550 1914 eum
581 1861 914 1918 visitandum
949 1861 1099 1918 ﬁlius
1139 1863 1260 1933 ejus
1307 1864 1672 1931 Grimoaldus,
1709 1865 1802 1937 qui

181 1949 418 2006 devotus
450 1951 505 2010 S.
545 1952 860 2021 Lantberto,
911 1955 1036 2011 ideo
1089 1954 1229 2012 forte
1259 1956 1498 2027 amplius
1551 1957 1679 2028 quia
1707 1973 1799 2012 oc-

178 2041 452 2098 cubuerat
486 2060 586 2116 pro
625 2045 857 2102 defenso
896 2049 1087 2101 matris
1121 2048 1244 2120 ejus
1285 2047 1577 2103 Plictrudis
1609 2047 1804 2103 matri-

177 2132 392 2199 monio,
430 2132 653 2190 divertit
685 2135 926 2208 Legiam,
975 2143 1028 2190 et
1067 2136 1134 2190 ad
1167 2135 1439 2192 tumulum
1471 2137 1642 2192 sancti
1677 2153 1802 2192 ora-

183 2229 338 2278 turus
368 2225 621 2280 acccssit.
659 2225 805 2281 Inter
829 2226 1099 2282 orandum
1133 2235 1400 2298 exceptus
1441 2227 1649 2283 ibidem
1677 2235 1801 2284 ante

182 2317 355 2373 altare
393 2319 448 2372 S.
509 2318 788 2375 Lantberti
831 2321 1120 2392 perimitur
1174 2339 1205 2376 a
1261 2322 1498 2394 quodam
1563 2322 1799 2377 satellite

185 2409 546 2466 Rabbodonis
577 2411 736 2467 ducis
768 2412 1032 2478 Frisonis,
1083 2413 1242 2481 cujus
1285 2413 1410 2468 filiae
1443 2431 1473 2468 a
1513 2424 1667 2486 patre
1698 2431 1798 2471 suo

185 2498 422 2571 Pippino
495 2499 600 2554 sibi
683 2500 1030 2570 desponsata:
1098 2502 1440 2557 connubium
1510 2513 1793 2575 exspecta-

181 2590 276 2646 bat
311 2591 522 2663 (1891).
563 2591 668 2646 Sed
703 2590 965 2646 Rabbodo
996 2592 1050 2646 id
1083 2593 1306 2664 impune
1329 2611 1437 2650 non
1471 2595 1610 2662 tulit,
1639 2596 1796 2665 cujus

179 2684 448 2738 instinctu
481 2683 748 2740 innocens
779 2684 1038 2742 occubuit
1099 2686 1476 2743 Grimoaldus:
1531 2706 1654 2743 nam
1685 2705 1794 2745 non

186 2772 363 2828 multo
387 2779 511 2844 post
543 2772 687 2828 idem
718 2773 986 2831 Rabbodo
1017 2775 1342 2832 mirabiliter
1372 2794 1401 2832 a
1432 2777 1685 2834 daemone
1715 2779 1804 2834 lu-

182 2859 462 2928 diﬁcatus,
495 2862 676 2918 subita
707 2862 872 2936 periit
897 2872 952 2920 et
979 2865 1226 2919 aeternali
1249 2872 1422 2920 morte
1455 2867 1660 2939 (1092).

255 2957 344 3012 62.
365 2959 493 3015 Post
515 2960 802 3015 decessum
833 2959 884 3016 S.
915 2960 1194 3017 Lantberti
1225 2977 1363 3036 gens
1379 2962 1807 3021 Northmannica

1905 1875 2202 1948 ritth‘Jf),
2255 1893 2375 1931 eam
2425 1884 2606 1933 tamen
2659 1887 2827 1935 totam
2887 1881 2956 1935 ad
3008 1881 3278 1938 honorem
3339 1884 3516 1939 sancti

1904 1968 2156 2040 martyris
2186 1967 2302 2039 ipse
2353 1969 2720 2041 aurigraphus
2749 1972 2930 2027 aureis
2967 1972 3166 2029 litteris
3195 1975 3436 2046 scripsit,
3467 1984 3523 2033 et

1903 2067 2057 2136 gesta
2078 2061 2305 2133 quidem
2362 2062 2482 2132 ejus
2518 2062 2792 2118 veraciter
2845 2073 3194 2137 prosecutus,
3245 2067 3314 2123 de
3351 2085 3516 2126 causa

1902 2154 2146 2224 martyrii
2179 2153 2360 2225 (1093)
2395 2171 2585 2226 parum
2617 2154 2795 2212 libero
2849 2172 2948 2213 ore
2979 2164 3063 2212 est
3094 2159 3328 2216 locutus.
3361 2161 3517 2226 Quod

1905 2241 2006 2298 hac
2045 2243 2112 2298 de
2151 2259 2316 2298 causa
2343 2243 2536 2299 fecisse
2569 2244 2828 2310 creditur,
2852 2262 2920 2302 ne
2953 2247 3035 2302 sui
3066 2248 3330 2319 temporis
3361 2252 3516 2325 regi-

1903 2334 2006 2390 bus
2033 2334 2250 2406 culpam
2280 2336 2548 2407 majorum
2582 2353 2808 2394 suorum
2854 2339 3134 2395 videretur
3159 2341 3514 2412 exprobrare.

1903 2426 1972 2481 Ex
2005 2427 2199 2483 illicito
2227 2429 2433 2500 quippe
2463 2429 2683 2501 Pippini
2707 2429 2890 2502 (1096)
2918 2439 2972 2488 et
2995 2433 3236 2504 Alpaidis
3253 2434 3513 2511 conjugio

1896 2525 2058 2574 natus
2087 2525 2166 2572 est
2200 2517 2423 2574 Carolus
2455 2521 2753 2589 Martellus,
2787 2539 2853 2578 ex
2885 2522 3076 2580 Carolo
3107 2525 3374 2597 Pippinus
3402 2529 3514 2584 teri

1897 2608 2027 2674 tius,
2069 2609 2162 2680 qui
2203 2625 2266 2663 ex
2300 2609 2552 2681 principe
2601 2610 2657 2666 in
2698 2626 2882 2687 regem
2923 2610 3258 2671 Francorum
3295 2632 3520 2687 promo-

1909 2706 1996 2755 tus
2041 2708 2152 2764 est;
2217 2699 2286 2754 de
2338 2699 2570 2770 Pippino
2621 2699 2842 2756 Carolus
2897 2702 3144 2775 Magnus,
3191 2721 3300 2776 quo
3355 2722 3518 2762 nemo

1907 2799 2034 2847 ante
2083 2791 2262 2863 ipsum
2289 2791 2374 2846 vel
2405 2787 2531 2862 poSt
2568 2792 2745 2864 ipsum
2781 2793 2882 2850 fuit
2912 2795 3115 2864 major;
3145 2796 3215 2852 de
3259 2812 3370 2868 quo
3411 2798 3516 2853 du-

1907 2881 2070 2937 bitari
2121 2889 2301 2953 potest
2339 2881 2529 2938 fortior
2566 2898 2634 2936 an
2687 2882 2901 2939 felicior
2939 2893 3104 2952 esset,
3148 2887 3425 2958 potentior
3461 2887 3519 2941 in

1907 2972 2210 3046 republica,
2253 2989 2322 3027 an
2354 2971 2668 3044 religiosior
2697 2971 2752 3026 in
2798 2972 3173 3030 ecclesiastica
3203 2974 3519 3047 disciplina.

185 3051 415 3108 beluina
473 3053 690 3110 feritate
715 3055 952 3127 spirans,
1010 3055 1299 3122 Lcodium,
1330 3057 1384 3113 id
1425 3069 1508 3115 est
1563 3060 1800 3136 Legiam,
1827 3074 1877 3144 (ς
1907 3062 2107 3118 Passus
2139 3071 2218 3117 est
2259 3068 2442 3116 autem
2483 3061 2537 3115 S.
2574 3061 2902 3118 Lantbertus
2930 3079 3000 3117 xv
3046 3062 3318 3120 Kalendas
3367 3063 3522 3122 Octo-

181 3141 457 3198 violenter
485 3143 704 3216 irrupit,
736 3151 791 3201 et
821 3145 1144 3218 municipiis
1180 3145 1422 3203 effractis
1452 3158 1621 3220 atque
1651 3167 1801 3206 com-

183 3233 388 3305 bustis,
443 3236 656 3293 civibus
696 3239 864 3294 etiam
914 3239 1278 3296 immoderata
1329 3242 1482 3298 caede
1540 3241 1698 3311 fusis,
1748 3252 1804 3300 et

183 3331 511 3388 substantiis
541 3333 796 3405 direptis,
827 3334 895 3390 ad
935 3335 1187 3390 ultimum
1229 3337 1522 3392 ecclesiam
1547 3337 1602 3392 S.
1637 3338 1803 3394 Lant-

181 3420 323 3477 berti
355 3422 483 3498 igne
514 3431 998 3496 consumpserunt.
1039 3434 1094 3482 et
1127 3442 1248 3482 eam
1277 3426 1396 3482 solo
1427 3435 1802 3498 coaaquantes,

180 3513 302 3570 sola
360 3515 532 3571 ruinae
589 3525 646 3572 et
697 3516 1104 3573 combustionis
1152 3518 1387 3594 vestigia
1445 3519 1801 3591 reliquerant.

253 3753 439 3825 (1090)
472 3754 602 3820 Quae
659 3755 749 3811 hic
781 3763 982 3820 narrat,
1035 3772 1180 3814 anno
1226 3756 1425 3813 Christi
1469 3757 1574 3813 7H
1621 3757 1804 3814 conti-

183 3826 329 3897 gisse
371 3827 731 3900 probavimus
761 3827 817 3882 in
849 3827 1254 3885 Commentario
1285 3829 1487 3900 praevio
1512 3844 1663 3884 num.
1705 3829 1802 3886 118

185 3906 242 3973 et
269 3899 657 3973 sequentibus;
691 3899 930 3973 ideoque
959 3901 1160 3973 erravit
1187 3899 1540 3973 Sigebertus,
1564 3901 1693 3955 dum
1717 3917 1804 3956 ea-

188 3968 558 4044 demaliquot
615 3970 775 4044 annis
815 3968 939 4043 post
969 3972 1210 4028 delatum
1251 3968 1332 4029 eo
1372 3972 1544 4028 sancti
1602 3987 1802 4044 corpus

187 4040 490 4112 contigisSe
520 4043 776 4097 asseruit.

263 4112 620 4188 (1-Otlt)_lj3rrat
648 4112 968 4188 Sigebertus
988 4132 1002 4181 ;
1020 4187 1025 4188 ί
1045 4113 1294 4188 Cointius
1323 4113 1470 4188 enim
1497 4113 1798 4188 adannum

193 4180 388 4239 Christi
441 4185 566 4249 711,
606 4180 757 4238 nurﬁ.
801 4187 830 4240 7
887 4201 952 4241 ex
991 4180 1310 4241 Annalibus
1360 4185 1698 4240 Metensibus
1747 4196 1802 4241 et

189 4253 371 4330 gestis
421 4271 610 4330 regem
654 4257 980 4330 rrancorum

187 4323 654 4392 Thcodosin'dam,
724 4327 972 4384 Radbodi
1041 4323 1340 4384 Frisonum
1394 4327 1550 4382 ducis
1610 4327 1806 4394 filiam,

189 4395 503 4453 Grimoaldo
551 4398 734 4468 rcipsa
792 4407 1016 4468 nuptam
1061 4399 1249 4466 fuisse,
1281 4414 1426 4454 anno
1466 4399 1677 4454 scilicet
1705 4400 1802 4456 711

189 4468 497 4522 secundum
530 4469 726 4525 citatos
749 4470 1006 4525 Annales.

259 4539 443 4614 ()092)
477 4540 768 4614 Fabulatur
799 4541 888 4596 hic
904 4542 1090 4614 denuo
1121 4539 1464 4614 Sigebertus,
1493 4539 1628 4614 dum
1663 4541 1805 4614 Rad-

187 4609 396 4684 bodum
429 4627 539 4666 non
573 4612 745 4684 multo
779 4619 903 4684 post
950 4609 1510 4684 Grimoalflicaadem,
1545 4611 1614 4684 in,
1649 4612 1808 4680 cujus

184 4681 561 4754 suspicionem
593 4683 712 4754 ipse
745 4681 932 4739 revera
957 4684 1132 4748 venit,
1158 4681 1494 4754 ludificatum
1522 4698 1553 4736 a
1585 4683 1804 4754 dmino-

185 4766 257 4834 ηρ
287 4751 494 4808 Obiisse
527 4751 886 4834 aitidlonstat
913 4771 1060 4809 enim
1103 4751 1504 4834 exﬁnnalibus
1528 4768 1559 4808 a
1593 4751 1808 4834 Cointio

185 4822 256 4878 ad
288 4825 721 4905 annumuChristi
772 4826 1201 4905 719Ἆηιξπικ14
1229 4825 1434 4905 citatis,
1487 4826 1668 4895 ipsum
1695 4823 1809 4905 pri-

187 4911 341 4950 mum
355 4897 618 4964 praedicto
645 4913 792 4954 anno
819 4898 924 4953 719
949 4897 1060 4952 vita
1089 4896 1338 4952 functum
1369 4911 1512 4961 esse,
1547 4911 1672 4950 cum
1693 4896 1808 4964 jam

183 4973 313 5021 ante
347 4966 595 5023 Carolum
624 4968 930 5024 Martellum
979 4983 1101 5024 cum
1133 4968 1379 5024 exercitu
1437 4982 1537 5022 suo
1567 4966 1807 5023 cecidis-

1040 4233 1698 4327 p'r'b'tiiif'TéIiiéiiiEthiﬁ'
1715 4233 1802 4312 véi
1826 4233 1879 4300 D

1906 3151 2037 3218 bris,
2067 3166 2213 3206 anno
2243 3150 2596 3220 episcOpatus
2621 3149 2707 3204 sui
2737 3166 2825 3216 χι,
2867 3149 2971 3205 sub
3013 3167 3144 3226 rege
3181 3151 3517 3209 Francorum

1906 3242 2223 3298 Hildeberto
2251 3240 2578 3296 Theodorici
2605 3241 2752 3316 regis
2779 3241 2912 3306 filio,
2959 3259 2991 3297 a
3035 3258 3146 3314 quo
3173 3244 3520 3301 Theodorico

1904 3350 2066 3404 reges
2118 3333 2448 3388 Francorum
2504 3333 2622 3388 solo
2665 3333 2890 3388 nomine
2941 3334 3268 3407 regnabant,
3350 3350 3522 3406 penes

1907 3425 2377 3498 majores-domus
2407 3423 2655 3494 potentia
2686 3423 2840 3498 regni
2881 3424 3199 3489 constituta,
3241 3441 3422 3497 usque
3452 3425 3521 3480 ad

1911 3518 2202 3590 Pippinum
2236 3517 2456 3572 tertium
2500 3517 2556 3572 in
2585 3532 2768 3592 regem
2801 3525 3135 3588 promotum.

1903 3763 2007 3824 set,
2054 3763 2115 3812 ut
2154 3755 2300 3828 apud
2346 3754 2639 3828 eumdem_
2663 3753 2931 3828 Cointium
2959 3753 3053 3828 ad
3073 3769 3278 3810 annum
3321 3753 3520 3813 Christi

1904 3829 2008 3886 716
2030 3825 2231 3883 numft
2271 3827 2456 3882 videre
2477 3834 2580 3881 est.
2613 3826 2766 3891 Quod
2797 3826 2866 3881 de
2904 3825 3283 3882 ludificationc
3315 3828 3524 3885 daemo-

1903 3901 1992 3955 nis
2020 3901 2116 3967 ait,
2147 3899 2376 3956 consule
2416 3900 2479 3952 At
2533 3898 2588 3952 S.
2634 3897 2900 3952 Wlfranni
2949 3899 3196 3969 episcopi
3231 3899 3518 3956 Senonen-

1904 3971 2149 4052 sis'tonm‘.‘
2273 3969 2466 4052 Martii,
2499 3986 2528 4022 a
2556 3985 2680 4052 pag.
2716 3970 2901 4052 “(inin
2922 3969 3275 4052 appendice.

1975 4043 2152 4114 (1093)
2187 4043 2265 4114 De
2305 4042 2405 4096 hac
2447 4040 2755 4114 irruptione
2788 4040 3236 4114 iNorthmannica
3262 4041 3515 4114 consule

1903 4112 2366 4170 Commentarium
2402 4113 2712 4183 praevium§
2738 4113 2824 4174 1-1,
2859 4112 2954 4167 ubi
2984 4129 3047 4168 ex
3077 4113 3359 4169 vetustiori
3384 4127 3520 4170 ano-

1905 4200 2071 4256 nymo
2097 4185 2360 4256 ostendit,
2415 4183 2641 4256 minime
2673 4183 2992 4256 verisimilia
3027 4200 3147 4239 esse
3176 4200 3302 4256 qua:
3331 4183 3398 4238 de
3451 4199 3520 4240 eo

1907 4255 2058 4312 metu
2093 4256 2160 4311 ad
2191 4257 2242 4310 S.
2280 4255 2553 4311 Lamberti
2603 4271 2807 4312 corpus
2837 4255 3232 4310 Northmannis
3291 4255 3516 4310 incusso

1901 4335 2087 4382 narrat
2115 4326 2365 4402 ΛΖςίάίυὲ
2405 4324 2830 4402 ‘.\_urcAze-Vallis;
2881 4325 2978 4379 sed
3011 4324 3231 4402 _ibid_em
3275 4340 3384 4379 non
3411 4325 3518 4379 ob-

1901 4395 2267 4470 servavera'in,
2301 4397 2515 4470 )Egidio
2547 4398 2650 4453 hac
2698 4397 2754 4450 in
2797 4405 2952 4470 parte
3006 4395 3352 4468 Sigebertum
3382 4410 3526 4465 prte-

1901 4467 2456 4546 luxisseiganonyino
2495 4478 2678 4524 tamen
2717 4467 2974 4522 standum
3017 4467 3297 4546 putamus.

1973 4541 2156 4613 (1094)
2211 4541 2271 4595 ln
2321 4540 2418 4596 Ms.
2461 4547 2648 4596 nostro
2701 4552 2991 4610 perperam
3031 4539 3264 4612 legitur:
3313 4552 3525 4608 repres-

1907 4620 2162 4754 88ξ1ιο95)
2196 4684 2273 4738 lta
2302 4681 2539 4738 correxit
2564 4696 2628 4754 ex
2663 4679 2791 4754 Vita
2830 4679 2979 4754 edita
3009 4679 3234 4734 nomine
3261 4677 3522 4754 Reineri;

1911 4769 2036 4809 nam
2095 4751 2194 4809 us.
2251 4761 2498 4810 nostrum
2539 4753 2732 4807 vitiose
2764 4751 2956 4806 habet:
3014 4755 3215 4806 etcum
3244 4751 3521 4821 martyrii.

1981 4825 2162 4896 (1096)
2192 4825 2299 4878 Pox
2327 4824 2545 4951 ΡηψίΠί
2576 4840 2641 4878 ex
2656 4823 2769 4904 .Ms'.
2797 4832 2986 4878 nostro
3007 4823 3325 4879 exciderat:
3358 4837 3523 4895 quam

2006 4913 2130 4951 mox
2160 4896 2376 4951 laudata
2451 4905 2525 4951 ita
2543 4903 2778 4950 restitui.

1911 4911 1975 4952 ex
2006 4913 2130 4953 mox
2160 4896 2376 4952 laudata
2408 4896 2525 4951 Vita
2543 4896 2778 4950 restitui.

1431 5346 2286 5388 -κ--ιι-θςτυεοςσεὴσδ-ης-

517 5811 820 5874 PATROL.
871 5808 1069 5872 CLX.

3093 5808 3171 5870 26
