3948 6044
484 243 582 300 SM

1707 240 2051 297 SIGEBEBTI
2090 239 2603 297 GEMBLACENSIS.
2701 265 2704 268 ’

3707 243 3816 299 812

1674 594 2638 700 SIGEBEBTI

1045 855 1645 981 SERMO
1733 854 1960 978 DE
2031 850 2692 978 "SANCTA
2790 850 3313 979 LUCIA

1643 1088 1960 1157 (Manmsss,
1995 1088 2127 1140 Hist.
2158 1085 2221 1140 de
2245 1089 2378 1140 Metti;
2410 1101 2465 1156 p.
2496 1084 2644 1144 320.)

551 1426 818 1496 Tempore
849 1439 958 1496 quo
990 1423 1460 1494 ConstantinOpoli
1498 1423 1844 1478 Justinianus
1892 1435 2093 1475 secun-
2124 1426 2169 1490 Α
2198 1418 2612 1474 incursionibus
2660 1417 2727 1473 ad
2789 1418 2892 1474 hoc
2940 1418 3161 1473 redacta
3209 1426 3320 1485 est,
3377 1429 3436 1474 ut
3501 1422 3686 1493 qualis
3727 1423 3815 1476 vel

485 1520 608 1582 dus,
641 1526 694 1572 et
725 1525 847 1589 post
867 1533 993 1572 eum
1027 1516 1366 1587 Philippicus
1396 1516 1702 1586 imperavit,
1739 1515 1882 1586 apud
1919 1515 2094 1569 Fran-

484 1627 578 1667 cos
616 1626 747 1666 vero
803 1611 1070 1681 Pippinus
1112 1609 1319 1676 senior,
1365 1607 1510 1663 filius
1559 1609 1818 1680 Ansigisi,
1860 1616 1914 1662 et
1975 1616 2097 1679 post

483 1717 608 1757 eum
667 1700 889 1756 Carolus
937 1699 1212 1754 Martellus
1262 1697 1630 1768 principatum
1693 1698 2095 1752 administravit

483 1790 661 1862 regni,
719 1788 1202 1862 Longobardorum
1246 1802 1476 1860 regnum
1542 1787 1824 1858 Aripertus
1868 1796 2094 1841 strenue

485 1878 644 1945 rexit,
693 1888 747 1933 et
778 1885 901 1949 post
930 1894 1054 1932 eum
1097 1877 1243 1931 filius
1273 1877 1394 1946 ejus
1427 1876 1798 1931 Liutbrandus
1829 1876 2093 1947 regnavit.

485 1970 596 2022 Sub
621 1969 727 2035 his,
753 1971 1002 2040 Ariperto
1033 1969 1248 2024 scilicet
1277 1975 1329 2022 et
1361 1967 1716 2032 Liutbrando,
1751 1967 1896 2020 inter
1928 1967 2098 2020 duces

485 2061 968 2136 Longobardorum
1002 2062 1110 2115 dux
1140 2061 1548 2131 Spoletinorum
1583 2059 1900 2125 Faroaldus,
1957 2058 2102 2112 filius

484 2153 866 2219 Trasamundi,
895 2152 1175 2208 fortissimi
1205 2151 1382 2218 ducis,
1410 2149 1658 2220 potentia
1689 2159 1744 2204 et
1775 2149 2099 2206 fortitudine

483 2247 979 2317 domimilitiaeqne
1030 2244 1286 2299 clarebat.
1331 2243 1389 2298 Et
1441 2259 1550 2297 non
1593 2243 1768 2298 solum
1803 2242 1941 2297 fines
1970 2259 2100 2298 suos

481 2336 715 2392 viriliter
763 2336 831 2389 ab
887 2333 1010 2386 aliis
1060 2332 1335 2398 tuebatur,
1377 2347 1564 2386 verum
1612 2331 1776 2386 etiam
1829 2329 2095 2387 finitimos

451 2444 613 2500 ‘suos
641 2427 824 2483 hostili
853 2425 1176 2481 excursione
1215 2424 1409 2480 crebro
1440 2423 1716 2488 turbabat,
1760 2432 1814 2480 et
1846 2425 2094 2496 potentia

480 2534 578 2574 sua
599 2517 804 2572 abusus
835 2517 938 2588 ipsi
971 2524 1172 2570 sancta;
1205 2515 1463 2570 Romanae
1498 2513 1759 2569 Ecclesiae
1789 2523 1905 2570 erat
1931 2515 2094 2570 nimis

479 2609 749 2664 infensus.
795 2607 890 2662 Hic
933 2606 1094 2661 etiam
1129 2615 1278 2660 trans
1302 2605 1468 2660 maris
1507 2605 1689 2660 littora
1721 2607 1909 2660 laxans
1940 2606 2093 2676 prin-

2198 1517 2404 1582 quanta
2449 1509 2614 1566 fuerit
2645 1509 2799 1574 olim,
2832 1510 2997 1566 modo
3052 1510 3188 1566 solis
3215 1511 3610 1583 parietinarum
3663 1511 3814 1568 indi-

2197 1601 2302 1657 ciis
2333 1603 2624 1658 monstrari
2668 1603 2863 1674 possit.

2270 1695 2394 1750 Post
2423 1696 2647 1749 multam
2677 1711 2946 1750 annorum
3007 1693 3405 1763 evolutionem,
3465 1712 3591 1751 cum
3634 1698 3818 1752 multa

2196 1803 2520 1858 magnaeque
2548 1795 2905 1858 tempestates
2960 1803 2992 1842 a
3019 1795 3256 1858 quatuor
3292 1788 3469 1842 ventis
3499 1788 3623 1844 coeli
3655 1789 3819 1863 longe

2200 1879 2420 1949 lateque
2448 1878 2540 1932 diu
2591 1879 2938 1951 multumque
2982 1879 3611 1935 concussissentorbem
3657 1891 3821 1935 terra.

2200 1986 2341 2035 rum,
2387 1970 2608 2024 tandem
2661 1970 2864 2025 divinae
2917 1970 3290 2026 miserationis
3341 1971 3534 2026 oculus
3574 1972 3820 2043 respexit

2203 2075 2371 2129 super
2399 2059 2542 2115 filios
2575 2060 2886 2127 hominum,
2909 2061 3037 2115 dum
3069 2061 3138 2114 ad
3168 2061 3470 2135 regendum
3497 2061 3821 2132 reipublicae

2201 2161 2424 2221 statum,
2463 2155 2672 2209 invenit
2699 2155 2876 2211 virum
2913 2156 3216 2210 secundum
3249 2171 3344 2210 cor
3364 2172 3546 2223 suum,
3580 2157 3819 2227 primum

2201 2252 2411 2307 scilicet
2453 2252 2726 2317 Ottonem,
2775 2252 2997 2314 fortem.
3033 2253 3364 2324 sapientem,
3407 2261 3460 2308 et
3486 2255 3811 2326 religiosum

2200 2357 2411 2415 regem.
2464 2341 2578 2405 Hic,
2642 2342 2948 2412 inspirante
3000 2343 3112 2397 Deo
3163 2341 3322 2398 bona:
3351 2343 3617 2397 voluntati
3676 2343 3819 2412 ejus,

2195 2441 2484 2506 postquam
2512 2435 2772 2491 intestina
2813 2441 2867 2490 et
2899 2435 3200 2492 domestica
3227 2435 3374 2491 bella
3406 2435 3733 2492 fortitudine
3767 2443 3820 2491 et

2195 2524 2468 2579 industria
2493 2540 2593 2580 sua
2623 2525 2852 2579 extinxit
2893 2524 3162 2591 funditus,
3215 2524 3592 2596 barbarasque
3620 2534 3821 2599 gentes

2194 2618 2263 2673 ab
2294 2619 2499 2675 invasis
2529 2620 2744 2691 imperii
2777 2618 3088 2675 exturbavit
3125 2619 3348 2686 finibus,
3380 2619 3450 2674 ad
3471 2635 3818 2690 componen-

477 2704 691 2775 cipatus
720 2703 805 2758 sui
836 2702 1103 2764 habenas,
1146 2701 1372 2756 devenit
1400 2700 1600 2755 Siciliae
1631 2701 1960 2772 Syracusas;
2009 2702 2165 2813 in-B
2196 2710 2325 2765 dum
2377 2711 2596 2782 imperii
2640 2719 2838 2768 statum
2878 2717 3028 2767 ιοιυε
3088 2711 3355 2767 incubuit,
3405 2711 3510 2766 Pro
3561 2711 3821 2767 Ecclesiae

485 2793 651 2813 j-s,___
698 2791 946 2813 -__l‘-__-_-
989 2790 1319 2813 -.-_-_-L!l:..
1359 2789 1536 2813 ἴηλξης
1592 2806 1803 2813 ..--..---_
1867 2806 2059 2813 --.....---
2663 2810 2670 2813 .
2765 2801 2798 2813 ιο
2845 2801 2855 2811 ι
3073 2799 3095 2813 ρ
3304 2800 3318 2813 1
3601 2800 3612 2811 ο
3804 2801 3817 2810 ο

475 2793 656 2866 deque
694 2791 950 2847 auferens
989 2790 1322 2846 venerabilis
1359 2789 1538 2845 Lucis:
1591 2806 1806 2845 sacrum
1861 2806 2084 2861 corpus,

473 2882 750 2938 transtulit
789 2881 923 2936 illud
968 2881 1021 2935 in
1066 2880 1298 2946 Italiam,
1333 2880 1402 2933 ad
1449 2878 1743 2941 Corfinum,
1779 2881 1972 2934 urbem
2008 2882 2092 2935 sui

471 2972 833 3042 principatus.
880 2969 1087 3043 Agebat
1129 2970 1234 3024 hoc
1267 2985 1398 3023 sane
1430 2968 1568 3022 mira
1601 2968 1692 3022 Dei
1724 2967 2089 3038 dispensatio,

469 3071 530 3120 ut
556 3064 772 3121 scilicet
802 3063 1022 3118 lucerna
1057 3061 1190 3117 tanti
1231 3061 1456 3116 luminis
1487 3076 1719 3116 accensa
1768 3060 1822 3113 in
1856 3061 2085 3129 mundo,

468 3156 523 3210 in
541 3163 692 3212 arcto
719 3154 1133 3218 brevisinsulze,
1168 3169 1291 3225 qua:
1332 3154 1495 3225 paulo
1524 3152 1690 3208 latius
1726 3169 1888 3224 quam
1920 3168 2081 3208 sexa-

464 3246 616 3318 ginta
642 3244 888 3299 millibus
919 3243 1196 3309 dilatatur,
1226 3259 1337 3297 non
1365 3243 1558 3297 lateret
1587 3242 1818 3312 angulo;
1850 3241 1947 3296 sed
1977 3257 2077 3312 pa-

460 3340 566 3395 lam
593 3339 924 3396 candelabro
955 3338 1322 3409 superposita,
1356 3337 1624 3392 mundum
1656 3336 1820 3408 longe
1856 3336 2078 3407 lateque

462 3435 782 3506 multiplicis
810 3433 1024 3504 jubaris
1072 3433 1374 3488 illustraret
1421 3431 1616 3506 gratia.
1665 3431 1834 3485 Porro
1888 3437 2080 3485 contra

458 3523 780 3580 Faroaldum
810 3522 956 3577 filius
984 3522 1105 3590 ejus
1133 3521 1542 3576 Trasamundus
1574 3519 1890 3584 insurrexit,
1922 3535 2077 3573 eum-

457 3633 565 3689 que
623 3616 934 3688 principatu
983 3617 1278 3685 privatum,
1331 3613 1385 3666 in
1437 3612 1699 3667 clericum
1750 3611 2072 3666 tonsuravit.

455 3706 815 3760 Attendamus
844 3713 898 3758 et
919 3704 1008 3758 hic
1051 3703 1144 3756 Dei
1188 3702 1616 3770 ordinationem,
1650 3709 1704 3755 et
1731 3708 1934 3755 sancta:
1965 3700 2078 3755 vir-

453 3797 601 3869 ginis
641 3797 902 3866 pietatem
937 3809 1066 3867 erga
1105 3793 1369 3848 devotum
1397 3792 1505 3846 sibi
1539 3793 1755 3846 ducem.
1808 3791 1943 3856 Quia
1974 3792 2072 3846 hu-

449 3888 692 3960 jusmodi
732 3886 890 3942 ducis
933 3886 1108 3940 bonos
1161 3892 1316 3941 actus
1369 3883 1674 3939 ot’fuscabat
1715 3885 2066 3958 negligentiae

452 3978 682 4033 maculis
722 3976 1002 4032 saecularis
1045 3975 1367 4046 occupatio;
1427 3975 1557 4045 quia
1585 3981 1767 4028 tamen
1817 3991 1947 4048 erga
1973 3975 2067 4029 Dei

2197 2815 2419 2871 quoque
2457 2816 2592 2872 pace
2623 2810 2677 2856 et
2699 2801 2971 2876 religione
3007 2799 3356 2856 reformanda
3387 2815 3498 2856 non
3541 2800 3724 2856 minor
3764 2801 3820 2856 ei

2195 2907 2325 2946 cura
2372 2891 2488 2948 fuit.
2524 2893 2623 2959 Qui
2675 2900 2840 2965 caput
2863 2893 3079 2965 imperii
3120 2893 3314 2950 adiens
3345 2893 3593 2956 Romam,
3634 2893 3821 2964 impe-

2192 2979 2385 3036 rialem
2417 2982 2632 3053 accepit
2661 2997 2946 3051 coronam,
2968 2989 3022 3037 et
3053 2998 3153 3053 per
3185 2981 3484 3037 triennium
3509 2997 3818 3055 peragrans

2189 3069 2423 3132 italiam,
2467 3070 2536 3125 ab
2569 3071 2720 3126 omni
2757 3079 3116 3143 tyrannorum
3147 3071 3439 3127 vexatione
3466 3071 3719 3126 liberavit
3748 3073 3818 3126 il-

2184 3156 2312 3212 lam.
2346 3158 2404 3211 ln
2438 3158 2538 3214 hac
2572 3158 2835 3214 triennali
2860 3158 3236 3230 expeditione,
3267 3159 3592 3214 individuus
3629 3159 3683 3214 ei
3714 3160 3811 3213 ad-

2183 3244 2342 3299 hazsit
2396 3246 2735 3302 Deodericus
2768 3289 2782 3316 ,
2831 3247 3088 3321 gloriosa:
3145 3247 3426 3304 memorias
3479 3247 3804 3303 Metensium

2183 3337 2640 3411 quadragesimus
2668 3346 2856 3394 sextus
2882 3339 3202 3411 episcopus,
3235 3339 3329 3410 qui
3351 3339 3526 3411 ipsius
3564 3341 3809 3411 impera-

2183 3427 2317 3481 toris
2377 3427 2768 3494 consobrinus,
2810 3428 3117 3484 nobilitatis
3172 3429 3346 3501 gloria
3403 3437 3460 3484 et
3512 3430 3802 3500 sapientiae

2179 3515 2357 3589 gratia
2420 3516 2813 3587 praeeminebat
2881 3517 3146 3588 palatinis
3191 3517 3470 3572 omnibus.
3496 3517 3598 3572 Per
3649 3518 3803 3574 hunc

2180 3610 2553 3665 tractabantur
2581 3619 2777 3667 cuncta
2821 3610 3040 3682 imperii
3090 3611 3346 3684 negotia;
3379 3627 3478 3682 per
3505 3612 3650 3667 hunc
3680 3629 3799 3668 me-

2178 3703 2521 3759 liorabantur
2573 3703 2984 3769 ecclesiastica;
3039 3719 3137 3775 per
3175 3704 3322 3758 hunc
3377 3703 3629 3774 placebat
3659 3705 3798 3776 qui-

2175 3807 2393 3863 cunque
2429 3792 2743 3863 imperatori
2775 3793 3058 3863 placebat;
3103 3808 3202 3864 per
3231 3792 3380 3848 hunc
3406 3793 3640 3864 quisque
3671 3810 3798 3865 quae

2169 3879 2476 3936 obtinenda
2512 3888 2689 3949 erant,
2722 3881 3030 3937 obtinebat.
3073 3883 3192 3938 Jam
3233 3883 3374 3938 mira
3411 3883 3713 3940 dilectione
3737 3893 3794 3940 et

2169 3971 2541 4027 familiaritate
2572 3973 2890 4044 imperatori
2942 3974 3293 4043 conjunctus,
3329 3981 3385 4028 et
3415 3973 3616 4029 divinae
3648 3975 3785 4031 reli-

451 4064 708 4120 famulam
757 4064 1053 4120 affectuose
1098 4063 1197 4117 fuit
1243 4064 1362 4132 ejus
1394 4062 1642 4128 devotio,
1683 4062 1946 4117 credibile
1977 4067 2131 4136 estC
2161 4064 2343 4138 gionis
2371 4065 2540 4119 cultui
2574 4065 2816 4130 deditus,
2847 4081 3195 4138 quascunque
3217 4065 3286 4120 ad
3319 4064 3586 4121 honorem
3610 4075 3668 4121 et
3687 4067 3786 4122 de-

451 4156 601 4228 quod
622 4155 837 4210 meritis
849 4160 1052 4209 sanctae
1075 4153 1306 4226 virginis
1335 4155 1388 4206 in
1431 4152 1684 4223 praesenti
1704 4154 1910 4208 saeculo
1933 4169 2061 4224 pec-

448 4243 585 4299 catis
616 4244 760 4299 illius
803 4260 833 4298 a
859 4244 968 4298 Deo
1001 4241 1166 4296 fuerit
1193 4242 1525 4308 retaliatum,
1558 4248 1612 4296 et
1644 4241 1764 4296 loco
1803 4250 1860 4297 et
1883 4242 2060 4312 spatio

448 4332 757 4406 paenitendi
788 4349 817 4385 a
857 4332 966 4387 Deo
993 4331 1098 4385 sibi
1133 4330 1366 4393 indulto.
1405 4331 1602 4384 anima).
1642 4331 1764 4399 ejus
1789 4331 1846 4384 in
1877 4330 2060 4387 futuro

445 4424 517 4479 sit
565 4425 897 4480 consultum.
939 4422 1360 4484 jx'l‘rasamundus
1410 4430 1616 4489 autem,
1669 4421 1764 4493 qui
1817 4422 2058 4476 edictum

445 4516 540 4571 Dei
570 4515 902 4587 contempsit
931 4515 1193 4570 dicentis:
1241 4515 1462 4569 Honora
1509 4519 1720 4583 patrem
1781 4519 1952 4579 tuum,
2003 4520 2058 4568 ut

441 4615 516 4666 sis
545 4611 816 4679 tangamus
845 4625 1010 4679 super
1035 4615 1261 4677 terram,
1283 4624 1392 4664 non
1423 4607 1614 4682 effugit
1633 4607 1728 4662 Dei
1746 4607 2066 4677 vindictam.

441 4701 575 4756 Nam
607 4701 883 4757 rcbellans
911 4711 1100 4756 contra
1132 4717 1313 4774 regem
1349 4701 1770 4766 Liutbrandum,
1805 4699 2066 4755 ducatum

439 4806 602 4862 quem
629 4791 768 4862 patri
801 4790 1162 4862 praeripuerat
1192 4790 1410 4845 tandem
1455 4788 1719 4859 perdidit,
1751 4794 1806 4843 et
1851 4789 1906 4842 in
1937 4790 2052 4843 cle-

437 4880 610 4936 ricum
655 4887 990 4945 tonsuratus,
1046 4878 1374 4933 sententiam
1408 4894 1570 4949 quam
1629 4876 1766 4946 patri
1823 4893 1926 4932 suo
1959 4877 2047 4932 in-

436 4968 650 5024 ﬂixerat
698 4976 752 5023 et
785 4967 900 5039 ipse
933 4968 1166 5037 excepit.
1227 4967 1424 5021 Civitas
1454 4980 1582 5020 vero
1617 4964 1866 5020 Corﬁnus
1897 4967 2045 5038 quod

432 5059 598 5116 fuerit
617 5059 923 5132 antiquitus
951 5058 1130 5112 valida
1159 5058 1352 5124 muris,
1384 5065 1438 5112 et
1488 5057 1652 5128 plena
1703 5057 1928 5118 divitiis.
1989 5065 2045 5113 et

2163 4169 2345 4208 corem
2379 4170 2478 4209 seu
2528 4155 2933 4210 munimentum
2979 4171 3095 4211 sua:
3125 4162 3328 4210 sanctas
3361 4155 3536 4216 sedis.
3576 4156 3785 4211 Meten-

2161 4243 2304 4296 sium
2353 4243 2569 4298 scilicet
2619 4243 2903 4311 Ecclesia,
2955 4253 3111 4300 erant
3149 4244 3398 4301 certatim
3431 4243 3780 4316 exquirebat,

2163 4339 2300 4388 etut
2344 4332 2643 4389 efﬁcaciter
2673 4335 2816 4389 votis
2854 4335 2974 4403 ejus
3003 4343 3200 4391 cuncta
3247 4342 3628 4407 suppeterent,
3657 4350 3781 4391 cor-

2160 4438 2355 4493 porum
2394 4432 2710 4479 sanctorum
2739 4423 3038 4479 maximam
3067 4425 3284 4496 copiam
3304 4441 3370 4480 ex
3401 4425 3635 4481 diversis
3664 4426 3778 4482 Ita-

2159 4513 2246 4568 liae
2275 4513 2432 4581 locis,
2473 4514 2659 4570 divina
2687 4530 2748 4569 se
2777 4515 2953 4591 gratia
2997 4516 3294 4585 adjuvante
3322 4516 3565 4590 collegit,
3613 4525 3668 4572 et
3698 4518 3784 4572 di-

2168 4605 2347 4679 gniori
2378 4606 2528 4661 cultu
2575 4613 2741 4679 atque
2769 4608 2979 4663 honore
3025 4607 3158 4664 alibi
3207 4610 3559 4679 pmstantius
3600 4626 3783 4667 vene-

2169 4699 2339 4754 randa
2359 4697 2540 4752 eidem
2564 4714 2676 4752 suae
2701 4704 2902 4752 sanctae
2930 4699 3049 4752 sedi
3076 4697 3307 4753 Metensi
3337 4698 3521 4754 invehi
3542 4699 3778 4770 studuit,

2153 4799 2208 4847 et
2251 4788 2304 4842 in
2335 4787 2589 4853 ecclesia,
2649 4787 2703 4840 in
2744 4787 2955 4843 honore
2986 4787 3164 4843 sancti
3198 4788 3470 4844 Vincentii
3504 4789 3684 4845 levita:
3719 4797 3778 4846 et

2152 4879 2406 4949 martyris
2437 4892 2469 4931 a
2493 4892 2552 4930 se
2589 4876 2644 4930 in
2695 4876 2881 4931 insula
2913 4875 3143 4931 Metensi
3199 4875 3428 4933 fundato
3465 4877 3773 4934 honoriﬁce

2149 4972 2477 5028 recondidit.
2525 4971 2588 5026 Et
2618 4971 2765 5027 inter
2799 4979 3002 5027 caetera
3033 4978 3350 5028 sanctorum
3383 4974 3614 5045 pignora
3645 4991 3773 5046 quas

2145 5063 2410 5120 laudabili
2440 5062 2744 5135 cupiditate
2776 5063 3152 5135 undecunque
3181 5064 3287 5118 sibi
3315 5067 3617 5138 congessit,
3646 5074 3774 5122 tan-

432 5166 499 5206 ex
525 5161 812 5220 poetarum
841 5146 1105 5210 carmine,
1141 5152 1194 5199 et
1223 5161 1289 5200 ex
1310 5145 1666 5200 historiarum
1690 5144 1798 5200 fide
1829 5145 2040 5201 discere
2141 5155 2268 5212 dem
2299 5171 2498 5230 magna
2525 5161 2581 5210 et
2607 5155 2933 5211 universalis
2984 5155 3242 5211 Ecclesia;
3279 5156 3602 5212 celebritate
3646 5176 3768 5214 me-

431 5244 604 5299 lector
648 5241 862 5314 poterit.
899 5239 1063 5309 Cujus
1105 5238 1449 5294 nobilitatem
1483 5240 1705 5294 adauxit
1740 5239 1873 5294 satis
1928 5239 2039 5294 dux
2139 5243 2426 5300 morabilis
2452 5243 2606 5317 virgo
2641 5250 2697 5299 et
2735 5251 2941 5315 martyr
2975 5244 3140 5299 Lucia
3166 5244 3437 5316 Syracusa
3461 5247 3530 5300 ad
3557 5247 3767 5304 avidis-

430 5333 725 5390 Faroaldus
759 5375 773 5400 ,
828 5333 958 5388 dum
1041 5331 1095 5384 in
1150 5347 1268 5386 eam
1321 5340 1522 5387 sanctae
1579 5331 1806 5406 virginis
1861 5331 2037 5386 Luciae

427 5423 703 5478 transtulit
739 5437 958 5492 corpus.
1010 5421 1174 5490 Cujus
1215 5420 1378 5475 beato
1427 5420 1658 5494 pignore
1707 5436 1806 5490 per
1859 5435 2035 5475 annos

2143 5333 2336 5388 simam
2364 5333 2484 5402 ejus
2503 5332 2852 5389 devotionem
2878 5333 3156 5404 pervenit.
3189 5333 3319 5390 Eam
3354 5335 3601 5406 pra-dicti
3626 5353 3765 5410 prae-

2143 5421 2277 5477 sulis
2306 5421 2592 5492 presbyter
2636 5421 2975 5494 Uvigericus,
3005 5421 3086 5476 vir
3117 5423 3251 5478 satis
3282 5430 3413 5478 tutae
3442 5422 3597 5492 ﬁdei,
3629 5433 3762 5484 tunc

425 5516 645 5572 circiter
672 5517 942 5571 ducentos
971 5516 1158 5588 gavisa
1185 5522 1289 5583 est,
1339 5515 1520 5570 donec
1549 5523 1602 5570 et
1625 5515 1763 5586 ipsa,
1793 5516 2034 5586 peccatis
2133 5513 2392 5580 cantoris,
2428 5520 2554 5584 post
2580 5512 2826 5568 custodis
2853 5511 3104 5569 ecclesias
3153 5513 3299 5569 beati
3329 5514 3598 5587 Stephani
3624 5515 3758 5574 ofﬁ-

425 5607 792 5681 exigcntibus,
832 5623 955 5663 cum
993 5609 1116 5663 aliis
1161 5609 1332 5664 Italiae
1375 5607 1628 5675 urbibus,
1674 5607 2031 5664 barbarorum
2133 5607 2276 5664 cium
2309 5623 2533 5682 gerens,
2564 5608 2633 5663 ab
2678 5607 2817 5664 urbe
2853 5606 3053 5664 Corfini
3099 5607 3319 5677 detulit,
3357 5611 3452 5682 qui
3499 5627 3567 5668 ea
3602 5627 3759 5669 sacra
