3948 6044
164 290 177 329 χ
218 328 229 332 θ
254 254 367 311 813

1352 251 1560 308 EPIST.
1599 252 1684 309 DE
1725 252 2032 319 QUATUOB
2071 252 2509 312 TEMPORIBUS.

3488 259 3596 315 8M

198 414 203 419 .
238 389 404 443 ossa,
443 372 513 430 ab
544 373 686 445 ipsa,
732 387 857 446 qum
887 387 997 430 non
1027 371 1137 430 levi
1177 374 1486 447 munimine
1538 376 1873 445 arctabatur,
1894 386 1949 455 Α
1979 380 2063 436 nis
2090 382 2450 439 eminentiam
2506 383 2865 458 congruebat.
2918 383 3175 450 Quamvis
3227 384 3596 445 exterioribus

258 481 421 532 urna,
454 463 710 519 manibus
738 461 951 519 extulit.
982 461 1138 528 Quod
1178 463 1310 535 quia
1350 480 1465 535 prae
1499 466 1879 537 magnitudine

256 557 337 612 rei
365 556 693 612 incredibile
723 554 1034 623 videbatur,
1059 554 1181 626 ipse
1209 555 1508 628 episcOpus
1539 557 1670 624 loci,
1712 574 1878 612 manu

256 654 449 703 saneto
481 645 778 721 Evangelio
816 645 1090 716 apposita,
1135 646 1501 715 jurejurando
1529 646 1883 703 conﬁrmavit

259 739 405 794 hanc
429 737 604 809 ipsam
636 737 1033 809 Syracusanam
1074 753 1196 793 esse
1248 738 1490 809 Luciam,
1539 739 1608 794 de
1657 757 1767 811 qua
1793 756 1881 795 re—

259 829 553 901 sponsoria
583 837 639 885 et
665 828 986 901 antiphonae
1014 846 1141 886 cum
1176 830 1342 886 missa
1371 830 1577 902 ubique
1607 832 1660 886 in
1696 832 1880 887 Eccle-

258 919 344 976 sia
382 926 676 975 eanuntur.
717 905 1076 976 Translatum‘
1116 928 1200 976 est
1237 929 1420 977 autem
1480 922 1642 991 hujus
1679 930 1882 977 sanctae

257 1010 494 1087 virginis
545 1025 747 1083 corpus
793 1026 939 1067 anno
986 1012 1412 1087 nongentesimo
1469 1012 1881 1089 septuagesimo

260 1106 562 1162 Dominieze
594 1105 1017 1174 lnearnationis,
1050 1113 1104 1162 et
1132 1123 1257 1163 eum
1311 1106 1546 1163 miriﬁco
1594 1107 1881 1180 utriusque

260 1202 474 1259 ordinis
511 1200 783 1273 applausu
843 1202 1080 1258 locatum
1136 1203 1190 1257 in
1243 1203 1478 1258 ecclesia
1525 1203 1706 1259 Sancti
1754 1204 1878 1258 Vin-

257 1294 427 1350 centii
456 1293 711 1365 martyris
739 1300 795 1348 et
829 1293 1031 1349 levitas.
1065 1294 1298 1365 Operata
1334 1302 1419 1349 est
1448 1302 1503 1350 ct
1535 1295 1625 1349 hic
1651 1294 1882 1365 dispen-

260 1386 436 1442 sative
477 1386 1063 1457 incomprehensibilis
1100 1386 1197 1441 Dei
1227 1386 1524 1458 sapientia,
1586 1395 1646 1442 ut
1677 1403 1881 1442 nomen

259 1484 317 1532 et
346 1474 604 1530 meritum
655 1482 860 1530 sanetae
898 1474 1128 1549 virginis
1169 1475 1333 1530 etiam
1383 1475 1600 1546 Alpium
1633 1476 1886 1531 transiret

200 1576 205 1577 “
260 1571 321 1626 in
351 1570 471 1639 via;
496 1576 729 1641 etquam
748 1569 863 1638 jam
889 1569 1021 1625 olim
1055 1576 1164 1626 tota
1195 1569 1536 1642 praedicabat
1562 1570 1719 1626 Italia
1773 1586 1885 1626 non

263 1661 547 1736 ignoraret
565 1666 619 1714 et
650 1659 763 1728 jam
797 1659 1073 1731 tripartita
1107 1660 1298 1715 Gallia.
1331 1659 1543 1726 Quanto
1572 1660 1721 1715 enim
1766 1659 1882 1715 fre-

156 1760 161 1763 ⁷
263 1753 542 1827 quentiori
567 1752 928 1809 translatione
963 1754 1240 1809 recentior
1281 1762 1399 1808 erat
1426 1761 1629 1808 sanctae
1657 1751 1887 1827 virginis

265 1843 557 1910 memoria,
587 1849 739 1898 tante
780 1839 951 1897 ﬁebat
989 1841 1266 1898 celebrior
1307 1842 1516 1914 ubique
1547 1841 1681 1896 tanti
1708 1840 1889 1895 nomi-

262 1938 353 1993 nis
381 1938 711 1994 reverentia.
739 1936 873 2002 Quia
920 1951 1053 2008 ergo
1083 1936 1270 1991 animo
1318 1933 1606 1990 festinanti
1635 1932 1711 1988 nil
1754 1933 1889 1988 satis

260 2028 574 2097 festinatur,
605 2027 945 2083 Deoderieus
973 2026 1204 2098 praesul,
1245 2025 1301 2079 in
1346 2025 1679 2096 obsequium
1708 2023 1888 2079 Lueim

261 2123 494 2198 virginis
520 2137 587 2177 ex
641 2128 754 2178 toto
797 2136 1028 2192 pronus,
1085 2118 1497 2191 praeoccupavit
1525 2118 1708 2173 statim
1756 2133 1891 2173 con-

264 2221 479 2270 struere
512 2213 813 2269 oratorium
844 2211 896 2266 in
941 2226 1051 2283 quo
1087 2211 1353 2266 decenter
1378 2218 1674 2281 reponeret
1703 2209 1889 2263 datum

265 2303 374 2359 sibi
406 2302 677 2358 divinitus
705 2302 1025 2356 thesaurum
1054 2300 1355 2370 pretiosum
1392 2314 1561 2369 super
1597 2314 1791 2352 aurum
1836 2304 1895 2352 et

190 2426 193 2427 ν
262 2393 539 2464 topazion.
571 2391 687 2456 Quo
709 2404 878 2461 opere
912 2387 1261 2443 laudabiliter
1316 2394 1700 2441 consummato
1731 2383 1891 2438 dedi-

146 2482 163 2521 ί
265 2486 409 2541 cavit
433 2483 760 2540 solemniter
786 2482 960 2553 ipsam
994 2480 1279 2535 basilicam
1312 2478 1368 2532 in
1400 2478 1608 2534 honore
1636 2476 1888 2552 gloriosae

265 2577 498 2652 virginis
524 2575 704 2631 Lueia:
734 2582 927 2630 octavo
960 2573 1089 2628 ldus
1119 2572 1368 2646 Augusti,
1402 2585 1548 2625 anno
1601 2584 1749 2624 nono
1777 2568 1890 2639 epi-

267 2665 530 2728 scopatus
581 2658 692 2725 sui,
743 2675 889 2713 anno
937 2674 1067 2714 vero
1134 2658 1432 2714 Dominicae
1489 2655 1892 2712 lncarnationis

166 2774 171 2777 ·
269 2752 696 2822 nongentesimo
744 2753 1154 2825 septuagesimo
1203 2752 1469 2818 secundo,
1525 2750 1893 2821 praesentibus

156 2878 165 2885 ς
269 2847 327 2894 et
348 2841 781 2911 eoopcrantibus
811 2842 921 2896 sibi
952 2842 1068 2895 suis
1096 2840 1569 2915 consuffraganeis
1590 2839 1890 2910 episcopis,

164 2962 175 2965 ι
272 2929 517 2986 Gerardo
547 2931 792 2986 Tullensi
815 2939 871 2987 et
910 2931 1219 2988 Winofrido
1250 2931 1604 2998 Virdunensi,
1634 2929 1728 3002 qui
1757 2929 1888 2985 olim

160 3034 175 3047 ε
270 3020 327 3075 in
375 3019 499 3075 aula
552 3020 901 3092 imperatoris
957 3020 1212 3076 familiari
1245 3021 1610 3077 contubernio
1641 3020 1748 3074 sibi
1793 3020 1891 3074 ad-

160 3140 169 3146 ~
273 3109 567 3175 haeserant,
590 3118 645 3165 et
674 3110 839 3167 modo
866 3109 950 3165 eis
972 3110 1346 3182 exsequendis
1374 3110 1762 3165 ecclesiasticae
1804 3125 1890 3165 re-

274 3203 502 3279 ligionis
525 3202 749 3273 ofﬁciis,
780 3203 1028 3260 unanimi
1068 3203 1364 3260 devotione
1395 3203 1498 3259 sibi
1531 3204 1766 3261 invicem
1790 3202 1892 3257 ob-

168 3300 192 3331 ’-
275 3297 684 3370 temperabant.

345 3391 501 3445 Anno
531 3396 658 3461 post
699 3389 818 3445 haec
853 3389 1318 3462 quinquagesimo
1364 3388 1633 3458 secundo,
1682 3390 1893 3446 electus

164 3491 191 3514 ὀ
275 3478 345 3533 ad
405 3476 699 3549 imperium
751 3476 1036 3533 Conradus
1090 3477 1389 3545 secundus,
1449 3478 1598 3549 quod
1628 3478 1733 3532 sibi
1764 3493 1892 3549 pro-

277 3578 401 3643 pter
449 3570 858 3627 haareditariam
911 3570 1114 3644 regalis
1162 3570 1435 3642 prosapiae
1483 3571 1893 3626 successionem

175 3677 185 3687 ι
276 3663 649 3735 competebat,
681 3671 738 3718 et
761 3662 941 3738 magis
966 3670 1192 3734 prepter
1208 3662 1495 3734 sapientia:
1534 3670 1590 3717 et
1618 3662 1894 3718 fortitudi—

1979 471 2199 542 imperii
2237 472 2476 545 negotiis
2527 472 2766 528 sollicite
2797 474 3120 549 invigilabat
3164 474 3469 545 Conradus,
3502 484 3592 534 ta-

1981 578 2110 616 men
2136 579 2258 634 quae
2289 563 2451 637 Regis
2486 578 2675 636 regum
2703 570 2883 631 erant,
2915 579 3027 618 non
3056 564 3109 618 in
3139 566 3401 621 secundis
3424 567 3596 622 habe-

1983 650 2104 715 bat;
2154 652 2303 707 unde
2333 652 2476 707 inter
2513 645 2733 719 caetera,
2787 652 2842 706 in
2876 653 3134 723 parochia
3163 655 3439 726 Spirensis
3499 657 3598 713 Ec-

1983 745 2191 812 clesia,
2246 764 2301 802 ll]
2358 747 2476 802 loco
2509 747 2603 820 qui
2661 747 3251 819 dieitur§Lindiburch.
3286 749 3341 805 in
3382 751 3595 808 honore

1984 846 2187 895 sanctae
2216 839 2319 923 Dei’
2341 839 2628 894 Genitricis
2657 840 2839 895 Maria
2870 842 3175 898 eaenobium
3208 841 3456 899 fundavit
3481 861 3598 900 mu-

1985 926 2263 983 niﬁcentia
2304 927 2494 1000 regali,
2530 928 2673 983 Gisla
2696 928 2859 985 bonae
2914 931 3197 986 memoria:
3227 932 3467 1006 conjuge
3494 949 3595 988 sua

1985 1025 2319 1089 cooperante
2353 1017 2479 1071 sibi.
2511 1018 2618 1073 Sed
2670 1035 2820 1075 mors
2856 1036 3016 1095 aequo
3057 1023 3201 1093 pede
3251 1023 3476 1094 pulsans
3506 1041 3599 1080 re-
3640 1040 3649 1049 '

1983 1123 2113 1181 gum
2146 1116 2324 1162 turres
2363 1113 2418 1161 et
2476 1107 2733 1164 tabernas
2771 1127 3097 1182 pauperum,
3144 1111 3433 1181 impedivit
3479 1114 3600 1180 ejus

1983 1196 2343 1261 desiderium,
2374 1212 2444 1252 ne
2473 1200 2542 1252 ad
2570 1197 2733 1254 ﬁnem
2755 1202 3082 1272 perduceret
3102 1218 3244 1273 opus
3272 1201 3597 1273 inemptum.

1982 1286 2134 1342 Bono
2179 1286 2320 1357 patri
2353 1286 2534 1342 bonus
2561 1290 2867 1344 succedens
2919 1290 3083 1356 ﬁlius,
3127 1292 3414 1347 Heinricus
3450 1292 3597 1348 scili-

1982 1386 2089 1441 cet.
2124 1379 2289 1451 hujus
2332 1381 2573 1437 nominis
2605 1381 2903 1453 imperator
2941 1385 3155 1451 tertius,
3189 1400 3329 1456 opus
3383 1385 3598 1441 fundati

1984 1487 2016 1525 a
2072 1472 2396 1542 parentibus
2450 1473 2715 1538 emnobii,
2757 1475 2912 1545 quasi
2964 1490 3027 1530 cx
3064 1475 3189 1544 jure
3234 1476 3604 1545 haereditario,

1986 1563 2055 1617 ad
2086 1561 2336 1628 sctraxit,
2370 1550 2632 1636 regaliter
2672 1562 2984 1632 aediﬁcavit,
3031 1564 3296 1620 nobiliter
3332 1581 3603 1622 consum-

1990 1654 2188 1720 mavit;
2221 1660 2277 1708 et
2336 1654 2422 1708 eui
2474 1654 2624 1709 nulla
2672 1662 2905 1711 terrenae
2945 1656 3268 1712 substantiae
3307 1656 3498 1713 deerat
3525 1657 3608 1713 af-

1989 1744 2241 1810 fluentia,
2265 1746 2504 1800 inlendit
2534 1746 2778 1801 animum
2810 1746 2880 1802 ad
2901 1748 3282 1804 contrahenda
3309 1749 3606 1806 undecun-

1991 1851 2100 1907 que
2127 1844 2444 1890 sanctorum
2486 1834 2739 1907 pignora,
2781 1844 2841 1891 ut
2876 1842 3078 1905 eorum
3120 1844 3370 1911 prompta
3415 1840 3521 1895 sibi
3553 1840 3611 1895 in

1992 1923 2414 1980 necessitatibus
2467 1924 2726 1979 adessent
2761 1923 3042 2001 suffragia,
3088 1941 3325 1999 quorum
3356 1945 3608 2000 praesen-

1991 2018 2197 2074 tialiter
2225 2016 2682 2090 frequentabatur
2710 2018 2800 2074 die
2852 2027 3128 2092 nocteque
3171 2022 3453 2077 memoria.
3497 2022 3608 2077 Nec

1991 2118 2175 2167 tamen
2197 2110 2436 2167 credidit
2457 2110 2597 2167 votis
2616 2111 2734 2167 suis
2753 2110 3095 2167 satisfactum
3124 2128 3269 2179 esse,
3303 2114 3412 2168 nisi
3436 2115 3602 2171 etiam

1991 2203 2225 2279 pignora
2254 2212 2460 2260 sanetae
2510 2204 2745 2278 virginis
2781 2205 2961 2261 Lueiae
3014 2213 3323 2261 mereretur
3374 2206 3606 2274 habere,

1990 2294 2151 2363 cujus
2180 2293 2237 2348 in
2264 2292 2505 2348 Ecclesia
2523 2293 2745 2349 celebre
2766 2309 2967 2349 nomen
2985 2293 3313 2361 habebatur,
3338 2295 3607 2367 cujusque

1992 2401 2092 2456 per
2112 2384 2310 2439 Gallias
2339 2382 2657 2459 suffragium
2711 2383 2864 2441 ﬁdeli
2893 2386 3185 2442 devotione
3230 2386 3299 2441 ab
3345 2387 3608 2443 omnibus

1990 2478 2367 2550 expetebatur.
2401 2477 2657 2533 Mettensi
2682 2478 2960 2547 Ecclesiae,
2992 2495 3119 2551 quae
3148 2478 3467 2551 specialiter
3494 2496 3610 2536 eor-

1991 2584 2124 2640 pore
2156 2575 2360 2623 sanctas
2400 2567 2636 2642 virginis
2686 2569 2993 2634 laetabatur,
3036 2569 3371 2624 Deoderieus
3419 2569 3611 2640 junior

1991 2658 2451 2734 quadragesimus
2490 2667 2714 2715 octavus
2751 2660 3046 2731 episcopus
3105 2670 3354 2731 praeerat,
3414 2662 3509 2734 qui
3550 2671 3606 2717 et

1994 2758 2219 2822 propter
2258 2750 2598 2806 nobilitatem
2631 2767 2856 2824 generis
2888 2751 2943 2805 in
2962 2751 3166 2807 saeculo
3197 2753 3381 2809 multa:
3413 2760 3609 2824 poten-

1990 2843 2083 2899 tiae
2110 2851 2165 2899 et
2217 2851 2446 2915 propter
2467 2842 2757 2913 sapientiae
2813 2843 3139 2919 dignitatem
3164 2861 3378 2920 magnae
3414 2846 3469 2900 in
3507 2846 3608 2902 Ee-

1992 2937 2163 2994 elesia
2205 2945 2321 2993 erat
2343 2939 2690 2993 reverentiae.
2722 2938 2803 2992 Ab
2832 2939 2937 2994 hoc
2978 2939 3267 2995 Heinricus
3296 2941 3605 3012 imperator

1993 3026 2282 3082 brachium
2307 3035 2509 3082 saneta:
2541 3026 2719 3083 Luciae
2754 3027 2860 3082 sibi
2891 3028 3009 3084 dari
3036 3028 3295 3100 expetiit;
3324 3036 3381 3085 et
3405 3046 3605 3102 quam-

1992 3117 2075 3172 vis
2123 3114 2441 3182 difﬁculter,
2501 3124 2684 3172 tamen
2737 3116 3073 3188 impetravit.
3108 3118 3259 3174 Idem
3309 3117 3429 3189 ipse
3472 3133 3606 3192 ergo

1992 3209 2191 3283 praesul
2213 3210 2501 3265 brachium
2531 3218 2782 3266 sanctum
2825 3210 2895 3265 ad
2930 3218 3115 3267 votum
3149 3212 3517 3283 imperatoris,
3541 3211 3610 3265 ad

1990 3300 2308 3357 coenobium
2342 3300 2782 3374 Lindiburgense
2819 3301 3039 3370 detulit,
3083 3317 3194 3374 quo
3232 3302 3365 3357 nihil
3394 3302 3610 3376 gratius

1993 3404 2115 3445 esse
2144 3388 2459 3460 imperatori
2492 3389 2688 3459 potuit.
2729 3387 3071 3443 Translatum
3104 3398 3189 3444 est
3225 3398 3410 3444 autem
3461 3401 3609 3443 anno

1995 3479 2149 3551 regni
2174 3478 2296 3549 ejus
2318 3477 2500 3545 tertio,
2524 3476 2823 3533 Dominicae
2845 3487 3028 3533 autem
3052 3478 3608 3537 lncarnationisanno

1994 3569 2291 3625 millesimo
2319 3567 2746 3641 quadragesimo
2759 3569 3029 3625 secundo.

822 3954 1712 4064 SIGEBEBTI
1825 3953 3093 4067 GEMBLACENSIS

1478 4163 1967 4248 EPISTOLA
2037 4164 2426 4248 DUPLEX

1195 4350 1295 4412 DE
1339 4349 1850 4416 DIFFERENTIA
1892 4350 2248 4427 QUATUOR
2290 4352 2708 4417 TEMPORUM

957 4488 1435 4555 Trevirensibus
1462 4492 1722 4569 clericis,
1753 4492 1874 4556 sub
1900 4492 2160 4557 nomine
2189 4493 2657 4570 Leodiensium,
2692 4496 2950 4575 scripta,

1454 4652 1754 4723 (Manum,
1789 4656 1943 4712 Thes.
1986 4657 2217 4724 Aneed.,
2245 4657 2289 4727 l,
2319 4657 2448 4715 294.

359 4991 544 5065 (1097)
569 4994 1456 5058 Ωιιεενεηιὶῢυεηοδίςυιτιιηιηθηι
1469 5001 1652 5057 statim
1666 5001 1720 5057 in
1735 5002 1918 5075 primo

1992 5008 2318 5077 lsententia,
2361 5018 2416 5065 et
2453 5011 2688 5066 maxime
2728 5028 2792 5066 ex
2832 5013 3093 5070 auelorali
3134 5013 3393 5070 Ecclesia:
3439 5019 3631 5069 vestrae

291 5083 538 5140 Sabbato
559 5084 734 5141 Martii
759 5087 829 5142 sit
851 5087 1244 5158 jejunandum,
1279 5093 1500 5149 etiamsi
1532 5093 1679 5150 idem
1711 5094 1918 5151 mensis

284 5177 502 5249 quinta,
543 5189 698 5237 sexta
736 5182 823 5238 vel
854 5183 1091 5255 septima
1118 5183 1255 5241 feria
1286 5187 1532 5260 incipiat,
1577 5207 1644 5245 an
1679 5191 1734 5246 in
1765 5191 1913 5247 aliud

284 5265 587 5324 Sabbatum
619 5276 848 5342 propter
896 5278 1150 5344 quartam
1180 5274 1374 5331 feriam
1427 5277 1498 5332 sit
1525 5274 1914 5349 differendum,

184 5408 191 5412 .
286 5373 387 5415 vos
417 5375 485 5415 ex
512 5361 721 5434 scripta
747 5371 1066 5422 sanctorum
1095 5373 1265 5440 atque
1306 5369 1658 5442 antiquorum
1702 5373 1915 5429 Patrum

291 5516 548 5602 “0097)
583 5518 761 5592 Hujus
782 5523 1044 5602 epistolae
1067 5531 1349 5598 auctorem
1381 5525 1733 5602 Sigebertum
1766 5529 1922 5602 Gem-

291 5584 613 5673 blacensem
646 5584 982 5673 monachpm
1011 5589 1299 5673 doeetnos
1317 5584 1490 5654 eode'i
1510 5584 1922 5673 manuscriptus

185 5689 191 5694 α
292 5656 736 5736 Gemblaeensis,
811 5665 906 5722 ubi
962 5681 1083 5724 eam
1159 5667 1417 5740 vidimus,
1475 5656 1814 5745 constatque
1842 5656 1921 5730 ei

2018 5102 2425 5158 consuetudine
2485 5102 2847 5175 reseripsistis
2909 5106 3168 5173 difﬁnite,
3216 5106 3365 5179 quod
3421 5105 3631 5177 absque

2017 5192 2129 5248 ulla
2176 5192 2543 5269 refragationc
2575 5210 2799 5267 semper
2850 5196 3014 5268 primi
3048 5196 3255 5251 mensis
3304 5195 3438 5249 feria
3469 5195 3636 5248 debet

2019 5283 2351 5355 exspectari,
2404 5283 2664 5354 quoniam
2718 5284 2864 5338 idem
2915 5283 3187 5355 jejunium
3243 5282 3390 5354 quod
3444 5287 3636 5354 quarta

2019 5374 2156 5430 feria
2177 5372 2442 5443 incipitur
2455 5379 2507 5427 et
2526 5371 2771 5428 Sabbato
2794 5371 3003 5441 ﬁnitur,
3025 5387 3372 5444 nequaquam
3398 5370 3628 5426 Februa-

2022 5531 2194 5604 altera
2213 5529 2633 5604 epistolaquam
2650 5529 2876 5604 nomine
2896 5528 3218 5604 clericorum
3248 5524 3638 5604 Leodiensium

2022 5598 2444 5659 Trevireiisibus
2474 5598 2698 5673 scripsit
2728 5602 2803 5658 De
2836 5599 3025 5677 regula
3063 5598 3348 5656 Bernonis.
