3930 6052
388 259 493 313 8Ιῦ

390 393 493 456 rio,
554 390 651 445 sed
720 388 908 443 Martio
967 393 1139 443 totum
1205 387 1518 458 deputatur,

1668 253 2003 310 SIGEBERTI
2044 253 2551 313 GEMBLACENSlS.

3611 267 3743 322 816

1603 404 1668 443 ea
1741 389 2073 460 videlicetA
2097 391 2282 455 sentit,
2326 408 2449 462 quae
2486 393 2761 463 jejunium
2806 395 2968 465 primi
3031 402 3094 450 et
3126 396 3399 465 jejunium
3441 403 3636 472 quarti
3686 416 3754 463 et

388 481 599 534 ratione
628 485 687 533 ut
716 478 773 532 in
811 493 879 533 eo
922 492 1110 531 mense
1142 476 1383 546 primum
1421 476 1694 546 jejunium
1747 483 1994 532 nostrum
2092 481 2367 550 jejunium
2415 484 2636 546 decimi,
2687 492 2741 541 et
2789 502 2897 541 non
2925 487 3199 558 jejunium
3241 489 3554 546 duodecimi
3604 509 3749 548 esse

385 568 618 624 Domino
666 573 1040 626 consecretur.
1075 566 1128 619 in
1179 580 1287 636 quo
1335 566 1664 635 principium
1724 567 1878 632 anni,
1935 582 1997 620 ac

385 662 504 733 ipsa
542 660 744 715 creatio
775 660 944 731 caepit
973 659 1181 713 mundi.
1216 659 1316 723 Qui
1347 658 1735 730 quaerebamus
1774 659 1843 712 de
1889 675 1995 712 una

385 753 694 825 quaestione
752 768 850 824 per
892 767 988 807 vos
1026 750 1339 812 certilicari,
1381 749 1667 820 multiplici
1708 748 1997 802 dubietate

385 843 737 899 involvimur.
764 841 919 896 Salva
949 855 1080 912 ergo
1108 838 1280 912 gratia
1300 843 1501 901 vestra,
1534 836 1995 891 liceatvobiscum

385 932 567 987 adhuc
604 929 855 987 conferre
885 945 950 984 ea
979 930 1047 982 de
1079 927 1282 999 quibus
1328 926 1665 981 dubitamus.
1702 925 1817 981 Non
1848 923 1995 979 enim

384 1023 577 1079 leviter
604 1022 926 1093 accipimus,
954 1019 1101 1092 quod
1129 1036 1160 1073 a
1188 1018 1347 1074 vobis
1379 1024 1484 1072 tam
1513 1017 1772 1091 gravibus
1801 1022 1855 1071 et
1886 1022 1993 1070 tam

387 1112 564 1167 doctis
593 1111 725 1166 viris
745 1110 1025 1165 delinitur.

457 1205 613 1270 Quod
646 1204 840 1260 vitiose
873 1211 927 1258 et
953 1200 1184 1257 abusive
1214 1200 1437 1267 dicitur,
1470 1200 1575 1253 hoc
1620 1199 1795 1254 otiose
1827 1198 1998 1252 trahi-

388 1302 476 1351 tur
493 1295 561 1349 ad
580 1293 896 1365 exemplum
930 1290 1193 1346 veritatis.
1229 1289 1499 1353 Martium,
1528 1304 1694 1359 quem
1731 1289 1997 1342 Romulus

388 1388 584 1443 vitiose
643 1386 825 1457 posuit
893 1385 947 1438 in
989 1383 1168 1453 primo
1229 1381 1359 1435 anni
1414 1395 1604 1434 mense
1675 1394 1776 1434 nos
1832 1380 1997 1433 etiam

391 1483 614 1539 abusive
657 1482 889 1553 primum
929 1479 1061 1534 anni
1098 1494 1349 1532 mensem
1383 1477 1643 1543 dicimus,
1673 1492 1775 1530 nec
1820 1483 2001 1529 tamen

391 1576 465 1631 ita
486 1593 605 1630 esse
630 1573 925 1636 credimus,
955 1570 1085 1642 quia
1121 1569 1189 1623 ab
1228 1569 1402 1639 ipsius
1432 1568 1527 1622 Dei
1570 1583 1667 1623 ore
1708 1567 2003 1622 didicimus

390 1669 483 1739 qui
514 1668 584 1722 sit
609 1666 820 1737 primus
848 1664 1076 1719 mensis.
1119 1665 1336 1728 Mensis,
1397 1660 1596 1732 inquit,
1642 1664 1744 1715 iste
1783 1663 1997 1729 princi-

384 1763 546 1830 pium
582 1762 841 1813 mensium
867 1759 1074 1825 primus
1113 1760 1217 1810 erit
1270 1754 1417 1809 vobis
1467 1756 1530 1808 in
1568 1753 1842 1807 mensibus
1870 1754 2005 1806 anni

390 1849 568 1904 Emod.
624 1863 746 1914 xui,
797 1846 873 1912 2).
903 1844 1151 1898 Martium
1206 1857 1336 1897 vero
1366 1857 1615 1896 mensem
1657 1840 1783 1912 quis
1828 1839 2004 1894 nescit

392 1957 490 2013 pro
523 1939 855 1996 duodecimo
885 1952 1079 1992 mense
1107 1936 1164 1990 in
1194 1936 1317 2010 lege
1358 1943 1413 1990 et
1455 1934 1742 2005 pr0phelis
1771 1950 2004 2005 compu-

392 2030 531 2086 tari?
561 2034 597 2084 A
630 2029 813 2100 Moyse
842 2026 1023 2083 omnis
1056 2025 1245 2080 divina
1285 2024 1563 2094 Scriptura
1606 2024 1834 2095 pendet.
1860 2024 2009 2093 Hinc

393 2124 700 2178 innituntur
734 2134 928 2175 omnes
955 2118 1049 2190 qui
1098 2118 1168 2171 de
1205 2116 1393 2171 divina
1441 2116 1720 2186 Scriptura
1750 2123 2002 2171 tractant.

392 2215 501 2270 Nos
549 2212 654 2266 nisi
712 2219 860 2265 recta
907 2208 995 2263 via
1048 2208 1393 2273 incedamus,
1440 2221 1660 2277 semper
1707 2206 2002 2273 discentes,

394 2318 672 2376 nunquam
715 2301 784 2356 ad
822 2298 1111 2355 scientiam
1150 2296 1394 2352 veritatis
1425 2296 1836 2367 perveniemus.
1870 2288 2005 2362 Quia

392 2414 524 2470 ergo
543 2411 732 2453 mense
754 2393 967 2461 Martio,
999 2391 1302 2447 secundum
1333 2390 1663 2461 positionem
1686 2389 2001 2464 gentilium,

391 2491 657 2555 mediato,
689 2489 902 2559 primus
928 2487 1050 2541 dies
1077 2485 1262 2541 saeculi
1291 2482 1593 2559 praefigitur
1618 2484 1673 2538 in
1701 2499 1827 2538 xvm
1855 2484 2001 2552 ejus-

393 2580 519 2634 dem
562 2577 771 2632 mensis
803 2576 914 2641 die,
954 2575 1049 2646 qui
1096 2578 1179 2629 est
1205 2588 1274 2629 xv
1311 2574 1582 2628 Kalendas
1619 2573 1839 2644 Aprilis,
1874 2588 2001 2628 num

392 2674 597 2728 idcirco
625 2672 856 2744 primam
890 2674 1100 2740 partem
1119 2668 1293 2723 Martii
1324 2683 1423 2738 pro
1446 2668 1623 2738 primo
1649 2668 1780 2722 anni
1812 2684 2004 2725 mense

391 2761 773 2837 accipiemus?
828 2761 1009 2816 Prima
1055 2776 1181 2831 pars
1224 2760 1400 2814 Martii
1455 2760 1630 2833 magis
1684 2758 1777 2813 ﬁni
1841 2776 2005 2831 quam

390 2859 663 2932 principio
711 2857 838 2912 anni
884 2854 1160 2928 congruit.
1213 2854 1268 2907 Si
1315 2870 1374 2909 re
1424 2869 1553 2908 vera
1608 2869 1676 2908 xv
1736 2853 2007 2909 Kalendas

387 2955 588 3026 Aprilis
635 2953 741 3009 fuit
792 2951 1003 3023 primus
1058 2949 1178 3003 dies
1235 2948 1442 3014 saeculi,
1497 2947 1575 3001 ibi
1634 2947 1853 3002 initium
1901 2948 2006 3003 erit

389 3047 551 3119 primi
579 3046 733 3112 anni,
781 3061 845 3099 ac
902 3042 1135 3114 proinde
1176 3042 1421 3096 omnium
1464 3055 1734 3096 annorum
1790 3041 2001 3108 saeculi,

2098 573 2339 627 ostendit
2366 575 2512 637 quod
2548 575 2697 631 nullo
2730 577 2894 632 modo
2928 577 3003 632 ita
3033 592 3158 633 esse
3194 580 3395 649 poterit
3428 582 3742 658 refragari,

2096 664 2140 716 si
2166 664 2448 734 praefatum
2484 667 2641 737 primi
2685 669 3175 739 mensisjejunium
3208 680 3398 743 quarta
3439 674 3528 730 vel
3559 684 3735 731 sexta

2101 751 2235 807 feria
2279 754 2560 810 Februarii
2601 764 2866 829 congruat
2892 759 3179 815 celebrari.
3230 783 3252 811 ι

2170 845 2224 899 Si
2259 862 2359 901 nos
2385 859 2574 903 noster
2602 864 2768 919 super
2811 849 2897 905 his
2929 850 3244 907 intellectus
3288 868 3402 909 non
3433 855 3594 922 fallit,
3626 858 3745 912 hos

2100 945 2336 1008 quatuor
2362 956 2583 996 menses
2621 942 2695 996 ita
2720 944 3001 1014 accepisse
3026 945 3315 1012 videmini,
3349 954 3408 1002 ut
3431 948 3732 1018 jejunium

2100 1026 2259 1096 primi
2318 1030 2526 1084 mensis
2585 1030 2863 1101 deputetis
2918 1032 3135 1099 Martio;
3190 1036 3462 1105 jejunium
3533 1041 3736 1111 quarti

2095 1115 2279 1181 Junio,
2310 1117 2402 1188 qui
2435 1127 2520 1172 est
2549 1125 2775 1189 quartus
2828 1138 2859 1174 a
2897 1120 3117 1185 Martio;
3165 1124 3441 1191 jejunium
3482 1128 3723 1198 septimi

2098 1205 2427 1276 Septembri,
2474 1210 2567 1281 qui
2612 1218 2694 1265 est
2743 1213 3017 1283 septimus
3084 1230 3115 1267 a
3168 1214 3383 1283 Martio,
3436 1217 3737 1286 jejunium

2100 1298 2301 1353 decimi
2358 1301 2667 1369 Decembri,
2708 1303 2801 1375 qui
2844 1311 2927 1359 est
2957 1305 3204 1361 decimus
3254 1323 3284 1361 a
3314 1307 3526 1366 Martio.
3560 1311 3733 1375 Quod

2101 1406 2198 1446 vos
2251 1392 2587 1449 intellexisse
2629 1402 2688 1449 ut
2721 1395 3095 1473 intelligamus
3135 1399 3449 1469 addidistis,
3502 1409 3555 1457 et
3611 1420 3735 1460 non

2101 1482 2439 1549 duodecimi,
2471 1485 2562 1556 qui
2593 1492 2678 1540 est
2707 1486 3033 1544 Februarius
3053 1489 3417 1547 duodecimus
3446 1510 3475 1548 a
3509 1496 3735 1552 Martio.

2104 1570 2242 1638 Quid
2300 1576 2355 1630 in
2390 1584 2598 1634 tantum
2629 1579 2907 1655 derogatis
2954 1581 3276 1651 Februario,
3323 1585 3478 1657 cujus
3526 1589 3738 1644 saltem

2099 1681 2268 1720 unum
2301 1667 2445 1723 diem
2486 1670 2554 1724 ad
2587 1671 2821 1740 primum
2848 1672 3122 1744 jejunium
3158 1690 3268 1730 non
3304 1677 3625 1745 admittitis,
3666 1689 3733 1734 ut

2104 1756 2341 1827 quodam
2370 1759 2535 1814 modo
2584 1759 2778 1815 timere
2809 1761 3130 1827 videamini,
3166 1779 3238 1819 ne
3264 1764 3401 1821 forte
3439 1767 3729 1837 jejunium

2105 1844 2304 1900 decimi
2344 1848 2553 1903 mensis
2591 1849 2660 1903 ad
2715 1865 2841 1904 eum
2899 1851 3088 1924 aliquo
3125 1853 3291 1910 modo
3340 1856 3735 1915 transferatur.

2105 1934 2160 1989 Si
2189 1935 2294 1992 hoc
2324 1938 2608 2008 prophetae
2645 1939 2944 2010 capitulum
3000 1941 3052 1995 in
3084 1943 3279 1998 vestris
3311 1945 3737 2016 exemplaribus

2109 2028 2185 2083 ita
2230 2029 2534 2085 habeatur:
2584 2040 2645 2087 ut
2681 2047 2780 2087 vos
2819 2033 3099 2105 posuistis,
3155 2051 3248 2091 vos
3285 2036 3553 2093 videritis.
3614 2039 3740 2095 Nos

2109 2119 2346 2176 dicimus
2391 2121 2524 2193 quia
2576 2139 2684 2179 nec
2730 2124 2787 2178 in
2843 2124 2971 2180 LXX
3030 2127 3398 2199 lnterpretum
3449 2130 3737 2201 editione,

2106 2229 2214 2285 qua
2256 2220 2469 2270 veteres
2493 2215 2662 2271 Graeci
2693 2223 2750 2272 et
2781 2216 2955 2272 Latini
2985 2218 3299 2289 utebantur,
3334 2222 3438 2278 hoc
3472 2223 3547 2279 ita
3577 2225 3737 2280 scri-

2105 2308 2258 2372 ptum
2316 2303 2567 2371 habetur,
2614 2320 2717 2361 nec
2748 2306 2802 2360 in
2833 2306 3080 2363 editione
3111 2324 3220 2381 qua
3267 2311 3433 2368 modo
3476 2313 3739 2369 Ecclesia

2105 2390 2295 2458 utitur,
2343 2409 2507 2464 quam
2560 2393 2924 2467 Hieronymus
2962 2397 3033 2452 de
3091 2398 3322 2456 Hebraeo
3361 2401 3417 2456 in
3468 2401 3733 2458 Latinum

2104 2487 2399 2553 transtulit,
2432 2495 2486 2544 et
2509 2490 2760 2545 eamdem
2788 2493 3073 2563 exposuit.
3104 2494 3163 2548 In
3198 2493 3322 2549 LXX
3354 2497 3428 2551 ita
3454 2496 3736 2555 habetur:

2104 2576 2378 2645 chunium
2398 2585 2668 2650 quartum,
2699 2585 2745 2635 et
2764 2582 3041 2652 jejunium
3073 2586 3342 2654 quintum,
3375 2591 3423 2641 et
3443 2587 3741 2657 jejunium

2107 2673 2410 2739 septimum,
2462 2675 2509 2726 et
2544 2673 2820 2743 jejunium
2872 2676 3134 2731 decimum
3188 2682 3343 2733 erunt
3396 2682 3633 2746 Domini,
3680 2688 3745 2738 et

2110 2757 2323 2830 reliqua
2352 2760 2534 2831 (Zach.
2578 2779 2694 2831 vm,
2724 2762 2836 2834 19).
2878 2764 2937 2818 ln
2969 2764 3214 2821 editione
3251 2781 3382 2822 vero
3408 2766 3737 2840 Hieronymi

2107 2848 2181 2905 ita
2236 2850 2491 2907 habetur:
2539 2854 2814 2923 Jejunium
2853 2859 3062 2926 quarti,
3110 2862 3161 2912 et
3197 2857 3469 2928 jejunium
3522 2863 3737 2932 quinti,

2105 2946 2155 2997 et
2169 2942 2442 3011 jejunium
2464 2947 2702 3014 septimi,
2733 2948 2783 3000 et
2799 2944 3072 3015 jejunium
3099 2947 3290 3002 decimi
3297 2952 3454 3003 erunt
3477 2952 3734 3021 Domini,

2107 3036 2162 3085 et
2190 3030 2419 3102 reliqua.
2458 3031 2559 3086 Ubi
2598 3035 2807 3089 mentio
2847 3035 2937 3090 hic
2982 3036 3147 3107 primi
3188 3036 3245 3091 in
3287 3038 3466 3109 primo
3521 3056 3732 3099 mense

387 3094 443 3194 in
487 3152 597 3211 quo
651 3094 844 3192 mense
883 3094 968 3189 est
1006 3133 1219 3205 primus
1260 3132 1378 3187 dies
1427 3131 1636 3196 szeculi,
1697 3131 1791 3186 ille
1846 3148 2004 3186 men-
2028 3094 2294 3195 Cjejunii
2325 3140 2494 3195 super
2524 3140 2632 3197 quo
2663 3141 2761 3183 vos
2790 3126 2954 3183 nobis
2984 3129 3453 3199 patrocinamini?
3492 3132 3547 3187 Si
3576 3150 3732 3205 pro-

385 3231 462 3285 sis
506 3227 675 3285 debet
725 3228 936 3299 primus
990 3226 1203 3293 haberi,
1278 3240 1343 3280 ac
1424 3239 1526 3295 per
1609 3224 1712 3279 hoc
1770 3223 2003 3280 facesset

386 3319 482 3375 illa
521 3318 736 3376 Romuli
759 3315 1028 3372 institutio
1058 3314 1129 3369 de
1154 3330 1256 3369 suo
1282 3314 1460 3385 primo
1479 3313 1695 3380 Martio,
1729 3319 1784 3368 et
1815 3314 2001 3371 Numae

383 3415 452 3469 de
481 3428 582 3470 suo
628 3410 907 3467 Januario.
965 3410 1029 3464 At
1060 3409 1105 3463 si
1151 3406 1276 3479 quis
1315 3406 1511 3462 dixerit
1554 3423 1587 3461 a
1634 3414 1789 3477 parte
1823 3412 1995 3461 totum

381 3521 544 3577 posse
587 3503 785 3575 accipi,
825 3511 885 3557 ut
925 3501 992 3555 ab
1037 3498 1228 3555 ultima
1268 3498 1353 3554 sui
1403 3506 1559 3570 parte
1594 3503 1741 3553 totus
1777 3497 2000 3552 Martius

379 3617 480 3672 pro
511 3600 686 3671 primo
726 3596 854 3652 anni
887 3611 1077 3651 mense
1128 3593 1450 3664 accipiatur,
1501 3608 1603 3647 nec
1650 3592 1793 3663 ipse,
1826 3598 1884 3646 ut
1925 3591 1998 3646 ita

380 3690 635 3756 dixerim,
674 3686 831 3743 vobis
860 3685 1081 3740 Martius
1109 3688 1336 3748 annuet,
1393 3690 1453 3735 ut
1500 3680 1646 3735 idem
1679 3681 1748 3734 sit
1786 3681 1997 3749 primus

380 3790 435 3838 et
478 3781 707 3838 ultimus
753 3778 883 3834 anni
915 3777 1143 3842 mensis,
1179 3774 1485 3845 praesertim
1519 3790 1643 3828 cum
1675 3790 1778 3829 nec
1805 3790 1904 3828 vos
1943 3773 1993 3828 ei

377 3873 652 3937 annuatis,
693 3877 752 3924 ut
790 3875 901 3922 tres
941 3867 1025 3922 vel
1081 3867 1220 3920 duos
1250 3865 1392 3931 dies,
1435 3864 1521 3919 vel
1578 3881 1744 3919 unam
1800 3864 1990 3919 saltem

376 3964 569 4019 feriam
598 3969 879 4016 mutuetur
924 3975 955 4013 a
985 3956 1304 4021 Februario,
1344 3962 1403 4010 ut
1442 3972 1473 4009 a
1506 3964 1658 4026 parte
1708 3957 1781 4011 sit
1816 3962 1988 4011 totum

377 4055 497 4125 ejus
533 4053 828 4121 jejunium,
861 4048 1008 4121 quod
1037 4048 1087 4102 ei
1132 4047 1234 4103 soli
1261 4047 1542 4117 deputatis
1571 4053 1767 4102 totum.
1822 4048 1987 4103 Porro

374 4153 589 4202 servata
628 4144 901 4215 positione
928 4139 1218 4215 gentilium
1251 4139 1319 4193 de
1343 4138 1539 4193 ordine
1562 4139 1834 4194 mensium
1861 4156 1985 4194 cum

376 4236 613 4311 quodam
655 4232 1007 4290 intellectuali
1048 4231 1214 4286 modo
1271 4229 1516 4285 ultimam
1573 4230 1746 4285 Martii
1777 4237 1988 4301 partem

2103 3211 2267 3283 pheta
2286 3212 2447 3284 primi
2479 3216 2685 3272 mensis
2712 3216 2798 3272 hic
2821 3217 3121 3288 posuisset,
3148 3234 3258 3275 non
3283 3220 3450 3276 alium
3476 3222 3737 3293 primum

2103 3317 2347 3358 mensem
2382 3319 2547 3375 quam
2596 3305 2837 3376 Aprilem
2885 3306 3274 3383 significasset,
3338 3316 3393 3366 et
3438 3310 3506 3365 ab
3547 3313 3740 3384 Aprili

2099 3394 2351 3450 ordinem
2408 3396 2641 3453 aliorum
2702 3399 2975 3455 mensium
3053 3400 3397 3458 deduxisset.
3457 3404 3740 3462 Ordinem

2100 3488 2374 3543 mensium
2438 3496 2493 3544 et
2547 3505 2739 3546 causas
2805 3492 3145 3564 jejuniorum
3207 3494 3571 3567 Hieronymus
3644 3499 3736 3554 ita

2097 3578 2348 3648 exponit:
2411 3603 2437 3626 α
2493 3578 2795 3649 Jejunium,
2853 3581 3053 3654 inquit,
3125 3584 3300 3655 quarti
3360 3585 3732 3651 (subauditur

2098 3666 2328 3737 mensis)
2359 3667 2455 3740 qui
2486 3668 2786 3737 estJulius,
2806 3670 2873 3725 ab
2904 3670 3071 3741 Aprili
3095 3681 3342 3743 quartus,
3370 3680 3455 3729 est
3476 3675 3735 3745 septima

2096 3756 2313 3813 decima
2340 3759 2430 3814 die
2450 3760 2699 3831 ejusdem
2735 3761 2963 3829 mensis,
2996 3764 3219 3833 quando
3244 3763 3457 3837 Moyses
3480 3765 3740 3823 descen-

2096 3845 2237 3901 dens
2271 3847 2340 3901 de
2380 3856 2588 3912 monte,
2626 3848 2841 3904 tabulas
2870 3850 3011 3924 legis
3041 3851 3355 3929 confregit:
3400 3870 3507 3926 quo
3549 3859 3731 3912 etiam

2095 3951 2287 3991 mense
2339 3936 2848 3994 Nabuchodonosor
2904 3939 3209 3998 Jerusalem
3268 3942 3476 4013 primus
3540 3945 3726 4015 cepit.

2057 4028 2368 4099 'Jejunium
2400 4029 2601 4101 quinti,
2644 4031 2853 4086 mensis
2892 4031 3122 4104 quintus
3165 4034 3234 4089 ab
3276 4035 3470 4107 Aprili,
3500 4036 3593 4108 qui
3640 4049 3741 4096 est

2089 4119 2233 4190 apud
2257 4134 2358 4175 nos
2398 4120 2698 4193 Augustus,
2726 4127 2843 4176 erat
2872 4121 2963 4178 die
2989 4139 3023 4177 x
3055 4123 3305 4194 ejusdem
3337 4126 3565 4194 mensis,
3613 4144 3730 4199 pro

2091 4226 2157 4267 eo
2187 4213 2334 4284 quod
2364 4229 2463 4283 per
2483 4214 2862 4285 speculatores
2884 4216 2953 4272 de
2974 4217 3221 4288 inspecta
3250 4225 3392 4273 terra
3418 4223 3736 4292 repromis.

375 4301 680 4383 referamus
709 4324 774 4378 ad
818 4322 1007 4377 mundi
1040 4319 1397 4392 principium,
1441 4319 1588 4392 quod
1630 4335 1739 4375 non
1796 4319 1988 4376 Μδτιίο
2088 4301 2262 4357 sionis
2290 4318 2539 4359 reversos
2565 4311 2683 4360 orta
2707 4313 2790 4361 est
2813 4305 3042 4375 seditio;
3066 4313 3297 4379 propter
3320 4325 3485 4380 quam
3516 4326 3734 4369 omnes

373 4416 469 4472 sed
487 4414 656 4487 Aprili
686 4412 997 4479 ascribitur,
1028 4411 1073 4465 si
1110 4411 1274 4465 etiam
1309 4410 1415 4465 hoc
1444 4409 1802 4465 intellectuali
1824 4411 1990 4465 modo

2107 4403 2292 4451 meter
2317 4397 2457 4453 duos
2501 4415 2601 4469 per
2638 4415 2691 4453 x1
2731 4415 2907 4456 annos
2938 4400 2994 4455 in
3027 4417 3215 4458 eremo
3251 4403 3555 4474 perierunt.
3590 4404 3730 4470 Quo

374 4509 593 4565 initium
631 4506 808 4562 Martii
849 4521 960 4562 non
1002 4519 1271 4575 ponamus
1301 4503 1358 4557 in
1413 4502 1670 4557 Kalendis
1701 4503 1842 4573 ejus,
1893 4503 1990 4557 sed

374 4617 589 4657 sursum
643 4615 834 4654 versus
884 4602 1260 4661 numerantes,
1302 4611 1349 4648 v,
1413 4611 1470 4665 g.
1531 4610 1561 4648 a
1612 4612 1681 4649 xv
1720 4594 1991 4649 Kalendas

372 4693 571 4758 Martii,
601 4691 676 4746 ibi
707 4689 1079 4761 intelligamus
1110 4702 1230 4742 esse
1288 4686 1504 4741 initium
1538 4686 1714 4740 Martii
1771 4692 1830 4741 ut
1858 4703 1990 4758 qua-

372 4782 680 4840 tuordecim
728 4781 851 4836 dies
909 4796 1047 4851 quos
1089 4779 1140 4834 ei
1193 4796 1223 4833 a
1279 4794 1379 4834 suo
1435 4777 1543 4832 ﬁne
1584 4777 1790 4834 creatio
1848 4778 1989 4833 tollit

372 4874 587 4940 mundi,
624 4874 721 4929 hos
749 4873 797 4928 ei
850 4878 976 4927 ante
1024 4888 1152 4927 suas
1191 4871 1462 4926 Kalendas
1501 4870 1839 4926 restauretis.
1898 4871 1988 4926 Sic

374 4969 514 5026 forte
545 4966 947 5033 obtinebimus,
998 4971 1057 5020 ut
1084 4981 1194 5020 non
1227 4964 1520 5020 invideatis
1550 4964 1764 5035 jejunio
1796 4970 1985 5019 nostro

371 5064 618 5132 quartam
667 5056 754 5113 vel
785 5061 992 5110 sextam
1024 5053 1243 5121 feriam,
1276 5070 1398 5125 quae
1440 5054 1568 5108 licet
1601 5054 1653 5108 in
1691 5052 1984 5109 Februario

369 5151 817 5224 pronuntientur,
852 5147 1025 5203 Martii
1054 5156 1236 5204 tamen
1260 5163 1381 5202 esse
1404 5145 1802 5221 intelligantur.

438 5241 550 5296 Tali
579 5240 780 5295 divinae
809 5245 864 5294 et
894 5240 1147 5293 humanae
1178 5237 1465 5308 scripturze
1492 5235 1641 5291 bivio
1669 5236 1980 5307 intercepti,

365 5334 643 5389 haeremus
672 5332 774 5386 sub
828 5329 1172 5403 intelligendi
1195 5328 1477 5399 ambiguo,
1521 5334 1575 5381 et
1617 5328 1745 5382 dum
1788 5334 1983 5383 neuter

368 5424 549 5478 neutri
607 5423 785 5478 credit
822 5438 943 5493 quae
1007 5421 1092 5475 via
1150 5420 1220 5474 sit
1285 5419 1562 5487 directior,
1623 5419 1689 5473 ad
1741 5418 1796 5473 id
1832 5419 1977 5490 quod

367 5511 617 5565 volumus
646 5528 755 5567 non
805 5511 927 5566 sine
957 5510 1146 5565 labore
1182 5509 1460 5564 tendimus
1505 5515 1561 5564 et
1600 5508 1807 5564 utinam
1860 5508 1978 5564 sine

367 5610 551 5649 errore
568 5599 979 5666 perveniamus.

435 5680 631 5737 Dictis:
693 5703 719 5737 α
772 5683 865 5739 Cui
921 5685 1210 5742 sententiae
1265 5686 1428 5742 lectio
1468 5685 1794 5757 prophetica
1841 5701 1975 5742 con-

2093 4484 2258 4540 etiam
2288 4502 2478 4542 mense
2506 4486 2893 4556 Nabuzardan,
2936 4490 3201 4563 princeps
3230 4507 3531 4566 coquorum
3565 4496 3735 4571 regis

2092 4574 2622 4644 Nabuchodonosor,
2681 4594 2869 4634 muros
2922 4587 3094 4652 captae
3170 4589 3336 4638 antea
3403 4582 3725 4641 Jerusalem

2089 4666 2308 4733 evertit,
2350 4676 2405 4720 et
2450 4668 2714 4738 templum
2743 4666 3009 4734 incendit,
3051 4676 3107 4725 et
3152 4671 3327 4727 multo
3360 4678 3481 4743 post
3508 4689 3725 4732 mense

2089 4760 2283 4814 eodem
2315 4775 2481 4829 anno,
2513 4776 2545 4814 a
2570 4760 2685 4815 Tito
2736 4760 2943 4817 Caesare
2984 4762 3200 4818 Domini
3239 4764 3503 4836 templum
3547 4782 3725 4824 ever-

2088 4856 2209 4906 sum‘
2240 4861 2295 4906 et
2324 4859 2600 4907 exaratum
2649 4857 2750 4907 est.
2782 4852 3062 4924 Jejunium
3089 4853 3313 4924 septimi
3365 4856 3582 4912 mensis
3638 4858 3722 4914 ab

2087 4941 2277 5013 Aprili,
2311 4942 2403 5014 qui
2456 4949 2540 4997 est
2567 4942 2712 5013 apud
2752 4958 2854 4999 nos
2882 4943 3136 5007 October,
3171 4958 3270 5014 pro
3317 4959 3385 5001 eo
3447 4946 3596 5017 quod
3633 4964 3715 5007 eo

2089 5050 2280 5090 mense
2324 5034 2541 5091 occisus
2599 5040 2685 5090 est
2731 5034 3010 5105 Godolias,
3061 5037 3154 5110 qui
3219 5038 3381 5094 victis
3417 5037 3626 5094 Iudaeis
3688 5059 3727 5098 a

2085 5123 2593 5180 Nabuchodonosor
2604 5113 2861 5196 praelatus
2887 5134 3021 5194 erat,
3045 5134 3100 5183 et
3114 5127 3361 5201 reliquiae
3380 5127 3716 5187 Judaeorum

2085 5216 2152 5271 ad
2168 5216 2599 5273 internecionem
2616 5218 2811 5274 deletae
2826 5220 3259 5292 sunt.Jejunium
3276 5221 3475 5277 decimi
3500 5226 3721 5283 mensis

2086 5305 2155 5361 ab
2186 5306 2379 5377 Aprili,
2411 5307 2503 5379 qui
2545 5312 2630 5363 est
2648 5307 2794 5379 apud
2827 5324 2927 5365 nos
2956 5308 3266 5373 Januarius,
3303 5325 3402 5381 pro
3454 5326 3521 5367 eo
3542 5315 3706 5383 quod

2084 5397 2336 5453 Ezechiel
2354 5399 2626 5470 propheta
2650 5407 2705 5456 et
2724 5400 2814 5455 alii
2843 5400 3043 5473 captivi
3073 5402 3128 5455 in
3159 5402 3460 5474 Babylone,
3483 5418 3715 5478 cogno-

2080 5506 2299 5553 scentes
2326 5497 2429 5554 hoc
2488 5514 2679 5554 mense
2722 5499 2987 5572 templum
3018 5500 3239 5556 Domini
3268 5499 3442 5557 fuisse
3472 5502 3715 5558 destru-

2080 5599 2250 5658 ctum,
2280 5588 2532 5646 fecerunt
2560 5589 2862 5661 planctum,
2901 5597 2959 5645 et
2983 5591 3306 5648 indixerunt
3327 5592 3628 5662 jejunium.
3680 5620 3711 5642 ι.

2079 5684 2206 5740 Haec
2237 5683 2628 5754 Hieronymus:
2652 5683 2730 5739 Ne
2756 5699 2886 5757 ergo
2914 5699 3010 5741 vos
3033 5685 3292 5743 molestet
3319 5685 3508 5743 videre
3532 5700 3710 5759 quam
