3930 6052
233 227 341 284 817

1319 239 1524 296 EPIST.
1565 242 1650 296 DE
1689 240 1998 307 QUATUOR
2038 244 2474 302 TEMPORIBUS.

3461 255 3566 311 818

229 370 422 426 parum
453 364 648 415 vestras
671 364 957 420 sententiae
985 364 1150 424 lectio
1182 373 1502 443 prophetica
1524 377 1835 444 conveniat,
1863 375 1916 444 Α
1943 389 2064 442 pus,
2101 374 2365 443 hiemem,
2397 391 2545 432 nono
2575 377 2846 433 Kalendas
2873 377 3214 445 Decembris,
3243 395 3342 436 ver
3370 388 3565 440 octavo

229 462 354 519 quas
392 465 515 506 cum
553 467 660 510 nec
685 455 754 510 de
807 458 1002 518 ordine
1049 463 1346 534 mensium,
1406 486 1508 526 nec
1547 472 1615 528 de
1673 489 1840 529 causa

221 542 562 614 jejuniorum
596 562 694 617 pro
711 551 871 606 vobis
898 561 1044 626 agat,
1085 555 1153 610 ad
1182 555 1286 613 hoc
1315 565 1522 615 tantum
1549 562 1638 617 hic
1668 563 1836 630 valet,

227 643 287 690 ut
312 637 566 708 exemplo
603 639 918 701 Iudaeorum
962 647 1030 702 ad
1071 647 1402 707 celebranda
1441 660 1678 724 quatuor
1705 657 1836 712 anni

221 723 434 796 jejunia
465 743 566 784 nos
595 729 806 788 incitet.

299 815 529 874 Dicitis:
563 840 593 872 α
623 821 904 891 Jejunium
932 827 1082 898 quod
1113 844 1144 884 a
1167 837 1362 902 quarta
1393 831 1528 890 feria
1556 834 1837 906 incipitur,

228 919 286 964 et
313 909 554 970 Sabbato
580 913 788 981 finitur,
814 933 1161 993 nequaquam
1195 923 1514 995 Februario,
1547 931 1644 984 sed
1667 937 1839 988 totum

226 1008 420 1067 Martio
477 1011 808 1084 deputatur:
865 1033 932 1074 ea
987 1019 1247 1078 videlicet
1285 1024 1519 1094 ratione,
1577 1035 1638 1084 ut
1675 1030 1728 1084 in
1773 1046 1839 1086 eo

226 1115 419 1157 mense
478 1103 715 1174 primum
775 1107 1050 1178 jejunium
1118 1119 1367 1170 nostrum
1420 1117 1652 1175 Domino
1706 1135 1839 1177 con-

224 1201 492 1262 secretur,
542 1195 601 1250 in
639 1212 752 1268 quo
797 1201 1130 1275 principium
1189 1207 1320 1262 anni
1367 1225 1431 1265 ac
1461 1210 1580 1281 ipsa
1631 1212 1839 1268 creatio

227 1287 395 1356 capit
427 1289 636 1346 mundi.
670 1311 701 1342 ι)

298 1375 446 1432 llanc
473 1385 706 1435 vestram
733 1385 1064 1440 sententiam
1089 1403 1200 1443 non
1231 1396 1486 1459 proterve
1513 1390 1836 1459 refellimus,

222 1464 434 1538 quippe
464 1469 558 1540 qui
589 1471 892 1540 paratiores
929 1489 1121 1531 sumus
1152 1477 1365 1534 discere
1395 1496 1558 1552 quam
1601 1481 1834 1548 docere;

220 1555 321 1610 sed
354 1561 438 1611 est
465 1558 602 1614 ratio
632 1576 754 1630 quae
783 1577 886 1618 nos
937 1563 1280 1632 dehortatur,
1323 1584 1393 1623 ne
1425 1569 1585 1625 vobis
1615 1571 1669 1624 in
1730 1571 1836 1628 hoc

218 1645 606 1713 assentiamus,
637 1649 704 1703 de
731 1666 839 1721 qua
861 1651 1114 1720 judicare
1140 1655 1366 1711 habebit
1395 1657 1609 1713 sincera
1636 1667 1832 1714 vestrae

219 1732 535 1791 dilectionis
551 1741 842 1794 sententia.
877 1740 1111 1799 Calixtus
1138 1761 1300 1816 papa,
1328 1762 1358 1800 a
1389 1746 1549 1803 Petro
1575 1748 1831 1818 apostolo

219 1826 356 1882 XVII
399 1828 642 1886 decrevit
679 1829 796 1887 fieri
855 1841 935 1889 ter
999 1835 1054 1891 in
1095 1853 1241 1894 anno
1291 1839 1565 1910 jejunium
1619 1840 1676 1894 in
1742 1841 1834 1896 die

217 1919 443 1976 Sabbati
482 1937 579 1992 pro
611 1923 906 1993 frumento,
945 1928 1074 1986 vino
1104 1935 1157 1984 et
1185 1931 1329 1986 oleo.
1363 1931 1480 1997 Quo
1519 1932 1743 1989 decreto
1775 1933 1832 1988 in

214 2011 414 2067 melius
443 2020 671 2082 mutato,
703 2016 948 2074 decrevit
977 2017 1094 2075 ﬁeri
1119 2021 1432 2077 triduanum
1467 2038 1566 2094 per
1593 2029 1832 2095 quatuor

215 2107 348 2162 anni
417 2115 666 2182 tempora
712 2113 1008 2185 jejunium,
1087 2116 1161 2172 ita
1215 2118 1465 2174 scribens
1530 2120 1826 2176 Benedicto

215 2195 516 2270 episcopo:
562 2220 587 2252 α
627 2201 908 2272 Jejunium
961 2206 1110 2278 quod
1148 2213 1234 2262 ter
1261 2207 1318 2262 in
1359 2224 1504 2264 anno
1559 2209 1828 2266 celebrari

212 2291 362 2362 apud
383 2307 485 2350 nos
518 2295 786 2361 didicisti,
819 2304 880 2354 ut
901 2300 1043 2357 sicut
1074 2302 1354 2373 replemur
1379 2302 1676 2371 frumento,
1697 2305 1826 2361 vino

211 2387 266 2434 et
291 2381 417 2438 oleo
455 2383 523 2438 ad
551 2385 749 2442 alenda
779 2402 1032 2458 corpora,
1071 2390 1150 2446 sic
1171 2391 1484 2462 repleamur
1502 2393 1738 2462 jejunio,
1757 2394 1825 2449 ad

209 2471 439 2530 alendas
468 2477 714 2546 animas;
773 2497 922 2538 nunc
992 2483 1411 2539 convenientius
1463 2502 1561 2555 per
1590 2494 1824 2556 quatuor

207 2567 341 2622 anni
372 2576 621 2642 tempora
669 2572 786 2630 ﬁeri
825 2576 1197 2644 decernimus,
1227 2585 1288 2634 ut
1325 2579 1470 2635 sicut
1515 2597 1694 2636 annus
1723 2597 1822 2652 per

206 2668 448 2732 quatuor
502 2665 738 2721 volvitur
775 2676 1045 2740 tempora,
1094 2671 1176 2726 sic
1223 2679 1279 2726 et
1319 2687 1422 2728 nos
1487 2680 1816 2746 quaternum

200 2751 452 2808 solemne
499 2772 724 2831 agamus
755 2758 1027 2828 jejunium
1081 2777 1181 2832 per
1232 2769 1468 2834 quatuor
1504 2764 1634 2818 anni
1677 2773 1818 2821 tem-

204 2856 360 2912 pora,
383 2849 440 2898 ut
473 2843 614 2899 inter
631 2853 830 2902 caetera
857 2865 923 2904 ex
947 2849 1130 2906 verbis
1161 2851 1398 2919 Domini,
1429 2853 1506 2908 ait
1537 2854 1826 2912 Zacharias

204 2931 504 3002 propheta:
545 2935 825 3004 Jejum'um
876 2942 1067 3008 quarti
1111 2944 1160 2996 et
1205 2941 1479 3012 jejunium
1531 2945 1714 3014 quinti
1769 2951 1820 3001 et

191 3023 468 3093 jejunium
501 3031 720 3099 septimi
781 3034 830 3086 et
857 3032 1130 3102 jejunium
1175 3035 1368 3090 decimi
1425 3041 1582 3092 erunt
1636 3038 1822 3094 domui

195 3113 349 3168 Juda
375 3117 432 3170 in
459 3119 719 3186 gaudium
755 3126 807 3176 ct
835 3123 1079 3180 laetitiam
1111 3130 1162 3180 et
1189 3128 1247 3180 in
1273 3127 1636 3184 solemnitates
1666 3145 1814 3199 prce-

199 3205 396 3262 claras.
466 3211 754 3268 Veritatem
803 3219 1012 3271 tantum
1064 3220 1114 3270 et
1171 3233 1358 3287 pacem
1416 3219 1634 3287 diligite
1687 3223 1817 3277 dicit

199 3295 479 3353 Dominus.
512 3294 586 3354 'ln
618 3301 722 3356 hoc
765 3319 896 3375 ergo
929 3320 1031 3360 nos
1084 3308 1378 3362 unanimes
1423 3317 1640 3380 oportet
1671 3327 1816 3380 esse,

203 3389 573 3445 utsecundum
591 3391 948 3461 apostolicam
969 3394 1299 3464 doctrinam,
1317 3398 1559 3470 idipsum
1574 3400 1820 3456 dicamus

197 3491 416 3544 omnes,
447 3487 505 3534 et
530 3481 784 3536 nonsint
815 3481 868 3536 in
891 3483 1051 3539 nobis
1079 3485 1396 3555 schismata,
1431 3489 1606 3545 simus
1631 3499 1816 3546 autem

197 3565 427 3636 perfecti
455 3568 511 3622 in
534 3569 731 3624 eodem
758 3587 922 3627 sensu
953 3573 1084 3628 etin
1117 3576 1310 3632 eadem
1343 3579 1601 3635 scientia.
1643 3600 1674 3629 ι)

275 3657 402 3714 Haec
440 3659 679 3718 Calixtus
710 3680 852 3736 papa
907 3682 1175 3743 praesago,
1209 3670 1399 3740 credo,
1441 3673 1638 3743 spiritu
1671 3693 1816 3746 prae-

199 3754 396 3810 videns
417 3755 796 3816 dissensiones
824 3761 1081 3818 Ecclesiae
1108 3763 1316 3822 futuras
1350 3784 1450 3839 pro
1479 3769 1583 3826 hoc
1601 3771 1819 3842 jejunio

195 3859 227 3898 a
275 3859 334 3898 se
377 3844 645 3903 instituto.
704 3848 775 3903 Ex
817 3850 902 3906 his
940 3851 1128 3908 Calixti
1168 3855 1349 3912 verbis
1399 3863 1584 3928 patres
1640 3860 1812 3915 nostri

199 3932 431 3989 instituti
459 3942 588 3990 sunt
613 3944 667 3992 et
695 3953 800 3994 nos
827 3939 1202 4011 instituerunt,
1235 3951 1294 4000 ut
1321 3953 1457 4018 quot
1481 3964 1658 4003 annus
1676 3955 1816 4005 tem-

195 4036 350 4096 pora.
391 4032 471 4082 tot
495 4027 694 4086 habeat
733 4038 788 4087 et
821 4032 1065 4103 jejunia;
1098 4042 1154 4091 et
1183 4046 1316 4109 quot
1349 4055 1572 4096 menses
1611 4058 1815 4096 unum-

191 4115 455 4189 quodque
486 4125 702 4192 tempus
721 4121 907 4190 habet,
941 4130 1020 4180 tot
1057 4125 1394 4196 jejuniorum
1427 4129 1547 4185 dies
1576 4131 1812 4199 habeat;

194 4213 252 4260 et
291 4205 418 4260 dum
461 4209 696 4284 singulis
737 4220 974 4284 quatuor
1026 4221 1334 4287 temporum
1371 4219 1604 4288 jejuniis
1669 4220 1812 4276 terni

193 4296 532 4367 deputantur
577 4300 722 4367 dies,
779 4310 973 4374 quarta
1037 4312 1093 4359 et
1157 4313 1308 4362 sexta
1367 4308 1505 4364 feria
1557 4317 1611 4365 et
1669 4311 1811 4366 Sab-

1940 461 2212 518 Kalendas
2269 465 2478 531 Martii;
2537 472 2778 522 aestatem
2839 483 2985 523 nono
3039 468 3310 524 Kalendas
3375 471 3561 540 Junii;

1937 567 2258 614 autumnum
2332 561 2548 618 decimo
2611 561 2880 617 Kalendas
2946 563 3288 634 Septembris
3354 566 3561 622 habere

1939 657 2188 706 exortum
2247 651 2404 708 dicit.
2447 653 2616 708 Graeci
2675 660 2858 708 autem
2904 661 2960 708 et
3018 654 3272 723 Romani,
3327 674 3560 730 quorum

1939 742 2123 812 potius
2169 743 2222 796 in
2271 744 2377 799 hoc
2415 744 2718 800 auctoritas
2747 745 3032 816 sequenda
3073 753 3173 812 est,
3220 748 3454 804 hiemem
3488 767 3560 806 vu

1942 837 2070 892 ldus
2099 836 2440 907 Novembris,
2472 857 2570 896 ver
2596 858 2669 896 vn
2711 841 2841 896 ldus
2875 841 3180 909 Februarii,
3214 849 3458 900 aestatem
3489 863 3560 902 vu

1943 929 2070 984 ldus
2107 929 2252 996 Maii,
2310 940 2635 987 autumnum
2696 950 2766 986 vu
2831 932 2960 987 Idus
3015 933 3244 1006 Augusti
3299 935 3560 994 inchoare

1942 1017 2282 1084 decernunt;
2308 1020 2510 1076 hiemis
2524 1019 2784 1076 videlicet
2808 1021 3079 1076 etaesratis
3101 1021 3256 1076 initia
3275 1023 3561 1095 signantes

1941 1113 2234 1181 matutino,
2266 1115 2351 1168 vel
2395 1116 2714 1186 vespertino
2753 1121 2898 1182 ortu,
2942 1116 3029 1171 vel
3071 1132 3272 1174 occasu
3302 1119 3562 1191 Vergilia-

1943 1220 2084 1272 rum,
2117 1223 2240 1276 quae
2271 1208 2434 1261 etiam
2469 1207 2722 1263 Pleiades
2776 1217 3076 1276 vocantur;
3127 1210 3258 1265 item
3300 1213 3445 1267 veris
3504 1220 3560 1269 et

1941 1297 2186 1353 autumni
2229 1306 2503 1369 ponentes
2553 1299 2884 1374 ingressum,
2929 1317 3050 1356 cum
3083 1303 3339 1378 Vergiliae
3371 1305 3557 1362 medio

1940 1389 2054 1444 lere
2085 1390 2177 1444 die
2221 1391 2307 1445 vel
2340 1399 2502 1446 nocte
2533 1391 2788 1446 oriuntur
2817 1398 2911 1447 aut
2943 1393 3224 1450 occidunt.
3269 1418 3298 1460 ρ
3358 1395 3441 1461 Et,
3496 1404 3559 1453 ut

1941 1479 2196 1534 ostendat
2243 1479 2388 1536 Beda
2433 1497 2557 1552 quae
2599 1497 2661 1535 ex
2720 1481 2935 1537 ratione
2979 1480 3148 1537 Graeci
3198 1483 3283 1538 vel
3325 1482 3556 1540 Romani

1939 1576 2245 1640 temporum
2281 1569 2437 1624 initia
2461 1570 2535 1626 ita
2559 1567 2869 1643 praeﬁgant,
2903 1559 3148 1626 adnectit
3174 1571 3343 1626 verba
3381 1576 3557 1630 sancti

1936 1664 1992 1713 et
2013 1657 2182 1722 docti,
2214 1664 2267 1713 et
2299 1657 2509 1730 antiqui
2535 1657 2639 1713 viri
2673 1659 2928 1726 Anatolii,
2966 1660 3235 1716 Laodicia;
3280 1662 3553 1736 episcOpi,

1935 1748 2005 1802 de
2043 1747 2390 1819 mquinoctiis
2439 1755 2492 1802 et
2520 1748 2772 1804 solstitiis
2812 1751 2887 1804 ita
2931 1751 3299 1822 disputantis:
3345 1773 3370 1804 α
3422 1755 3551 1821 Hoc,

1934 1839 2134 1911 inquit,
2167 1855 2278 1895 non
2321 1841 2565 1914 ignores,
2599 1847 2734 1912 quot
2773 1841 2892 1914 ipsa
2943 1848 3254 1914 temporum
3289 1844 3550 1914 confinia,

1934 1927 2042 1984 duo
2071 1929 2281 1984 scilicet
2311 1929 2664 2014 aequinoctia.
2699 1939 2754 1985 et
2785 1931 2894 1986 duo
2935 1932 3191 2000 solstitia,
3234 1933 3363 1990 licet
3393 1951 3552 1991 men-

1931 2016 2073 2072 sium
2115 2017 2470 2090 sequerrﬁum
2522 2018 2781 2074 Kalendis
2835 2020 3309 2091 approximantur,
3357 2039 3552 2080 unum-

1931 2106 2210 2178 quodque!
2240 2122 2430 2161 eorum
2486 2106 2730 2162 medium
2784 2109 3051 2179 temporis
3081 2117 3286 2178 teneat,
3333 2119 3389 2168 ct
3437 2129 3548 2170 non

1927 2195 2127 2250 exinde
2159 2195 2432 2266 principia
2465 2201 2786 2267 temporum
2814 2197 3160 2266 inchoantur,
3201 2201 3351 2255 unde
3381 2219 3544 2258 men-

1927 2283 2072 2337 sium
2106 2283 2362 2338 Kalendae
2402 2283 2707 2340 initiantur.
2752 2285 2843 2340 Sic
2876 2286 3061 2358 itaque
3101 2291 3546 2362 unumquodque

1931 2384 2146 2446 tempus
2185 2375 2555 2430 inchoandum
2588 2383 2690 2442 est,
2739 2383 2799 2432 ut
2831 2394 2858 2431 a
2903 2379 3078 2448 prima
3106 2379 3196 2435 die
3235 2381 3382 2436 veris
3408 2390 3548 2439 tem-

1929 2477 2033 2532 pus
2061 2463 2272 2520 dividat
2305 2467 2699 2538 aequinoctium
2729 2485 2825 2522 vru
2861 2469 2973 2524 Kal.
3009 2471 3209 2542 Aprilis
3237 2479 3292 2528 et
3319 2475 3544 2545 aestatis,

1923 2555 2166 2620 medium
2217 2561 2402 2613 teneat
2453 2560 2751 2615 solstitium
2815 2578 2909 2615 vm
2966 2562 3239 2618 Kalendas
3304 2564 3436 2620 Julii
3490 2578 3548 2624 et

1920 2646 2190 2715 autumni,
2247 2655 2303 2703 et
2329 2650 2577 2704 autumni
2611 2650 2854 2706 medium
2904 2657 3091 2708 teneat
3147 2654 3542 2726 aequinoctium

1919 2757 2012 2795 vm
2070 2741 2336 2798 Kalendas
2395 2744 2647 2800 Octobris
2687 2753 2742 2800 et
2783 2746 3005 2814 hiemis,
3065 2749 3313 2804 medium
3355 2760 3544 2808 teneat

1927 2831 2216 2887 solstitium
2302 2850 2394 2888 Vlll
2467 2833 2736 2890 Kalendas
2815 2835 3080 2892 Januarii.
3137 2861 3163 2884 »ι
3223 2837 3540 2895 Secundum

1925 2919 2072 2976 beati
2095 2922 2272 2992 (1098)
2305 2923 2540 2978 Anatolii
2567 2923 2754 2991 verba,
2788 2924 2832 2978 si
2863 2924 2931 2979 ab
2960 2942 3051 2980 vul
3087 2925 3355 2982 Kalendas
3383 2927 3542 3000 Apri-

1922 3011 1990 3067 lis
2021 3014 2441 3069 numeraveritis
2477 3031 2699 3070 sursum
2738 3030 2930 3071 versus
2961 3033 3140 3089 usque
3201 3018 3271 3073 ad
3311 3037 3382 3074 vu
3415 3021 3542 3076 ldus

1921 3105 2228 3172 Februarii,
2262 3106 2492 3162 habebis
2515 3106 2634 3162 dies
2658 3124 2800 3170 XLVI,
2829 3109 2978 3181 quod
3005 3115 3087 3164 est
3109 3110 3355 3166 medium
3384 3112 3538 3168 verni

1921 3196 2207 3266 temporis,
2249 3205 2304 3250 et
2333 3211 2432 3267 per
2469 3198 2612 3252 hanc
2637 3198 2873 3253 Anatolii
2901 3199 3292 3254 auctoritatem
3325 3214 3541 3272 ponunt

1921 3290 2090 3344 Graeci
2122 3298 2177 3345 et
2221 3290 2451 3346 Romani
2495 3291 2712 3346 initium
2770 3293 2920 3348 veris
2955 3310 3026 3347 vu
3090 3293 3216 3348 ldus
3257 3295 3537 3352 Februarii

1919 3386 2124 3441 abhinc
2184 3402 2357 3457 usque
2421 3387 2494 3441 ad
2561 3387 2831 3442 Kalendas
2904 3387 3234 3456 Februarii,
3311 3390 3538 3462 reliquis

1920 3473 2118 3529 diebus
2197 3491 2290 3530 sex
2347 3475 2416 3529 ad
2491 3475 2725 3530 hiemem
2799 3476 3248 3546 pertinentibus,
3309 3485 3362 3534 et
3431 3480 3537 3536 hoc

1919 3572 2220 3626 secundum
2274 3571 2532 3643 antiquos
2581 3570 2674 3642 qui
2746 3571 3027 3642 ponebant
3100 3572 3428 3644 aequinoctia
3481 3583 3538 3632 et

1919 3659 2150 3715 solstitia
2205 3659 2258 3713 in
2301 3676 2394 3713 viu
2455 3659 2746 3714 Kalendas.
2800 3660 2868 3715 At
2910 3675 3011 3716 nos
3067 3661 3398 3732 jejuniorcs,
3439 3665 3533 3736 qui

1919 3749 2226 3804 secundum
2259 3748 2537 3804 decretum
2570 3749 2805 3805 Nicaenae
2824 3751 3044 3822 synodi,
3071 3751 3328 3822 ponimus
3360 3754 3534 3826 aequi-

1919 3842 2102 3898 noctia
2135 3850 2189 3897 et
2227 3842 2462 3898 solstitia
2492 3841 2548 3896 in
2590 3859 2661 3896 xu
2697 3841 2990 3910 Kalendas,
3017 3843 3086 3911 si,
3127 3844 3327 3916 posito,
3355 3846 3532 3918 atqui-

1917 3932 2100 3988 noctio
2155 3939 2210 3986 et
2247 3931 2478 3987 dimidio
2531 3931 2684 3986 verni
2717 3931 2982 4003 temporis
3041 3932 3097 3986 in
3139 3950 3215 3987 xu
3263 3933 3534 3991 Kalendas

1916 4025 2134 4098 Aprilis,
2159 4027 2360 4082 abhinc
2391 4043 2606 4082 sursum
2632 4043 2822 4082 versus
2848 4042 3204 4082 numeremus
3235 4028 3356 4084 dics
3387 4047 3529 4089 XLVl.

1915 4119 2009 4190 qui
2040 4135 2138 4174 ver
2165 4119 2476 4186 dimidiant,
2520 4119 2869 4174 inveniemus
2907 4119 3129 4174 initium
3187 4121 3332 4176 veris
3380 4122 3433 4176 in
3473 4140 3530 4177 ιιι

1914 4209 2096 4264 Nonas
2127 4208 2424 4263 Februarii.
2488 4209 2600 4264 Hoc
2656 4209 2822 4264 modo
2879 4216 3133 4280 quatuor,
3193 4209 3278 4265 vel
3312 4211 3532 4268 duobus

1916 4313 2126 4360 tantum
2156 4305 2357 4360 diebus
2387 4305 2664 4360 Februarii
2707 4306 2775 4360 ad
2832 4306 3068 4360 hiemem
3127 4306 3526 4376 spectantibus,

192 4386 382 4442 batum
413 4389 613 4465 singuli
644 4391 766 4447 dies
807 4409 904 4465 pro
944 4393 1178 4469 singulis
1207 4397 1493 4453 mensibus
1527 4398 1805 4471 deputen-
1837 4387 1888 4455 Ο
1915 4397 2129 4454 obtinet
2155 4414 2252 4452 ver
2284 4404 2454 4452 totum
2485 4397 2860 4451 Februarium.
2895 4397 3210 4452 Secundum
3241 4399 3348 4454 hoc
3375 4399 3530 4454 vide-

189 4488 304 4536 tur:
327 4489 386 4536 ut
416 4481 686 4556 quidquid
719 4485 773 4540 in
806 4494 922 4541 toto
952 4504 1144 4543 mense
1168 4488 1528 4562 deliquimus,
1556 4492 1808 4564 jejunato

197 4588 309 4628 uno
366 4575 573 4630 mensis
615 4576 728 4645 die,
775 4577 867 4633 ﬁat
897 4579 1060 4635 nobis
1112 4581 1349 4647 veniale,
1380 4593 1435 4638 et
1473 4590 1531 4638 ut
1563 4583 1630 4638 ad
1674 4602 1808 4640 usus

192 4672 414 4718 nostros
441 4664 643 4720 bonam
683 4673 738 4722 et
777 4668 1053 4723 salubrem
1109 4671 1254 4726 aeris
1293 4673 1618 4744 temperiem
1665 4675 1808 4730 Deus

189 4752 431 4826 singulis
485 4756 847 4826 temporibus,
882 4758 1168 4815 mensibus
1199 4771 1252 4816 et
1292 4761 1492 4816 diebus
1523 4763 1804 4820 attribuat.

193 4847 334 4914 Quia
351 4865 480 4925 ergo
496 4849 600 4907 hoc
617 4852 860 4917 Quatuor
877 4853 1206 4924 Temporum
1225 4855 1498 4928 jejunium
1519 4857 1810 4932 distinguit

195 4947 313 4996 rata
347 4942 486 4997 ratio
513 4949 846 5015 temporum,
887 4961 918 5000 a
947 4947 1153 5002 sanctis
1181 4955 1234 5002 et
1266 4949 1461 5018 doctis,
1494 4959 1546 5006 ct
1570 4952 1813 5023 antiquis

198 5030 454 5086 Patribus
474 5030 752 5087 intellecta
769 5039 824 5088 ct
843 5033 1128 5105 disposita,
1159 5035 1204 5090 si
1227 5042 1282 5091 ct
1303 5037 1372 5092 de
1399 5039 1586 5094 multis
1615 5056 1810 5111 pauca.

197 5127 254 5175 et
283 5119 354 5174 de
409 5120 625 5176 duobus
653 5121 888 5178 certiora
918 5123 1204 5196 eligamus.
1260 5125 1406 5180 Beda
1446 5127 1503 5182 in
1561 5129 1702 5185 libro
1734 5131 1809 5184 De

196 5213 546 5284 temporibus
601 5213 762 5271 dicit:
833 5240 858 5264 «
933 5216 1093 5271 Initia
1175 5217 1418 5282 Quatuor
1482 5220 1808 5292 Tcmporum

201 5306 405 5362 diversi
435 5306 655 5362 diverse
679 5319 914 5378 ponunt.
942 5309 1202 5376 Isidorus,
1232 5309 1570 5382 Hispalensis
1594 5314 1814 5384 episco-

276 5484 456 5554 (1098)
479 5485 769 5563 Aetatolius
791 5488 1194 5563 Alexandrinus
1219 5491 1492 5544 Laodicea:
1520 5494 1692 5560 Syriae
1707 5497 1822 5563 epi-

206 5572 418 5631 scopus,
451 5557 550 5631 sub
568 5557 736 5631 Probo
759 5563 810 5610 et
837 5561 975 5615 Caro
1003 5562 1421 5629 imperatoribus
1442 5557 1643 5631 ﬂoruit,
1670 5557 1824 5620 mira:

207 5630 468 5684 doctrina:
490 5630 580 5684 uir
614 5629 804 5696 fuitin
833 5632 1197 5699 arithmetica,
1224 5629 1532 5701 geometria,
1578 5642 1819 5692 astrono-

211 5703 343 5766 mia,
365 5703 744 5768 grammatica,
777 5703 1064 5769 rhetoaica,
1097 5705 1397 5772 dialectica,
1433 5709 1586 5776 cujus
1617 5710 1822 5776 ingenii

1912 4497 2062 4542 retur
2095 4487 2421 4542 Februarius
2459 4487 2666 4540 debere
2716 4502 2837 4541 esse
2864 4486 3008 4540 veris
3050 4487 3263 4556 primus
3297 4487 3526 4556 mensis,

1911 4587 1966 4635 et
2005 4581 2060 4634 in
2113 4596 2179 4636 eo
2233 4580 2437 4634 debere
2470 4579 2738 4634 celebrari
2786 4578 3057 4647 jejunium
3117 4579 3278 4650 primi
3314 4587 3527 4652 tempo-

1911 4670 2004 4732 ris,
2069 4679 2123 4724 et
2171 4668 2394 4740 quidem
2443 4669 2609 4739 justo.
2661 4670 2767 4724 Sed
2827 4685 2897 4723 ne
2952 4669 3318 4726 contentiosis
3363 4672 3528 4728 dare-

1911 4766 1999 4812 tur
2052 4773 2182 4812 ansa
2231 4757 2604 4812 calumniandi
2659 4757 2932 4828 jejunium
2995 4757 3156 4829 primi
3224 4759 3523 4828 temporis,

1913 4850 2265 4923 contingeret
2314 4849 2462 4902 enim
2533 4849 2741 4921 aliquot
2806 4849 2925 4904 dies
2989 4849 3166 4904 ultimi
3234 4851 3527 4922 temporis,

1913 4942 2060 5014 quod
2131 4949 2214 4996 cst
2273 4941 2494 5008 hiemis,
2567 4942 2987 4996 convenientius
3060 4943 3116 4996 in
3201 4951 3528 5014 sequentem

1916 5047 2160 5086 mensem
2230 5030 2476 5084 Martium
2547 5029 2796 5086 differtur
2841 5032 2985 5087 veris
3065 5031 3358 5102 jejunium.
3419 5031 3531 5087 Nec

1916 5136 2098 5181 tamen
2154 5125 2280 5178 idco
2345 5132 2514 5180 totum
2595 5124 2786 5180 Martio
2854 5125 3170 5194 deputatur,
3215 5122 3346 5194 quia
3403 5123 3531 5180 licet

1916 5217 2076 5274 trium
2130 5215 2467 5288 jejuniorum
2524 5216 2642 5270 dies
2701 5217 2756 5270 in
2805 5232 2914 5271 una
2970 5215 3315 5270 hcbdomada
3365 5213 3531 5270 unius

1916 5312 2124 5368 mensis
2155 5312 2526 5377 continentur,
2564 5319 2788 5384 prOptcr
2821 5310 3202 5382 mysteriorum
3237 5307 3530 5364 continua-

1920 5499 2342 5566 maguitudinrm
2381 5497 2443 5549 de
2471 5499 2739 5576 columine
2766 5496 2911 5576 quod
2927 5511 3126 5576 super
3150 5493 3532 5576 Pascha-com-

1921 5575 2122 5640 posuit,
2159 5575 2224 5647 ,τι
2246 5585 2322 5647 ea:
2343 5569 2522 5623 decem
2551 5569 2708 5623 libris
2745 5567 3198 5647 deurit-amcam
3233 5568 3534 5647 institutio-

1922 5637 2105 5701 nibus.
2150 5641 2444 5707 intelligere
2479 5655 2784 5709 possumus,
2821 5637 2999 5708 inquit
3022 5637 3400 5708 Hieronymus,
3432 5637 3526 5692 lib.

1925 5714 1997 5767 De.
2025 5713 2212 5783 script.
2245 5711 2440 5766 cccles.
