3930 6052
354 277 462 330 819

1579 271 1922 328 SlGEBERTl
1973 271 2483 330 GEMBLACENSIS.

3593 265 3724 323 820

357 403 586 466 tionem,
607 400 813 472 singuli
837 410 1018 454 tamen
1030 399 1372 470 jejuniorum
1389 398 1509 454 dies
1523 398 1756 474 singulis
1769 397 1980 453 mensi-
2002 403 2056 470 Α
2077 399 2457 455 auctoritatem
2486 399 2818 461 invenimus,
2852 395 3001 468 quod
3025 391 3243 449 initium
3269 392 3416 448 veris
3444 399 3498 448 et
3518 391 3717 447 Martii

357 493 459 545 bus
474 489 813 560 deputantur
829 505 879 541 ιν
903 487 1039 542 feria
1062 487 1380 555 Februario,
1395 503 1446 542 v1
1463 487 1674 552 Martio,
1694 504 1768 541 vn
1784 485 1954 557 Aprili

357 581 586 647 Quando
629 595 762 652 ergo
811 580 1038 635 Martius
1078 579 1349 646 initiatur,
1401 598 1454 647 v,
1489 597 1561 646 vi,
1601 580 1685 633 vel
1728 597 1801 634 vu
1842 579 1981 634 feria

357 689 480 745 qum
509 671 958 727 inconvenientia
991 679 1073 726 est
1106 671 1413 743 przevenire
1445 672 1660 726 initium
1689 670 1861 726 Martii
1889 671 1978 738 je-

351 765 604 835 junando
647 764 701 818 in
734 765 1176 834 antepenultimo
1208 770 1262 817 et
1312 764 1507 819 ultimo
1548 763 1637 816 die
1672 761 1977 829 Februarii,

357 856 453 928 qui
513 855 634 910 dies
692 855 796 909 etsi
845 871 953 909 non
1004 863 1133 909 sunt
1199 855 1395 921 Martii,
1459 863 1586 908 sunt
1645 862 1828 907 tamen
1886 867 1980 906 ve-

360 945 453 1012 ris,
503 944 660 1012 cujus
726 953 808 998 est
880 944 983 998 hoc
1044 953 1216 1000 totum
1287 943 1559 1012 jejunium
1632 957 1731 1012 per
1800 947 1980 1010 partes

359 1037 608 1107 ejusdem
666 1051 764 1106 per
801 1050 1022 1090 menses
1076 1035 1479 1091 distributum?
1509 1033 1668 1098 Quid,
1730 1033 1977 1104 inquam,

360 1126 988 1198 disconvenitjejunare
1031 1133 1279 1198 quartam
1341 1126 1395 1180 in
1446 1125 1744 1180 Februario
1773 1124 1988 1178 feriam.

363 1221 670 1292 praesertim
698 1235 822 1274 cum
858 1220 976 1290 ipsa
1011 1220 1296 1290 jejunetur
1324 1235 1422 1290 pro
1457 1217 1806 1288 impetranda
1842 1216 1987 1271 bona

361 1320 416 1368 et
440 1310 644 1366 salubri
666 1310 933 1380 temperie
963 1309 1286 1364 Februarii?
1307 1308 1448 1374 Quid
1471 1307 1820 1362 disconvenit
1839 1306 1980 1360 Mar-

363 1405 462 1472 tio,
493 1402 641 1475 quod
679 1408 832 1456 sexta
871 1401 926 1456 in
956 1401 1252 1456 Februario
1301 1401 1437 1456 feria
1492 1415 1591 1470 pro
1627 1400 1748 1470 ipso
1783 1399 1981 1454 Martio

359 1495 641 1566 jejunetur
664 1492 692 1546 ?
721 1493 838 1546 Non
869 1492 1386 1564 merebiturAprilis
1403 1493 1607 1546 bonam
1640 1490 1980 1561 etsalubrem

364 1582 508 1636 aeris
565 1582 916 1650 temperiem,
958 1581 1107 1650 quod
1142 1580 1418 1648 jejunium
1462 1578 1677 1634 sabbati
1706 1578 1810 1632 sibi
1842 1594 1984 1648 prie-

363 1679 667 1742 occupetur
696 1669 753 1724 in
779 1668 1012 1725 Martio?
1041 1669 1143 1724 Per
1170 1670 1274 1725 hoc
1312 1677 1491 1725 ratum
1514 1686 1635 1724 esse
1666 1669 1814 1732 dico,
1837 1669 1980 1740 quod

365 1767 475 1822 dixi
508 1773 755 1838 quartam
799 1771 854 1819 et
891 1771 1098 1819 sextam
1129 1763 1321 1819 feriam
1355 1780 1476 1820 esse
1522 1763 1901 1819 obsecutrices
1931 1773 1985 1818 et

366 1855 630 1929 quasdam
659 1853 1094 1926 praeparationes
1133 1854 1200 1907 ad
1236 1854 1413 1924 ipsum
1456 1853 1744 1908 sabbatum
1787 1851 1986 1921 Martii,

368 1957 422 2006 et
453 1965 548 2004 eas
575 1947 822 2017 ejusdem
857 1962 978 2002 esse
1010 1947 1348 2001 conditionis
1377 1947 1535 2017 cujus
1553 1955 1636 2002 est
1663 1948 1984 2012 Sabbatum,

367 2045 454 2102 cui
485 2043 727 2100 ofﬁcium
768 2041 885 2097 sive
923 2041 1204 2097 servitium
1238 2041 1503 2097 exhibent
1543 2043 1984 2114 praeparationis,

368 2134 624 2190 nimirum
646 2131 859 2201 jejunio
892 2129 1068 2186 tertiae
1101 2137 1156 2185 et
1195 2137 1362 2185 sextae
1385 2131 1536 2185 ferite
1577 2147 1637 2186 se
1667 2147 1988 2203 praeparan-

370 2226 516 2280 tibus
545 2223 677 2287 illis,
703 2223 794 2294 qui
826 2222 916 2277 vel
944 2221 1276 2293 suscipiunt,
1304 2223 1389 2276 vel
1412 2221 1700 2278 celebrant
1729 2223 1990 2294 mysteria

369 2318 438 2373 ad
468 2314 682 2373 sabbati
715 2314 860 2370 diem
919 2314 1276 2384 pertinentia,
1309 2330 1414 2369 nec
1443 2329 1562 2370 esse
1593 2331 1753 2385 Opus,
1801 2324 1860 2370 ut
1919 2315 1988 2370 ad

371 2407 448 2474 id,
489 2405 577 2461 vel
631 2403 962 2460 Februarius
1017 2417 1248 2458 numero
1293 2402 1509 2457 dierum
1566 2403 1846 2470 dilatetur,
1904 2404 1989 2458 vel

372 2496 596 2551 Martius
627 2493 1001 2558 abbrevictur,
1043 2491 1494 2563 quandoquidem
1521 2491 1670 2546 feriae
1710 2491 1989 2547 Februarii

374 2587 428 2632 et
456 2578 635 2632 Martii
666 2595 765 2649 per
796 2578 899 2632 hoc
923 2577 1087 2631 unius
1108 2586 1235 2633 sunt
1264 2579 1620 2647 conditionis,
1655 2580 1804 2652 quod
1826 2582 1993 2636 unius

373 2675 501 2722 sunt
523 2669 812 2740 temporis.
839 2669 893 2722 Si
919 2669 1044 2741 quis
1065 2685 1177 2724 non
1199 2671 1396 2741 recipit
1421 2671 1561 2726 hanc
1581 2672 1992 2728 distinctionem

368 2759 708 2830 jejuniorum
742 2777 840 2832 per
890 2761 1305 2816 distinctionem
1349 2763 1646 2827 mensium,
1697 2765 1887 2820 saltem
1939 2764 1993 2818 in

373 2867 665 2907 commune
723 2852 958 2922 accipiet
1007 2859 1178 2907 totum
1237 2869 1334 2924 pro
1386 2861 1635 2924 tempore
1686 2856 1984 2925 jejunium.

374 2943 482 2998 Sed
505 2943 635 3014 quia
659 2944 764 2999 hoc
792 2945 940 3014 quod
971 2951 1054 2997 est
1075 2944 1311 2999 divisum
1337 2946 1388 2998 in
1415 2946 1622 3012 multis,
1646 2961 1755 3001 non
1779 2954 1862 3001 est
1893 2947 1993 3001 ali-

2082 487 2202 558 ipso
2241 487 2606 542 Kalendarum
2633 485 2727 540 die
2759 484 2925 540 simul
2947 488 3299 538 concurrant.
3344 481 3401 534 ln
3435 478 3717 536 Kalendis
3763 487 3770 490 '

2081 579 2255 632 Martii
2310 577 2525 633 initium
2556 577 2704 632 veris
2734 574 3073 647 ponentibus
3100 577 3372 647 repugnat
3401 571 3720 627 auctoritas

2079 670 2314 724 Anatolii
2337 679 2392 724 et
2430 669 2663 724 aliorum
2693 668 2939 722 Patrum:
2972 671 3242 739 repugnat
3282 663 3446 718 etiam
3491 663 3711 718 ccelum

2081 766 2134 813 et
2162 758 2552 823 terra;cuelum
2577 756 2834 828 quoniam
2861 753 3178 826 philosolihi
3201 753 3716 823 deprehenderunt

2082 846 2240 900 initia
2297 854 2604 917 temporum
2664 861 2761 914 per
2804 852 2956 898 ortus
3002 849 3056 897 et
3111 857 3339 897 occasus
3385 841 3713 904 stellarum,

2085 955 2222 1010 quas
2275 940 2416 993 Deus
2448 937 2574 993 fecit
2604 937 2658 991 in
2705 936 2862 1010 signa
2893 942 2948 989 et
2994 934 3051 988 in
3082 942 3353 1004 tempora,
3382 932 3437 986 in
3476 947 3714 987 menses

2085 1039 2141 1086 et
2168 1033 2224 1084 in
2267 1045 2443 1084 annos
2477 1036 2657 1084 :terra
2691 1042 2848 1094 vero,
2881 1027 2987 1081 nisi
3019 1025 3202 1097 aliqua
3234 1023 3585 1095 inaequalitas
3611 1039 3720 1077 ae-

2095 1126 2168 1180 ris
2196 1124 2543 1191 interturbet,
2567 1131 2747 1178 ortum
2770 1121 2916 1177 veris
2943 1120 2998 1175 in
3031 1135 3153 1176 rore
3179 1119 3439 1174 arborum
3463 1118 3550 1173 vel
3580 1118 3722 1172 her-

2090 1220 2276 1274 barum
2310 1219 2472 1293 longe
2511 1225 2638 1273 ante
2667 1217 2884 1272 initium
2912 1215 3085 1271 Martii
3118 1213 3381 1270 ostendit.

2159 1312 2366 1385 Regula
2404 1309 2663 1372 Anatolii,
2719 1309 2813 1379 qui
2864 1313 3030 1382 negat
3083 1305 3237 1360 initia
3285 1311 3593 1376 temporum
3653 1301 3718 1357 in

2085 1401 2342 1456 Kalendis
2368 1399 2662 1463 mensium,
2695 1405 2750 1452 et
2779 1396 2874 1452 ubi
2916 1395 3119 1450 initiari
3159 1391 3492 1449 debeantita
3520 1391 3719 1446 verbis

2084 1493 2348 1558 ostendit,
2382 1499 2441 1547 ut
2497 1491 2662 1545 etiam
2708 1488 2886 1544 oculis
2941 1488 3116 1558 possit
3162 1485 3400 1542 ostendi.
3443 1483 3722 1540 Ostendat

2085 1587 2264 1641 adhuc
2286 1601 2381 1655 per
2419 1583 2633 1638 initium
2664 1581 2872 1637 aestatis
2901 1579 2995 1634 ubi
3027 1579 3227 1635 debeat
3255 1576 3520 1634 celebrari
3545 1576 3715 1647 jeju-

2087 1679 2240 1734 nium
2269 1677 2492 1732 aestatis.
2525 1675 2709 1731 Posito
2739 1673 2980 1729 solstitio
3010 1670 3240 1726 aestivali
3270 1678 3326 1724 et
3349 1669 3556 1724 aestatis
3582 1682 3720 1722 me-

2087 1775 2178 1830 dio
2205 1772 2510 1828 secundum
2529 1769 2787 1841 antiquos
2817 1770 2874 1824 in
2902 1784 3001 1823 vin
3034 1765 3313 1822 Kalendas
3342 1763 3496 1829 Julii,
3525 1762 3571 1816 si
3602 1778 3723 1816 nu-

2089 1879 2270 1918 meres
2323 1876 2541 1915 sursum
2599 1874 2798 1913 versus
2850 1873 2974 1912 XLVI
3015 1855 3158 1924 dies,
3204 1853 3454 1909 invenies
3493 1850 3725 1906 initium

2088 1953 2292 2009 aestatis
2330 1952 2386 2006 in
2427 1968 2480 2005 v1
2513 1950 2641 2004 ldus
2699 1949 2842 2012 Maii,
2875 1955 2929 2002 et
2958 1947 3164 2002 abhinc
3193 1960 3370 2017 usque
3396 1944 3466 1998 ad
3511 1941 3728 1998 Kalen-

2087 2041 2185 2095 das
2213 2038 2336 2092 Maii
2392 2044 2516 2092 octo
2546 2043 2758 2091 tantum
2792 2036 2996 2091 diebus
3042 2034 3111 2090 ad
3152 2041 3372 2105 tempus
3409 2029 3555 2086 veris
3581 2046 3727 2102 spe-

2087 2131 2378 2194 ctantibus,
2415 2138 2562 2186 totus
2590 2145 2734 2201 pene
2784 2130 2960 2186 Maius
2991 2127 3352 2200 deputabitur
3380 2125 3572 2182 testati.
3602 2125 3726 2181 Nec

2089 2223 2290 2277 desunt
2341 2220 2510 2292 aliqui
2560 2219 2959 2275 modernorum
3019 2224 3234 2290 quanto
3261 2214 3520 2286 juniores
3561 2221 3726 2270 tanto

2091 2314 2544 2388 perspicaciores,
2568 2313 2660 2384 qui
2694 2327 2986 2368 ascensum
3021 2311 3108 2368 vel
3139 2310 3468 2365 descensum
3500 2306 3638 2362 solis
3661 2306 3723 2361 in

2089 2406 2337 2463 solstitiis
2394 2405 2573 2461 oculis
2628 2411 2684 2459 et
2762 2402 2953 2476 digitis
3019 2408 3298 2467 notantes,
3368 2397 3728 2456 contendunt

2093 2496 2424 2570 aequinoctia
2444 2503 2498 2552 et
2519 2495 2752 2551 solstitia
2778 2495 2985 2550 rectius
3007 2509 3129 2550 esse
3150 2491 3408 2565 ponenda
3438 2491 3492 2546 in
3521 2489 3727 2563 quinto

2095 2591 2312 2646 decimo
2373 2589 2667 2644 Kalendas.
2706 2588 2861 2654 Quod
2909 2588 2954 2643 si
3013 2586 3182 2642 fuerit
3236 2583 3550 2657 probatum,
3591 2582 3727 2654 quis

2096 2683 2441 2739 contradicet
2496 2681 2740 2748 veritati,
2795 2679 2932 2751 quin
2988 2685 3163 2735 totum
3203 2676 3562 2733 Februarium
3613 2674 3727 2729 sibi

2096 2772 2358 2827 vindicet.
2402 2773 2530 2827 Cum
2569 2788 2701 2845 ergo
2736 2789 2835 2844 per
2863 2772 2967 2827 hoc
2988 2770 3265 2842 jejunium
3293 2768 3440 2823 veris
3463 2767 3585 2821 dies
3613 2765 3726 2820 Fe-

2091 2861 2321 2928 bruarii,
2357 2863 2422 2916 ad
2447 2862 2719 2934 jejunium
2776 2861 2982 2916 aestatis
3022 2860 3144 2915 dies
3172 2859 3296 2914 Maii
3327 2858 3560 2913 licenter
3611 2855 3721 2909 ad-

2091 2950 2232 3004 mitti
2265 2950 2483 3016 debeat,
2513 2950 2737 3022 quando
2767 2949 2960 3004 Junius
2999 2949 3247 3002 initiatur
3304 2946 3358 3000 in
3403 2945 3592 3016 quinta
3620 2944 3718 2998 vel

374 3031 531 3098 cujus
554 3037 761 3098 totum;
801 3038 854 3085 et
883 3031 1031 3102 quod
1086 3038 1169 3085 est
1198 3048 1489 3086 commune
1521 3035 1728 3097 multis,
1771 3051 1883 3090 non
1907 3044 1986 3090 est

2095 3053 2244 3101 sexta
2281 3045 2440 3111 feria,
2499 3059 2620 3114 quae
2669 3041 3114 3098 inconvenientia
3157 3046 3306 3096 vetat
3358 3039 3412 3094 in
3461 3038 3717 3094 secundo

432 3091 458 3128 ..
526 3119 535 3129 .
751 3091 758 3098 .
903 3091 916 3102 .
1719 3091 1727 3097 .
2054 3091 2244 3109 μνη.
2283 3091 2440 3111 mm,
2542 3091 2617 3097 --μ
2671 3091 3113 3098 -------.-----------
3171 3091 3301 3096 .--η
3648 3091 3708 3094 κ-

373 3118 611 3189 allc"Just
651 3120 958 3191 Proprium:
1003 3136 1114 3175 ηοη
1164 3122 1268 3177 erit
1318 3122 1594 3190 Jejunium
1627 3126 1771 3179 veris
1819 3133 1991 3182 ῑοῐυῐη
2021 3091 2213 3208 Lejus
2244 3135 2482 3190 Sabbato
2501 3091 2593 3190 vel
2635 3135 2881 3189 secunda
2912 3131 3260 3187 hebdomada
3311 3128 3578 3185 celebrari
3619 3145 3721 3183 se-

370 3208 570 3309 martii,
611 3211 759 3281 quod
789 3211 963 3266 tribus
995 3227 1154 3283 aequo
1185 3213 1488 3284 deputatur
1535 3215 1822 3271 mensibus
1874 3218 1986 3272 Non

2094 3232 2336 3288 cundum
2365 3229 2664 3300 jejunium,
2691 3229 2839 3300 quod
2867 3234 3041 3283 totum
3075 3224 3254 3280 aestati
3281 3225 3532 3290 debetur,
3560 3240 3591 3278 a
3618 3239 3724 3279 vo-

372 3301 500 3365 erit,
531 3301 778 3372 inquam,
811 3301 986 3356 Martii
1019 3303 1301 3374 proprium
1342 3305 1489 3376 quod
1526 3306 1702 3361 tribus
1733 3314 1815 3362 est
1842 3323 1986 3364 com-

2095 3321 2182 3376 bis
2201 3335 2330 3375 vero
2371 3319 2471 3374 soli
2496 3317 2661 3373 Junio
2703 3323 2913 3372 tantum
2952 3313 3289 3386 deputatur?
3317 3313 3375 3366 ln
3400 3311 3545 3368 veris
3567 3311 3721 3380 jeju-

370 3407 540 3449 munc
571 3392 877 3449 mensibus.

444 3576 523 3631 Ad
556 3577 674 3632 haec
704 3593 814 3633 non
873 3578 1049 3634 otiose
1101 3578 1185 3633 vel
1218 3579 1483 3635 mendose
1537 3581 1800 3651 scriptum
1845 3581 1988 3653 legi-

369 3682 512 3733 mus,
543 3666 692 3736 quod
747 3667 922 3721 sancti
959 3683 1115 3737 papae
1169 3667 1400 3722 Romani
1453 3668 1788 3739 Simplicius,
1831 3671 1990 3725 Gela-

367 3755 504 3821 sius,
537 3756 897 3827 Symmachus
931 3763 986 3810 et
1029 3756 1177 3810 Felix
1211 3755 1458 3810 fecerunt
1489 3757 1864 3814 ordinationes
1892 3777 1990 3831 per

368 3866 616 3906 mensem
650 3849 1028 3916 Februarium,
1061 3849 1175 3904 sive
1219 3850 1365 3904 enim
1411 3867 1502 3905 vm
1535 3852 1805 3907 Kalendas
1857 3855 1989 3909 Mar-

370 3942 431 3997 tii
461 3940 768 3996 secundum
803 3940 1096 4011 Hispanos,
1136 3941 1253 3997 sive
1293 3959 1362 3995 vu
1422 3943 1550 3997 ldus
1589 3945 1867 4000 Februarii
1901 3962 1988 4002 se-

370 4033 614 4089 cundum
645 4033 902 4104 antiquos
935 4033 1154 4089 Graecos
1181 4041 1237 4090 et
1280 4035 1575 4103 Romanos,
1629 4037 1742 4092 sive
1789 4056 1988 4094 secun-

369 4126 500 4182 dum
536 4126 769 4180 Nicaeam
800 4126 1073 4198 synodum
1109 4145 1166 4182 ιιι
1201 4128 1382 4183 Nonas
1413 4129 1690 4186 Februarii
1722 4149 1817 4187 ver
1841 4136 1985 4190 oria-

371 4227 480 4286 tur,
511 4217 848 4274 credendum
905 4226 988 4274 est
1043 4220 1193 4290 quod
1225 4220 1540 4291 apostolicae
1572 4223 1855 4298 dignitatis
1883 4226 1986 4281 viri

372 4326 484 4368 non
513 4311 862 4366 excluserunt
893 4327 924 4366 a
972 4311 1185 4381 jejunio
1218 4311 1579 4368 Kalendarum
1613 4316 1783 4371 Martii
1818 4335 1988 4389 quar-

372 4411 479 4460 tam
521 4411 576 4458 et
623 4410 827 4458 sextam
882 4403 1074 4459 feriam
1127 4404 1432 4470 Februarii,
1464 4423 1587 4478 quae
1636 4418 1792 4464 erant
1831 4411 1985 4464 verni

2099 3413 2189 3467 nio
2218 3411 2436 3466 videtur
2466 3407 2740 3480 impedire
2775 3406 2922 3478 quod
2952 3412 3148 3477 quarta
3186 3409 3242 3458 et
3269 3408 3420 3458 sexta
3460 3400 3610 3456 feriae
3625 3401 3724 3469 je-

2089 3504 2373 3574 juniorum
2403 3502 2462 3555 in
2495 3517 2604 3556 una
2627 3498 2978 3554 hebdomade
3009 3501 3371 3562 concurrunt,
3398 3493 3532 3565 quid
3571 3509 3722 3549 cau-

2091 3611 2164 3649 sae
2189 3600 2270 3648 est
2321 3591 2466 3663 quod
2496 3588 2729 3644 diﬁ‘ertis
2748 3587 3022 3660 jejunium
3057 3586 3111 3640 in
3147 3584 3462 3641 ulteriorem
3497 3580 3724 3638 hebdo-

2093 3681 2352 3738 madam?
2392 3679 2532 3744 Quid
2559 3684 2767 3732 tantum
2803 3676 3139 3730 inhaeremus
3174 3671 3450 3729 occidenti
3490 3671 3718 3739 litterae,

2093 3783 2154 3830 ut
2183 3773 2469 3829 deviemus
2494 3787 2526 3825 a
2558 3769 2757 3841 spiritu
2787 3765 3148 3823 viviﬁcante?
3203 3764 3339 3830 Quid
3372 3771 3578 3819 tantum
3613 3762 3716 3817 in-

2093 3867 2362 3920 haeremus
2416 3862 2471 3916 in
2529 3859 2836 3932 quaerendo
2879 3858 3057 3929 primo
3108 3855 3381 3911 mensium
3423 3853 3713 3907 Sabbato?

2091 3961 2321 4029 Semper
2345 3956 2652 4012 laborando
2682 3955 2982 4026 quaerimus
3011 3962 3068 4008 et
3111 3952 3281 4007 semel
3315 3957 3522 4004 tantum
3547 3949 3715 4003 inve-

2093 4049 2292 4102 nimus.
2329 4046 2382 4099 Si
2422 4045 2568 4099 enim
2602 4059 2832 4098 numero
2875 4042 3093 4096 dierum
3137 4047 3531 4111 compensetur
3570 4037 3714 4092 Sab-

2090 4141 2299 4203 batum,
2324 4139 2430 4193 tale
2459 4137 2758 4191 Sabbatum
2791 4141 3043 4190 tenemus
3072 4133 3181 4188 illis
3206 4132 3339 4187 solis
3366 4130 3548 4193 annis,
3578 4130 3716 4201 qui-

2090 4233 2192 4287 bus
2220 4245 2442 4285 menses
2483 4228 2700 4295 Junius,
2740 4226 2984 4294 Martius,
3027 4222 3361 4296 September
3391 4231 3447 4277 et
3477 4222 3716 4277 Decem-

2091 4325 2188 4379 ber
2239 4323 2292 4376 in
2350 4321 2526 4392 prima
2581 4319 2714 4374 feria
2761 4318 3071 4373 initiantur.
3111 4314 3334 4370 Czeteris
3380 4328 3508 4368 vero
3548 4312 3720 4368 annis

2090 4431 2314 4486 semper
2342 4411 2678 4483 imperfectae
2720 4409 3081 4467 hebdomadas
3109 4408 3394 4462 sabbatum
3427 4414 3718 4459 tenemus.

375 4493 672 4566 temporis;
715 4494 857 4550 forte
909 4495 1073 4550 etiam
1133 4495 1399 4570 integram
1443 4498 1721 4553 Februarii
1780 4501 2068 4576 hebdo-D
2093 4504 2198 4558 Vos
2236 4501 2443 4573 quippe
2484 4499 2576 4570 qui
2600 4498 2874 4567 jejunium
2916 4495 3205 4567 temporis,
3239 4493 3387 4566 quod
3424 4502 3508 4546 est
3541 4506 3716 4546 com-

381 4592 603 4647 madam
638 4599 972 4663 receperunt
996 4593 1065 4646 ad
1087 4593 1420 4664 explendum
1446 4595 1594 4650 veris
1619 4596 1916 4666 jejunium,
1939 4605 1997 4656 et

373 4687 443 4740 ad
475 4685 806 4741 celebranda
838 4687 1094 4757 mysteria
1128 4686 1205 4742 illi
1250 4688 1467 4756 jejunio
1513 4692 1893 4764 congruentia.
1932 4693 1991 4747 In

373 4773 760 4830 communibus
808 4774 954 4828 enim
999 4774 1158 4829 annis
1206 4791 1356 4847 saepe
1397 4777 1724 4834 Februarius
1777 4781 1992 4853 aliquot

375 4859 825 4932 Quadragesimte
855 4861 1234 4916 hebdomadas
1263 4863 1496 4919 obtinet.

444 4952 743 5024 Perpendit
781 4967 912 5026 ergo
941 4959 1120 5007 vestra
1147 4953 1373 5009 dilectio
1401 4970 1498 5008 cur
1520 4956 1795 5024 jejunium
1847 4958 1992 5014 veris

375 5061 486 5102 non
508 5053 681 5101 totum
723 5044 912 5099 Martio
946 5044 1263 5116 deputetur,
1292 5045 1420 5117 quia
1451 5047 1663 5104 scilicet
1693 5050 1813 5104 dies
1837 5051 1990 5106 verni

374 5135 638 5206 temporis
665 5141 836 5209 agunt
867 5149 967 5206 pro
993 5133 1318 5201 Februario,
1353 5152 1420 5189 ne
1452 5137 1773 5193 excludatur
1822 5155 1853 5192 a
1892 5156 1988 5194 ve-

372 5232 448 5287 ris
471 5230 713 5303 jejunio.
747 5229 902 5295 Quod
933 5229 979 5283 si
1011 5230 1150 5285 ratio
1178 5236 1233 5284 et
1261 5230 1398 5286 ordo
1439 5233 1702 5303 temporis
1731 5233 1986 5301 evicerit;

374 5321 524 5392 quod
555 5335 650 5375 ver
675 5319 812 5390 ipsis
842 5317 1104 5373 Kalendis
1132 5317 1310 5373 Martii
1341 5320 1572 5388 oriatur,
1607 5323 1834 5378 verbum
1877 5339 1989 5378 non

375 5411 612 5482 amplius
654 5409 878 5476 addam,
921 5408 1056 5480 quin
1089 5408 1452 5465 excludantur
1480 5428 1510 5465 a
1543 5413 1756 5483 jejunio
1795 5423 1990 5485 quarta

377 5510 433 5558 et
459 5512 613 5557 sexta
645 5502 699 5555 in
734 5501 1035 5557 Februario
1068 5501 1238 5569 ferite,
1267 5501 1313 5556 si
1347 5518 1471 5558 cum
1510 5521 1703 5560 mense
1733 5521 1834 5562 suo
1866 5505 1990 5561 fue-

377 5595 485 5648 rint
514 5595 740 5663 penitus
775 5595 971 5649 alienaz
1019 5612 1050 5650 a
1080 5610 1251 5651 verno
1297 5601 1566 5667 tempore.
1628 5599 1736 5655 Sed
1789 5606 1991 5671 praeter

379 5686 572 5741 rudem
607 5686 819 5741 Romuli
851 5687 1272 5758 institutionem,
1303 5705 1572 5762 nusquam
1595 5693 1986 5762 scripturarum

2094 4607 2259 4646 mune
2300 4589 2476 4643 tribus
2503 4586 2808 4654 mensibus,
2853 4585 3132 4657 deputatis
3177 4583 3280 4638 soli
3312 4580 3497 4637 medio
3535 4580 3719 4636 trium

2094 4684 2366 4738 mensium
2401 4678 2599 4746 mensi,
2632 4678 2855 4750 quando
2884 4694 2938 4745 v,
2972 4694 3050 4742 v1,
3081 4675 3169 4731 vel
3209 4691 3281 4729 vn
3314 4673 3450 4729 feria
3479 4673 3722 4728 initian-

2092 4783 2180 4832 tur
2209 4789 2429 4829 menses
2465 4771 2829 4841 jejuniorum,
2862 4784 3086 4840 semper
3112 4783 3211 4839 pro
3256 4766 3434 4838 primo
3465 4765 3720 4822 Sabbato

2091 4869 2418 4934 secundum,
2453 4881 2550 4938 pro
2589 4864 2835 4920 secundo
2893 4864 3139 4930 tertium,
3190 4876 3288 4933 pro
3330 4861 3491 4915 tertio
3541 4876 3722 4930 quar-

2091 4971 2205 5016 tum
2237 4959 2470 5024 habetis,
2494 4957 2622 5029 quia
2643 4955 2862 5026 expleta
2886 4954 3048 5026 primi
3080 4952 3287 5008 mensis
3319 4951 3715 5018 hebdomada,

2094 5057 2146 5111 in
2179 5055 2340 5111 tertio
2368 5053 2451 5108 vel
2486 5053 2732 5107 secundo
2762 5050 3017 5106 secundae
3050 5048 3411 5104 hebdomade
3443 5047 3532 5101 die
3563 5046 3710 5101 Sab-

2091 5146 2277 5200 batum
2331 5142 2548 5198 locatis.
2583 5141 2750 5196 Porro
2806 5155 2908 5196 nos
2947 5139 3040 5211 qui
3079 5138 3353 5210 jejunium
3396 5143 3715 5207 temporum

2090 5237 2392 5308 accipimus
2421 5234 2728 5290 secundum
2751 5248 2954 5288 nomen
2992 5247 3175 5299 suum,
3207 5237 3262 5285 et
3292 5228 3413 5285 dies
3438 5229 3717 5299 temporis

2091 5328 2471 5385 indifferenter
2495 5325 2835 5382 admittimus
2861 5325 2926 5380 ad
2951 5323 3223 5394 jejunium
3266 5319 3553 5392 temporis,
3590 5319 3716 5391 pri-

2090 5439 2237 5477 mum
2269 5421 2567 5475 Sabbatum
2598 5418 2746 5490 quod
2776 5415 3017 5473 occurrit
3047 5415 3102 5470 in
3133 5430 3327 5469 mense
3362 5411 3712 5484 jejuniorum

2091 5527 2189 5583 pro
2219 5510 2396 5582 primo
2440 5509 2725 5570 habemus,
2765 5511 3070 5562 relerentes
3101 5504 3264 5569 ,illud
3295 5517 3408 5558 non
3439 5501 3507 5557 ad
3538 5516 3712 5556 men-

2089 5621 2228 5671 sem,
2260 5601 2359 5657 sed
2401 5601 2469 5656 ad
2524 5599 2953 5664 hebdomadam,
2987 5597 3054 5651 ad
3092 5597 3248 5666 cujus
3273 5594 3522 5667 qualibet
3562 5591 3710 5650 feria

2091 5692 2337 5747 initiatur
2363 5690 2455 5744 ille
2487 5688 2716 5754 mensis,
2748 5687 2840 5759 qui
2874 5686 2943 5741 ad
2978 5685 3374 5741 celebrandum
3437 5683 3712 5752 temporis
