3930 6052
255 187 358 244 881

1343 191 1550 249 EPIST.
1592 192 1677 248 DE
1716 189 2022 258 QUATUOR
2058 188 2500 247 TEMPORIBUS.

3478 189 3587 246 822

247 319 526 391 jejunium
588 326 647 376 et
711 319 912 392 jejunii
971 321 1291 394 mysterium
1344 323 1546 396 aptior
1599 339 1723 381 esse
1784 323 1870 378 vi-
1893 319 2244 397 Astimoniis
2298 318 2615 376 conﬁrmata
2642 316 2866 386 “nostrae
2927 318 3177 375 ecclesiae
3217 319 3583 389 consuetudo,

258 409 441 466 detur.

328 501 488 557 Putet
525 500 728 574 aliquis
765 501 989 559 illorum
1030 503 1124 576 qui
1156 503 1321 560 nobis
1357 518 1423 559 ex
1454 503 1683 560 adverso
1722 510 1872 569 sunt,

255 606 380 647 esse
408 591 507 646 has
529 590 918 648 contentiones
950 598 1009 648 et
1032 594 1368 665 quaestiones
1387 602 1442 651 et
1473 610 1691 668 pugnas
1712 594 1870 669 legis,

254 702 396 758 quas
412 692 472 741 ut
498 702 670 743 vanas
689 692 744 742 et
772 686 995 743 inutiles
1026 688 1225 744 Paulus
1254 689 1373 746 Tito
1399 696 1456 746 et
1486 707 1587 762 per
1615 706 1743 746 eum
1768 706 1871 746 no-

253 777 342 833 bis
371 777 696 834 devitandas
715 793 843 834 esse
863 778 1080 835 scribit.
1103 778 1205 845 Qui
1233 781 1467 853 recipiet
1486 798 1609 854 quae
1630 782 1869 838 diximus

253 866 325 921 ad
354 866 754 939 consequentia
779 873 1094 941 temporum
1139 870 1286 926 veris
1310 876 1367 926 et
1393 870 1620 939 aestatis,
1669 871 1869 927 adver-

253 962 334 1013 tet
354 956 513 1013 facile
542 959 997 1030 consequentiam
1027 961 1272 1016 autumni
1315 966 1370 1016 et
1407 962 1610 1017 hiemis
1640 977 1742 1032 per
1780 978 1868 1016 re-

248 1045 435 1118 gulam
458 1047 719 1115 Anatolii,
758 1056 816 1104 et
851 1048 1060 1105 videbit
1084 1051 1229 1123 quod
1267 1051 1542 1121 jejunium
1587 1047 1731 1107 veris
1757 1065 1867 1105 non

252 1139 327 1195 sit
359 1145 529 1195 totum
599 1140 982 1213 deputandum
1056 1143 1286 1213 Martio,
1350 1144 1448 1201 sed
1528 1144 1693 1200 etiam
1773 1144 1868 1200 Fe-

252 1227 499 1286 bruario.

321 1318 547 1376 Dicitis:
584 1344 609 1369 α
646 1320 876 1385 Quando
907 1321 1147 1394 primum
1174 1322 1401 1379 Sabbati
1430 1323 1707 1393 jejunium
1736 1330 1863 1378 ante

1975 423 2086 464 non
2113 408 2282 463 debet
2304 407 2578 477 jejunium
2610 407 2755 462 veris
2782 414 2911 463 ante
2953 406 3437 483 Quadragesimam
3486 423 3586 464 cc-

1974 499 2197 563 lebrari,
2236 514 2347 556 non
2376 498 2545 554 debet
2572 498 2732 554 vobis
2762 497 3026 555 miraculo
3054 514 3197 567 esse,
3226 498 3332 554 nisi
3376 498 3588 556 habea-

1974 593 2045 648 tis
2070 592 2306 664 aliquos,
2335 606 2565 663 quorum
2600 590 2898 646 auctoritas
2924 591 3011 645 his
3040 590 3446 662 prmponderet.

2045 683 2268 739 Dicitis:
2314 704 2339 735 α
2385 682 2547 752 Cujus
2584 682 3234 757 antequadragesimalis,
3263 689 3323 738 ut
3371 684 3446 738 ita
3501 683 3589 738 di-

1969 782 2115 831 ctum
2154 775 2246 842 sit,
2297 774 2521 846 jejunii,
2563 781 2624 829 ut
2660 775 2811 830 salva
2841 782 3024 830 vestra
3072 774 3244 849 gratia
3274 776 3585 848 loquamur,

1969 868 2187 923 videtur
2243 867 2407 939 primi
2471 866 2689 923 sabbati
2746 867 2937 923 sedem
2995 868 3063 923 de
3125 867 3247 924 loco
3303 868 3514 940 pellere
3553 890 3579 920 ιο

1969 958 2117 1029 quod
2166 958 2526 1014 Nabuzardan
2580 965 2858 1033 expugnat
2904 958 3087 1015 adhuc
3128 975 3316 1017 muros
3362 959 3588 1017 Jerusa-

1970 1049 2101 1105 lem.

2039 1135 2199 1191 Salva
2228 1136 2400 1192 nostri
2428 1137 2628 1209 gratia,
2658 1138 2963 1210 accipimus
3002 1139 3276 1211 quidquid
3322 1139 3587 1213 loquimi-

1968 1229 2046 1295 ni,
2076 1236 2137 1284 ut
2172 1238 2229 1284 et
2256 1230 2406 1285 salva
2456 1231 2623 1286 vestri
2665 1232 2859 1305 gratia,
2901 1231 3187 1301 accipiatis
3232 1232 3382 1304 quod
3412 1233 3588 1306 loqui-

1964 1337 2107 1375 mur.
2149 1320 2296 1375 Nihil
2323 1320 2470 1375 enim
2500 1337 2566 1376 ex
2616 1322 2992 1386 contentione,
3033 1321 3133 1376 sed
3174 1327 3348 1377 totum
3380 1321 3585 1392 quaeri-

247 1410 737 1485 Quadragesimam
788 1412 1054 1482 evenerit,
1116 1430 1183 1469 ex
1220 1414 1622 1470 consuetudine
1675 1414 1864 1470 Eccle-
1966 1425 2086 1463 mus
2113 1425 2179 1464 ex
2209 1410 2495 1464 charitate.
2543 1409 2870 1480 Scrupulum
2912 1409 3180 1479 injecistis
3228 1409 3411 1478 nobis,
3459 1425 3584 1465 cum

243 1502 345 1558 sire
372 1509 567 1559 vestrae
607 1504 663 1558 in
713 1505 1017 1560 secundum
1067 1506 1155 1562 vel
1194 1505 1416 1562 tertium
1446 1505 1622 1561 Martii
1653 1505 1863 1561 Sabba-
1963 1502 2146 1558 dicitis
2172 1502 2334 1557 nobis
2360 1502 2550 1556 sedem
2582 1502 2743 1571 primi
2775 1501 2997 1556 Sabbati
3026 1502 3096 1557 de
3128 1501 3248 1557 loco
3280 1502 3433 1572 pelli.
3472 1502 3582 1558 Vos

245 1597 364 1647 tum
406 1590 570 1647 nobis
594 1592 798 1647 mirum
825 1592 1045 1650 videtur
1070 1593 1371 1651 observari.
1409 1618 1435 1642 ιο
1772 1622 1779 1633 ρ
1891 1637 1937 1663 η
1964 1590 2021 1644 in
2047 1592 2151 1645 hoc
2195 1590 2308 1645 falli
2355 1605 2465 1645 non
2506 1589 2803 1657 credimus,
2834 1590 2933 1644 sed
2963 1605 3064 1645 nos
3103 1589 3377 1644 tarditatis
3398 1591 3586 1663 argui-

408 1637 569 1647 "-.-
596 1637 798 1647 ...η
836 1637 1033 1650 ηπ.-.
1071 1637 1371 1651 ν-..ν.......
1409 1637 1433 1642 η
2048 1637 2150 1645 -.η
2196 1637 2308 1645 η-.-
2355 1637 2465 1645 _---
2509 1637 2803 1657 -.-_...-_-,
2835 1637 2933 1644 --_
2963 1637 3062 1645 --μ
3107 1637 3375 1644 -_-_--_---
3399 1637 3553 1663 --ην

319 1683 586 1739 Miramur
609 1684 680 1739 de
718 1684 876 1740 vobis
904 1700 1001 1740 cur
1037 1702 1206 1757 super
1231 1687 1337 1742 hoc
1361 1686 1635 1741 miremini
1666 1687 1736 1741 de
1764 1702 1866 1742 no-
1891 1637 1941 1704 Β
1966 1699 2109 1747 mus,
2152 1683 2248 1754 qui
2286 1690 2470 1738 vestra
2500 1684 2645 1740 bene
2681 1684 2864 1740 forsan
2916 1684 3063 1739 dicta
3090 1699 3199 1740 non
3257 1683 3402 1739 bene
3431 1685 3585 1756 capi-

244 1776 357 1832 bis.
401 1775 658 1848 Nunquid
691 1776 797 1832 hoc
834 1776 1066 1833 facimus
1116 1779 1238 1833 sine
1294 1778 1615 1834 auctoritate
1646 1778 1862 1835 Patrum
1965 1791 2108 1830 mus.
2156 1774 2414 1839 Quamvis
2462 1776 2756 1831 Sabbatum
2790 1793 2822 1831 a
2871 1792 3059 1842 causa,
3114 1792 3225 1831 non
3271 1793 3303 1831 a
3350 1793 3582 1833 numero

235 1866 591 1939 antiquorum
617 1865 705 1922 vel
730 1866 1060 1936 juniorum?
1102 1867 1388 1939 Siquidem
1412 1882 1524 1923 non
1559 1868 1726 1941 longo
1757 1868 1862 1923 ab-
1964 1866 2200 1934 dicatur,
2231 1873 2285 1922 et
2311 1883 2411 1939 per
2431 1867 2537 1923 hoc
2563 1867 2865 1938 aliquando
2895 1882 3006 1922 non
3034 1866 3103 1920 ad
3135 1883 3452 1935 numerum,
3483 1868 3580 1922 sed

240 1955 376 2012 hinc
408 1962 677 2027 tempore,
707 1956 865 2026 jussu
910 1955 1146 2013 Conradi
1177 1955 1525 2027 imperatoris
1562 1956 1711 2028 apud
1744 1955 1864 2011 Tri-
1963 1956 2031 2011 ad
2071 1972 2293 2012 causam
2339 1956 2639 2025 referatur;
2672 1957 2801 2030 quia
2838 1966 3024 2012 tamen
3051 1957 3188 2012 illud
3215 1957 3284 2012 de
3314 1973 3424 2031 quo
3463 1959 3582 2033 agi-

238 2048 432 2104 burias
461 2048 648 2105 habito
688 2048 933 2125 generali
963 2057 1238 2105 conventu
1276 2058 1333 2104 et
1369 2048 1606 2106 concilio
1628 2050 1857 2121 episco-
1900 2084 1905 2091 -
1962 2064 2086 2104 mus
2137 2049 2434 2106 Sabbatum
2491 2065 2717 2121 semper
2746 2049 2904 2105 sedet
2946 2048 3002 2103 in
3044 2064 3299 2116 numero,
3354 2049 3411 2103 in
3443 2049 3580 2106 feria

239 2158 461 2213 porum,
492 2142 739 2213 episcOpi
771 2142 917 2197 inter
953 2147 1154 2198 cetera
1210 2142 1509 2198 voluerunt
1554 2143 1857 2199 decernere
1960 2137 2172 2193 scilicet
2200 2154 2323 2210 quae
2369 2155 2401 2194 a
2427 2154 2659 2194 numero
2708 2137 3100 2193 denominatur
3124 2139 3382 2207 septima,
3415 2153 3577 2194 nemo

242 2232 351 2287 hoc
406 2231 740 2304 capitulum:
798 2254 817 2284 ι
879 2233 943 2288 Ut
991 2233 1038 2287 si
1098 2231 1322 2304 quando
1371 2233 1644 2305 jejunium
1693 2233 1856 2305 primi
1960 2226 2161 2282 melius
2190 2226 2351 2282 vobis
2384 2228 2535 2283 novit
2562 2228 2752 2282 sedem
2787 2224 3011 2280 Sabbati
3060 2224 3141 2279 sic
3170 2240 3292 2280 esse
3322 2226 3578 2280 immobi-

242 2327 455 2383 mensis
483 2328 731 2383 evenerit
759 2328 900 2384 infra
929 2327 1342 2384 hebdomadam
1382 2346 1492 2401 qua
1519 2338 1685 2400 caput
1706 2330 1858 2399 jeju-

239 2416 321 2471 nii
350 2415 409 2471 in
441 2416 576 2473 feria
637 2433 689 2471 ιν
744 2423 976 2483 constat,
1016 2418 1305 2474 amborum
1342 2418 1681 2488 jejuniorum
1713 2418 1860 2474 cele-

239 2507 414 2563 britas
453 2508 620 2563 unius
657 2507 827 2565 officii
864 2508 1181 2580 expletione
1225 2509 1609 2579 compleretur.
1676 2532 1702 2556 ιο
1749 2508 1859 2564 Sed

237 2598 371 2655 huic
399 2599 697 2654 multorum
732 2599 956 2655 decreto
1008 2600 1168 2670 pauci
1219 2600 1545 2657 nostratium
1579 2600 1861 2673 refragan-

239 2693 345 2753 tes,
385 2687 592 2743 saniori
639 2688 874 2745 consilio
904 2688 1284 2758 obtinuerunt,
1309 2696 1367 2744 ut
1389 2690 1665 2760 jejunium
1698 2690 1860 2762 primi

238 2779 449 2834 mensis
468 2778 525 2834 in
555 2780 727 2835 altera
748 2781 1099 2835 hebdomade
1120 2781 1175 2835 in
1207 2798 1317 2853 qua
1349 2781 1583 2838 habetur
1612 2782 1856 2838 ofﬁcium

237 2868 614 2925 celebraretur
684 2869 839 2938 juxta
937 2870 1290 2942 antiquorum
1370 2871 1854 2926 consuetudinem.

241 2957 390 3014 lianc
444 2958 785 3029 jejuniorum
837 2960 1260 3019 instructionem
1314 2961 1605 3018 conﬁrmat
1656 2978 1854 3020 διιοό-

237 3049 392 3106 ritas.

1962 2313 2095 2376 lem,
2126 2323 2192 2369 ut
2230 2323 2313 2369 est
2343 2314 2645 2369 immobilis
2665 2328 2952 2378 numerus,
2994 2312 3087 2383 qui
3117 2313 3304 2368 sedem
3336 2314 3576 2371 Sabbato

1961 2404 2230 2460 fundavit.
2265 2407 2481 2460 Nullum
2510 2405 2658 2460 enim
2689 2404 2833 2459 diem
2868 2404 3228 2459 hebdomadze
3260 2411 3459 2475 praeter
3477 2422 3574 2460 se-

1962 2493 2192 2563 ptimum
2234 2510 2494 2550 vocamus
2523 2492 2833 2559 sabbatum,
2880 2493 2976 2546 sed
3008 2493 3076 2547 ad
3115 2492 3353 2548 Sabbato
3382 2509 3578 2550 omnes

1961 2584 2083 2640 dies
2112 2592 2396 2653 vocantur,
2428 2585 2482 2639 id
2509 2592 2592 2638 est
2622 2584 2820 2654 prima,
2848 2583 3117 2651 secunda,
3148 2583 3233 2638 vel
3259 2584 3417 2639 tertia
3437 2585 3574 2640 Sab-

1962 2677 2098 2733 bati.
2134 2677 2190 2732 Si
2222 2693 2352 2733 vero
2392 2676 2445 2731 id
2487 2675 2635 2747 quod
2674 2691 2858 2739 causa,
2898 2682 2994 2730 aut
3029 2692 3162 2730 usus
3199 2675 3406 2732 addicit
3439 2676 3578 2753 Sab-

1962 2766 2109 2833 bato,
2166 2766 2392 2837 pellitur
2421 2765 2717 2837 aliquoties
2756 2765 2827 2819 de
2869 2765 3021 2831 loco;
3072 2780 3182 2820 non
3237 2765 3364 2822 ideo
3401 2767 3579 2842 surgit

1957 2857 2245 2912 sabbatum
2276 2857 2345 2913 de
2372 2873 2469 2912 sua
2526 2857 2678 2912 sede.
2710 2856 2991 2924 Jejunium
3027 2871 3161 2929 ergo
3194 2857 3339 2929 quod
3395 2858 3574 2928 primo

1954 2949 2129 3005 Martii
2158 2950 2470 3017 ascribitur,
2494 2949 2539 3004 si
2567 2949 2754 3021 aliqua
2779 2965 2944 3005 causa
2973 2949 3061 3004 vel
3095 2949 3424 3005 necessitate
3450 2950 3573 3022 pel-

1955 3041 2099 3096 latur
2126 3058 2158 3096 a
2186 3042 2510 3114 praescripto
2537 3041 2644 3097 sibi
2675 3042 2819 3098 loco:
2851 3042 3131 3114 quomodo
3158 3057 3260 3113 per
3277 3041 3386 3098 hoc
3411 3043 3575 3100 sedes

309 3137 556 3197 Gelasius
601 3141 757 3197 enim
811 3158 972 3215 papa,
1015 3152 1244 3200 securus
1289 3144 1621 3201 sententiam
1653 3146 1852 3202 Zozimi
1956 3127 2180 3188 Sabbati
2236 3133 2307 3189 de
2338 3135 2460 3191 loco
2493 3149 2596 3190 suo
2627 3132 2884 3205 pellatur,
2915 3149 2947 3188 a
2989 3132 3146 3189 vobis
3184 3132 3378 3190 audire
3402 3136 3573 3192 velle-

234 3246 414 3303 papm,
491 3234 894 3299 ordinationes,
974 3235 1169 3307 inquit,
1237 3236 1708 3307 presbyterorum,
1765 3244 1856 3292 an:
1956 3242 2098 3283 mus.
2139 3229 2194 3284 Si
2236 3230 2383 3284 enim
2410 3229 2633 3285 Sabbati
2662 3230 2826 3285 sedes
2849 3237 3040 3300 posset
3084 3246 3116 3284 a
3144 3230 3265 3286 loco
3305 3246 3405 3287 suo
3452 3248 3574 3289 mo-

232 3320 621 3392 diaconorum,
674 3340 784 3380 non
842 3323 1071 3391 debent,
1127 3324 1235 3380 nisi
1288 3325 1454 3379 certis
1512 3326 1856 3396 temporibus
1953 3319 2090 3385 veri.
2123 3327 2178 3376 et
2212 3321 2535 3386 Sabbatum.
2566 3329 2626 3377 ut
2665 3321 2739 3376 ita
2769 3320 2970 3387 dicam,
3003 3330 3191 3392 posset
3233 3322 3392 3393 sequi
3422 3322 3579 3380 diem'

234 3415 506 3480 exerceri,
527 3416 582 3471 id
623 3422 707 3471 est
730 3432 806 3483 iv,
838 3423 895 3471 et
918 3432 1014 3484 vn,
1046 3426 1102 3472 et
1126 3434 1159 3472 χ
1180 3417 1390 3472 mensis
1414 3416 1649 3485 jejunio,
1674 3419 1773 3471 sed
1809 3408 1865 3472 et
1957 3409 2156 3482 jejunii
2203 3413 2274 3469 de
2301 3415 2422 3470 loco
2451 3429 2552 3469 suo
2574 3413 2738 3485 pulsi,
2780 3428 3004 3484 semper
3042 3413 3223 3485 ipsum
3269 3414 3570 3472 Sabbatum

234 3503 732 3579 quadragesimalis
770 3504 937 3572 initii,
991 3520 1055 3560 ac
1094 3505 1367 3561 medianae
1420 3505 1859 3580 Quadragesimae
1960 3511 2109 3561 esset
2136 3505 2395 3576 primum,
2449 3520 2555 3560 nec
2596 3510 2878 3575 pateretur
2906 3510 2967 3559 ut
3013 3503 3320 3559 secundum
3360 3505 3570 3562 Sabba-

234 3593 328 3647 die
361 3592 593 3648 sabbato
645 3593 864 3664 jejunio
894 3594 1039 3649 circa
1089 3609 1382 3665 vesperum
1425 3593 1679 3649 noverint
1732 3609 1857 3650 esse
1959 3600 2070 3648 tum
2113 3592 2400 3649 incubaret
2425 3593 2604 3664 primo
2631 3593 2774 3647 loco.
2831 3591 2968 3656 Quid
2998 3607 3130 3665 ergo
3160 3593 3464 3665 gravamini
3495 3595 3571 3651 ita

233 3681 616 3737 celebrandas.
653 3706 677 3729 η
710 3682 847 3755 Haec
872 3682 1139 3738 Gelasius.
1180 3682 1351 3746 Quem
1383 3682 1510 3754 quis
1534 3697 1648 3738 non
1668 3682 1852 3738 videat
1955 3689 2161 3739 motum
2196 3683 2355 3755 primi
2387 3683 2606 3752 jejunii,
2661 3697 2771 3738 non
2804 3682 3026 3754 quidem
3067 3698 3288 3754 semper
3317 3699 3568 3741 necessa-

233 3773 554 3844 prrevidisse
581 3790 681 3847 per
708 3775 975 3846 Spiritum
1014 3782 1266 3831 sanctum
1299 3774 1693 3831 contentiosam
1750 3790 1849 3845 po-

232 3872 508 3921 sterorum
549 3882 720 3938 super
746 3867 852 3923 hoc
877 3867 1095 3939 jejunio
1139 3866 1496 3928 discordiam,
1525 3866 1653 3921 dum
1686 3865 1849 3922 tacito

233 3958 398 4029 primi
424 3961 635 4016 mensis
691 3962 944 4030 nomine,
985 3971 1040 4019 et
1089 3962 1342 4035 neglecto
1371 3962 1552 4033 primo
1582 3961 1847 4030 Sabbato,

231 4057 453 4121 tempus
503 4068 685 4109 causae
742 4069 1043 4128 congruum
1092 4056 1300 4111 notavit
1349 4054 1419 4108 ad
1456 4054 1844 4124 jejunandum,

225 4139 443 4196 scilicet
482 4140 537 4195 in
568 4141 751 4209 initio,
781 4143 870 4198 vel
896 4143 953 4197 in
989 4143 1172 4199 medio
1210 4144 1669 4218 quadragesimae.
1704 4144 1847 4198 Prie-

227 4231 372 4287 cavit
390 4232 539 4286 enim
569 4232 699 4304 quia
738 4232 1016 4304 paschalis
1039 4233 1322 4288 varietatis
1358 4233 1497 4289 ratio
1535 4248 1637 4289 nos
1666 4232 1847 4288 invol-

225 4331 401 4390 veret,
443 4324 547 4379 hoc
572 4338 682 4395 quo
714 4330 1148 4379 nunc-tenemur
1182 4323 1462 4397 ambiguo.

301 4415 456 4479 Quod
488 4413 687 4471 Gelasii
735 4415 1036 4486 capitulum
1079 4432 1148 4471 ne
1180 4416 1338 4483 cujus
1374 4416 1655 4472 contentio
1698 4415 1846 4472 inﬁr-

226 4522 381 4563 mare
406 4508 625 4573 audeat,
658 4505 1040 4563 conﬁrmatum
1089 4514 1173 4563 est
1211 4508 1375 4563 etiam
1406 4515 1598 4579 quinto
1626 4509 1845 4580 episco-

229 4618 428 4675 porum
456 4602 717 4668 concilio,
739 4602 900 4671 jussu
932 4602 1107 4658 Caroli
1154 4601 1333 4676 Magni
1364 4602 1710 4673 imperatoris
1743 4606 1842 4660 ha-

226 4692 366 4757 bito.
411 4713 442 4744 α
483 4692 844 4747 Decernimus
890 4690 960 4747 de
1017 4690 1356 4763 presbyteris
1393 4697 1448 4746 et
1492 4691 1840 4762 diaconibus,

228 4797 344 4838 non
378 4781 486 4836 nisi
526 4781 691 4837 certis
728 4780 1072 4853 temporibus
1124 4780 1468 4848 ordinandis,
1501 4780 1642 4836 sicut
1671 4782 1845 4837 conti-

226 4877 394 4927 netur
431 4869 487 4923 in
535 4870 774 4926 decretis
824 4870 1025 4926 Zozimi
1079 4877 1135 4925 et
1192 4870 1393 4925 Gelasii
1458 4890 1483 4920 υ
1528 4871 1587 4925 In
1646 4871 1840 4926 horum

222 4958 556 5015 sententiam
602 4974 663 5014 se
694 4957 931 5029 pedibus
977 4958 1057 5013 ire
1097 4966 1367 5014 testantur
1403 4959 1578 5015 sancti
1618 4966 1673 5015 et
1702 4975 1840 5032 apo-

223 5049 408 5109 stolici
438 5050 561 5118 viri,
594 5064 735 5122 quos
773 5065 872 5121 pro
915 5050 1134 5105 idoneis
1175 5050 1494 5107 auctoribus
1532 5052 1701 5108 habet
1740 5053 1841 5108 Ec-

221 5143 425 5209 clesia;
458 5139 529 5196 de
560 5138 764 5212 quibus
811 5140 986 5196 solius
1020 5139 1221 5195 lsidori
1264 5140 1643 5212 Hispaniensis
1671 5142 1842 5199 verba

223 5246 531 5305 ponamus:
592 5256 616 5277 ιι
666 5229 827 5297 Sunt,
854 5228 1051 5301 inquit,
1079 5234 1317 5300 quatuor
1345 5228 1607 5297 Sabbata,
1656 5232 1839 5303 inqui-

222 5327 332 5382 bus
360 5334 490 5381 sunt
516 5331 716 5381 statuta
753 5324 968 5396 jejunia
999 5332 1054 5378 et
1083 5320 1267 5379 ofﬁcia
1292 5323 1590 5379 lectionum
1623 5333 1678 5380 et
1715 5342 1837 5381 ora—

221 5415 435 5470 tionum
471 5413 703 5481 majora,
736 5413 790 5467 id
832 5419 918 5467 est
968 5427 1158 5466 mense
1206 5410 1396 5466 Martio
1437 5411 1676 5467 Sabbato
1730 5416 1837 5484 pri-

219 5523 311 5562 mo
343 5506 505 5575 juxta
542 5503 988 5561 observationem
1046 5502 1506 5577 Quadragesimm,
1554 5520 1837 5577 vei-noque

221 5605 496 5668 tempore,
530 5603 587 5651 et
631 5594 863 5665 reliqua.
905 5614 935 5644 υ
974 5593 1102 5649 Tam
1143 5594 1360 5651 idoneis
1388 5594 1622 5651 testibus
1660 5605 1715 5650 et
1746 5602 1833 5651 te-

1952 3770 2114 3838 rium,
2146 3772 2245 3827 sed
2276 3772 2573 3843 aliquando
2613 3777 3008 3842 opportunum,
3050 3786 3148 3825 cur
3177 3778 3409 3843 negatur
3447 3773 3564 3844 pri-

1950 3879 2039 3919 mo
2074 3863 2291 3932 jejunio
2321 3863 2470 3934 quod
2522 3862 2739 3917 caeteris
2763 3870 3070 3933 temporum
3097 3862 3327 3939 jejuniis
3364 3879 3565 3921 conce-

1948 3951 2117 4020 ditur,
2150 3951 2352 4023 quibus
2380 3951 2507 4006 licet
2563 3957 2877 4023 opportune
2918 3950 2987 4006 de
3028 3951 3148 4007 loco
3201 3967 3300 4007 suo
3332 3954 3561 4010 moveri.

1951 4044 2085 4099 Ecce
2116 4044 2186 4099 de
2214 4043 2465 4097 hiemalis
2495 4042 2760 4113 temporis
2782 4043 2999 4114 jejunio
3030 4043 3179 4098 nulla
3200 4050 3284 4099 est
3312 4045 3560 4116 querela,

1948 4135 2097 4206 quod
2147 4134 2216 4190 de
2249 4134 2597 4190 hebdomada
2639 4134 2695 4188 in
2736 4133 3164 4202 hebdomadam,
3218 4135 3288 4190 de
3324 4136 3561 4192 Sabbato

1948 4226 2005 4281 in
2058 4226 2380 4294 Sabbatum,
2437 4226 2746 4282 transduxit
2819 4226 3106 4282 Dominica
3162 4226 3446 4282 Nativitas.
3502 4229 3562 4284 Et

1861 4306 1917 4373 Ι)
1941 4316 2144 4389 gratias
2175 4315 2353 4383 vobis,
2381 4315 2531 4387 quod
2572 4314 2938 4371 mutationem
2978 4315 3315 4369 autumnalis
3354 4315 3555 4386 jejunii

1944 4404 2246 4460 conceditis
2277 4413 2477 4460 nostrae
2517 4404 2820 4482 festiyitati.
2854 4404 2915 4457 Et
2968 4403 3099 4475 quia
3150 4400 3292 4456 forte
3334 4417 3445 4457 non
3487 4403 3559 4457 ti-

1945 4497 2125 4562 metis,
2173 4497 2321 4568 quod
2362 4497 2721 4551 Nabuzardan
2760 4510 3076 4566 expugnare
3118 4492 3322 4548 debeat
3370 4510 3557 4551 muros

1944 4598 2142 4645 nostrae
2170 4589 2498 4653 Jerusalem,
2526 4587 2708 4642 dicitis
2754 4587 2990 4658 quodam
3035 4586 3198 4642 modo
3240 4586 3400 4642 nobis
3429 4602 3553 4643 cum

1945 4683 2147 4739 Esdra:
2183 4684 2447 4741 Comedite
2469 4684 2717 4754 pinguia,
2768 4687 2819 4736 et
2858 4681 3019 4736 bibite
3054 4682 3308 4747 mulsum,
3349 4686 3399 4736 et
3425 4684 3555 4736 mit-

1945 4777 2039 4829 tite
2059 4779 2243 4844 partes
2269 4776 2345 4830 eis
2376 4778 2470 4844 qui
2522 4790 2628 4828 non
2666 4776 3116 4842 praparaverunt
3151 4773 3260 4828 sibi
3272 4790 3286 4839 ;
3336 4778 3553 4829 sanctus

1943 4868 2081 4920 enim
2134 4867 2247 4920 dies
2291 4868 2501 4921 Domini
2525 4871 2639 4922 est:
2694 4867 2862 4920 nolite
2909 4866 3240 4919 contristari.
3294 4865 3555 4933 gaudium

1939 4961 2132 5014 ctmim
2183 4960 2392 5013 Domini
2445 4963 2522 5012 est
2575 4958 2843 5025 fortitudo
2899 4962 3079 5012 vestra
3136 4958 3205 5024 (Il
3250 4956 3382 5012 Esd.
3433 4971 3551 5022 vui,

1945 5048 2050 5117 lO).
2095 5047 2247 5111 Quod
2298 5046 2459 5102 nobis
2487 5046 2829 5113 conceditur,
2871 5045 3125 5101 concedit
3169 5051 3349 5116 potest
3385 5043 3550 5098 ctiam

1939 5139 2168 5195 cuilibet
2192 5139 2471 5206 Ecclesiae,
2499 5145 2557 5193 ut
2584 5139 2630 5192 si
2662 5138 2716 5192 in
2735 5137 2982 5211 quolibet
3006 5145 3315 5207 temporum
3337 5135 3552 5205 je,unio

1942 5230 2268 5286 intercurrat
2285 5231 2547 5302 specialis
2568 5230 2852 5298 festivitas,
2879 5230 3076 5301 jejunii
3101 5228 3266 5283 sedes
3287 5234 3558 5281 transmu-

1939 5330 2103 5389 telur,
2124 5322 2525 5378 autSabbatum
2540 5321 2796 5376 mstivalis
2812 5319 3031 5389 jejunii,
3047 5319 3090 5373 si
3112 5316 3553 5372 concurratSab-

1938 5418 2065 5473 hato
2088 5418 2458 5484 Pcntecostcs,
2491 5432 2615 5487 quae
2643 5423 2872 5486 utraque
2912 5413 3152 5465 Sabhata
3181 5417 3555 5479 pneuotantur

1939 5507 2099 5561 titulo
2152 5523 2223 5560 xu
2274 5507 2571 5561 lectionum
2632 5503 2883 5560 differtur
2932 5500 3206 5570 jejunium
3248 5497 3301 5551 in
3341 5497 3553 5555 hebdo-

1939 5596 2097 5649 mada
2125 5594 2501 5658 Pentecostcs,
2535 5593 2666 5665 quia
2701 5608 2810 5648 non
2839 5596 3070 5661 possunt
3098 5586 3307 5659 expleri
3329 5603 3439 5643 una
3459 5603 3553 5643 ce-
