3930 6052
397 172 501 227 8‘23

1621 180 1969 235 SlGEBERTl
2012 184 2504 240 GEMBLACENSIS

3630 192 3763 247 824

398 307 652 362 lebritate
684 307 796 361 duo
842 307 1154 361 authentiea
1192 308 1396 375 oflicia,
1456 316 1511 364 et
1555 311 1666 365 duo
1714 313 2006 382 mysteria:
2035 315 2085 385 Α
2114 316 2585 388 quadruplicatur,
2611 327 2847 390 quatuor
2874 319 3252 376 hebdomadas
3290 324 3552 389 excurrit,
3585 325 3750 380 ultra

395 411 564 450 unum
640 394 978 465 baptizandi,
1044 402 1098 449 et
1147 412 1316 451 unum
1385 398 1699 453 ordinandi.
1752 399 2008 463 Quamvis

397 490 580 538 nostra
617 498 756 553 pene
786 483 1055 538 memoria
1113 491 1223 540 tres
1274 486 1778 559 archiepiscOpalcs
1818 490 2004 557 sedes,

395 589 493 628 vos
552 572 764 628 scilicet
823 574 1200 643 Trevirenses,
1265 575 1621 633 Colonienses
1669 588 1720 634 et
1767 580 2003 655 Magun-

394 666 602 721 tienses
657 666 931 720 voluerint
986 668 1102 722 haec
1167 668 1276 723 duo
1327 669 1583 739 mysteria
1648 671 1884 743 duplicis
1916 674 2003 743 je-

387 754 528 824 junii
588 761 721 809 tnnc
790 754 956 809 unius
1008 754 1119 809 diei
1171 755 1356 812 ofﬁcio
1427 759 1714 830 compleri,
1774 762 1873 817 sed
1938 780 2003 819 ea

392 866 578 916 causa,
629 865 733 904 nec
780 850 848 903 ad
898 865 1231 906 consensum
1277 853 1544 921 omnium,
1582 872 1685 911 nec
1730 857 1799 911 ad
1844 875 2000 914 usum

392 942 649 997 Ecclesia:
707 943 884 1013 potuit
950 944 1257 1014 pervenire.
1341 946 1499 1011 Quid,
1553 948 1798 1020 inquam,
1863 952 2002 1009 adeo

392 1029 695 1103 gravamini
729 1029 902 1085 solius
935 1031 1094 1102 primi
1120 1032 1321 1102 jejunii
1352 1036 1672 1101 mulatione,
1717 1044 1771 1093 ut
1807 1039 2003 1095 dicatis

393 1119 540 1190 quod
570 1119 953 1187 Nabuzardan,
997 1121 1259 1193 princeps
1295 1139 1597 1195 coquorum
1635 1127 2003 1185 Nabuchodo-

392 1222 581 1275 nosor,
634 1210 719 1263 vel
748 1209 975 1278 diaboli,
1008 1220 1288 1285 expugnet
1316 1213 1497 1269 adhuc
1553 1232 1739 1272 muros
1780 1218 1998 1275 Jerusa-

389 1299 520 1366 lem,
566 1299 612 1357 si
650 1301 754 1355 hoc
806 1300 1080 1370 jejunium
1137 1303 1498 1359 transferatur
1552 1307 1607 1361 in
1643 1309 1999 1383 quadragesi-

389 1386 567 1442 maml
604 1388 804 1444 Ultimo
854 1388 1081 1460 Pascha,
1115 1392 1263 1461 quod
1295 1399 1375 1447 est
1430 1411 1501 1447 vn
1541 1395 1814 1453 Kalendas
1847 1400 1998 1469 Maii,

388 1476 637 1531 initiatur
672 1475 899 1531 Martius
944 1476 1001 1531 in
1034 1479 1278 1535 secunda
1318 1480 1681 1556 Sexagesima:
1740 1485 1900 1553 feria;
1945 1489 1998 1543 in

389 1565 693 1635 penultimo
742 1566 972 1635 Pascha,
1004 1568 1154 1639 quod
1186 1575 1268 1625 est
1310 1587 1402 1624 vtu
1433 1571 1707 1629 Kalendas
1757 1577 1904 1646 Maii,
1946 1579 1999 1633 in

390 1662 545 1716 tertia
585 1660 753 1729 feria;
787 1662 842 1716 in
882 1664 1322 1734 antepenultimo
1374 1668 1603 1738 Pascha,
1646 1674 1792 1743 quod
1834 1682 1919 1730 est
1947 1693 1998 1731 tx

386 1748 503 1804 Kal.
553 1749 699 1817 Maii,
736 1749 983 1805 initiatur
1038 1752 1259 1807 Martius
1298 1753 1352 1808 in
1392 1766 1585 1826 quarta
1634 1758 1999 1835 Sexagesima:

387 1842 541 1897 feria.
589 1843 725 1908 Quia
754 1860 885 1918 ergo
914 1844 1002 1899 his
1029 1846 1189 1901 annis
1218 1846 1272 1901 in
1313 1849 1754 1925 Quadragesimw
1789 1856 1997 1913 hebdo-

358 1937 546 1991 ‘mada
576 1945 688 1992 tres
732 1935 903 2004 ferite,
937 1946 1149 2008 quarta,
1181 1946 1237 1994 et
1275 1950 1447 2010 sexta,
1491 1954 1545 1998 et
1593 1946 1829 2017 septima
1863 1965 1996 2004 con-

384 2039 613 2087 currunt
650 2033 718 2086 ad
743 2033 1018 2101 jejunium
1069 2036 1305 2091 vernalis
1337 2046 1389 2093 et
1433 2040 1690 2096 ordinum
1737 2046 1997 2114 mysteria

385 2122 740 2188 celebranda,
802 2132 984 2180 vestro
1024 2125 1392 2198 relinquimus
1437 2129 1672 2198 judicio,
1716 2134 1762 2188 si
1793 2150 1997 2191 conve-

385 2213 606 2268 nienter
629 2214 912 2284 jejunetur
948 2224 1004 2271 et
1032 2217 1318 2274 ordinetur
1346 2220 1401 2274 in
1446 2222 1812 2299 Sexagesima:
1849 2228 1993 2282 Sab-

384 2308 534 2364 bato.
579 2309 975 2366 llloderati'ores
1029 2311 1250 2368 fuerunt
1299 2315 1354 2369 in
1412 2316 1515 2372 hoc
1547 2334 1703 2389 papae
1750 2321 1995 2378 Zozimus

381 2407 436 2455 et
462 2400 730 2468 Gelasius,
760 2403 853 2474 qui
903 2404 1006 2459 hoc
1051 2405 1328 2475 jejunium
1361 2415 1416 2462 et
1464 2412 1725 2480 mysteria
1776 2413 1992 2485 jejunio

382 2495 746 2566 congruentia
776 2496 1181 2566 deputaverunt
1209 2498 1673 2574 Quadragesimze.
1706 2504 1767 2560 Et
1795 2516 1855 2561 ut
1882 2509 1990 2563 ali-

380 2584 515 2656 quid
572 2586 736 2641 etiam
796 2604 827 2641 a
888 2589 1049 2644 nobis
1113 2591 1385 2657 dicamus,
1434 2595 1574 2650 solet
1628 2598 1924 2669 aliquando
1962 2617 1993 2656 a

379 2679 585 2728 sanctis
610 2682 665 2729 et
693 2674 836 2730 bene
869 2678 1169 2733 moderatis
1190 2679 1323 2734 viris
1352 2680 1559 2737 diﬂ‘erri
1590 2685 1693 2740 hoc
1716 2686 1990 2756 jejunium

378 2761 436 2816 in
474 2763 724 2819 ultimum
782 2764 959 2820 Martii
1016 2767 1335 2835 Sabbatum,
1380 2771 1465 2825 vel
1520 2772 1573 2826 in
1633 2776 1990 2844 penultimam

2109 406 2514 480 quinquaginta
2553 409 2689 464 duas
2718 411 2846 464 anni
2907 411 3301 467 hebdomadas.
3338 412 3525 485 Cujus,
3557 415 3750 471 intel-

2108 495 2330 551 lectuali
2364 496 2454 552 filo
2488 513 2598 552 non
2623 499 2893 554 audemus
2915 500 3113 571 pedem
3133 500 3441 572 innectere,
3473 504 3594 558 utsi
3625 503 3747 558 de-

2105 590 2353 646 siliamus
2391 591 2447 646 in
2491 601 2690 660 artum,
2727 594 3004 664 possimus
3044 595 3276 651 licenter
3304 598 3502 667 pedem
3537 607 3739 654 retra-

2106 679 2236 734 here
2265 687 2357 735 aut
2382 682 2734 751 protendere.
2779 682 3009 746 Quidam
3050 700 3218 756 super
3256 686 3361 740 hoc
3393 686 3589 741 lineari
3625 704 3744 743 nu-

2106 785 2257 825 mero
2285 769 2755 826 hebdomadarum
2778 772 3091 843 disputans,
3131 798 3154 818 -
3188 773 3264 840 Si,
3292 773 3492 845 inquit,
3524 776 3749 848 aliquis

2106 874 2369 914 numerus
2403 859 2692 915 debuisset
2724 861 2951 916 limitari
2980 863 3099 918 haec
3127 871 3363 935 quatuor
3387 865 3746 934 jejuniorum

2106 950 2418 1015 interstitia,
2477 952 2665 1007 nullus
2723 953 2794 1007 ad
2848 954 2952 1009 hoc
2995 954 3176 1026 aptior
3243 972 3508 1013 numerus
3560 967 3745 1026 esset,

2104 1055 2271 1116 quam
2336 1046 2781 1118 quatuordecim,
2855 1049 2947 1120 qui
3032 1049 3493 1121 quadruplicatus
3536 1053 3749 1109 reddat

2103 1136 2503 1212 quinquaginta
2525 1138 2661 1193 duas
2691 1140 2821 1194 anni
2851 1140 3245 1197 hebdomadas.
3278 1142 3382 1197 Per
3409 1144 3513 1199 hoc
3542 1145 3733 1214 enim,

2101 1229 2145 1283 si
2184 1231 2352 1286 modo
2384 1247 2514 1286 usus
2548 1232 2885 1298 admitteret,
2926 1249 3145 1304 semper
3179 1235 3231 1289 in
3261 1236 3442 1306 primo
3476 1237 3733 1295 Sabbato

2102 1324 2312 1379 mensis
2349 1325 2565 1394 jejunio
2623 1327 2873 1397 deputati
2942 1337 3260 1385 occurreret
3289 1330 3565 1399 jejunium
3614 1349 3728 1388 cu-

2094 1413 2297 1486 jusque
2354 1416 2624 1486 temporis
2664 1432 2762 1487 per
2811 1417 2973 1486 hujus
3012 1419 3228 1474 numeri
3270 1420 3493 1476 lineam.
3530 1445 3557 1473 ι»
3608 1423 3735 1479 Hoc

2102 1503 2195 1557 ille
2227 1505 2477 1574 quamvis
2512 1521 2702 1561 verum
2741 1513 2926 1562 tamen
2965 1507 3165 1563 frustra
3206 1508 3364 1577 dixit,
3396 1511 3525 1581 quia
3573 1520 3740 1568 extra

2032 1608 2076 1676 Β
2105 1612 2262 1649 usum
2299 1597 2471 1651 sensit
2501 1599 2703 1666 Berno,
2737 1615 2767 1653 a
2805 1598 2965 1668 cujus
3003 1616 3101 1655 ore
3131 1616 3230 1656 vos
3257 1602 3534 1672 pendetis,
3569 1606 3742 1673 cujus

2102 1685 2268 1739 verba
2300 1691 2429 1740 sunt
2458 1686 2615 1741 vobis
2642 1702 2742 1758 pro
2772 1689 2983 1761 regula,
3012 1689 3109 1760 qui
3136 1697 3375 1745 vestrum
3404 1708 3734 1748 sacramen-

2101 1781 2280 1829 torum
2315 1773 2519 1829 librum
2549 1791 2652 1831 suo
2678 1777 2977 1847 exemplari
3009 1778 3272 1845 attitulat,
3304 1778 3466 1835 nobis
3496 1797 3735 1853 quoque

2101 1865 2301 1936 placet,
2325 1866 2471 1921 hunc
2494 1882 2594 1923 nos
2632 1869 2815 1939 magni
2846 1868 3135 1935 habemus,
3170 1870 3301 1942 quia
3326 1872 3473 1942 quod
3506 1888 3606 1943 pro
3630 1874 3730 1930 vi-

2102 1957 2184 2011 rili
2216 1958 2471 2028 portione
2504 1959 2684 2029 potuit
2715 1960 2768 2013 in
2811 1960 3169 2016 tabernaculo
3209 1962 3304 2016 Dei
3343 1962 3564 2018 obtulit.
3611 1965 3730 2019 Sed

2100 2045 2353 2117 praecipit
2376 2046 2671 2117 Apostolus
2700 2047 2887 2102 omnia
2925 2049 3182 2119 probare,
3216 2051 3369 2121 quod
3398 2050 3603 2107 bonum
3634 2058 3733 2107 est

2095 2145 2317 2203 tenere,
2346 2135 2414 2189 ab
2446 2135 2596 2190 omni
2625 2139 2810 2207 specie
2843 2138 2984 2192 mala
3015 2154 3117 2194 nos
3147 2138 3450 2195 abstinere.
3483 2140 3721 2212 Species

2095 2226 2244 2280 mala
2281 2234 2363 2280 est
2392 2225 2674 2281 discordia
2706 2226 2985 2294 Ecelesim,
3027 2243 3127 2299 pro
3156 2244 3265 2299 qua
3295 2244 3490 2284 omnes
3518 2229 3723 2301 quoti-

2096 2321 2186 2376 die
2220 2337 2458 2389 oramus,
2487 2329 2547 2376 ut
2575 2321 2631 2376 in
2674 2321 2866 2392 primis
2893 2337 3011 2376 eam
3046 2322 3308 2398 dignetur
3340 2324 3485 2378 Deus
3519 2323 3688 2395 paciﬁ
3708 2355 3724 2366 ο

2095 2427 2221 2467 care
2245 2422 2299 2467 et
2325 2413 2570 2467 adunarc
2598 2417 2712 2466 toto
2731 2410 2867 2466 orbe
2891 2416 3187 2479 terrarum,
3218 2427 3323 2467 nec
3346 2418 3529 2467 tamen
3550 2430 3728 2468 unam

2094 2508 2212 2556 eam
2262 2501 2492 2557 adunari
2549 2500 2806 2572 patimur,
2848 2501 2976 2554 dum
3026 2516 3124 2571 per
3173 2501 3578 2557 dissonantiam
3618 2519 3729 2559 ec-

2097 2592 2389 2648 clesiastici
2421 2592 2556 2647 ritus
2581 2592 2649 2646 ab
2680 2591 2914 2646 invicem
2967 2591 3290 2648 dividimur.
3338 2592 3446 2647 Vos
3474 2603 3724 2649 vestros-

2097 2696 2206 2753 que
2247 2681 2384 2735 ritus
2414 2696 2523 2737 non
2583 2678 2983 2751 improbamus,
3016 2680 3114 2735 sed
3149 2680 3300 2752 quod
3363 2696 3428 2735 ex
3483 2682 3718 2755 antiqua

2095 2776 2311 2830 Patrum
2345 2774 2639 2830 traditione
2677 2779 2948 2835 tenemus,
2994 2780 3176 2828 utrum
3211 2780 3358 2829 recte
3394 2781 3710 2845 teneamus,

377 2858 820 2932 Quadragesimae
854 2861 1280 2930 hebdomadam,
1313 2871 1371 2919 ut
1409 2867 1714 2936 paratiores
1747 2870 1878 2937 sint,
1938 2882 1993 2928 et
2019 2920 2061 2937 η
2092 2867 2362 2923 bonorum
2388 2866 2601 2937 judiCiO
2632 2865 3047 2921 committimus-

375 2920 469 3016 qui
495 2920 775 3014 ordinant,
810 2956 863 3003 et
894 2950 989 3021 qui
1019 2920 1365 3019 ordinantur,
1400 2920 1800 3028 siforte(quod
1827 2920 2062 3033 absit)C
2162 2958 2239 3012 De
2284 2920 2630 3026 tem'poribus
2688 2955 2973 3010 initiandis
3028 2970 3140 3026 prie
3196 2955 3458 3012 omnibus
3512 2960 3718 3014 Anato-

374 3037 555 3091 adhuc
575 3038 934 3093 Nabuzardan
966 3044 1294 3115 expugnarit
1329 3061 1514 3101 muros
1537 3046 1866 3116 Jerusalem,
1896 3052 1989 3107 illa

373 3130 469 3201 qui
492 3131 558 3186 de
581 3132 892 3202 captivitate
924 3135 1216 3207 Babylonis
1239 3138 1516 3206 redibunt,
1542 3142 1868 3211 ptenitentia
1898 3146 1984 3200 la-

372 3226 649 3283 borabunt
679 3228 735 3282 in
766 3232 1106 3286 restruendis
1134 3233 1308 3288 muris
1356 3250 1470 3290 suae
1494 3236 1824 3309 Jerusalem,
1878 3258 1986 3297 una

370 3334 535 3372 manu
567 3318 832 3376 facientes
870 3338 1011 3393 opus
1046 3324 1379 3394 orationum,
1403 3334 1457 3382 et
1482 3329 1650 3384 altera
1688 3348 1852 3387 manu
1893 3343 1982 3389 te-

370 3418 572 3466 nentes
602 3412 845 3485 gladium
865 3414 1084 3484 jejunii.

438 3503 682 3559 Delectat
734 3505 898 3560 etiam
960 3523 1062 3563 nos
1114 3508 1469 3584 allegorizare
1520 3530 1690 3584 super
1748 3531 1981 3574 numero

367 3594 836 3652 hebdomadarum
870 3616 992 3671 quae
1025 3600 1370 3674 distinguunt
1401 3604 1615 3672 jejunia
1646 3611 1975 3678 temporum.

365 3689 473 3744 Sed
513 3691 663 3763 quia,
694 3699 753 3747 ut
784 3694 860 3749 ait
916 3694 1202 3769 Origenes,
1250 3696 1305 3750 in
1332 3698 1543 3769 campis
1587 3701 1864 3774 allegoriae
1895 3713 1979 3759 est

361 3782 534 3837 libera
561 3784 833 3858 evagandi
873 3786 1118 3852 licentia,
1155 3788 1276 3843 haec
1312 3789 1541 3845 libertas
1572 3791 1738 3848 debet
1768 3795 1976 3850 habere

360 3874 584 3928 modum
647 3878 1056 3950 progrediendi.
1117 3880 1248 3934 Tres
1300 3882 1720 3955 generationum
1781 3887 1976 3942 Christi

361 3964 587 4020 ordines
616 3967 821 4035 tribus;
853 3969 1194 4038 jejuniorum
1235 3973 1521 4029 ordinibus
1550 3975 1846 4051 allegorice
1887 3997 1975 4036 re-

361 4054 662 4122 spondent,
714 4057 845 4127 quid
909 4059 1224 4115 conferetur
1285 4069 1479 4133 quarto
1523 4065 1760 4134 jejunio,
1819 4070 1970 4140 quod

359 4145 521 4200 etiam
546 4147 1017 4205 hebdomadarum
1042 4153 1326 4208 mutilatur
1347 4171 1576 4213 numero
1598 4156 1625 4210 ?
1648 4159 1829 4216 Placet
1855 4162 1972 4219 hzec

361 4236 644 4313 allegoria,
709 4242 807 4296 sed
867 4258 974 4298 non
1036 4243 1129 4311 ita,
1179 4254 1240 4300 ut
1303 4261 1400 4316 pro
1447 4255 1599 4303 certa
1638 4249 1837 4325 figatur
1884 4254 1970 4323 je-

353 4329 636 4399 juniorum
663 4330 871 4405 regula.
896 4330 1077 4387 Placet
1107 4339 1161 4388 et
1187 4335 1456 4391 Bernonis
1486 4338 1696 4411 regula,
1730 4358 1853 4412 quae
1874 4358 1973 4398 vos

357 4424 594 4495 quodam
625 4425 982 4487 intellectuali
1013 4427 1239 4484 linearis
1289 4432 1503 4486 numeri
1557 4431 1648 4488 ﬁlo
1701 4450 1731 4488 a
1791 4436 1971 4506 primo

352 4513 566 4584 jejunio
606 4513 673 4569 ad
692 4515 1019 4581 secundum,
1054 4533 1085 4570 a
1112 4518 1356 4574 secundo
1379 4520 1447 4574 ad
1481 4521 1722 4589 tertium,
1752 4540 1782 4577 a
1811 4526 1970 4581 tertio

355 4605 424 4659 ad
443 4615 696 4677 quartum
723 4607 998 4674 jejunium
1031 4607 1201 4675 ducit,
1234 4618 1289 4664 et
1341 4611 1549 4665 utinam
1592 4613 1714 4668 sine
1758 4630 1964 4669 errore.

354 4695 418 4751 Et
446 4697 618 4752 multo
643 4697 766 4767 plus
795 4697 1055 4768 placeret,
1088 4699 1133 4753 si
1188 4699 1351 4755 etiam
1393 4717 1492 4771 per
1521 4719 1634 4756 xtm
1686 4720 1715 4758 a
1769 4713 1965 4776 quarto

346 4793 562 4862 jejunio
593 4792 660 4846 ad
692 4793 929 4863 primum
954 4801 1297 4849 -recurreret.
1335 4796 1442 4851 Sed
1483 4804 1542 4852 ut
1593 4814 1715 4853 cum
1747 4816 1879 4870 pace
1913 4808 1967 4856 et

352 4887 529 4966 gratia
567 4894 748 4943 vestra
776 4887 1086 4958 loquamur,
1137 4888 1253 4944 haec
1297 4889 1419 4957 ejus
1469 4891 1634 4959 linea,
1666 4894 1795 4964 quia
1853 4910 1965 4949 non

351 4982 639 5055 aequaliter
707 4980 904 5036 dividit
951 4981 1079 5035 anni
1139 4981 1518 5038 hebdomadas
1574 5001 1674 5054 per
1726 4985 1967 5048 Quatuor

350 5072 678 5143 Temporum
704 5069 937 5140 jejunia,
960 5069 1180 5125 videtur
1200 5070 1527 5141 quibusdam
1560 5089 1667 5128 non
1691 5089 1813 5129 esse
1835 5074 1967 5129 satis

351 5167 579 5222 directa.
639 5165 693 5219 Si
750 5165 896 5220 enim
948 5180 1048 5235 per
1098 5166 1513 5234 quatuordecim
1573 5168 1883 5239 triplicatur
1934 5186 1966 5224 a

350 5266 540 5331 quarto
586 5258 801 5329 jejunio
854 5273 1030 5328 usque
1088 5256 1155 5311 ad
1189 5257 1349 5328 primi
1399 5276 1702 5329 recursum,
1758 5269 1967 5318 restant

351 5347 543 5404 decem
583 5356 792 5403 tantum
844 5346 1224 5421 hebdomadze.
1287 5346 1341 5401 Si
1394 5364 1493 5418 per
1544 5350 1962 5421 quatuordecim

422 5530 605 5604 (1009)
653 5532 826 5604 Vulgo
866 5531 1068 5604 dicitur
1116 5532 1287 5588 Vatho
1322 5550 1419 5589 seu
1454 5534 1615 5589 etiam
1646 5536 1786 5591 Vazo
1817 5536 1957 5591 Leo-

353 5601 560 5657 diensis
588 5601 902 5673 episcopus,
954 5603 1205 5675 obiitque
1243 5620 1389 5660 anno
1433 5606 1570 5661 1M8
1606 5607 1685 5662 uti
1717 5608 1954 5682 legimus

1992 4292 2054 4361 D

2087 3047 2219 3102 lium
2245 3047 2546 3118 sequimur,
2580 3047 2674 3118 qui
2706 3046 2896 3117 quanti
2927 3044 3128 3100 debeat
3154 3060 3296 3112 esse,
3331 3045 3499 3101 nobis
3527 3054 3700 3103 testa-

2088 3145 2175 3192 tur
2222 3137 2495 3193 Eusebius
2535 3136 2593 3191 in
2644 3136 3024 3192 ecclesiastica
3087 3135 3350 3204 Historia,
3406 3144 3461 3192 et
3511 3137 3713 3194 Hiero-

2087 3242 2283 3297 nymus
2314 3226 2369 3281 in
2409 3225 2553 3281 libro
2593 3225 2888 3281 illustrium
2914 3224 3180 3281 virorum.
3219 3244 3241 3276 ι
3277 3225 3585 3294 Anatolius,
3616 3227 3704 3282 in-

2084 3319 2221 3389 quit,
2277 3318 2682 3373 Alexandrinus
2728 3316 2995 3372 Laodicia;
3027 3316 3197 3388 Syriae
3250 3318 3545 3389 episcopus
3600 3320 3710 3373 sub

2084 3408 2259 3463 Probo
2287 3416 2341 3462 et
2362 3407 2491 3463 Gaio
2515 3406 2923 3478 reparatoribus
2953 3406 3156 3469 ﬂoruit,
3192 3408 3275 3462 vir
3304 3407 3458 3462 mirm
3488 3407 3698 3462 doctri-

2082 3516 2166 3557 nee
2188 3501 2244 3555 in
2273 3499 2635 3566 arithmetica,
2667 3498 2991 3572 geometria,
3024 3501 3388 3568 astronomia;
3417 3521 3702 3578 gramma-

2082 3590 2209 3656 lica,
2242 3588 2536 3656 rhetorica,
2567 3586 2873 3643 dialectica.
2910 3610 2932 3632 ι
2976 3587 3037 3642 Et
3068 3588 3115 3642 si
3144 3588 3212 3642 ad
3253 3591 3560 3649 modernos
3586 3612 3697 3652 ve»

2079 3679 2344 3734 niendum
2371 3685 2476 3746 est,
2505 3677 2792 3748 sequimur
2835 3685 3056 3732 nostros
3096 3676 3486 3735 Waterhonem
3510 3682 3693 3754 (1099)

2078 3784 2278 3832 nostrae
2318 3774 2473 3831 urbis
2501 3772 2845 3844 episcopum,
2877 3778 2933 3826 ct
2970 3770 3250 3827 Olbertum
3279 3773 3701 3834 Gemblacensis

2077 3869 2320 3925 crenobii
2354 3866 2635 3931 abbatem,
2681 3860 2774 3932 qui
2824 3860 2881 3914 in
2919 3859 3280 3934 generatione
3325 3878 3424 3917 sua
3463 3864 3601 3933 justi
3640 3873 3702 3922 et

2076 3966 2221 4025 docti
2275 3966 2515 4030 fuerunt,
2551 3962 2718 4031 justis
2771 3969 2826 4016 et
2886 3960 3064 4016 doctis
3110 3959 3244 4015 Viris
3282 3960 3367 4015 sui
3406 3969 3460 4015 et
3520 3960 3694 4016 nostri

2073 4061 2339 4133 temporis
2368 4054 2687 4115 conferendi
2715 4060 2811 4109 aut
2852 4052 3017 4108 etiam
3052 4051 3381 4123 praeferendi
3450 4051 3510 4105 lli
3563 4050 3689 4107 fue-

2073 4170 2200 4220 runt
2228 4157 2669 4229 contemporales
2688 4152 2945 4208 Aribonis
2973 4158 3028 4207 et
3053 4150 3342 4207 Bernonis.
3378 4150 3439 4205 lli
3473 4151 3689 4207 Berno-

2079 4255 2166 4309 nis
2203 4251 2428 4322 scripta,
2460 4263 2527 4302 eo
2556 4249 2916 4309 monstrante,
2961 4241 3241 4316 legerunt;
3269 4242 3365 4296 sed
3408 4241 3577 4296 multa
3608 4242 3686 4297 le-

2078 4351 2269 4416 gentes
2323 4346 2377 4395 et
2410 4336 2595 4394 omnia
2652 4334 2967 4406 probantes,
3008 4332 3164 4408 jtytta
3218 4330 3368 4401 quod
3423 4331 3690 4386 Dominus

2074 4432 2325 4506 praecipit
2350 4425 2825 4501 praedicatoribus,
2859 4439 2969 4478 non
2997 4421 3301 4477 transibant
3332 4421 3401 4476 de
3434 4421 3599 4477 domo
3629 4422 3687 4477 in

2072 4532 2320 4595 domum,
2350 4527 2406 4580 id
2437 4533 2521 4580 est
2547 4523 2616 4577 de
2647 4520 2923 4577 sententia
2954 4518 3114 4573 istius
3148 4518 3215 4572 ad
3244 4518 3579 4573 sententiain
3620 4518 3690 4572 il-

2072 4624 2210 4688 lius;
2268 4619 2365 4675 sed
2407 4617 2614 4692 regiam
2645 4621 2859 4685 patrum
2898 4611 3042 4665 viam
3086 4609 3430 4681 gradientes,
3471 4625 3580 4665 non
3613 4611 3682 4665 ad

2069 4715 2338 4778 dextram,
2371 4725 2475 4765 nec
2531 4707 2599 4763 ad
2631 4705 2908 4761 sinistram
2969 4703 3344 4759 declinabant.
3379 4702 3438 4756 lli
3464 4702 3679 4773 jejunia

2067 4807 2308 4870 Quatuor
2334 4800 2662 4869 Temporum
2708 4794 3012 4850 secundum
3053 4793 3322 4848 rationem
3356 4799 3671 4863 temporum

2066 4892 2427 4963 accipientes,
2462 4887 2580 4943 dies
2605 4883 2869 4956 temporis
2889 4891 3016 4938 ante
3057 4881 3327 4936 Kalendas
3366 4880 3541 4936 Martii
3569 4896 3682 4937 non

2067 4981 2435 5038 excludebant
2464 4994 2494 5031 a
2520 4974 2735 5046 jejunio
2765 4972 2919 5028 verni
2966 4970 3252 5042 temporis,
3287 4970 3386 5024 sed
3413 4969 3467 5023 in
3501 4969 3679 5040 primo

2065 5075 2250 5130 statim
2300 5071 2563 5135 Sabbato,
2614 5067 2725 5121 imo
2784 5066 2839 5120 in
2909 5064 3086 5134 primo
3139 5061 3437 5133 aliquando
3477 5062 3684 5116 mensis

2066 5164 2156 5218 die
2192 5160 2465 5231 jejunium
2522 5163 2576 5212 et
2606 5154 2807 5225 jejunii
2847 5152 3134 5207 historiam
3190 5149 3508 5220 explebant.
3573 5148 3682 5205 Hos

2066 5254 2313 5325 aliosque
2351 5255 2570 5305 sanctos
2615 5254 2669 5303 et
2724 5246 2916 5301 doctos
2958 5243 3106 5298 viros
3149 5241 3206 5296 in
3239 5241 3348 5296 hoc
3375 5240 3677 5312 sequimur,

2068 5363 2177 5402 non
2231 5344 2361 5417 quia
2387 5341 2562 5398 sancti
2600 5347 2651 5395 et
2681 5337 2826 5394 docti
2856 5335 3100 5402 fuerunt,
3136 5333 3236 5388 sed
3268 5333 3399 5405 quia
3434 5333 3682 5389 veritatis

2059 5539 2271 5595 inlihro
2282 5539 2356 5593 De
2379 5536 2549 5595 gestis
2563 5533 2824 5589 abbatum
2844 5526 3356 5595 Gemblacensium,
3394 5524 3493 5581 ubi
3509 5526 3674 5583 etiam

2057 5612 2213 5682 plura
2246 5611 2312 5665 de
2336 5604 2557 5666 Olberto
2597 5604 2814 5661 abbate.
