3948 6044
356 213 463 271 827

1560 220 1910 281 SIGEBERTI
1949 220 2477 284 GEMBLACENSIS.

3588 234 3700 293 828

360 340 654 399 tellectuali
696 344 934 415 quodam
960 344 1053 402 filo
1098 348 1406 407 rectissime
1445 349 1592 406 linea
1643 354 1847 429 regulae
1874 370 1973 425 per
2003 360 2053 428 Α
2076 370 2175 412 vos
2201 356 2333 412 talia
2372 356 2716 415 semicinctia
2741 358 2941 416 offerre
2965 360 3067 430 illi,
3106 363 3195 418 cui
3237 378 3361 420 cum
3396 363 3566 440 Magis
3594 382 3699 422 au-

359 449 447 487 xrv
492 433 872 491 hebdomadas
905 453 1081 509 usque
1136 439 1193 494 in
1242 440 1391 496 Junii
1421 444 1628 499 mensis
1666 446 1973 501 secundum

360 519 595 576 ducatur
625 523 946 590 Sabbatum,
995 529 1236 601 indeque
1281 546 1380 600 per
1432 532 1568 587 alias
1610 550 1699 589 xiv
1752 535 1975 592 hebdo-

360 608 550 665 madas
589 612 657 666 ad
690 614 908 669 tertium
962 615 1310 687 Septembris
1348 618 1675 690 Sabbatum,
1731 622 1974 695 itemque

358 698 474 753 sive
515 717 614 770 per
640 718 752 769 xiv,
785 704 902 759 sive
931 722 1031 776 per
1077 723 1171 762 xm
1202 709 1271 763 ad
1305 709 1459 764 illum
1488 713 1799 781 proximum
1844 722 1973 770 ante

357 790 548 846 Natale
582 793 798 848 Domini
821 796 1141 867 Sabbatum,
1179 808 1239 855 ut
1266 801 1476 873 absque
1524 819 1708 860 errore
1759 807 1982 866 termini

357 898 549 939 eorum
576 886 942 943 Sabbatorum
984 892 1560 961 possintinterveniri.
1611 918 1632 947 ι

433 975 555 1032 Haec
583 978 891 1034 rectissima
923 981 1069 1037 linea
1110 1000 1210 1039 cur
1238 1001 1269 1039 a
1323 1003 1411 1041 xxv
1453 987 1689 1044 recurrit
1719 990 1789 1044 ad
1833 1007 1930 1047 xm
1956 992 1985 1045 ‘P

359 1064 627 1122 Nimirum
662 1068 789 1125 ideo
830 1071 980 1142 quod
1012 1089 1241 1130 necesse
1269 1076 1339 1131 sit
1368 1078 1419 1133 ei
1468 1079 1624 1150 sequi
1656 1090 1983 1151 competen-

362 1158 493 1212 tiam
531 1161 817 1231 temporis.
858 1162 948 1218 His
998 1164 1055 1218 in
1089 1165 1459 1223 hebdomadis
1489 1172 1845 1227 numerandis
1873 1174 1979 1230 sibi

361 1249 586 1319 quidem
628 1253 914 1321 satisfecit,
968 1258 1159 1313 nescio
1213 1259 1257 1313 si
1316 1269 1374 1314 et
1418 1260 1578 1316 vobis
1630 1263 1977 1322 satisfecerit.

362 1339 469 1395 Vos
498 1341 706 1413 quippe
734 1344 1029 1401 intendere
1054 1348 1342 1416 videmini,
1370 1358 1429 1405 ut
1458 1351 1819 1410 hebdomadas
1843 1373 1982 1428 qua-

362 1430 635 1506 draginta,
692 1434 813 1489 duae
864 1436 945 1490 sic
982 1440 1357 1508 respondeant
1404 1441 1787 1517 quadraginta,
1843 1447 1983 1503 dua-

365 1524 471 1579 bus
528 1529 984 1598 generationibus
1038 1531 1257 1600 Christi,
1315 1541 1374 1588 ut
1448 1535 1623 1605 prima
1678 1542 1982 1610 generatio,

2078 467 2222 519 rum,
2251 451 2377 507 thus
2402 456 2458 505 et
2487 453 2761 522 myrrham
2787 452 3081 510 obtulistis.

2150 539 2306 603 Quod
2344 538 2603 607 dicimus,
2633 556 2734 611 per
2783 557 3052 597 annorum
3100 546 3546 616 consequentiam
3574 564 3699 618 pro~

2076 632 2287 687 bemus.
2340 632 2494 686 Anno
2520 646 2631 703 quo
2658 632 2885 689 Martius
2922 634 3171 690 initiatur
3209 636 3266 690 in
3325 638 3498 709 prima
3534 639 3694 707 feria,

2077 724 2275 795 incipit
2307 725 2484 779 Berno
2531 741 2824 781 numerare
2851 727 3225 785 hebdomadas
3264 746 3294 784 a
3331 731 3568 787 Sabbato
3602 734 3699 802 je-

2081 814 2225 885 junii
2251 814 2492 869 vernalis
2525 815 2704 885 posito
2732 816 2789 870 in
2818 816 2988 872 Nonis
3039 817 3238 885 Martii,
3289 836 3403 875 uno
3430 821 3521 875 die
3573 828 3703 877 tan-

2084 913 2200 963 tum
2248 907 2442 964 relicto
2480 908 2729 977 Abrahae,
2774 924 2954 981 eoque
3010 917 3219 967 tantum
3256 929 3401 970 anno
3449 914 3701 971 Christus

2086 994 2251 1052 habet
2271 998 2492 1067 plenam
2530 996 2958 1054 hebdomadam.
3008 1001 3274 1072 Sequenti
3302 1018 3473 1070 anno,
3515 1005 3700 1075 posito

2036 1156 2041 1163 _
2075 1088 2273 1159 jejunii
2305 1087 2545 1144 Sabbato
2574 1088 2633 1142 in
2681 1089 2860 1160 primo
2901 1089 2991 1145 die
3020 1091 3223 1156 Nonas,
3260 1094 3421 1148 tertio
3462 1110 3606 1150 anno
3641 1095 3700 1149 in

2082 1178 2241 1234 tertio
2279 1176 2481 1241 Nonas,
2513 1186 2709 1247 quarto
2738 1193 2884 1233 anno
2914 1178 2972 1233 in
3016 1188 3210 1252 quarto
3265 1181 3466 1248 Nonas,
3502 1184 3701 1254 quinto

2082 1286 2228 1327 anno
2255 1270 2311 1325 in
2339 1270 2533 1342 quinto
2575 1270 2775 1334 Nonas,
2814 1288 2915 1343 per
2951 1273 3051 1329 hos
3080 1289 3175 1329 sex
3204 1275 3290 1330 vel
3318 1276 3565 1348 quinque
3593 1292 3702 1330 an-
3740 1344 3743 1345 ν

2085 1379 2187 1419 nos
2213 1364 2614 1418 intercurrente
2653 1362 2897 1419 bissexto
2928 1365 3110 1420 reddit
3142 1367 3318 1421 Berno
3346 1384 3443 1422 sex
3470 1368 3697 1423 subtra-

2085 1462 2203 1512 ctos
2231 1455 2385 1522 dies;
2414 1461 2470 1509 et
2511 1456 2815 1511 secundum
2855 1457 3213 1513 variationem
3246 1459 3521 1515 Nonarum
3558 1461 3698 1516 Mar-

2091 1548 2172 1614 tii,
2214 1546 2363 1601 linea
2390 1546 2512 1615 ejus
2551 1562 2822 1615 crescere,
2873 1554 2967 1603 aut
3006 1548 3327 1605 decrescere
3376 1551 3593 1606 videtur
3640 1553 3702 1607 in

363 1634 489 1688 quae
523 1625 608 1672 est
638 1619 933 1687 Abraham,
972 1629 1162 1678 teneat
1213 1624 1443 1695 primam
1475 1627 1648 1683 Martii
1682 1630 1985 1688 hebdoma-
2011 1666 2065 1735 B
2088 1637 2404 1694 utramlibet
2442 1643 2673 1707 partem.
2707 1637 3022 1693 Secundum
3068 1654 3167 1694 vos
3226 1647 3428 1705 autem,
3481 1642 3704 1735 longius

367 1712 522 1735 ’,η-Α
583 1713 767 1735 __,.,_A
830 1731 951 1735 μη*
1231 1719 1265 1735 ,.
1636 1730 1644 1735 ,
1711 1724 1759 1735 η.
1818 1727 1827 1735 .
2190 1727 2219 1735 .,
2285 1726 2353 1735 ..
2442 1726 2538 1735 ..η
2582 1726 2633 1735 ..
2699 1732 2705 1735 .
2945 1728 2976 1735 ..
3082 1728 3114 1735 ..
3358 1731 3368 1735 -

364 1712 523 1778 dam;
583 1713 774 1769 ultima
829 1731 960 1772 vero
1019 1719 1328 1790 generatio,
1387 1736 1511 1791 quae
1567 1730 1652 1778 est
1707 1724 1973 1795 Christus,

365 1806 700 1877 respondeat
723 1808 928 1863 ultimae
948 1809 1663 1872 Decembrishebdomadae.
1695 1818 1801 1874 Vos
1830 1830 1977 1877 recte

364 1895 422 1950 in
452 1896 559 1952 hoc
589 1898 805 1968 sapitis,
846 1900 891 1954 si
920 1899 1069 1956 linea
1119 1903 1382 1960 Bernonis
1414 1922 1513 1961 vos
1551 1908 1619 1962 ad
1660 1909 1764 1965 hoc
1794 1919 1982 1982 posset

365 1985 639 2059 dirigere;
673 1987 769 2041 sed
799 1995 1060 2044 nascente
1093 1990 1308 2048 Christo
1342 1994 1624 2062 infultima
1663 1998 1981 2056 Decembris

367 2076 739 2145 hebdomada,
774 2081 1055 2151 quomodo
1083 2082 1288 2139 dabitis
1316 2085 1544 2143 Abrahae
1586 2089 1817 2159 primam
1848 2092 1981 2148 Mar-

364 2166 426 2221 tii
464 2168 914 2227 hebdomadam?
956 2173 1128 2230 Linea
1163 2176 1436 2233 Bernonis
1487 2179 1757 2237 Abraham
1804 2184 1873 2239 ab
1916 2201 1982 2241 ea

365 2260 627 2328 excludit,
661 2263 791 2334 quia
836 2260 884 2319 si
934 2281 1053 2320 eam
1113 2267 1393 2325 obtineret
1448 2271 1739 2341 Abraham,
1789 2275 1981 2332 ultima

364 2352 684 2409 Decembris
715 2354 1065 2412 hebdomada
1096 2374 1206 2415 non
1255 2363 1615 2433 responderet
1646 2365 1853 2422 ultimae
1882 2385 1979 2444 ge—

364 2444 636 2502 nerationi
712 2446 850 2510 Quia
880 2465 1035 2523 ergo,
1067 2458 1127 2507 ut
1178 2454 1253 2508 ait
1297 2453 1524 2522 Tullius,
1559 2457 1759 2529 Tprima
1814 2476 1981 2517 causa

362 2537 609 2593 victoriae
637 2548 723 2593 est
751 2539 1052 2615 diligenter
1076 2544 1322 2602 ediscere
1352 2563 1572 2605 causam
1614 2566 1712 2621 pro
1742 2568 1851 2624 qua
1890 2553 1979 2608 di-

364 2626 503 2680 cturi
534 2643 729 2682 sumus
759 2644 978 2685 causam
1029 2633 1191 2701 hujus
1244 2634 1586 2693 difficultatis
1613 2643 1982 2697 communiter

363 2729 698 2785 quaeramus,
748 2726 807 2771 ut
837 2722 1118 2775 communi
1146 2722 1334 2779 labore
1381 2724 1761 2784 difficultatem
1804 2730 1979 2802 ipsam

362 2804 447 2858 vel
478 2804 666 2861 videre
695 2822 983 2878 queamus.

434 2893 473 2945 A
520 2893 782 2949 Kalendis
820 2895 993 2952 Martii
1019 2914 1195 2971 usque
1227 2902 1296 2956 ad
1340 2919 1435 2958 vm
1477 2904 1747 2963 Kalendas
1774 2910 1980 2966 Janua-

363 2980 450 3047 rii,
502 2990 632 3036 sunt
664 2984 1026 3042 hebdomadas
1069 3005 1172 3043 XLII
1213 2997 1267 3045 et
1314 2992 1436 3047 dies
1472 3012 1545 3050 v1.
1593 2996 1697 3051 Hos
1734 3014 1827 3053 sex
1859 3001 1978 3056 dies

363 3071 696 3127 subtrahens
748 3074 923 3129 Berno
976 3092 1007 3129 ιι
1051 3094 1282 3135 numero
1331 3082 1826 3155 hebdomadarum,
1884 3106 1978 3146 eas

367 3174 476 3214 non
509 3176 539 3213 a
567 3160 827 3216 Kalendis
868 3163 1065 3231 Martii,
1091 3167 1189 3222 sed
1240 3185 1272 3223 a
1317 3170 1559 3229 Sabbato
1599 3177 1811 3232 venalis
1830 3179 1976 3250 jeju-

366 3247 445 3302 nii
478 3248 673 3320 incipit
700 3267 1009 3309 numerare.
1044 3255 1145 3311 Per
1174 3258 1280 3314 hoc
1308 3261 1533 3332 quidem
1579 3265 1724 3320 cavit
1757 3247 1974 3335 sibi,‘ut

362 3335 509 3391 linea
534 3353 635 3394 sua
665 3339 721 3393 in
751 3357 982 3399 numero
1012 3345 1484 3406 hebdomadarum
1534 3369 1717 3426 neque
1741 3366 1971 3427 crescat,

360 3439 543 3497 neque
572 3426 871 3507 decrescat.
905 3448 1016 3488 non
1060 3441 1244 3491 tamen
1275 3455 1374 3509 per
1404 3440 1508 3497 hoc
1534 3459 1596 3499 se
1644 3447 1795 3501 omni
1816 3426 1973 3504 scan-

362 3515 487 3573 dalo
513 3518 770 3576 absolvit.
802 3522 1032 3595 Propter
1079 3528 1180 3583 hos
1208 3545 1305 3585 sex
1341 3531 1463 3588 dies
1489 3533 1801 3594 subtractos
1854 3540 1972 3596 dis-

359 3612 620 3668 convenit
649 3613 792 3670 inter
818 3631 921 3671 nos
949 3625 1006 3674 et
1026 3635 1125 3675 vos
1153 3622 1473 3694 aliquando,
1518 3628 1651 3683 inter
1696 3631 1965 3689 Abraham

362 3720 494 3760 vero
542 3712 597 3760 et
626 3716 943 3764 nascentem
995 3710 1266 3769 Christum
1300 3716 1449 3773 nullo
1489 3735 1635 3775 anno
1684 3726 1963 3783 convenit.

361 3791 630 3847 Abraham
670 3796 817 3849 enim
871 3799 1068 3853 nolens
1104 3803 1345 3872 quodam
1403 3807 1569 3863 modo
1618 3810 1889 3869 decedere
1942 3832 1973 3869 a

363 3882 682 3951 praescripta
734 3883 839 3937 sibi
894 3886 1067 3954 prima
1108 3889 1281 3945 Martii
1331 3893 1699 3964 hebdomada,
1754 3902 1973 3958 subtra-

362 3980 479 4028 ctos
543 3974 649 4029 sibi
703 3993 798 4032 sex
861 3978 981 4033 dies
1051 3998 1272 4055 semper
1336 3990 1556 4059 repetit,
1625 3999 1679 4047 et
1739 3996 1972 4072 singulis

363 4070 523 4125 annis
561 4071 811 4147 singulos
835 4077 957 4132 dies
986 4080 1285 4151 recipiens,
1307 4084 1526 4141 videtur
1551 4104 1784 4161 arguere
1810 4110 1973 4169 regu-

362 4159 468 4214 lam
531 4163 818 4235 Bernonis,
872 4167 1035 4224 modo
1066 4186 1341 4241 crescere,
1384 4178 1549 4233 modo
1595 4159 1915 4239 decrescere
1953 4204 1968 4253 ;

362 4250 491 4322 quia
520 4263 655 4325 quot
692 4255 814 4311 dies
848 4273 961 4313 suae
993 4259 1353 4319 hebdomadas
1374 4266 1591 4337 recipit,
1619 4275 1700 4326 tot
1728 4250 1972 4330 Christus

2084 1727 2262 1799 posito
2277 1726 2477 1796 jejunii
2508 1726 2770 1791 Sabbato,
2809 1728 3050 1799 amplius
3082 1728 3229 1784 linea
3258 1731 3517 1787 variatur.
3554 1730 3699 1795 Quid

2079 1816 2226 1888 quod
2253 1814 2554 1886 aliquando
2595 1814 2915 1885 perlineam
2970 1817 3240 1872 Bernonis
3274 1818 3401 1889 plus
3424 1820 3571 1890 juste
3607 1836 3703 1874 ex-

2078 1914 2417 1961 crescentem
2458 1906 2795 1962 exturbatur.
2846 1907 3087 1963 Nascens
3142 1920 3294 1964 extra
3341 1910 3704 1986 quadragesi-

2079 2015 2223 2053 mam
2290 1998 2591 2053 secundam
2657 1999 3065 2056 hebdomadam
3126 2009 3182 2057 et
3235 2004 3704 2076 generationem?

2082 2088 2218 2153 Quia
2251 2090 2400 2144 enim
2436 2091 2612 2145 Berno
2654 2107 2685 2146 a
2724 2090 2967 2147 Sabbato
3010 2092 3387 2149 hebdomadas
3435 2103 3491 2150 et
3535 2112 3705 2168 gene-

2077 2177 2323 2233 rationes
2368 2177 2613 2246 inchoat,
2659 2178 2716 2233 in
2760 2186 2913 2235 sexta
2962 2180 3098 2236 feria
3160 2198 3255 2237 eas
3305 2198 3526 2254 semper
3560 2199 3702 2240 con-

2080 2276 2338 2324 summat.

2151 2359 2309 2413 Anno
2339 2373 2472 2433 ergo
2527 2374 2639 2431 quo
2672 2358 2919 2414 initiatur
2960 2359 3187 2415 Martius
3234 2362 3290 2416 in
3337 2363 3584 2419 secunda
3615 2364 3700 2419 fe-

2082 2453 2182 2520 ria,
2209 2460 2665 2509 consummantur
2684 2471 2791 2509 XLll
2823 2455 3192 2511 hebdomadas
3226 2464 3279 2513 et
3308 2460 3704 2531 generationes

2081 2559 2134 2597 ιχ
2161 2542 2433 2598 Kalendas
2479 2542 2743 2606 Januarii,
2781 2542 2838 2596 id
2870 2550 2953 2598 est
2990 2543 3045 2597 in
3094 2545 3278 2618 vigilia
3326 2547 3529 2603 Natalis
3587 2548 3701 2605 Do-

2079 2632 2238 2699 mini,
2285 2647 2408 2704 quaa
2448 2647 2514 2687 eo
2560 2648 2707 2688 anno
2760 2634 2999 2689 occurrit
3023 2632 3093 2706 lin
3144 2643 3296 2691 sexta
3346 2637 3503 2702 feria,
3558 2638 3703 2694 ultra

2079 2737 2243 2793 quam
2276 2736 2388 2777 non
2410 2720 2577 2775 debet
2605 2722 2850 2791 protrahi
2883 2723 3152 2779 Bernonis
3206 2726 3414 2796 regula.
3464 2721 3563 2779 Per
3592 2726 3697 2781 hoc

2081 2815 2335 2871 initiante
2386 2814 2809 2887 quadragesima
2858 2816 3019 2871 tertia
3083 2816 3447 2885 hebdomada,
3506 2819 3560 2872 in
3614 2836 3699 2874 se-

2080 2908 2273 2978 quenti
2320 2905 2563 2961 Sabbato
2620 2906 2866 2961 nascitur
2919 2907 3184 2977 Christus,
3217 2911 3272 2964 in
3328 2925 3395 2965 eo
3426 2912 3584 2981 quasi
3637 2912 3691 2965 in

2084 2996 2289 3062 alieno,
2313 2996 2444 3067 quia
2482 3010 2595 3050 non
2639 3003 2726 3050 est
2751 2996 2801 3050 ei
2848 2997 2953 3052 hoc
2977 3014 3124 3053 anno
3150 3000 3304 3054 locus
3342 3000 3397 3054 in
3429 3001 3694 3056 Bernonis

2084 3089 2409 3145 diversorio.
2443 3088 2782 3145 Conﬁdimus
2821 3098 3005 3146 tamen
3048 3093 3117 3148 de
3146 3095 3308 3149 vobis
3342 3094 3398 3149 in
3434 3097 3693 3164 Domino,

2077 3182 2225 3254 quod
2256 3182 2375 3253 ipse
2406 3181 2502 3253 qui
2547 3181 2788 3237 nascitur
2837 3186 3024 3258 magni
3070 3186 3287 3241 consilii
3336 3188 3578 3263 Angelus
3614 3189 3690 3244 in-

2075 3274 2309 3344 spirabit
2350 3273 2508 3329 vobis
2556 3281 2612 3329 et
2657 3274 2943 3346 aspirabit,
2994 3284 3055 3332 ut
3120 3278 3322 3334 habeat
3376 3281 3540 3335 etiam
3590 3282 3694 3337 hoc

2074 3381 2220 3421 anno
2272 3367 2452 3422 locum
2503 3366 2559 3420 in
2599 3375 2793 3422 vestras
2834 3368 3118 3439 sapientiae
3176 3371 3500 3429 diversorio.
3556 3374 3696 3429 Velit

2072 3455 2213 3511 forte
2252 3454 2453 3526 aliquis
2480 3470 2742 3510 excusare
2785 3456 3115 3526 Bernonem,
3158 3476 3261 3531 per
3298 3461 3403 3516 hoc
3452 3464 3601 3533 quod
3632 3464 3690 3518 in

2072 3549 2454 3604 vuiKalendas
2472 3548 2718 3603 Januarii
2750 3549 2944 3620 incipit
2973 3551 3165 3606 ultima
3197 3554 3516 3610 Decembris
3547 3557 3689 3611 heb—

2069 3644 2324 3714 domada,
2349 3660 2472 3716 quas
2503 3644 2670 3698 debet
2700 3645 3039 3716 respondere
3092 3646 3285 3703 Christi
3316 3651 3685 3722 generationi.

2069 3735 2262 3790 Posset
2291 3734 2515 3806 quidem
2544 3750 2641 3805 per
2666 3735 2775 3791 hoc
2812 3738 3082 3805 excusari,
3119 3740 3166 3793 si
3197 3740 3360 3795 etiam
3393 3743 3498 3798 hoc
3535 3761 3685 3801 anno

2074 3824 2385 3880 differretur
2416 3825 2693 3893 jejunium
2727 3825 2784 3879 in
2813 3828 3118 3883 secundum
3151 3829 3324 3885 Martii
3367 3832 3686 3889 Sabbatum.

2074 3917 2184 3972 Sed
2228 3917 2280 3971 ei
2310 3917 2397 3971 via
2436 3917 2584 3971 hunc
2614 3917 2884 3972 evadendi
2928 3921 3302 3989 praecluditur,
3347 3925 3472 3995 quia
3507 3928 3692 3996 posito

2074 4005 2313 4061 Sabbato
2346 4004 2546 4074 jejunii
2576 4006 2630 4059 in
2671 4022 2707 4060 ιι
2740 4006 2942 4074 Nonas,
2985 4015 3039 4063 et
3081 4010 3350 4066 Abraham
3400 4015 3693 4071 obtinente

2073 4100 2197 4170 plus
2236 4113 2398 4169 quam
2449 4097 2751 4152 secundam
2818 4098 2989 4154 Martii
3040 4101 3466 4172 hebdomadam,
3534 4106 3693 4162 Chri-

2070 4202 2187 4250 stus
2215 4208 2318 4247 nec
2347 4191 2707 4262 penultimam
2729 4193 3045 4249 Decembris
3067 4196 3471 4253 hebdomadam
3494 4200 3686 4258 habet.

2144 4283 2266 4337 Haec
2285 4282 2433 4353 juste
2460 4296 2639 4336 necne
2654 4282 2887 4337 dixerim
2912 4283 2981 4338 de
2998 4286 3186 4356 regula
3215 4287 3503 4355 Bernonis,
3525 4291 3690 4346 vide-

360 4361 475 4401 suaa
508 4347 871 4407 hebdomadas
902 4352 1023 4408 dies
1054 4355 1271 4412 amittit.
1300 4358 1568 4417 Abraham
1610 4373 1818 4435 quanto
1850 4368 1967 4423 lon-
1994 4359 2052 4427 Β
2072 4374 2153 4429 bit
2183 4347 2377 4429 vestrae
2422 4371 2726 4447 diligentiae
2757 4375 2985 4441 oculus;
3017 4347 3090 4431 et,
3121 4378 3167 4432 si
3207 4380 3339 4449 quid
3394 4347 3613 4438 incaute
3652 4401 3687 4439 ει

361 4432 486 4523 gius
534 4452 565 4489 a
589 4452 689 4492 sua
716 4437 1061 4497 hebdomada
1103 4443 1412 4516 elongatur,
1448 4456 1597 4507 tanto
1630 4432 1824 4523 plures
1854 4455 1974 4511 dies

360 4521 469 4577 sibi
500 4532 750 4597 usurpat,
780 4536 841 4582 ut
868 4528 1167 4601 aliquando
1207 4534 1499 4607 plusquam
1531 4521 1695 4596 unam
1750 4545 1969 4602 hebdo-

362 4610 599 4679 madam,
641 4614 938 4687 aliquando
984 4620 1274 4692 plusquam
1325 4624 1462 4680 duas
1519 4629 1766 4687 obtineat
1799 4634 1972 4692 tribus

360 4706 570 4762 scilicet
598 4710 776 4778 annis,
809 4712 1009 4783 quibus
1046 4731 1143 4771 vos
1181 4720 1388 4788 ponitis
1417 4722 1716 4781 Sabbatum
1769 4729 1969 4800 jejunii

361 4798 507 4853 circa
536 4816 587 4853 νι
637 4800 763 4856 ldus
794 4803 987 4861 Martii.
1022 4809 1087 4865 At
1120 4827 1259 4882 puer
1309 4815 1468 4885 cujus
1494 4823 1580 4871 est
1610 4798 1840 4875 nomen
1872 4822 1972 4879 Do-

361 4889 543 4946 minus
586 4893 770 4961 justus
806 4904 1014 4968 noster,
1061 4902 1129 4957 ad
1178 4920 1332 4961 suam
1365 4916 1575 4977 partem
1624 4922 1969 4971 recrescente

362 4981 509 5038 linea
545 4999 695 5050 suos,
745 4994 955 5043 tantum
977 4990 1096 5046 dies
1143 4994 1425 5049 annuatim
1474 4998 1704 5070 recepit,
1747 5008 1801 5056 et
1829 5003 1971 5059 nihil

361 5071 484 5142 plus
513 5088 615 5128 sua
652 5073 799 5143 justa
829 5086 986 5147 parte
1038 5081 1226 5157 exigit.
1271 5084 1349 5138 lta
1389 5100 1487 5141 vos
1515 5103 1820 5159 nunquam,
1862 5092 1968 5148 nisi

358 5171 590 5233 excepto
619 5179 731 5220 uno
774 5181 920 5223 anno
950 5168 1094 5225 datis
1144 5173 1393 5228 nascenti
1428 5174 1642 5231 Christo
1700 5178 1967 5255 integram

359 5253 785 5323 hebdomadam,
846 5259 952 5314 nisi
993 5261 1134 5317 forte
1163 5262 1472 5321 subtractos
1502 5267 1559 5322 in
1609 5268 1798 5326 Martio
1826 5253 1969 5329 ﬁdies

323 5346 595 5401 'assuatis
647 5347 941 5404 decurtata;
999 5349 1199 5405 Christi
1250 5353 1631 5425 hebdomanlm,
1686 5366 1746 5414 ut
1774 5361 1859 5415 vel
1889 5363 1968 5419 sic

358 5432 503 5489 detis
526 5437 765 5507 quodam
797 5439 962 5495 modo
993 5442 1221 5511 pauperi
1255 5443 1467 5501 Christo
1521 5449 1859 5506 camisiolam
1900 5454 1971 5511 de

358 5525 654 5583 conscissis
706 5530 1015 5601 panniculis
1064 5542 1435 5605 reconsutan,
1478 5540 1634 5608 cujus
1673 5540 1972 5601 inconsuti-

361 5617 468 5671 lem
497 5620 733 5677 tunicam
764 5640 867 5681 nec
898 5625 1104 5685 inimici
1147 5630 1267 5700 ejus
1305 5630 1611 5690 sciderunt.
1665 5636 1784 5693 Non
1811 5640 1971 5698 decet

2073 4466 2234 4521 nobis
2262 4465 2470 4520 dictum
2501 4471 2606 4532 est,
2639 4481 2741 4521 nos
2769 4466 3093 4538 simplicitas
3125 4470 3269 4525 oculi
3313 4474 3485 4527 nostri
3524 4490 3686 4531 excu-

2070 4553 2232 4620 sabit,
2277 4561 2331 4609 et
2368 4554 2584 4610 veniam
2616 4554 2954 4625 impetrabit.
2988 4556 3106 4612 Non
3153 4560 3300 4613 enim
3342 4562 3577 4618 Bernoni
3630 4565 3686 4619 in

2071 4642 2258 4713 aliquo
2295 4641 2647 4716 derOgamus,
2680 4658 2845 4714 quam
2889 4650 2948 4698 ut
2983 4653 3231 4701 sanctum
3284 4657 3340 4702 et
3377 4652 3683 4721 sapientem

2071 4750 2364 4790 censemus
2402 4735 2808 4789 numerandum
2850 4735 2909 4790 in
2939 4752 3169 4794 numero
3200 4739 3492 4797 illustrium
3534 4745 3686 4801 viro-

2072 4842 2213 4892 rum,
2245 4826 2375 4898 quia
2400 4826 2549 4898 quod
2602 4843 2634 4881 a
2663 4827 2777 4882 Deo
2809 4828 3002 4884 habuit
3043 4831 3111 4884 ad
3141 4831 3445 4902 profectum
3497 4846 3685 4906 poste-

2072 4931 2256 4971 rorum
2313 4914 2536 4980 obtulit,
2581 4924 2636 4970 et
2677 4916 2807 4970 inde
2854 4916 2907 4970 id
2957 4918 3137 4988 ipsum
3186 4921 3334 4991 quod
3390 4922 3609 4990 obtulit,
3652 4943 3683 4980 a

2070 5007 2181 5061 Deo
2220 5004 2568 5076 probandum
2611 5003 2730 5058 fuit.
2787 5004 2992 5060 Obtulit
3030 5023 3223 5062 aurum
3275 5011 3580 5067 sanctitatis
3628 5021 3685 5070 et

2071 5098 2373 5169 sapientiae.
2408 5096 2687 5167 Tanquam
2736 5113 2928 5153 aurum
2984 5100 3040 5153 in
3092 5100 3311 5157 fornace
3343 5103 3539 5172 probat
3567 5104 3685 5159 ele-

2069 5194 2186 5243 ctos
2209 5186 2491 5253 Dominus,
2524 5185 2728 5242 obtulit
2754 5196 3041 5260 argentum
3070 5190 3422 5261 eloquentiae.
3454 5192 3595 5255 Quid
3612 5194 3682 5248 de

2069 5276 2164 5332 tali
2196 5276 2312 5331 viro
2344 5276 2590 5351 suggerit
2627 5276 2784 5331 vobis
2828 5276 3102 5349 sapientia
3148 5295 3250 5350 per
3296 5280 3680 5337 Salomoneml

2067 5363 2254 5431 Aufer,
2288 5365 2490 5437 inquit,
2518 5364 2828 5437 rubiginem
2870 5367 2940 5421 de
2972 5376 3224 5442 argento,
3276 5376 3331 5423 et
3368 5372 3687 5443 egredietur

2075 5476 2166 5515 vas
2205 5461 2580 5530 purissimum.
2625 5460 2879 5531 Optarem
2919 5462 2972 5515 in
3035 5464 3200 5519 domo
3256 5466 3352 5519 Dei
3398 5466 3685 5523 ambulare

2069 5568 2195 5607 cum
2246 5568 2522 5608 consensu
2556 5552 2678 5607 talis
2715 5554 2850 5619 viri;
2894 5555 2992 5609 sed
3038 5555 3114 5610 ait
3167 5557 3329 5611 Amos
3378 5560 3680 5629 prOpheta:

2067 5645 2333 5714 Nunquid
2368 5645 2722 5700 ambulabunt
2740 5644 2845 5700 duo
2872 5647 3053 5713 simul,
3074 5650 3187 5702 nisi
3222 5650 3297 5703 eis
3326 5652 3631 5705 convenerit
3654 5654 3685 5705 ?
