3948 6044
251 153 376 224 829

1412 161 1657 221 FRAGH.
1702 161 1998 221 RHYTHIH
2037 162 2122 220 DE
2159 161 2473 224 S.'LUClA.

3504 177 3613 234 830

253 297 472 365 (Amos,
505 310 586 363 ιιι,
618 295 692 364 3.)
732 294 1070 350 Putabamus
1101 294 1266 350 nobis
1303 300 1359 350 et
1393 293 1636 351 Bernoni
1685 309 1884 351 conve-
1905 296 1958 367 Α
1987 299 2048 349 ιιι
2075 294 2298 352 tollatur
2327 311 2359 350 a
2385 295 2547 353 vobis
2578 304 2708 353 nota
2745 297 3238 371 inconvenientiae,
3266 319 3431 376 quam
3462 305 3613 378 prio-

253 388 387 442 nire
425 386 483 442 in
528 386 850 458 recipienda
887 383 1183 461 allegorica
1219 386 1635 460 generationem
1677 401 1880 442 conso-

252 476 488 542 nantia;
526 475 626 530 sed
659 475 1002 531 dissonantia
1042 476 1232 546 prima}
1262 475 1436 531 Martii
1469 481 1524 530 et
1550 475 1756 530 ultimae
1783 475 1884 530 De-

255 565 505 622 cembris
533 564 902 620 hebdomadas
929 580 1032 620 nos
1062 565 1131 619 ab
1163 563 1257 618 illa
1295 563 1681 620 convenientia
1709 564 1881 620 advo-

251 663 365 710 cat.
422 657 486 708 At
524 654 593 709 de
638 669 871 708 numero
923 670 1013 708 xlv
1079 653 1553 710 hebdomadarum
1612 653 1776 709 nobis
1825 659 1882 709 et

201 763 210 774 '
256 749 506 806 Bernoni
535 749 815 815 convenit,
862 764 1004 821 quos
1044 749 1209 804 etiam
1242 765 1345 805 nos
1374 748 1728 820 recipientes,
1752 766 1876 805 am-

254 842 518 896 bulamus
546 842 771 913 quidem
800 842 962 897 simul
1019 843 1213 897 eadem
1244 842 1353 910 via,
1385 842 1485 896 sed
1509 847 1641 909 {non
1672 843 1878 914 ubique

256 953 365 1008 per
395 939 588 995 eadem
621 937 868 1014 vestigia.
917 938 1170 993 Bernone
1199 936 1344 992 enim
1377 953 1472 993 sex
1511 937 1710 992 diebus
1739 953 1880 1008 prse-

253 1037 538 1098 currente,
572 1046 682 1085 non
723 1047 753 1084 a
809 1028 1052 1085 Sabbato
1086 1029 1286 1098 jejunii
1322 1044 1446 1084 cum
1481 1045 1571 1096 eo,
1602 1029 1700 1084 sed
1730 1045 1877 1084 sem-

252 1137 359 1193 per
386 1137 418 1175 a
464 1121 721 1176 Kalendis
764 1119 937 1176 Martii
965 1120 1308 1195 ingredimur
1353 1121 1496 1175 viam
1551 1121 1874 1176 numerandi

251 1229 367 1267 XLII
425 1211 821 1280 hebdomadas,
880 1229 1088 1285 easque
1142 1221 1200 1269 ut
1251 1218 1307 1269 et
1334 1228 1432 1268 vos
1482 1211 1877 1288 distinguimus

251 1321 357 1376 per
401 1313 513 1360 tres
565 1307 1140 1370 tesserescedecades;
1195 1306 1294 1361 sed
1354 1305 1410 1360 in
1471 1305 1648 1376 prima
1702 1313 1874 1361 tesse-

250 1395 745 1451 rescedecadarum
796 1396 1013 1452 statutis
1075 1396 1414 1465 jejuniorum
1502 1395 1876 1451 hebdomadis

252 1483 436 1554 prima
464 1483 674 1539 scilicet
707 1483 886 1539 Martii
917 1485 1162 1539 secunda
1197 1483 1371 1551 Junii,
1423 1484 1582 1538 tertia
1617 1484 1874 1555 Septem-

250 1571 394 1638 bris,
427 1579 622 1644 quarta
661 1573 998 1628 Decembris.
1033 1573 1138 1629 Sex
1169 1581 1350 1628 autem
1393 1573 1514 1629 dies
1543 1573 1638 1646 qui
1680 1590 1870 1646 super-

1987 396 2076 437 res
2105 389 2300 439 vestra;
2331 383 2526 440 litterae
2560 385 2947 456 imposuerunt
2973 390 3154 445 nobis.
3191 392 3345 456 Quod
3371 393 3610 451 intrante

1981 470 2170 528 Martio
2220 472 2279 527 in
2326 489 2378 526 VI
2408 473 2495 528 vel
2525 488 2602 528 νιι
2631 472 2767 528 feria
2795 490 2906 531 uno
2937 493 3084 534 anno
3127 479 3403 551 jejunium
3433 482 3607 553 Junii,

1979 562 2154 619 altero
2185 579 2332 619 anno
2373 563 2647 634 jejunium
2695 566 3038 637 Septembris
3073 571 3130 624 in
3183 589 3249 626 xv
3300 572 3609 630 hebdoma-

1981 653 2106 708 dam
2147 655 2510 710 celebramus.
2557 654 2622 710 Ut
2675 657 2823 714 salva
2875 660 3053 731 gratia
3099 669 3280 718 vestra
3336 664 3604 734 dicamus,

1980 761 2084 801 nos
2112 748 2421 802 secundum
2455 757 2704 804 tenorem
2735 757 2952 819 vestra},
3013 769 3122 810 non
3171 764 3370 811 nostrae
3401 759 3606 833 regulae

1978 847 2160 894 vestro
2210 840 2534 910 przejudicio
2589 851 2870 915 urgentes.
2917 845 3056 902 Ecce
3101 848 3302 904 videtis
3348 867 3470 922 quae
3528 851 3600 907 sit

1977 943 2143 982 causa
2196 934 2402 983 mutuae
2443 929 2821 999 dissonantiae,
2871 949 2967 989 sex
3006 935 3218 992 scilicet
3247 937 3369 992 dies
3397 955 3430 993 a
3479 939 3606 995 Ber-

1979 1035 2126 1076 none
2156 1020 2347 1077 Martio
2400 1023 2688 1092 subtracti,
2720 1032 2774 1080 et
2827 1029 2957 1099 quia
2998 1035 3216 1101 tropum
3244 1033 3600 1103 synecdoche

1976 1115 2066 1170 vel
2097 1115 2220 1171 dies
2247 1122 2557 1187 temporum
2590 1119 2644 1172 in
2671 1119 2914 1190 jejuniis
2931 1129 3242 1195 temporum
3266 1141 3377 1182 non
3406 1126 3604 1182 admit-

1976 1205 2110 1274 titis,
2144 1207 2268 1279 quis
2301 1207 2480 1262 nescit
2519 1207 2573 1262 in
2605 1211 2828 1280 quantis
2867 1212 3004 1268 locis
3043 1215 3324 1286 Scriptura
3354 1216 3600 1286 vacillet,

1976 1295 2082 1350 nisi
2113 1311 2144 1350 a
2179 1303 2339 1366 tropo
2366 1297 2717 1367 synecdoche
2771 1297 3156 1356 sustentetur?
3195 1303 3314 1359 Non
3357 1305 3602 1362 surrexit

1975 1390 2220 1445 Christus
2265 1406 2296 1443 a
2343 1390 2593 1458 mortuis,
2623 1391 2728 1446 nisi
2789 1400 3005 1464 tmpum
3066 1396 3416 1466 synecdoche
3456 1398 3597 1453 reci-

1975 1483 2216 1554 piamus.
2247 1482 2354 1538 Vos
2393 1483 2486 1554 qui
2515 1483 2689 1557 gratia
2717 1484 2810 1539 Dei
2846 1485 3048 1541 divites
3097 1488 3250 1554 estis,
3284 1489 3338 1542 in
3371 1489 3487 1556 illo,
3536 1490 3593 1545 in

1971 1575 2120 1631 omni
2162 1573 2354 1642 verbo,
2394 1583 2450 1628 et
2504 1575 2558 1628 in
2620 1576 2770 1630 omni
2803 1577 3057 1645 scientia,
3117 1578 3408 1636 confirmet
3453 1582 3595 1636 Deus

249 1669 402 1728 sunt,
438 1642 574 1717 nihil
626 1665 691 1718 ad
739 1663 1130 1738 distinguenda
1168 1663 1509 1733 jejuniorum
1562 1642 1869 1722 Vinterstitia
1893 1642 1942 1709 Β
1971 1683 2147 1739 usque
2168 1667 2238 1722 ad
2268 1665 2434 1721 ﬁnem
2464 1666 2586 1721 sine
2608 1667 2866 1724 crimine.
2897 1642 3105 1725 Valete.

249 1758 480 1815 obsunt.
517 1759 626 1815 Hoc
653 1767 801 1816 extra
848 1759 1340 1835 interrogationem
1385 1766 1616 1816 vestram
1666 1761 1866 1831 adjeci.

255 1931 539 1940 ——_.

549 1930 730 1940 .—_

1404 2041 2398 2147 SIGEBEBTI

749 2237 1598 2391 EPISTULA
1676 2263 1905 2388 AD
1992 2262 3094 2392 LEODIENSES

1558 2467 1802 2534 (Murem
1856 2470 1928 2524 Α.
1967 2469 2024 2526 C.
2062 2469 2104 2536 l,
2137 2467 2288 2539 587.)

325 2599 586 2667 Roberto,
619 2600 886 2682 Flandriae
915 2601 1123 2683 comiti,
1152 2618 1218 2656 ex
1232 2602 1380 2658 bello
1410 2618 1566 2658 sacro
1594 2619 1740 2658 anno
1777 2602 1905 2658 1101
1941 2618 2184 2669 reverso,
2214 2601 2495 2657 Paschalis
2518 2617 2660 2726 papa
2690 2600 2902 2682 litteras
2933 2601 3156 2672 scripsit
3185 2601 3391 2673 quibus
3425 2601 3579 2680 illum

327 2679 497 2726 rtatur
523 2678 582 2726 ut
621 2673 955 2726 Leodienses
980 2674 1378 2726 schismaticos.
1441 2673 1676 2726 Henrico
1730 2674 2079 2726 imperatoris
2135 2675 2503 2726 adhaerentes.
2557 2690 2588 2726 a
2659 2672 2899 2726 Ecclesra
2943 2673 3196 2726 exnellat.
3240 2673 3579 2726 Sententiam

252 2672 497 2744 hortatur
523 2678 582 2726 ut
621 2672 955 2744 Leodienses
980 2673 1378 2741 schismaticos,
1441 2673 1676 2730 Henrico
1730 2674 2079 2744 imperatoris
2135 2675 2503 2738 adhaerentes,
2557 2690 2588 2727 a

2659 2672 2899 2728 Ecclesia
2943 2672 3218 2743 expellat.’
3240 2673 3584 2728 Sententiam

252 2743 591 2817 pontiﬁciam
626 2743 916 2817 impugnat
949 2744 1272 2816 Sigebertus
1295 2745 1350 2799 in
1378 2745 1612 2816 epistola
1631 2747 1700 2800 ad
1733 2743 2068 2800 Leodienses
2096 2745 2286 2810 missa,
2329 2751 2785 2817 quam,prop_ter
2810 2744 3426 2817 infensiquequuoin
3454 2760 3585 2817 san-

249 2820 387 2869 ctam
436 2813 984 2889 sedem,‘invéhitur_,
1011 2813 1292 2889 animum,
1324 2813 1454 2871 dare
1483 2817 1938 2889 supersedimus._
1966 2817 2148 2871 Exstat
2195 2817 2251 2870 in
2311 2813 2884 2889 tomisllonciliorum
2927 2813 3128 2889 Labhei
3159 2813 3426 2889 (_X,’630),
3461 2815 3582 2889 sine

247 2885 486 2940 auctoris
512 2884 758 2951 nomine,
791 2903 914 2940 cum
963 2887 1067 2959 hoc
1111 2887 1295 2942 titulo:
1337 2909 1362 2938 ι
1408 2884 1781 2959 Responsoria
1817 2887 2148 2943 Declamatio
2189 2888 2457 2959 acerrima
2489 2886 2878 2959 Leodiensium
2910 2884 3412 2959 schismaticorum,
3453 2886 3574 2958 qui,

250 2972 401 3030 more
430 2971 654 3030 suorum
685 2973 1001 3028 comparum
1030 2958 1097 3030 in
1139 2959 1434 3014 schismate
1467 2957 1871 3015 Donatistarum
1904 2960 2167 3014 adversus
2195 2957 2897 3030 principesrresilientium,
2930 2967 2984 3011 et
3013 2957 3346 3030 catholicum
3374 2973 3580 3012 nomen

251 3025 648 3103 affectantium,
706 3025 858 3103 suam
917 3029 1379 3086 Declamationem
1437 3031 1518 3088 sic
1557 3031 1983 3103 inscripserunt:
2044 3025 2285 3102 Epistola
2338 3025 2723 3085 Leodiensium
2781 3029 3046 3084 adversus
3102 3028 3418 3083 Paschalem
3482 3045 3582 3100 pa-

252 3115 395 3170 pam.
429 3119 454 3149 ι)
484 3100 688 3156 Ευιτοιι
718 3101 1094 3158 ΡΑτιιοιιοαιΑε.

1420 3336 2412 3446 SIGEBEBTI

416 3507 780 3574 EPISTULA
829 3507 1228 3572 ADVERSUS
1273 3509 1656 3573 LAICORUM
1702 3509 1780 3572 IN
1827 3508 2364 3573 PBESBYTEHOS
2405 3501 2886 3570 CONJUGATOS
2928 3500 3400 3564 CALUMNIAM.

1525 3625 1809 3695 (Manum,
1869 3625 2026 3680 Thes.
2069 3626 2111 3692 l,
2150 3622 2303 3695 230.)

317 3747 444 3802 Haec
465 3747 696 3819 epistola
725 3747 929 3819 scripta
965 3747 1186 3804 videtur
1214 3749 1505 3805 occasione
1533 3764 1782 3821 censurae
1814 3748 2062 3820 Gregorii
2108 3747 2198 3821 Vll
2249 3762 2454 3821 papae,_
2467 3744 2564 3821 qui
2597 3749 2656 3799 ut
2695 3739 3104 3821 incontinentes
3155 3736 3572 3821 sacerdotes‘ad

247 3834 434 3872 sanam
468 3808 716 3894 mentem
740 3808 1049 3894 revocaret,
1094 3821 1268 3876 vetuit
1297 3837 1368 3894 ne
1396 3821 1523 3894 quis
1561 3819 1805 3894 ﬁdelium
1850 3808 2040 3876 eorum
2096 3808 2294 3874 missas
2323 3808 2586 3883 'au’diret,
2628 3815 2805 3894 multo
2851 3811 3035 3894 minus
3092 3826 3161 3891 ne
3200 3808 3575 3894 ecclesiastica

247 3898 588 3966 sacramenta
607 3890 899 3962 reciperet.
934 3884 1100 3966 Quam
1132 3884 1466 3966 sententiain
1496 3892 1626 3966 dum
1657 3892 1988 3966 impugnare
2015 3897 2242 3947 conatur
2271 3897 2480 3956 noster,
2512 3904 2622 3943 non
2651 3900 2762 3942 uno
2793 3884 2850 3938 in
2878 3884 2998 3939 loco
3055 3884 3236 3936 minus
3265 3885 3414 3934 recte
3443 3894 3573 3934 sen-

248 3961 329 4016 tit.
366 3961 429 4016 Et
451 3963 555 4017 hoc
584 3961 805 4035 quoque
844 3963 1169 4034 Opusculum
1200 3964 1569 4020 omittendum
1598 3961 1882 4020 duximus.
1915 3963 2063 4018 Eon".

250 4088 3562 4116 ________________________________________

1420 4191 1944 4298 SIGEI’»
1988 4189 2410 4292 ERTI

250 4361 588 4442 Responsio
632 4361 710 4423 ad
756 4363 1082 4443 epistolam
1129 4365 1542 4430 Hildebrandi
1581 4386 1772 4460 quam
1823 4366 2076 4506 sciripsit
2110 4365 2190 4428 ad
2230 4364 2684 4426 Herimannum
2741 4361 3071 4423 Metensem
3129 4359 3194 4418 in
3243 4350 3566 4434 potestatis

1574 4467 1760 4506 regiae
1801 4465 1873 4506 ca
1906 4465 2188 4506 ummam

1574 4467 1760 4528 regiae
1801 4465 2188 4509 calumniam

1176 4564 1312 4619 Vide
1335 4579 1524 4636 supra,
1558 4567 1617 4621 in
1646 4567 2058 4634 Prolegomenis,
2089 4567 2186 4622 col.
2218 4565 2308 4632 16,
2340 4569 2523 4620 notam
2550 4561 2640 4619 40.

251 4870 1484 4998 FRAGMENTUM
1571 4872 2388 4998 RHYTHMI
2471 4872 2704 4996 DE
2799 4869 2942 4994 S.
3041 4859 3560 4990 LUCIA

1265 5079 1829 5171 AUCTORE
1891 5078 2545 5169 SIGEBERTO

1131 5238 1303 5308 (Apud
1332 5239 1556 5296 Manum.
1577 5241 1786 5296 Annal.
1821 5240 2041 5309 Bened.,
2071 5248 2204 5296 tom.
2241 5239 2326 5308 ιν,
2369 5255 2494 5311 pag.
2519 5237 2670 5307 372.)

309 5502 382 5555 Ad
424 5502 1266 5579 monasterium_l.intburgeuse,
1300 5503 1357 5558 in
1388 5503 1613 5579 dimeesi
1643 5505 1912 5579 Spirensi,
1941 5521 2098 5579 anno
2129 5505 2268 5579 10ιῖ
2306 5504 2582 5579 translatae
2608 5509 2749 5579 sunt
2776 5493 3480 5579 _sanctze__l.uciaa_virginis
3506 5499 3564 5549 et

242 5573 488 5645 martyris
517 5574 790 5646 reliquiae,
823 5571 1453 5648 Heinricovimperatori,
1508 5571 1742 5633 Conradi
1786 5571 1954 5635 Salici
1985 5577 2120 5646 filio,
2177 5577 2327 5635 dono
2379 5577 2520 5632 data:
2547 5592 2578 5631 a
2607 5573 2952 5631 Theodorico
2991 5571 3241 5626 Mettensi
3273 5571 3560 5637 episcOpo,
