3948 6044
317 191 420 246 831
569 201 584 219 ⁸
1053 190 1396 246 Sl-GEBERTI
1436 189 1926 246 GEMBLACENSIS
1966 187 2414 244 FRAGMENTUM
2453 188 2536 243 DE
2579 190 2633 246 S.
2679 188 2906 244 LULLO.
3539 189 3657 244 832

321 321 413 392 qui
454 336 546 375 eas
574 337 636 375 ex
668 321 851 376 Sancti
878 321 1144 376 Vincentii
1175 320 1517 376 monasterio
1547 319 1778 390 accepit,
1807 319 1885 374 uti
1919 333 2021 374 nos
2055 318 2254 373 docent
2283 318 2766 390 Lintburgensium
2821 319 3211 374 monachorum
3249 320 3348 373 hac
3379 320 3446 373 de
3476 338 3533 374 re
3565 319 3658 373 lit-

323 401 471 457 terae,
496 408 642 466 quas
671 393 773 446 hoc
804 393 923 447 loco
952 393 1155 466 referre
1192 408 1301 446 non
1331 393 1569 466 pigebit:
1605 393 1885 466 Canobitis
1925 392 2066 466 beati
2125 392 2390 466 Vincentii
2417 393 2704 466 et_Sa-nctaz
2743 394 2942 466 Lucina,
2973 394 3141 444 vinea:
3176 393 3376 444 scilicet
3408 395 3504 445 Dei
3531 394 3650 444 ele-

321 469 433 517 ctce.
477 465 885 530 Lintburgensis
913 465 1135 519 caznobii
1172 481 1309 531 grew
1337 464 1589 533 pusillus,
1623 465 1814 529 dignos
1857 467 1958 517 Deo
1982 465 2160 528 facere
2199 464 2428 528 fructus.
2467 464 2670 529 Pignus
2712 464 3067 532 reliquiarum
3135 469 3335 516 sancta:
3381 466 3655 527 martyris

321 536 499 589 Lucice
526 540 731 589 noverit
757 541 928 590 vestra
952 539 1275 602 fraternitas
1306 552 1399 590 nos
1431 538 1575 590 omni
1603 539 1841 604 pretiosa
1867 535 2175 600 margarita
2195 534 2484 588 amab-ilius
2515 535 2819 602 possidere;
2854 535 2940 587 sed
2971 550 3074 602 quo
3120 535 3274 587 modo
3309 540 3357 588 et
3387 552 3420 587 a
3441 536 3649 603 quibus

317 608 564 674 personis
595 608 667 659 ad
690 623 783 660 nos
815 610 1142 661 translatum
1181 611 1270 671 sit,
1306 613 1448 660 certa
1477 607 1624 660 vobis
1645 609 1786 659 ratio
1814 622 1912 674 pro
1940 609 2126 658 nostra
2164 607 2498 672 emperientia
2525 606 2750 674 patebit.
2787 608 2930 659 ljivw
2952 609 3223 659 memoriae
3253 607 3477 659 domnus
3505 608 3654 661 (Yon-

325 678 496 731 rudus
528 681 844 746 imperator,
878 696 994 732 cum
1027 680 1252 748 conjuge
1289 694 1389 732 sua
1414 677 1583 739 Gisla,
1627 678 1998 730 devotissimus
2044 679 2213 729 nostri
2243 677 2345 729 loci
2399 679 2604 730 eest-itit
2631 677 2898 742 fundator
2946 682 3109 745 atque
3150 682 3506 736 constructor;
3542 693 3654 746 quo

322 749 503 820 adhuc
529 751 752 813 vivente,
794 755 974 819 cripta
1000 756 1047 804 et
1078 751 1324 820 quadam
1346 752 1660 803 monasterii
1687 750 1890 802 altaria
1919 752 2043 800 sunt
2066 748 2335 801 dedicata.
2370 751 2446 802 E0
2475 753 2652 802 autem
2681 765 2748 802 em
2776 750 2874 802 hac
2900 749 3013 801 luce
3039 753 3326 814 migrante,
3352 765 3471 801 cum
3496 751 3653 816 ﬁlius

326 822 443 888 ejus
478 818 756 874 lleinricus
780 818 1016 876 eumdem
1046 818 1215 876 locum
1244 837 1350 875 non
1365 824 1543 874 minus
1573 821 1808 874 studiose
1828 820 2474 888 reparaverit,plerisque
2496 824 2806 874 sanctorum
2827 821 3070 888 reliquiis
3095 821 3250 884 longe
3272 821 3478 888 lateque
3508 836 3648 872 con-

324 894 586 958 gregatis,
618 895 778 945 etiam
807 898 1007 947 sanctae
1035 896 1212 948 Lucize
1241 894 1525 946 brachium
1549 908 1583 945 a
1614 892 1955 956 Theoderico,
1984 890 2210 943 secundo
2249 893 2517 945 Mettensis
2543 892 2791 945 Ecclesiw
2825 893 3091 960 pontifice,
3132 893 3326 959 petivit
3373 896 3418 943 et
3472 894 3653 959 impe-

322 967 504 1016 travit.
535 963 646 1028 Quo
675 966 744 1016 ad
764 980 876 1030 nos,
920 968 1036 1034 ipso
1064 966 1292 1034 praesule
1322 965 1604 1029 deferente,
1638 963 1922 1019 translato.
1954 963 2140 1034 ferunt
2170 961 2243 1013 ad
2292 965 2790 1030 comproluitionem,
2843 965 2892 1016 si
2931 965 3098 1016 Lucia
3145 963 3441 1034 Siciliensis
3480 966 3650 1024 esset,

324 1050 444 1086 cum
487 1035 543 1086 id
573 1052 607 1087 a
636 1038 859 1090 Domino
884 1033 1129 1104 precibus
1153 1042 1505 1104 quoa/eretur,
1539 1037 1811 1094 simorum
1843 1034 2062 1091 indiciis
2101 1033 2451 1086 declaratum.
2486 1034 2591 1088 Sed
2637 1039 2686 1087 ct
2712 1035 2961 1087 hactenus
2989 1050 3081 1100 per
3108 1033 3223 1101 ejus
3253 1035 3642 1101 opitulationes

326 1106 621 1158 multarum
643 1109 782 1174 ﬁunt
812 1109 1189 1176 inﬁrmitatum
1207 1110 1526 1161 curationes.
1564 1105 1737 1172 Hujus
1765 1105 1961 1158 addita
1981 1107 2339 1169 veneratione,
2365 1109 2603 1158 nostrum
2621 1107 2871 1174 templum
2893 1108 2950 1158 in
2977 1106 3170 1158 honore
3186 1110 3383 1158 sancta:
3402 1107 3580 1158 crucis
3605 1109 3654 1156 et

326 1182 520 1230 Sanctae
551 1180 741 1231 Marice
768 1195 974 1248 semper
1003 1181 1257 1246 iii-ginis,
1300 1184 1349 1231 et
1399 1180 1571 1231 sancti
1600 1178 1823 1228 Joannis
1850 1176 2187 1241 evangelista:
2241 1179 2318 1248 est
2357 1177 2679 1229 dedicatum.
2717 1181 2790 1231 De
2819 1176 2972 1244 cujus
3000 1180 3162 1242 gestis
3211 1193 3314 1230 non
3337 1183 3462 1230 sunt
3497 1177 3654 1229 nobis

327 1248 420 1300 alii
448 1265 730 1313 sermones,
753 1256 975 1318 cd-cepta
1006 1251 1151 1303 illius
1179 1251 1275 1303 sub
1299 1249 1583 1303 Paschasio
1609 1248 1917 1315 proconsule
1935 1249 2201 1315 passione.
2235 1247 2428 1312 Quam,
2451 1252 2510 1300 ut
2528 1248 2910 1316 spopondistis,
2942 1250 3154 1300 metrice
3180 1251 3521 1315 compositam
3551 1263 3648 1300 no-

330 1319 407 1372 bis
442 1323 760 1373 transmitte
780 1337 804 1373 e
831 1322 1150 1387 dignenu'ni,
1178 1325 1236 1374 ut
1257 1321 1406 1373 illius
1427 1320 1684 1387 praeclari
1712 1321 2101 1386 participemur
2128 1319 2392 1387 opusculi.
2428 1319 2584 1386 cujus
2617 1335 2729 1372 una
2757 1320 3024 1373 vobiscum
3073 1321 3291 1386 pretiosi
3328 1333 3654 1387 composses-

326 1406 467 1444 sares
507 1406 689 1444 sumus
719 1393 1041 1461 corpusculi.
1091 1394 1271 1445 Valete
1310 1394 1367 1444 in
1397 1393 1638 1461 Domino,
1656 1391 1859 1455 fratres
1887 1390 2246 1461 dilectissimi,
2275 1394 2476 1461 sanctae
2517 1392 2697 1444 Lucida
2724 1396 2772 1444 et
2803 1393 3038 1445 omnium
3068 1395 3377 1444 sanctorum
3405 1392 3577 1459 precil
3595 1406 3657 1443 us

329 1462 528 1534 afljuti.
566 1483 586 1509 ››
631 1459 900 1534 llacteuus
926 1463 1159 1534 epistola
1193 1460 1694 1534 Lintburgensiurn,
1729 1477 1795 1514 ex
1826 1461 2021 1534 codice
2055 1459 2542 1534 Sancti-Vincentii
2578 1478 2608 1515 a
2639 1462 3005 1534 noblsﬂcruta.
3040 1461 3256 1534 Scripta
3278 1470 3360 1514 est
3384 1461 3654 1534 pastini-

328 1526 472 1604 tium
503 1532 688 1585 surculi
725 1526 1058 1596 duodeciini,
1085 1526 1194 1604 (tuo
1225 1526 1470 1602 tempore
1505 1532 1840 1603 Sigebertus,
1875 1531 2287 1604 Gemblucensis
2320 1534 2640 1604 monachus,
2677 1533 2768 1603 qui
2803 1533 3013 1586 litteras
3043 1526 3188 1602 apud
3231 1526 3488 1604 Sanctum
3519 1532 3658 1584 Vin—

329 1603 571 1676 centium
599 1604 799 1676 docuit,
834 1603 1114 1676 rhytmum'
1141 1606 1210 1658 de
1249 1614 1434 1658 sancta
1467 1603 1995 1676 Luciaemnposuil,
2037 1603 2194 1669 cujus
2223 1603 2436 1674 capiam
2479 1605 2580 1658 hac
2611 1605 2842 1674 epistola
2875 1605 3152 1674 postulant
3198 1603 3650 1676 [.intburgenses.

336 1672 449 1726 lluc
491 1684 700 1742 spectat
728 1672 999 1745 Sigeberti
1030 1692 1218 1731 versus
1247 1675 1536 1747 rhythmlci
1565 1674 1658 1745 qui
1691 1672 2012 1745 sequuntur.

1434 1805 1536 1857 Pro
1566 1805 1670 1854 tam
1706 1803 1867 1855 beatae
1890 1804 2116 1871 pignore
2145 1805 2376 1869 virginis

1436 1894 1500 1948 Se
1526 1894 1834 1960 gloriantur
1869 1894 2166 1962 participes
2193 1894 2308 1959 fore

1579 1987 1641 2038 In
1672 1984 1924 2038 laudibus
1957 1984 2166 2039 Christo
2205 1985 2462 2039 canendis

1577 2077 1822 2130 Ecclesiae
1848 2077 2076 2144 parochi
2104 2078 2395 2146 Spirensis.

1448 2175 1515 2225 Te
1543 2172 1661 2224 dico
1691 2165 1984 2224 Lintburch
2025 2168 2234 2219 nomine
2263 2168 2484 2232 nobilis,

1438 2258 1693 2312 Fundata
1713 2259 1915 2311 summi
1951 2257 2173 2311 servitio
2197 2258 2402 2320 Patris,

1585 2347 1750 2399 Manu
1778 2345 2063 2400 Cuunradi
2101 2349 2439 2417 imperantis,

1574 2437 1751 2504 Ipsius
1776 2441 1821 2488 et
1862 2435 2040 2490 Gisilai
2072 2441 2286 2508 jugalis

1443 2530 1571 2582 Cum
1609 2529 1779 2581 multa
1808 2533 2016 2581 comant
2053 2531 2282 2582 ecclesia:
2311 2531 2491 2593 decus,

1451 2619 1579 2685 Qua-1
1610 2621 1767 2687 larga
1798 2636 1977 2687 regum
2000 2624 2295 2677 contulerat
2321 2639 2518 2678 manus

1583 2714 1680 2768 Nil
1720 2718 1827 2767 tam
1853 2716 2028 2782 pium,
2059 2717 2140 2769 nil
2177 2721 2288 2770 tam
2319 2717 2565 2771 decorum

1579 2807 1726 2858 Inter
1750 2807 1930 2873 opima
1961 2809 2101 2858 tenes
2133 2805 2411 2869 bonorum,

1446 2896 1620 2960 Quam
1650 2901 1840 2950 sancta
1866 2900 2064 2949 sanctae
2085 2896 2319 2962 pignora
2359 2895 2615 2960 virginis,

1448 2989 1618 3054 Qtuim
1652 2989 1810 3042 laude
1840 2988 2112 3042 nobiscum
2145 2983 2338 3036 celebri
2352 2983 2481 3036 colis
2514 3001 2529 3036 :

1599 3081 1699 3134 Vos
1743 3081 1963 3134 brachio
1992 3081 2160 3133 Lucia
2190 3078 2320 3141 solo,

1594 3169 1828 3238 Corpore
1856 3183 1947 3221 nos
1978 3173 2158 3221 sacrut
2188 3169 2311 3236 ipsa
2343 3171 2467 3221 toto.

1465 3260 1622 3312 Vobis
1640 3260 1733 3313 hoc
1763 3258 2192 3327 Henrichjunior
2221 3259 2429 3324 attulit,

1452 3347 1614 3402 Nobis
1649 3349 1910 3402 Deodrich
1929 3351 2122 3416 junior
2150 3349 2403 3413 abstulit;

1592 3438 1872 3504 Augustus
1902 3439 2135 3492 Henrich
2172 3440 2459 3506 gloriosus,

1590 3529 1958 3599 Deodrirhque
1986 3531 2124 3583 stola
2150 3528 2396 3582 decorus.

425 3615 483 3667 Et
518 3614 568 3667 in
607 3616 712 3669 line
744 3627 934 3672 auctor
969 3637 979 3671 :

1450 3715 1643 3776 Lucia,
1671 3717 1883 3778 martyr
1909 3714 2073 3779 fortis
2113 3717 2161 3766 et
2192 3712 2414 3779 inclyta,

1449 3808 1644 3870 Lueia,
1668 3808 1820 3873 virgo
1849 3806 2046 3860 nobilis
2077 3808 2125 3858 et
2144 3806 2258 3872 pia.

1595 3900 1677 3951 Me
1708 3913 1790 3950 me
1810 3899 2076 3951 misellum
2106 3896 2440 3963 Sigebertam

1597 3989 1838 4042 Ed-tralic
1869 3989 1935 4040 ab
1959 3988 2172 4054 ignibus
2197 3987 2516 4053 inferorum.

789 4379 2018 4508 FRAGMENTUM
2105 4383 2335 4506 DE
2420 4383 2564 4507 S.
2657 4381 3245 4507 LULLO

637 4613 812 4683 (Apud
861 4613 1078 4667 ItLunLL.
1151 4616 1293 4668 Acta
1334 4615 1427 4670 SS.
1484 4613 1614 4669 0rd.
1667 4616 1705 4671 S
1785 4617 1995 4680 Bcncd.,
2055 4623 2185 4669 tom.
2235 4615 2319 4680 ιν,
2373 4631 2498 4688 pag.
2551 4614 2684 4680 392,
2745 4613 2798 4666 in
2857 4611 3046 4686 Elogio
3097 4611 3149 4667 S.
3214 4613 3392 4681 Lulli.)

424 4892 592 4946 Litem
613 4889 1067 4958 dejurisdictionc
1095 4893 1399 4945 monasterii
1433 4891 1713 4946 Fuldensis
1738 4893 1956 4947 Lullum
1987 4893 2130 4944 inter
2157 4895 2207 4944 et
2241 4891 2535 4945 Sturmium
2564 4888 2810 4942 abbatem
2839 4890 3218 4953 intercessisse,
3263 4904 3356 4943 nec
3387 4891 3682 4942 contentio-

354 4964 414 5016 ni
441 4963 596 5016 bilem
624 4963 878 5026 defuisse,
902 4967 963 5015 ut
985 4964 1044 5031 ﬁt
1068 4965 1127 5015 in
1156 4964 1424 5016 sim-ilibus
1454 4978 1652 5025 cauSis,
1681 4979 1909 5032 pronum
1950 4967 2026 5016 est
2055 4963 2282 5015 credere.
2321 4963 2388 5014 Et
2412 4960 2538 5012 dum
2568 4960 2856 5014 'Sturmius
2888 4961 3023 5026 jura
3049 4962 3361 5013 monasterii
3397 4963 3484 5012 sui
3513 4977 3547 5013 α
3576 4964 3683 5015 Ilo-

352 5039 528 5088 manis
558 5036 897 5102 pontificitus
931 5049 1192 5097 concessa,
1215 5051 1401 5101 regum
1425 5037 1744 5088 auctoritate
1775 5037 2010 5097 munita,
2039 5037 2253 5085 strenue
2279 5036 2613 5101 propugnat,
2635 5037 2818 5083 exorta
2837 5033 2982 5084 inter
3003 5047 3056 5084 se
3079 5046 3302 5099 suosque
3327 5033 3677 5090 dissensione,

351 5121 484 5174 pars
522 5107 676 5160 Lullo
701 5106 1110 5173 metropolitano
1141 5106 1398 5168 blandiri,
1430 5108 1660 5158 crimina
1691 5107 1928 5160 Sturmio
1951 5106 2228 5172 affingere.
2272 5103 2398 5168 Quin
2443 5103 2532 5155 ille
2561 5103 2688 5155 dum
2717 5105 2882 5156 nimis
2914 5103 3162 5155 credulus
3194 5104 3360 5170 (quod
3381 5105 3575 5156 vitium
3617 5107 3674 5156 in

354 5178 588 5230 homines
620 5181 898 5231 commotos
928 5177 1090 5241 facile
1115 5177 1280 5244 cadit)
1309 5179 1378 5228 ad
1408 5192 1582 5242 regem
1614 5176 1806 5242 defert,
1836 5177 2059 5229 invidiae
2097 5182 2277 5228 notam
2306 5175 2454 5244 apud
2485 5174 2714 5226 Sturmii
2751 5175 2948 5227 amicos
2982 5179 3027 5225 et
3060 5174 3366 5227 laudatores
3399 5175 3605 5238 retulit,
3634 5183 3677 5227 et

355 5249 597 5313 forsitan
621 5249 684 5302 ob
706 5248 843 5300 hanc
875 5263 1095 5299 causam
1126 5249 1262 5300 male
1278 5247 1457 5300 audiit
1488 5249 1634 5316 apud
1675 5248 1984 5301 Adrianum
2021 5262 2243 5315 papam.
2286 5248 2481 5300 Verum
2511 5246 2662 5311 longe
2689 5245 2846 5298 aliter
2876 5245 2939 5297 de
2969 5245 3064 5297 hoc
3091 5245 3235 5310 facto
3267 5249 3432 5298 sensit
3472 5261 3678 5312 anony-

353 5335 469 5371 mus
501 5321 960 5381 Gemmelacensis,
1001 5320 1138 5372 Vita:
1181 5319 1409 5370 Lutlanaz
1439 5321 1690 5386 scriptor,
1725 5335 1877 5387 quem
1909 5319 2256 5383 Sigebcrtum,
2285 5318 2399 5385 ejus
2426 5318 2527 5370 loci
2556 5317 2893 5380 monachum,
2921 5330 3030 5369 esse
3057 5317 3319 5383 suspicor,
3344 5319 3440 5385 qui
3465 5317 3676 5383 exposi-

354 5394 411 5442 ta
442 5392 799 5444 translatione
825 5392 1061 5460 carpo-ris
1093 5391 1147 5443 S.
1176 5391 1451 5456 Bonifacii
1478 5392 1532 5442 in
1571 5390 1833 5444 Fuldense
1870 5393 2274 5454 monasterium,
2309 5391 2416 5442 lucc
2454 5388 2634 5442 subdit
2665 5406 2681 5440 :

431 5517 518 5570 llis
551 5517 714 5570 rebus
746 5517 890 5571 bene
914 5516 1277 5571 exsententia
1309 5517 1500 5587 gestis,
1532 5516 1981 5586 archiepiscopus
2002 5531 2223 5569 omnem
2249 5528 2472 5584 operam
2507 5527 2659 5564 suum
2692 5509 2744 5562 in
2779 5509 2958 5563 locum
2984 5507 3158 5577 ipsum
3189 5507 3443 5561 intendit.
3479 5507 3670 5561 Verum

357 5623 423 5660 ea
462 5607 622 5680 longe
651 5608 808 5661 aliter
830 5626 991 5677 quam
1026 5609 1142 5678 ipse
1181 5624 1279 5678 spe
1319 5615 1668 5676 conceperat,
1693 5623 1927 5662 cessere.
1964 5611 2092 5663 Nam
2122 5608 2358 5664 Sturmio
2393 5606 2617 5676 quidam
2661 5604 2882 5659 nomine
2917 5611 3044 5658 tunc
3078 5610 3310 5673 praeerat
3342 5602 3670 5658 monasterio
