3930 6052
217 223 323 278 833
1154 227 1501 286 (ΣΗΒΟΝΙΟᾹΞ
1537 231 1840 290 POLONOR

1948 275 1960 290 .
1999 267 2072 278 —
2109 237 2609 296 PROLEGOMENA.
3439 250 3547 307 831

215 354 301 410 vir
338 353 660 412 excellentis
691 355 899 432 ingenii
931 375 994 414 ac
1023 359 1395 431 praedicanda;
1424 363 1752 431 sanctitatis,
1782 365 1882 420 sed
1920 368 2262 424 vehementis
2299 371 2530 426 nimium
2570 388 2634 427 ac
2673 371 2872 429 ferocis
2919 381 3151 432 naturae.
3206 379 3257 432 ls
3307 379 3549 435 animum

215 445 448 500 fratrum
490 446 845 514 sollicitabat,
877 465 1240 507 commonens
1265 453 1409 510 hanc
1441 453 1718 524 pontiﬁcis
1748 455 1887 512 Lulli
1915 455 2060 510 circa
2088 471 2148 512 se
2168 457 2402 532 gratiam
2435 459 2695 515 aliorsum
2738 470 2988 532 spectare
3015 481 3180 536 quam
3221 467 3323 538 ipsi
3357 468 3553 538 apina-

219 545 431 630 rentur.
469 538 560 594 His
595 545 761 612 atque
816 541 1132 611 hujusmodi
1175 546 1529 602 sermonibus
1559 563 1590 602 a
1643 549 1804 605 beato
1838 546 1989 602 Lullo
2023 547 2238 604 animos
2264 547 2491 604 fratrum
2533 551 2813 622 alienavit,
2845 563 2899 610 et
2931 550 3065 610 nihil
3103 560 3406 630 suspicanti
3440 579 3551 619 non

218 625 554 682 mediocrem
584 627 854 684 invidiam
885 631 1163 687 conﬂavit.
1199 633 1471 690 Praeterea
1504 652 1612 692 non
1645 635 1913 692 mediocri
1945 637 2108 692 taedio
2135 637 2248 705 jam
2281 637 2382 693 viri
2421 639 2518 695 Dei
2549 639 2896 699 afficiebatur
2922 645 3158 714 animus,
3191 625 3313 704 cum
3344 651 3555 709 videret

221 726 301 774 tot
341 728 631 794 tantosque
663 722 880 780 labores
909 741 1040 781 suos
1066 725 1344 784 incassum
1377 729 1631 799 efﬂuere,
1682 727 1971 787 beneficiis
2000 725 2263 781 invidiam
2298 743 2408 783 non
2462 729 2768 803 exstingui;
2799 739 3058 790 extrema:
3097 753 3228 792 vero
3257 739 3556 798 dementiae

220 825 366 876 esse,
407 811 539 866 huic
564 811 686 867 loco
719 819 897 868 tantas
924 830 1106 869 rerum
1145 816 1428 889 impensas
1457 819 1578 874 sine
1609 819 1788 876 fructu
1819 822 2120 886 insumere,
2161 817 2364 890 quibus
2400 819 2507 875 alio
2537 821 2592 875 in
2636 822 2756 878 loco
2802 841 3047 895 perenne
3093 827 3405 886 devotionis
3443 849 3556 890 suae

219 910 642 955 monumentum
685 901 858 972 possit
895 910 1196 961 exstruere.
1227 905 1402 962 Locus
1449 913 1634 964 autem
1661 915 1776 964 erat
1807 909 1860 965 in
1894 911 2031 966 silva
2064 912 2382 979 Buchoniaa,
2416 915 2503 970 cui
2535 916 2854 974 Hcrollol‘elt
2885 936 3086 978 nomen
3121 923 3326 982 indidit
3367 936 3557 998 poste-

220 992 374 1086 ritas,
407 993 732 1050 habitationi
775 997 1175 1052 monachorum
1225 1011 1694 1072 pempportunus.
1727 1003 1786 1058 In
1828 1005 1933 1061 hoc
1971 1005 2144 1061 abbas
2201 1007 2462 1072 Sturmio,
2493 1018 2742 1082 tempore
2788 1029 2898 1084 quo
2927 1015 3104 1086 primo
3143 1019 3213 1074 ad
3244 992 3548 1081 solitariam

221 1085 646 1157 silvemtresque
675 1086 841 1142 vitam
871 1103 994 1144 cum
1025 1088 1242 1146 fervore
1271 1091 1501 1162 spiritus
1532 1094 1870 1166 praecipitem
1895 1095 2111 1171 agebat,
2153 1099 2500 1166 consederat,
2543 1117 2608 1156 ac
2633 1104 2808 1158 erutis
2833 1085 3046 1162 arbutis
3078 1126 3272 1180 parvas
3303 1115 3408 1168 sibi
3440 1115 3556 1172 fra-

219 1175 508 1247 tribusque
531 1175 760 1231 cellulas
789 1191 956 1269 opere
977 1177 1229 1250 impolito
1261 1187 1664 1249 construxerat,
1685 1198 1995 1256 novemque
2027 1201 2201 1240 annos
2227 1187 2338 1255 jam
2365 1187 2441 1242 ibi
2469 1191 2766 1246 evolverat.
2793 1193 2897 1248 Sed
2925 1175 3148 1253 beatum
3183 1201 3550 1269 Bonifacium,

225 1265 354 1366 licet
379 1280 632 1364 amoenus
663 1264 776 1366 loci
829 1261 967 1322 situs
989 1267 1240 1366 alliceret
1270 1279 1325 1366 et
1350 1286 1508 1366 aquae
1537 1273 1942 1366 opportunitas,
1966 1275 2207 1366 Aoﬂ‘endit
2234 1287 2416 1334 tamen
2449 1281 2588 1337 latus
2626 1283 2940 1360 contiguum
2973 1288 3297 1360 Saxonibus,
3322 1295 3414 1366 qui
3455 1261 3558 1352 ad;

221 1357 332 1410 huc
361 1353 592 1426 paganis
631 1355 832 1460 ritibus
861 1357 1208 1460 tenebantur,
1243 1364 1298 1412 et
1328 1358 1657 1431 plerumque
1694 1360 1752 1414 in
1785 1359 2086 1419 Christiana
2115 1365 2235 1422 loca
2273 1369 2457 1424 caedes
2498 1353 2867 1428 hominumvet
2897 1353 3364 1449 depOpulationes
3390 1402 3556 1460 agro-

224 1463 344 1502 rum
379 1463 488 1502 non
519 1447 1020 1538 modicasdabant.
1066 1450 1132 1506 Ut
1165 1450 1334 1524 igitur
1381 1453 1524 1507 hanc
1554 1453 2062 1514 incommoditatem
2091 1461 2416 1530 evaderent,
2469 1465 2630 1520 altius
2659 1465 2712 1520 in
2756 1447 3087 1527 Bociioniam
3123 1447 3554 1538 tendentenilo-

226 1552 376 1629 cum,
417 1537 1036 1629 quonunc‘Fuldense
1081 1542 1475 1598 monasterium
1527 1544 1887 1616 conSpicitur,
1943 1561 2369 1622 occupaverunt.
2432 1555 2606 1612 Locus
2653 1567 2834 1614 autem
2878 1561 3259 1622 llcrveldensis
3304 1537 3556 1629 tradente

223 1627 388 1683 beato
419 1625 701 1684 Bonifacio
732 1627 786 1682 in
821 1629 1102 1700 proprium
1129 1631 1300 1687 cessit
1325 1639 1516 1688 sancto
1551 1633 1724 1701 Lullo,
1757 1636 1849 1708 qui
1885 1638 2000 1708 jam
2023 1648 2152 1697 tunc
2179 1642 2404 1703 forsitan
2433 1649 2792 1702 construendi
2835 1649 2946 1706 illic
2975 1659 3296 1712 monasterii

227 1719 371 1820 rium
401 1719 585 1774 animo
616 1727 968 1820 conceperat.
1002 1722 1062 1776 ln
1096 1723 1241 1820 hunc
1279 1739 1413 1798 ergo
1446 1725 1623 1781 locum
1659 1741 1853 1784 omnes
1879 1731 2068 1802 cepias
2097 1750 2226 1790 suas
2257 1736 2431 1800 dedit,
2461 1754 2524 1793 ac
2553 1755 2722 1810 opere
2760 1742 2873 1816 egit
2908 1745 3140 1801 succisis
3165 1749 3442 1820 profusius
3468 1769 3560 1808 ar-

224 1809 424 1878 bustis,
447 1816 506 1866 nt
531 1810 818 1882 amplioris
839 1813 1156 1868 monasterii
1187 1812 1452 1870 fratribus
1481 1814 1669 1870 laxans
1697 1817 1957 1888 spatium,
1989 1821 2281 1896 ipsumque
2315 1809 2618 1882 cultoribus
2643 1809 2896 1901 aedificiis
2931 1809 3212 1892 exstruere
3261 1856 3561 1916 aggressus

221 1903 314 1970 sit,
346 1903 612 1975 brevique
639 1909 886 1975 tempore
919 1903 1288 1962 llerveldense
1317 1921 1520 1962 nomen
1551 1907 1605 1962 in
1639 1908 1966 1966 immensum
1995 1916 2186 1990 gloriae
2208 1934 2273 1973 ac
2300 1919 2703 1993 magnitudinis
2740 1923 2961 1980 culmen
2988 1929 3181 1984 evasit,
3205 1903 3550 1990 (ζυῆῖθυιθηι

225 1995 422 2050 beatus
448 1995 637 2052 Lullus
667 1996 736 2052 ab
765 1997 994 2054 exordio
1018 1999 1151 2067 jacti
1179 1998 1524 2056 fundamenti
1555 2002 1844 2058 ecclesiam
1891 2005 2210 2061 monasterii
2242 2006 2421 2061 beatis
2455 2009 2720 2079 apostolis
2743 2011 2958 2068 Simoni
2989 2023 3044 2070 et
3100 2018 3338 2077 Thadieo
3369 2023 3563 2078 attitu-

226 2083 415 2154 lasset,
447 2087 696 2159 angelica
721 2087 778 2142 in
808 2089 1019 2145 somnis
1039 2105 1172 2146 voce
1197 2099 1283 2146 est
1310 2090 1735 2161 admonitus,-ut
1757 2109 1962 2168 corpus
1991 2094 2134 2150 beati
2169 2093 2432 2151 Wicberti
2461 2111 2529 2152 eo
2556 2099 2895 2155 transferret.

235 2239 3555 2297 Μ

1599 2375 1743 2416 ANNO
1783 2375 1976 2416 DOMINI
2017 2377 2166 2418 MCXII
2182 2408 2190 2418 .

247 2504 1746 2667 CHRONICZE
1835 2510 3556 2680 POLONORUM

1713 2750 2090 2808 EDIDERUNT

605 2879 687 2966 J.
755 2879 1689 2972 SZLACHTOWSKI
1757 2885 1910 2972 ET
1976 2887 2087 2972 Β.
2161 2885 2646 2976 KOEPKE
2708 2889 2893 2976 PH.
2969 2891 3160 2978 DD.

839 3061 1017 3132 (Apud
1053 3061 1238 3130 Pium,
1271 3064 1614 3120 Monumenta
1652 3065 1949 3122 Germania:
1975 3066 2259 3137 historica,
2293 3068 2495 3141 Script.
2529 3075 2567 3124 t.
2601 3069 2689 3136 1X,
2723 3087 2774 3142 p.
2809 3071 2957 3143 418.)

1238 3345 2576 3474 PROLEGOMENA

303 3551 450 3605 Ante
465 3551 559 3624 hos
587 3552 794 3604 centum
823 3563 990 3624 annos
1003 3549 1344 3624 Godofredus
1373 3551 1646 3624 Lengnicli
1672 3551 1841 3606 Chro-
1868 3557 1918 3624 Α
1947 3551 2179 3624 Martini
2208 3551 2404 3624 Gallici
2422 3566 2633 3624 nomen
2667 3551 2766 3623 (1),
2821 3553 2934 3616 sed,
2971 3553 3259 3610 dolendum
3295 3571 3426 3612 sane
3461 3565 3558 3623 est,

229 3624 392 3678 nicon
412 3623 741 3676 Polonorum
766 3621 1048 3691 primusin
1077 3621 1246 3676 lucem
1276 3623 1474 3688 emisit,
1505 3622 1649 3691 quod
1682 3625 1840 3678 Mar-

230 3697 345 3748 tino
366 3693 584 3747 cuidam
601 3692 752 3747 Gallo
776 3691 1172 3746 vindicandum
1199 3707 1308 3746 esse
1334 3693 1442 3747 sibi
1463 3694 1844 3762 persuadebat.

185 3811 200 3817 -
239 3767 419 3834 Neque
441 3765 603 3818 aliter
627 3764 917 3818 videbatur
942 3763 1145 3818 edituri
1161 3765 1448 3833 posteriori
1473 3766 1514 3818 Ι.
1549 3765 1608 3819 V.
1641 3765 1848 3820 Bandt-

236 3837 344 3901 Itio,
368 3837 465 3906 qui
486 3836 628 3889 idem
659 3836 958 3893 Chronicon
991 3849 1058 3889 ear
1087 3835 1428 3905 locupletiore
1465 3835 1642 3890 codice
1667 3839 1850 3892 nostro

237 3909 427 3963 saeculo
455 3907 665 3976 publici
685 3906 833 3976 juris
859 3907 1010 3973 fecit;
1032 3911 1258 3976 postque
1281 3923 1364 3960 eos
1389 3907 1531 3960 idem
1559 3922 1750 3962 nomen
1778 3909 1847 3962 ab

237 3979 482 4034 omnibus
504 3980 642 4033 viris
669 3979 838 4032 doctis
867 3981 1153 4046 repetitum
1177 3982 1272 4042 est,
1305 3979 1403 4048 qui
1429 3979 1749 4034 Polonorum
1762 3994 1846 4034 res

227 4051 640 4120 mitiquissimas
677 4049 1042 4104 illustrandae
1062 4050 1170 4104 sibi
1197 4054 1556 4120 sumpserunt.
1591 4050 1696 4106 Sed
1737 4065 1848 4105 non

228 4136 359 4176 sane
406 4121 556 4190 jure.
598 4121 738 4176 Nam
783 4135 955 4189 neque
981 4122 1211 4176 Martini
1263 4136 1433 4191 neque
1473 4122 1620 4177 Galli
1659 4136 1847 4176 nomen

225 4197 372 4247 stare
399 4196 590 4262 po'est,
621 4207 741 4246 cum
761 4207 796 4245 a
823 4192 1210 4246 recentioribus
1225 4193 1580 4262 scriptoribus
1609 4193 1839 4258 tradita,

225 4264 475 4319 omnibus
505 4264 701 4333 quibus
729 4264 860 4332 ﬁdes
891 4263 1141 4318 habenda
1176 4269 1255 4318 est
1283 4263 1696 4318 auctoritatibus
1754 4279 1842 4318 ca-

225 4341 400 4390 reant.
443 4337 519 4390 Re
541 4337 682 4388 enim
730 4333 898 4403 paulo
926 4337 1234 4390 accuratius
1285 4337 1616 4402 examinata,
1671 4350 1840 4390 unum

227 4410 439 4460 tantum
465 4407 701 4460 invenies
727 4405 1069 4474 praesidium,
1110 4406 1274 4474 idque
1320 4406 1416 4462 hoc
1442 4406 1554 4461 loco
1599 4408 1657 4460 in
1693 4421 1843 4461 sum-

225 4493 372 4532 mam
401 4477 791 4532 dubitationem
835 4478 1028 4530 merito
1063 4477 1380 4542 vocandum,
1436 4493 1542 4547 quo
1567 4478 1704 4532 hanc
1723 4492 1843 4532 sen-

227 4551 456 4603 tentiam
476 4549 725 4603 nonnulli
751 4549 893 4602 tueri
910 4562 1068 4617 posse
1107 4547 1218 4602 sibi
1239 4548 1564 4602 videbantur
1589 4565 1604 4613 ;
1633 4553 1710 4603 est
1747 4549 1842 4603 hoc

229 4621 500 4688 Dlugossi.
528 4634 708 4674 rerum
733 4619 1110 4674 Polonicarum
1136 4619 1416 4688 scriptoris
1443 4620 1625 4674 saculi
1647 4619 1845 4674 decimi

227 4693 430 4761 quinti,
453 4693 842 4747 testimonium.
890 4691 1089 4746 Verum
1134 4693 1234 4758 est,
1265 4691 1463 4760 legitur
1502 4689 1653 4760 apud
1701 4690 1843 4746 hunc

1946 3637 2068 3690 qua:
2103 3623 2296 3677 laudat
2318 3623 2482 3676 verba
2517 3623 2692 3689 illius,
2725 3625 2782 3677 in
2819 3627 3020 3680 nostris
3051 3627 3322 3681 codicibus
3351 3645 3458 3684 non
3487 3631 3562 3684 le-

1947 3698 2172 3759 guntur.
2215 3694 2346 3758 Quis
2383 3708 2506 3747 vero
2553 3695 2656 3748 tali
2691 3697 3011 3750 auctoritate
3066 3699 3377 3754 innitatur?
3430 3701 3561 3756 Cum

1947 3766 2119 3830 igitur
2143 3765 2349 3837 codices
2369 3768 2545 3819 nostri
2570 3781 2737 3835 neque
2763 3781 2928 3821 unum
2949 3783 3119 3837 neque
3147 3770 3381 3824 alterum
3421 3773 3561 3826 illud

1947 3850 2140 3890 nomen
2167 3836 2476 3910 exhibeant,
2502 3837 2801 3910 rejicienda
2823 3843 2948 3892 sunt
2978 3836 3134 3894 arrabo
3159 3857 3174 3904 ;
3213 3857 3388 3910 neque
3415 3843 3562 3900 Galli

1947 3921 2142 3962 nomen
2165 3908 2501 3962 retinendum
2531 3909 2817 3963 videbatur
2840 3910 2902 3963 ob
2930 3925 3108 3979 pauca
3133 3912 3235 3966 illa
3258 3908 3440 3979 verba,
3471 3930 3561 3969 re-

1948 3981 2179 4052 centiore
2213 3995 2380 4052 manu
2407 3984 2658 4052 eaiarata,
2691 3995 2813 4050 qua:
2851 3983 2911 4034 in
2949 3982 3127 4036 codice
3167 3985 3564 4052 Heilsbergensi

1941 4049 2060 4118 jam
2083 4050 2407 4123 deperdita
2435 4049 2750 4118 legebantur
2778 4051 2874 4121 (2),
2925 4069 3096 4123 neque
3123 4055 3188 4108 ob
3242 4049 3560 4114 mentionem

1947 4121 2097 4194 apud
2147 4122 2284 4194 alios
2317 4121 2637 4177 Polonor-um
2671 4126 2956 4194 scriptores
2985 4121 3113 4180 dnte
3165 4127 3560 4194 Lengnichium

1943 4193 2153 4259 factam
2175 4193 2266 4258 (3).
2300 4195 2442 4250 Nam
2470 4194 2565 4248 illo
2594 4193 3009 4249 altero'nomine
3044 4198 3161 4250 sine
3185 4193 3348 4252 dubio
3375 4206 3559 4256 aucto-

1939 4265 2019 4340 ris
2033 4267 2273 4340 patriam
2303 4266 2546 4340 indicare
2572 4268 2876 4340 voluerunt.
2912 4266 3017 4322 Sed
3039 4267 3149 4322 haec
3183 4272 3347 4324 etiam
3373 4271 3440 4324 de
3460 4287 3560 4340 pa-

1940 4337 2050 4406 tria
2073 4337 2295 4404 quaestio
2323 4351 2427 4390 non
2455 4339 2635 4391 minus
2659 4341 2738 4390 est
2765 4337 2990 4391 obscura
3037 4353 3202 4406 quam
3232 4341 3298 4393 de
3341 4337 3558 4396 nomine

1939 4403 2054 4459 illa.
2080 4403 2155 4460 ’In
2185 4409 2302 4477 ipso
2332 4409 2474 4461 enim
2513 4408 2647 4460 libro
2687 4407 2916 4462 tenebris
2945 4403 3424 4477 vim—dispellendis
3457 4428 3555 4466 au-

1939 4481 2055 4531 ctor
2089 4478 2305 4532 videtur
2331 4493 2388 4533 se
2415 4481 2643 4538 texisse:
2671 4493 2948 4548 nusquam
2977 4481 3100 4548 quis
3125 4481 3312 4546 fuerit,
3353 4483 3436 4537 vel
3461 4485 3560 4538 ubi

1941 4551 2214 4603 terrarum
2227 4553 2388 4603 natus
2409 4551 2501 4613 sit,
2524 4550 2726 4619 apertis
2745 4549 2922 4603 verbis
2948 4550 3201 4604 tradidit.
3241 4553 3414 4608 Unum
3431 4570 3556 4610 vero

1941 4623 2019 4674 est
2055 4620 2196 4688 quod
2222 4620 2390 4675 nullis
2407 4619 2837 4675 dubitationibus
2857 4621 3080 4675 convelli
3101 4625 3293 4690 potest,
3319 4627 3553 4681 Polonus

1942 4705 2048 4745 non
2071 4695 2204 4758 erat,
2240 4691 2387 4761 quod
2403 4693 2518 4761 ipse
2534 4691 2711 4746 verbis
2731 4690 2987 4760 probavit
3015 4692 3129 4748 luce
3153 4694 3476 4755 clarioribus
3497 4700 3556 4752 in

1810 4815 2024 4872 NOTAE.

301 4927 373 5000 (1)
403 4924 835 5000 ΒιυεοεεηΗίει.
893 4923 1110 5000 Ροιοῃλ,
1139 4923 1230 5000 ed.
1266 4923 1522 5000 Lip§.,_l,
1578 4923 1676 4978 36:
1732 4926 1836 4979 Du-

227 4995 336 5054 cem
361 4995 540 5053 eorum
564 4999 702 5054 Lech
730 5010 1012 5066 superasse
1037 4999 1314 5052 Martinus
1351 4995 1593 5050 Gallicus
1649 5000 1836 5049 auctor

227 5075 323 5126 est.
355 5071 396 5135 l,
435 5070 506 5124 65
528 5087 542 5123 :
567 5069 829 5127 Nonnulli
853 5073 1098 5122 asserunt
1126 5069 1265 5122 hunc
1294 5067 1582 5122 Lesltonem
1605 5070 1667 5122 in
1683 5083 1833 5138 pra-

228 5143 302 5197 lio
329 5157 446 5196 cum
477 5142 683 5198 Caesare
707 5140 904 5196 Karolo
925 5140 1124 5208 Magno
1147 5141 1282 5194 inito
1305 5141 1510 5193 victum
1540 5143 1589 5193 et
1607 5141 1837 5194 occisum

1863 4927 1914 4994 Β
1936 4929 2124 4994 cntum
2155 4937 2296 4978 esse.
2347 4923 2479 4978 Aliis
2509 4923 2770 4981 Martinus
2812 4925 2906 4982 ille
2945 4925 3181 4984 Gallicus
3217 4945 3328 4986 non
3358 4941 3554 4990 auctor

1937 4993 2414 5070 no_s_tri_Chron_ici,
2439 4995 2713 5070 sodalius
2742 4999 2966 5070 quidam
2995 5000 3282 5056 videbatur
3301 5017 3444 5058 esse.

2008 5067 2080 5146 (ᾗ)
2107 5065 2276 5146 Teste
2307 5066 2645 5146 Lengnichio
2675 5065 2948 5146 i_n_fronte
2982 5071 3421 5146 Heilsbergensis
3451 5089 3548 5131 co-

1937 5136 2076 5192 dicis
2107 5136 2227 5190 hiec
2263 5136 2619 5210 legebantur:
2662 5141 2848 5196 Gallus
2885 5143 3025 5196 hanc
3076 5136 3358 5198 historiam
3405 5151 3548 5204 scri-

228 5229 372 5274 esse;
403 5216 484 5266 ita
511 5216 649 5284 enim
673 5213 902 5284 repperi
929 5212 1220 5284 Martinam
1248 5209 1512 5284 Gallicum
1528 5210 1664 5284 de-eo
1690 5212 1835 5284 scri-
1933 5211 2069 5284 psit.
2087 5209 2380 5284 monachus
2407 5213 2468 5284 ut
2478 5213 2674 5284 opinor
2703 5214 2928 5282 aliquis,
2961 5219 3022 5268 ut
3051 5231 3120 5269 ea:
3128 5217 3402 5284 prooemiis
3431 5233 3556 5274 con-

225 5287 414 5354 psisse.
456 5283 664 5355 Semler
709 5280 786 5337 in
818 5282 1355 5355 animadversionum
1382 5280 1834 5355 ad_antiquiore_s
1931 5281 2102 5355 ﬁcere
2131 5280 2282 5355 licet,
2334 5283 2430 5350 qui
2465 5283 2702 5355 poteslai
2744 5280 2893 5338 tertii
2922 5280 3149 5355 tempore
3183 5288 3370 5342 vimit..
3405 5287 3466 5344 Et
3496 5289 3552 5344 in

229 5350 411 5410 rerum
467 5354 849 5409 Polonicarum
901 5353 1207 5424 spcciminﬁe
1254 5352 1310 5424 in
1365 5351 1517 5424 Actis
1545 5350 1838 5424 societatis
1936 5350 2085 5424 fine:
2125 5352 2413 5424 [lucusque
2449 5351 2655 5424 Gallus.

227 5425 638 5481 Jablonoviame
665 5426 734 5479 de
754 5422 1123 5480 SlavisLecho
1152 5423 1474 5494 Czechoque
1501 5422 1650 5494 Lips.
1679 5423 1833 5494 “12,

230 5515 284 5568 p.
343 5499 411 5552 30
441 5495 940 5569 sqq.,_‘04bservavit
959 5494 1138 5569 verba
1167 5509 1299 5569 quae
1328 5509 1360 5548 a
1385 5491 1670 5569 Dlugdsso
1705 5491 1840 5569 affe-

228 5563 427 5625 runtur
463 5563 541 5622 e'x'
579 5565 898 5621 Ekkcbardo
950 5564 1059 5621 805
1104 5563 1229 5621 esse
1268 5563 1566 5636 descripta,
1613 5573 1669 5620 et
1711 5563 1839 5619 Dlu-

229 5655 456 5715 gossum
480 5638 867 5710 interpolatum
895 5637 1192 5709 quemdam
1225 5635 1439 5692 Martini
1456 5635 1724 5692 codicem
1751 5651 1844 5692 se-

2005 5423 2084 5491 (3)
2131 5423 2184 5498 li.
2239 5421 2518 5498 Paproclti
2558 5425 2634 5498 in_
2673 5425 2814 5481 libro
2845 5425 3022 5498 Herby
3072 5434 3367 5497 rycerztwa
3401 5429 3556 5486 Pols—

1943 5493 2104 5566 kiego
2138 5492 2346 5566 Κωμίθῄ
2383 5493 2527 5566 1584
2555 5495 2658 5549 sub
2685 5512 2822 5552 voce
2849 5492 3006 5554 Orzel
3041 5492 3216 5554 edidit
3235 5514 3456 5558 carmen
3481 5503 3552 5560 dc

1943 5563 2118 5620 morte
2161 5563 2396 5620 Boleslai
2446 5565 2486 5631 l,
2544 5567 2632 5634 16,
2673 5575 2727 5623 et
2781 5568 3110 5624 cantilenam
3151 5571 3207 5624 in
3249 5570 3558 5630 Boleslaum

1943 5636 2162 5692 tertium
2196 5635 2288 5704 lll,
2322 5637 2409 5704 H,
2442 5637 2644 5706 13,14,
2677 5653 2910 5714 quprum
2942 5647 3134 5696 auctor
3153 5647 3236 5696 est
3265 5641 3316 5696 ei
3347 5660 3558 5720 anony-
