3948 6044
210 195 311 252 841

1663 209 2101 267 PREAMBULA.

3437 228 3544 285 8-12

211 335 395 385 torum
417 344 541 398 ergo
570 330 614 364 ¹⁰
659 338 926 388 rectorum
967 337 1280 392 aminiculis
1317 340 1611 408 insignitus
1638 342 1676 377 ¹¹
1703 358 1830 412 por-
1853 349 1904 415 Α
1930 347 2132 413 notari,
2163 360 2291 415 quos
2316 347 2504 402 divina
2531 353 2712 418 gratia
2741 354 2877 418 facit
2893 353 3046 409 donis
3071 357 3429 412 carismatum
3451 362 3542 430 ip-

211 426 334 476 tum
355 422 544 478 subibo
568 438 812 492 securus,
847 433 1132 482 ventorum
1171 431 1478 488 turbinibus
1515 436 1826 504 expeditus;

206 529 310 570 nec
327 515 584 572 dubitabo
603 516 761 586 lippis
784 517 1089 575 luminibus
1105 523 1255 577 viam
1283 526 1614 591 incognitam
1642 527 1685 561 ¹²
1701 530 1827 598 pal-

205 605 406 672 pitare,
437 619 564 660 cum
588 609 926 674 cognoverim
955 607 1000 642 ¹³
1036 616 1306 666 rectorum
1331 615 1506 670 oculos
1529 617 1830 684 praeceden-

206 694 353 747 tium
379 694 500 749 luce
523 694 755 750 lucidius
781 697 1118 754 choruscare.
1151 703 1218 754 Et
1244 717 1370 757 cum
1409 705 1540 760 tales
1550 709 1829 774 prtemise-

1928 435 2001 488 sis
2019 436 2354 504 principibus
2379 438 2700 508 principari,
2741 442 2848 496 cibi
2880 458 3111 512 quorum
3153 445 3546 514 dispensatione

1928 520 2264 577 subditorum
2289 524 2428 592 quod
2479 528 2871 595 capacitatib-us
2898 531 3114 586 calestis
3151 532 3424 588 alimonia:
3475 535 3545 598 ﬁ-

1927 609 2131 665 delibus
2157 619 2431 681 erogatur,
2473 615 2765 671 eorundem
2814 621 3113 686 patrocinii
3139 627 3336 676 nostrae
3375 623 3544 691 pusil-

1930 705 2254 762 lanimitatis
2278 709 2596 777 apusculum
2623 713 2883 781 suﬂ'ragio
2903 719 3124 769 tueatur
3147 715 3211 770 ²⁴.
3243 718 3388 772 Nam
3414 733 3542 786 quos

203 787 315 839 rim
351 787 646 842 causidicos
712 786 754 821 “
805 789 1124 858 defensores.
1167 793 1542 863 ﬂocipendam.
1585 800 1832 868 quitquid
1929 797 2064 848 Deus
2106 796 2377 851 ordinavit
2417 803 2568 852 tanto
2594 801 2870 869 privilegio
2897 801 3182 870 dignitatis
3233 805 3540 862 hominibus

199 876 515 931 musitando
567 874 610 910 ⁸³
660 884 1076 934 murmurarent
1112 881 1360 939 invidiosi
1386 885 1723 942 detractores.
1763 893 1829 943 Et

199 969 464 1034 quoniam
516 967 741 1034 fortuna
769 971 882 1023 voti
916 983 1123 1039 compos
1155 988 1243 1029 vos
1292 977 1534 1043 fautores
1573 979 1824 1034 obtulerit

187 1061 360 1128 just/2:
405 1061 504 1125 rei,
550 1060 779 1130 dignum
815 1063 953 1118 duxi
997 1072 1174 1122 tantos
1221 1069 1358 1122 viros
1401 1071 1635 1126 inserere
1667 1076 1826 1142 quasi

198 1152 420 1206 cronica
446 1153 605 1206 seriei
637 1152 696 1206 ⁸⁸.
745 1157 916 1209 Vestro
971 1171 1209 1226 namque
1255 1163 1486 1227 tempore
1535 1165 1824 1232 vestrisque

194 1242 446 1310 precibus
470 1245 723 1311 preciosis
751 1245 1046 1300 illustravit
1094 1251 1230 1302 Deus
1255 1249 1530 1304 Poloniam
1559 1253 1825 1308 Bolezlavi

199 1337 356 1389 tercii
394 1337 550 1403 gestis
583 1337 1020 1393 memorabilibus
1063 1345 1117 1394 et
1176 1341 1400 1406 famosis
1465 1343 1524 1394 ¹⁷.
1587 1349 1651 1399 Et
1697 1362 1824 1402 cum

193 1427 373 1481 multa
394 1433 445 1481 et
471 1428 769 1496 magni/ica
792 1429 938 1485 vobis
965 1439 1114 1500 gesta
1141 1440 1556 1504 praetermittam
1583 1439 1819 1507 degenti-

194 1515 316 1583 bus,
343 1517 589 1598 qutedam
615 1523 800 1574 tamen
833 1519 876 1554 ¹⁸
912 1535 1194 1592 suggerere
1232 1527 1612 1598 subsequenter
1655 1531 1698 1564 ¹⁹
1723 1545 1820 1600 po-

191 1610 486 1663 steriorum
506 1613 778 1665 memoria
801 1626 912 1666 non
956 1613 1232 1670 dimittam
1255 1617 1322 1685 ³ο,
1367 1621 1459 1674 sed
1501 1621 1573 1675 ad
1593 1637 1827 1691 presens

188 1715 280 1756 vos
319 1716 430 1756 uno
453 1716 562 1769 ore,
592 1717 706 1758 una
739 1704 900 1758 laude
929 1704 968 1739 ²¹
999 1709 1340 1765 unanimiter
1363 1715 1652 1768 unanimes
1683 1729 1824 1770 una-

190 1792 400 1858 nimus,
423 1795 474 1845 et
497 1805 626 1860 quos
656 1792 1028 1849 indissolubile
1051 1798 1300 1853 caritatis
1339 1801 1626 1856 vinculum
1653 1819 1824 1859 anne-

191 1883 316 1947 ctit,
357 1883 556 1936 nostris
595 1881 641 1914 ²²
663 1897 871 1952 quoque
917 1889 1201 1954 praeconiis
1239 1889 1593 1948 adnectamus
1632 1891 1695 1948 ’3.
1743 1897 1830 1950 Di-

193 1989 370 2043 gnum
395 1981 473 2032 est
496 1978 664 2044 enim,
689 1983 752 2032 ut
777 1993 963 2034 rerum
989 1983 1157 2036 etiam
1181 1987 1338 2052 gestis
1363 1987 1676 2042 institerant
1693 2005 1829 2059 prce-

1925 891 2112 944 ceteris
2134 891 2474 958 praeminere,
2505 899 2706 961 oportet
2753 895 2956 949 eosdem
2985 897 3273 954 studiosius
3300 900 3543 968 singulo-

1923 995 2051 1035 rum
2080 981 2124 1014 ’⁵
2155 982 2484 1038 utilitatibus
2513 991 2564 1038 et
2593 987 3000 1042 necessitatibus
3023 990 3330 1058 praevidere.
3368 994 3544 1059 Igitur

1922 1087 1992 1126 ne
2013 1073 2140 1127 viles
2169 1073 2215 1107 ²⁶
2241 1089 2477 1142 persona:
2497 1076 2781 1132 videamur
2812 1082 3075 1134 vanitatis
3109 1081 3356 1146 ﬁmbrias
3385 1081 3428 1115 ³⁷
3455 1083 3541 1137 di-

1922 1165 2116 1230 latare,
2147 1167 2457 1221 codicellum
2501 1183 2608 1223 non
2635 1177 2818 1226 nostro
2854 1173 3204 1241 decrevimus,
3239 1174 3332 1229 sed
3353 1178 3541 1230 vestris

1922 1258 2229 1313 nominibus
2255 1261 2498 1316 titulare.
2529 1265 2786 1325 Quocirca
2839 1265 3057 1320 laudem
3081 1268 3246 1336 hujus
3292 1271 3465 1336 operis
3492 1274 3544 1323 et

1922 1353 2176 1408 honorem
2203 1352 2247 1386 ⁸⁸
2280 1354 2445 1424 hujus
2467 1357 2664 1424 patria:
2683 1359 3022 1428 principibus
3046 1362 3402 1430 ascribamus,
3451 1377 3545 1417 no-

1920 1453 2098 1502 strum
2116 1462 2237 1503 vero
2265 1448 2501 1503 laborem
2524 1449 2826 1520 laborisque
2855 1453 3107 1508 talionem
3141 1461 3329 1510 vestra
3341 1456 3544 1511 discre-

1922 1537 2082 1590 tionis
2127 1536 2356 1592 arbitrio
2417 1538 2748 1603 fiducialiter
2819 1545 3242 1598 committamus.
3313 1547 3545 1614 Spiritus

1850 1655 1900 1724 Β
1924 1631 2104 1724 sancti
2126 1631 2327 1724 gratia,
2357 1643 2477 1698 quae
2526 1644 2614 1686 vos
2649 1631 2908 1688 dominici
2933 1637 3105 1704 gregis
3136 1642 3372 1704 pastores
3399 1640 3546 1692 ordi-

1927 1721 2100 1788 navit,
2133 1721 2241 1775 tale
2265 1727 2520 1790 suggerat
2543 1725 2826 1778 consilium
2841 1731 3032 1780 vestra:
3057 1729 3247 1795 menti,
3278 1734 3546 1797 quatenus

1925 1811 2173 1878 princeps
2210 1810 2377 1878 digna
2427 1811 2514 1864 det
2549 1827 2782 1868 munera
2814 1821 3165 1884 promerenti,
3222 1820 3367 1874 unde
3399 1821 3544 1874 vobis

1926 1902 2114 1968 honor,
2135 1902 2340 1972 sibique
2376 1903 2421 1936 ²⁹
2445 1903 2618 1970 gloria
2650 1907 2950 1975 pro/erenti
2970 1907 3034 1962 ³ο.
3053 1909 3273 1980 Semper
3293 1911 3538 1980 gaudete,

1926 1993 2077 2049 nobis
2104 1997 2351 2065 operique
2376 1997 2570 2063 favete.

1597 2109 1839 2150 BXPLICIT
1875 2112 2150 2155 EPISTOLA.

1329 2257 1702 2324 INCIPIT
1771 2265 2264 2330 EPILOGUS
2318 2271 2398 2329 3'.

447 2414 764 2472 Bolezlavus
782 2417 891 2474 dux
917 2417 964 2453 ³³
994 2419 1238 2487 inclitus,

513 2504 605 2559 Dei
640 2504 788 2562 dono
822 2509 1168 2580 progenitus.

517 2593 610 2650 llic
642 2610 742 2666 per
771 2612 966 2668 preces
997 2599 1172 2674 Egidii

517 2681 762 2755 Sumpsit
787 2701 1009 2742 causam
1031 2688 1264 2745 exordii.

452 2768 696 2833 Qualiter
726 2771 873 2829 istud
895 2774 1080 2844 fuerit,

387 2873 418 2902 ο
525 2861 582 2916 Si
612 2863 756 2919 Deus
782 2865 876 2922 hic
913 2867 958 2900 ³³
989 2869 1246 2924 annuerit
1276 2869 1350 2934 3";

524 2953 822 3012 Possumus
850 2959 1010 3014 vobis
1039 2960 1244 3016 dicere.

523 3045 579 3100 Si
613 3046 828 3118 placeat
851 3050 1120 3108 ediscere.

455 3133 706 3192 Relatum
735 3145 820 3194 est
849 3141 1172 3211 parentibus

523 3226 854 3286 Successore
883 3232 1219 3296 carentibus,

519 3313 772 3373 Conllent
808 3319 854 3353 ³³
884 3321 1004 3376 auri
1032 3321 1347 3393 congeriem

526 3406 586 3460 ln
619 3407 912 3466 humanam
945 3412 992 3447 ³⁸
1018 3410 1283 3488 efﬁgiem,

456 3499 626 3564 Quam
656 3503 875 3562 mittant
902 3513 1096 3564 sancto
1115 3523 1350 3580 propere
1369 3509 1434 3563 ³⁷.

526 3593 644 3650 Fiat
674 3603 736 3652 ut
765 3597 848 3652 eis
877 3613 1142 3670 prospere
1171 3600 1239 3666 ³⁸,

526 3683 835 3761 Votumque
860 3689 972 3748 Deo
1009 3699 1266 3758 voveant,

526 3776 702 3850 Atque
730 3778 940 3837 ﬁrmam
980 3798 1134 3853 spem
1166 3782 1422 3840 habeant.

456 3868 663 3925 Aurum
691 3871 819 3930 ilico
850 3873 1121 3945 funditur,

530 3958 758 4038 Efﬁgies
793 3963 1050 4035 efﬁcitur,

524 4059 693 4127 Quam
725 4075 824 4132 pro
860 4061 1042 4119 futuro
1070 4061 1184 4120 ﬁlio

527 4155 728 4212 Sancto
763 4155 992 4213 mittunt
1031 4155 1223 4232 Egidio

2171 2439 2394 2504 Aurum,
2421 2443 2733 2512 argentum,
2753 2437 2939 2509 pallia,

2243 2527 2503 2600 nonaque
2533 2528 2757 2584 mittunt
2773 2527 2902 2594 alia,

2240 2619 2430 2675 Vestes
2453 2636 2638 2677 sacras
2665 2629 2720 2676 et
2748 2635 2973 2676 aureum

2243 2711 2478 2767 Calicem
2501 2722 2585 2768 sat
2601 2713 2902 2785 ydoneum.

2171 2798 2281 2854 Nec
2302 2815 2476 2866 mora,
2507 2801 2657 2855 missi
2687 2807 2984 2872 properant

2241 2891 2342 2947 Per
2367 2899 2540 2947 terras
2578 2907 2715 2964 quas
2739 2907 2850 2948 non
2881 2898 3176 2956 noverant;

2241 2985 2644 3042 Prtetereuntes
2665 2985 2896 3042 Galliam

2242 3073 2621 3132 Pervenerunt
2650 3075 3017 3131 Provinciam.

2168 3161 2319 3216 Missi
2351 3177 2578 3218 munera
2605 3161 2912 3234 proferunt.

2239 3253 2489 3308 Monachi
2521 3259 2702 3324 grates
2724 3253 2999 3316 referunt;

2240 3344 2467 3400 Causam
2495 3345 2540 3380 3°
2564 3351 2788 3400 narrant
2815 3345 3029 3402 itineris

2242 3436 2304 3490 Et
2331 3435 2651 3508 qualitatem
2668 3437 2878 3508 aperis.

2168 3524 2318 3580 Tunc
2345 3525 2600 3580 monachi
2627 3525 2889 3581 continuo
2919 3525 2966 3560 ⁴⁰

2239 3612 2570 3682 Jejunavcre
2591 3613 2632 3647 “
2667 3612 2877 3680 triduo;

2243 3701 2304 3756 Et
2333 3701 2463 3757 dum
2488 3709 2658 3776 agunt
2681 3701 2980 3772 jejunium,

2241 3791 2411 3848 Mater
2439 3791 2699 3862 concepit
2721 3789 2925 3856 lilium;

2177 3881 2238 3936 Et
2264 3896 2364 3952 pro
2385 3896 2514 3937 vero
2545 3881 2914 3952 pronunciant
2933 3881 2999 3946 ⁵³,

2248 3969 2403 4034 Quod
2431 3969 2476 4003 ‘3
2503 3969 2653 4025 missi
2684 3969 2767 4024 sic
2797 3968 3082 4026 inveniant
3113 3971 3179 4028 ⁵⁸.

2244 4065 2493 4120 Monachi
2521 4081 2635 4121 rem
2680 4063 2974 4136 recipiunt,

2247 4155 2395 4211 Missi
2441 4157 2618 4213 redire
2643 4155 2896 4228 cupiunt,

1569 4258 1789 4314 VARUE
1819 4256 2082 4313 LECTION
2093 4256 2190 4312 ES.

291 4353 337 4430 [ο
369 4354 540 4430 igitur
608 4354 664 4414 3.

209 4423 424 4480 εἱάἰοιιὲ
497 4427 552 4482 3.

212 4495 370 4568 vasis
407 4497 460 4568 1.
483 4501 564 4553 ita
591 4504 644 4552 et
666 4497 720 4553 2.
743 4499 954 4561 habuit,
983 4499 1074 4553 sed
1099 4502 1352 4554 correxit.
1460 4499 1502 4534 ¹⁸
1531 4507 1585 4568 ty

218 4565 269 4601 ³ο
294 4565 582 4623 obmittam
611 4568 666 4625 3.
731 4569 772 4603 ²¹
807 4585 862 4623 ιι.
897 4568 935 4624 l.
967 4570 1162 4624 desunt
1197 4569 1249 4624 3.
1328 4571 1374 4604 ⁸³
1400 4565 1601 4626 vestris
1629 4571 1684 4625 3.

771 4356 812 4390 ¹¹
843 4355 1164 4438 insignius_
1205 4356 1361 4438 1.A2.
1435 4356 1634 4438 f’laxis
1703 4357 1838 4438 Inag.
1899 4357 2012 4430 ing.
2058 4371 2154 4438 pro
2198 4355 2245 4438 .l_.
2332 4355 2367 4410 l.
2405 4373 2463 4438 δ’.
2516 4355 2554 4410 ἱ.
2610 4357 2643 4411 3
2717 4355 2784 4438 ,ίξ
2803 4355 3155 4430 cognouerim
3204 4356 3256 4438 1.

657 4429 699 4462 ιδ
723 4427 779 4481 in
834 4427 1094 4482 usitando
1148 4430 1196 4483 l.
1259 4427 1314 4482 2.
1358 4428 1450 4484 sed
1507 4429 1559 4483 2.
1661 4427 1806 4484 ostea
1865 4427 2115 4484 correxit.
2198 4428 2240 4461 ¹⁶
2265 4427 2543 4484 cronicam
2624 4427 2780 4482 scriri
2846 4427 2943 4497 pro
3015 4441 3062 4482 c.
3115 4443 3164 4481 s.
3249 4427 3303 4484 3.
3389 4429 3430 4464 ¹⁷

666 4497 720 4553 2.
743 4499 954 4555 habuit.
983 4499 1074 4553 sed
1099 4502 1352 4554 correxit.
1460 4499 1502 4534 ¹⁸
1531 4507 1585 4555 tu
1712 4509 1922 4555 tantum
1962 4498 2108 4553 1.2?
2207 4499 2249 4532 ¹⁰
2287 4498 2746 4555 subsenuentium
2773 4499 2898 4555 leait
2923 4498 2976 4551 3.
3007 4499 3226 4552 secund.
3267 4500 3348 4554 ed.
3395 4505 3431 4554 ιη

1663 4541 1676 4555 .
1712 4509 1922 4555 tantum
1962 4498 2108 4553 1.2?
2207 4499 2249 4532 ¹⁰
2287 4498 2746 4570 subsequentium
2773 4499 2898 4567 legit
2923 4498 2976 4551 3.
3007 4499 3226 4552 secund.
3267 4500 3348 4554 ed.
3395 4505 3540 4558 Vars.

1671 4613 1684 4625 .
1776 4572 1822 4606 '3
1849 4579 2137 4626 annectam
2163 4571 2217 4624 3.
2314 4569 2360 4604 "
2386 4573 2469 4624 Ita
2513 4571 2795 4626 legendum
2842 4569 3082 4623 videtur:
3114 4569 3278 4624 donis
3309 4577 3388 4626 est
3415 4587 3540 4626 con-

231 4641 440 4693 'ectura
477 4643 696 4696 Pertzii.
731 4639 968 4722 Dignum
999 4646 1084 4694 est
1114 4640 1263 4695 enim
1284 4647 1347 4695 ut
1374 4657 1554 4696 rerum
1592 4641 1767 4697 eciam
1799 4643 1972 4716 gestis
2035 4641 2352 4722 institerunt
2391 4641 2690 4722 prenotari.
2723 4655 2862 4712 quos
2888 4639 3078 4694 divina
3104 4641 3445 4723 graciafacit
3471 4643 3542 4698 de

209 4655 328 4763 {liis
355 4709 703 4763 carismatum
733 4710 866 4763 ipsis
895 4710 1242 4763 nrincinibus
1267 4711 1708 4763 nrincinari.tibi
1742 4729 1977 4763 auorum
2001 4713 2428 4763 dispensaclone
2476 4711 2816 4763 subditorum
2857 4710 3008 4763 auod
3051 4714 3417 4763 anacatatnbus
3447 4731 3542 4763 ce-

3341 4359 3384 4392 "
3410 4374 3540 4414 rau-

3389 4429 3430 4464 ίτ
3464 4433 3543 4485 ta-

2314 4569 2360 4604 “
2386 4569 2487 4624 Ita
2513 4571 2795 4638 legendum
2842 4569 3082 4623 videtur:
3114 4569 3278 4624 donis
3309 4577 3388 4626 est
3415 4587 3543 4628 con-

259 4707 707 4793 ﬁscarismatum
733 4707 866 4793 ipsis
895 4710 1242 4793 principibus
1267 4711 1708 4793 principari,tibi
1742 4707 1977 4793 guforum
2001 4707 2828 4793 dispensacionesubditorum
2857 4710 3008 4782 quod
3031 4707 3417 4793 Epvacitatibus
3447 4731 3545 4793 ce_-

213 4779 376 4866 lestis
389 4780 646 4838 alimonis
677 4779 872 4864 fideles
897 4779 1187 4856 erogatur,
1209 4779 1520 4864 eorundem
1547 4779 1848 4866 patrocinii
1880 4779 2576 4866 nostrua'pusi-llanimitatis
2603 4779 2927 4866 opusculum
2960 4779 3461 4866 suffragiolueatur
3487 4787 3541 4841 1.

214 4848 457 4936 Dignum
482 4859 574 4936 ‘est
611 4852 784 4936 enim.
812 4861 891 4935 ,ιιι
915 4848 1098 4934 rerum
1139 4848 1514 4936 edam-gestis
1545 4848 1834 4936 institerim
1880 4848 2172 4936 prenota'ri
2195 4857 2270 4934 (in
2296 4848 2986 4936 margineadditzvestras
3029 4848 3387 4936 digﬁacio‘nes
3413 4874 3543 4930 prc-

217 4935 476 4978 n0temus

551 4940 692 4999 quos
717 4923 902 4980 divina
923 4925 1116 4999 gracia
1143 4924 1274 4999 facit
1297 4923 1373 4980 de
1400 4925 1506 4999 hiis
1531 4923 1891 4999 _car_ismatu_m
1918 4925 2071 4999 “ipsis
2094 4924 2438 4996 principibus
2478 4924 2778 4999 principari
2821 4923 2930 4980 eihi
2971 4923 3205 4999 quorum
3263 4923 3548 4999 dispensa-

217 4923 519 5048 noIemusz;
551 4940 692 4995 quos
717 4923 902 4980 divina
925 4925 1112 4998 gracia
1143 4924 1274 4980 facit
1297 4923 1373 4980 de
1400 4925 1506 4981 hiis
1544 4923 1891 4981 carismatum
1935 4925 2071 4996 ipsis
2094 4924 2438 4996 principibus
2478 4924 2778 4996 principari
2821 4923 2930 4980 eihi
2971 4923 3205 5007 Quorum
3263 4923 3544 4999 dispensa-

215 4991 384 5081 cioue
413 5009 474 5081 su
521 4994 760 5081 ditorum
791 4997 938 5067 quod
941 4995 1327 5081 "apacitalibus
1353 4996 1575 5081 celestis
1601 4997 1880 5081 alimoniis
1909 4995 2102 5081 fideles
2131 4995 3068 5081 erogaturueorundmnpatrocinii
3112 5005 3298 5081 nostre
3321 4999 3544 5081 pusilla-

215 5061 486 5152 nimitalis
515 5061 1128 5152 opusculum‘sulfragio
1151 5073 1386 5148 tueatur
1408 5068 1710 5150 2..Di.gnum
1744 5067 2005 5152 estenim
2043 5077 2103 5148 ut
2134 5061 2314 5149 rerum
2341 5061 2524 5152 eciam
2547 5066 2719 5141 gestis
2751 5061 3052 5152 institeram
3085 5061 3384 5152 prenolari,
3405 5085 3549 5141 quos

215 5132 408 5220 divina
444 5132 632 5220 gracia
665 5136 794 5220 facit
825 5137 894 5220 de
939 5132 1409 5220 his'carismnatum
1438 5132 1578 5211 ipsis
1607 5138 1955 5220 principibus
1984 5137 2304 5220 principari.
2340 5137 2436 5218 tibi
2455 5132 2706 5220 .gu'érum
2741 5132 3166 5220 dispensacio'ne
3204 5132 3546 5220 subditorum

217 5204 372 5276 quod
402 5204 657 5281 apicibus
700 5209 920 5264 celestis
946 5209 1209 5281 alimonio
1241 5204 1498 5265 ﬁdelibus
1523 5204 1830 5281 errogatur,
1857 5204 2178 5281 eoru'ndem’
2201 5204 2710 5281 patrocinii'noslre
2733 5204 3200 5281 pus'illanimitatis
3221 5212 3550 5281 epusculun

221 5283 450 5360 tueatuﬁr
477 5278 512 5332 3
549 5279 628 5360 in
651 5286 908 5360 stateram
934 5298 1024 5360 pr:
1050 5311 1117 5360 π
1145 5279 1272 5360 item
1297 5296 1540 5360 Quor-pm
1563 5278 1711 5352 disp.
1739 5313 1809 5360 :—
1829 5280 2083 5360 apjcibug.
2115 5278 2339 5360 negastis
2357 5279 2645 5360 alimoniis
2663 5278 2879 5360 fideles
2900 5281 3174 5360 Bandtkie.

549 5349 596 5384 ²⁶
624 5349 807 5422 viliter
863 5348 949 5407 3.’
980 5351 1024 5384 ²⁷
1053 5348 1242 5406 ﬁbrias
1295 5348 1350 5406 2'.
1425 5352 1470 5385 ³⁸
1487 5348 1698 5408 honore
1738 5354 1790 5408 3.
1866 5348 1914 5386 ἲν
1949 5352 2004 5406 in
2042 5351 2095 5408 3.
2175 5350 2221 5385 3°
2251 5350 2552 5422 preferenti
2581 5351 2724 5406 codd.

225 5362 353 5402 rum
401 5348 454 5402 3.

223 5417 284 5476 3.
381 5417 648 5476 “deest3

219 5486 473 5564 conﬂant
509 5491 564 5546 2.
646 5491 693 5528 ³⁸
712 5492 953 5548 humana
979 5496 1030 5547 l.
1053 5493 1107 5549 2.
1183 5493 1227 5528 ’7
1257 5509 1364 5564 ppe
1391 5493 1447 5548 2.
1491 5486 1631 5564 pa'pe
1657 5495 1710 5548 3.

221 5559 485 5634 convivio
515 5564 562 5618 1.
595 5564 674 5620 sic
693 5570 746 5618 et
770 5565 822 5618 2.
857 5566 948 5620 sed
970 5571 1152 5634 postea
1175 5559 1489 5622 correctum.

3269 5281 3314 5317 ³⁵
3337 5290 3553 5338 celero—

2799 5351 2840 5385 ⁸¹
2875 5351 3152 5423 epilogum
3186 5352 3237 5406 1.
3265 5352 3318 5406 2.
3385 5353 3430 5387 ³³
3459 5370 3552 5409 rex

765 5422 811 5457 3‘
840 5424 936 5479 hoc
961 5423 1075 5494 loco
1099 5423 1310 5494 addunt
1337 5425 1397 5477 in
1423 5426 1674 5492 margine
1699 5423 1750 5478 1.
1802 5423 1853 5478 2.
1897 5422 2166 5494 Prologus
2204 5421 2357 5477 te’rcii
2399 5421 2526 5477 libri
2594 5422 2643 5494 Ῐδ
2665 5421 2908 5480 conﬂant
2929 5421 3204 5494 nonrecte
3237 5427 3468 5481 correxit
3486 5441 3555 5481 ea:

1811 5494 1857 5528 ³⁸
1887 5502 1948 5548 ut
1976 5493 2189 5566 eis’fiat
2206 5508 2311 5566 pro
2338 5509 2439 5566 spe
2466 5509 2561 5564 pro
2587 5493 2646 5548 F.
2680 5511 2737 5566 ur.
2760 5510 2811 5548 e.
2849 5511 2900 5566 ρ.
2926 5493 2978 5551 3.
3066 5494 3112 5566 δέ
3141 5509 3350 5550 cassam
3371 5495 3424 5552 2.
3511 5497 3556 5530 ‘0

1582 5565 1622 5600 “
1648 5564 1903 5634 jejunare
1946 5566 1997 5620 1.
2027 5563 2082 5628 2,

2178 5565 2224 5598 “
2249 5570 2304 5619 et
2333 5580 2367 5635 p
2393 5565 2482 5620 u'o
2522 5565 2827 5636 pnunciant
2852 5565 2919 5636 2.,
2944 5571 2998 5618 et
3027 5565 3154 5636 pu’o
3186 5568 3557 5636 prununciant

216 5630 256 5686 2
279 5637 336 5686 et
364 5647 464 5702 pro
495 5649 668 5704 puero
701 5630 1072 5706 pronunciant
1099 5636 1154 5690 3.
1187 5635 1233 5670 ‘3
1260 5638 1340 5690 ita
1369 5630 1720 5708 legendum—ti
1748 5652 1875 5692 cum
1905 5644 2033 5692 nota
2056 5630 2474 5691 adbreviationis
2493 5630 2654 5703 {non
2671 5651 2795 5690 vero
2831 5635 2948 5706 qui,
2973 5630 3146 5690 Perii.
3181 5630 3226 5670 ιι
3251 5637 3466 5694 fuerant
3497 5639 3557 5696 3.

556 5765 858 5831 PATROL.
911 5768 1116 5835 CLXa

3117 5771 3197 5837 27
