3948 6044
392 183 496 238 843
1646 178 1951 233 (IlIRONIC:

2175 177 2452 233 )NORUM.
3609 178 3734 232 844

638 301 1007 357 Transeuntes
1037 302 1404 375 Burgundiam
2035 311 2082 373 Α
2360 304 2598 359 Genitrix
2629 303 2815 360 Judith
2839 305 3088 363 nomine.

712 393 1044 448 Remearunt
1066 394 1372 449 Poloniam.
2429 393 2593 448 Fatali
2625 392 2807 448 forsan
2825 394 3013 450 omine
3039 424 3107 434 —

712 486 850 560 Ergo
878 502 1097 559 gravem
1122 487 1407 542 inveniunt
2420 481 2610 537 Judith
2638 483 2682 518 ιθ
2703 483 2960 538 salutavit
2993 483 3256 554 populum

711 573 992 628 Ducissam
1024 575 1246 645 quando
1286 575 1537 630 veniunt.
2419 573 2523 628 Per
2554 574 2862 630 Holofernis
2900 574 3211 650 “jugulum
3244 575 3288 608 ³⁸
3333 606 3394 615 —-

642 662 731 716 Sic
760 678 898 731 puer
920 662 1011 716 ille
1045 663 1309 729 nascitur,
2355 664 2529 732 Ista."
2557 666 2771 737 peperit
2793 666 2988 723 ﬁlium.

712 753 811 817 Qui
846 754 1165 809 Bolezlavus
1194 754 1413 820 dicitur,
2422 753 2896 825 Triumphatorem
2920 754 3185 821 hostium,

715 842 885 905 Quem
914 842 1240 898 Wladislaus
1259 842 1451 916 genuit
2428 848 2499 903 De
2530 848 2688 919 cujus
2725 848 2897 922 gestis
2926 848 3169 905 scribere

716 933 851 1000 Dux,
891 932 1029 987 sicut
1064 933 1107 966 ιδ
1141 934 1282 987 Deus
1313 932 1503 987 voluit.
2427 936 2545 991 Jam
2574 943 2793 1008 tempus
2815 946 2898 992 est
2939 937 3212 992 insistere.

1640 1110 2125 1118 m—

1146 1304 2068 1432 INCIPIUNT
2172 1304 2995 1435 CRONICZE

680 1657 1058 1747 GESTA
1133 1662 1553 1753 DUCUM
1632 1661 1896 1751 SIVE
1971 1660 2624 1751 PRINCIPUM
2707 1660 3453 1753 POLONORUM

1646 1869 1876 1934 PRIMO
1921 1871 1980 1914 ⁵ο
2023 1869 2469 1933 PROHEMIUM

474 2046 737 2111 Quoniam
766 2047 939 2118 {orbis
967 2054 1235 2103 terrarum
1271 2049 1325 2103 in
1380 2048 1739 2105 universitate
1770 2048 2316 2121 spatiosanocari,
2375 2064 2478 2103 nec
2517 2048 2562 2083 ⁶⁶
2607 2047 2792 2122 gladio
2845 2050 3209 2125 jugulationis
3265 2065 3456 2105 eorum
3505 2049 3736 2121 penitus

403 2156 433 2194 a
480 2139 703 2212 regibus
754 2156 816 2195 ac
873 2139 1109 2195 ducibus
1156 2141 1410 2212 plurimis
1463 2141 1701 2212 plurima
1747 2141 2013 2197 memoria
2115 2139 2412 2211 vipperalis
2441 2141 2737 2214 progenies
2766 2141 3004 2197 aboleri.
3041 2141 3197 2212 Saepe
3223 2149 3410 2197 tamen
3442 2141 3733 2213 principes

402 2231 570 2306 digna
597 2233 638 2266 δι
671 2238 935 2307 geruntur
963 2232 1008 2266 δ’
1038 2233 1167 2304 (55),
1197 2248 1322 2304 quae
1355 2232 1641 2287 fastidiosa
1671 2232 2013 2305 negligentia
2117 2244 2306 2284 eorum
2354 2246 2385 2284 a
2450 2230 2590 2285 duce
2645 2230 2960 2286 Poloniensi
3026 2231 3070 2265 ⁸⁷
3123 2231 3314 2302 praelio
3354 2230 3618 2302 superati,
3657 2231 3732 2285 ad

403 2325 856 2396 philoswphorum
916 2324 981 2393 ⁵³,
1031 2324 1260 2380 forsitan
1300 2325 1511 2396 impia,
1543 2325 1763 2380 silentio
1818 2332 2011 2380 conte.
2115 2316 2447 2388 baptismum
2497 2318 2901 2392 confugerunt;
2944 2319 3187 2391 itemque
3226 2318 3472 2374 collectis
3522 2318 3740 2373 viribus

401 2423 604 2489 guntur
646 2430 829 2485 Operae
862 2414 1096 2484 pretium
1125 2414 1381 2468 duximus
1418 2413 1684 2484 quasdam
1714 2430 1800 2469 res
1829 2423 2012 2488 gestas
2117 2407 2284 2462 fidem
2324 2409 2692 2465 ‘christianam
2739 2411 3103 2485 abnegantes,
3168 2418 3362 2467 contra
3399 2409 3740 2465 christianos

403 2511 787 2566 Polonicorum
828 2508 1163 2579 principum,
1203 2509 1376 2581 gratia
1404 2508 1689 2576 cujusdam
1724 2506 2011 2578 gloriosis-
2112 2501 2315 2556 bellum
2361 2502 2545 2558 denuo
2587 2510 2936 2574 paraverunt.
2979 2504 3119 2559 Sunt
3171 2504 3336 2559 etiam
3365 2504 3505 2559 ultra
3544 2518 3643 2558 eos
3674 2515 3739 2559 et

400 2598 522 2652 simi
555 2596 711 2651 ducis
736 2613 799 2651 ac
825 2595 1261 2651 victoriosissimi
1289 2596 1510 2651 nomine
1536 2594 1827 2658 Bolezlavi,
1882 2595 2010 2651 stilo
2112 2591 2254 2647 intra
2303 2593 2527 2649 brachia
2570 2595 2960 2666 amphitrionis
2998 2594 3105 2649 alia
3145 2595 3395 2650 barbara!
3435 2594 3733 2667 gentilium

403 2688 603 2761 puerili
641 2689 685 2722 5‘
728 2688 909 2759 potius
951 2703 1207 2753 exarare,
1248 2703 1409 2758 quam
1461 2702 1528 2741 ex
1569 2692 1687 2741 toto
1728 2694 2006 2757 posterum
2111 2683 2366 2740 nationes
2393 2693 2447 2741 et
2472 2686 2666 2741 insulae
2696 2686 3104 2753 inhabitabiles,
3138 2687 3233 2742 ubi
3263 2694 3527 2758 perpetua
3554 2686 3599 2721 ⁵⁸
3628 2685 3725 2739 nix

403 2780 683 2836 memoriae
741 2778 912 2833 nichil
990 2777 1235 2833 notabile
1301 2778 1346 2812 ⁵⁵
1396 2792 1704 2843 reservare;
1764 2776 1836 2831 ob
1907 2777 2009 2832 hoc
2110 2784 2195 2831 est
2220 2783 2274 2831 et
2303 2777 2530 2851 glacies.
2563 2778 2733 2851 Igitur
2770 2784 2914 2833 terra
2952 2778 3274 2835 Sclavonica
3301 2778 3369 2832 ad
3400 2777 3723 2848 aquilonem

399 2870 564 2924 etiam
605 2870 651 2903 ⁵⁸
678 2868 935 2934 maxime,
959 2867 1105 2939 quod
1124 2867 1220 2922 Dei
1261 2867 1407 2922 dono
1435 2866 1805 2937 precibusque
1834 2867 2007 2921 sancti
2111 2864 2216 2919 hiis
2243 2866 2565 2940 regionibus
2594 2867 2711 2921 suis
2742 2867 3050 2937 partialiter
3079 2866 3339 2923 divisuris
3369 2867 3415 2901 δ’
3454 2865 3568 2920 sive
3593 2881 3737 2921 con-

400 2961 575 3035 Egidii
620 2968 783 3015 natus
823 2959 941 3027 fuit,
980 2974 1075 3030 per
1105 2974 1294 3029 quem,
1323 2966 1384 3013 ut
1423 2958 1465 2993 5"
1521 2957 1818 3023 credimus,
1861 2958 2006 3012 bene
2107 2957 2444 3012 stituturis70
2469 2958 2730 3027 existens,
2754 2958 3121 3015 aSarmaticis
3147 2959 3242 3031 qui
3269 2965 3325 3014 et
3347 2958 3493 3014 Getae
3519 2973 3729 3014 vocan-

400 3053 707 3108 fortunatus
758 3067 1086 3122 semperque
1128 3050 1455 3105 victoriosus
1480 3049 1675 3105 extitit.
1724 3050 1832 3105 Sed
1881 3050 2008 3121 quia
2111 3054 2197 3103 tur
2228 3049 2280 3103 in
2314 3048 2528 3104 Daciam
2560 3050 2601 3084 τί
2630 3057 2685 3105 et
2709 3051 2999 3107 Saxoniam
3034 3051 3359 3107 terminatur
3385 3051 3450 3117 ⁷³,
3479 3066 3509 3105 a
3537 3049 3733 3105 Tracia

399 3144 551 3219 regio
580 3144 907 3199 Polonorum
941 3142 1008 3196 ab
1041 3142 1332 3197 itineribus
1361 3142 1783 3216 peregrinorum
1824 3149 1879 3198 et
1911 3159 2005 3197 re-
2113 3152 2295 3198 autem
2323 3160 2423 3214 per
2453 3145 2765 3217 Ungariam,
2802 3146 2973 3201 Hunis
2999 3146 3046 3180 ’⁷³
3076 3146 3168 3218 qui
3211 3153 3265 3201 et
3295 3144 3497 3218 Ungari
3529 3145 3735 3201 dicun-

398 3244 567 3303 mota,
596 3244 652 3291 et
681 3235 786 3289 nisi
809 3234 1226 3290 transeuntibus
1255 3234 1311 3287 in
1356 3234 1578 3289 Rusiam
1606 3236 1651 3269 ⁵⁸
1678 3250 1777 3305 pro
1809 3235 2012 3290 merci-
2113 3240 2202 3289 tur
2232 3236 2512 3307 quondam
2559 3236 2605 3270 ⁷⁸
2637 3245 2960 3308 occupatam
2983 3238 3050 3305 τε,
3070 3237 3464 3294 descendendo
3495 3253 3595 3308 per
3625 3236 3738 3292 Ca-

395 3331 581 3387 monio
620 3330 811 3402 paucis
849 3338 997 3395 nota,
1047 3329 1093 3384 si
1132 3329 1373 3384 breviter
1430 3328 1563 3383 inde
1593 3329 1900 3384 disseratur
1943 3330 2010 3396 59,
2041 3382 2084 3402 η
2113 3326 2374 3381 rinthiam
2415 3328 2471 3381 in
2504 3328 2784 3384 Bavariam
2815 3329 2864 3365 ⁷⁸
2901 3328 3205 3396 difﬁnitur;
3236 3331 3302 3385 ad
3333 3338 3575 3385 austrum
3600 3344 3741 3385 vero

395 3420 533 3476 nulli
573 3420 825 3475 videatur
880 3419 1198 3484 absurdum,
1240 3426 1296 3473 et
1344 3418 1391 3472 si
1435 3433 1532 3489 pro
1584 3425 1739 3489 parte
1797 3416 2014 3475 deseri;
2036 3416 2085 3452 υ
2108 3416 2264 3485 juxta
2287 3433 2438 3480 mare
2469 3417 2934 3472 mediterraneum
2962 3417 3031 3472 ab
3054 3419 3270 3490 Epper
3299 3418 3600 3474 derivando
3633 3434 3741 3489 per

393 3513 849 3570 bendthotum
893 3514 1207 3580 inducatur,
1241 3528 1406 3568 nemo
1438 3519 1658 3583 reputet
1694 3528 2011 3569 onerosum.
2116 3511 2465 3578 Dalmaciam,
2521 3512 2830 3568 Crovaciam
2888 3512 2932 3546 ⁷⁷
2992 3520 3047 3568 et
3101 3513 3368 3585 Hystriam
3428 3513 3475 3547 ⁷⁸
3526 3512 3737 3568 ﬁnibus

395 3606 567 3681 Igitur
602 3606 671 3661 ab
703 3606 965 3677 aquilone
999 3604 1229 3660 Polonia
1275 3604 1731 3675 septentrionalis
1775 3621 1902 3676 pars
1931 3612 2015 3660 est
2113 3601 2283 3657 maris
2336 3602 2596 3657 Adriatici
2659 3604 2704 3638 ⁷⁸
2779 3603 3094 3671 terminata,
3177 3604 3272 3658 ubi
3350 3603 3593 3659 Venecia
3676 3609 3734 3658 et

393 3699 695 3755 Sclavonize
720 3700 788 3765 δι,
814 3715 936 3771 quae
967 3685 1227 3753 habetab
1269 3698 1483 3753 oriente
1524 3697 1768 3763 Rusiam,
1811 3697 1880 3751 ab
1904 3713 2010 3753 au-
2113 3693 2360 3765 Aquileia
2392 3692 2436 3727 ⁸ο
2465 3694 2736 3762 consistit,
2767 3695 2834 3749 ab
2887 3694 3095 3766 Hytalia
3134 3702 3534 3767 sequestratur.
3596 3692 3730 3758 Quae

392 3799 504 3848 stro
538 3791 857 3865 Ungariam,
886 3807 916 3844 τι
943 3791 1243 3844 subsolano
1276 3788 1567 3844 Moraviam
1599 3797 1654 3844 et
1672 3789 2012 3856 Bohemiam,
2115 3787 2288 3858 regio,
2333 3789 2585 3861 quamvis
2638 3789 2867 3845 multum
2900 3789 2972 3844 sit
3001 3805 3314 3857 nemorosa,
3368 3805 3504 3845 auro
3548 3798 3737 3845 tamen

394 3885 463 3938 ab
506 3883 794 3938 occidente
834 3881 1052 3936 Daciam
1101 3887 1156 3935 et
1193 3880 1483 3935 Saxoniam
1516 3882 1878 3938 collaterales.
1936 3880 2015 3934 Ad
2116 3884 2172 3932 et
2197 3879 2237 3912 ⁸¹
2266 3886 2517 3954 argento,
2542 3894 2683 3950 pane
2705 3886 2760 3933 et
2781 3878 2827 3912 ⁸³
2857 3894 3041 3944 carne,
3067 3880 3218 3952 pisce
3253 3886 3309 3934 et
3333 3878 3380 3914 ⁸³
3410 3879 3575 3935 melle
3603 3879 3745 3933 satis

397 3988 545 4027 mare
584 3979 767 4027 autem
800 3969 1238 4041 septentrionale
1267 3971 1353 4026 vel
1393 3970 1799 4040 anphitrionale
1833 3971 1877 4004 ⁶²
1906 3976 2017 4025 tres
2118 3975 2198 4023 est
2228 3970 2479 4041 capiosa,
2520 3976 2575 4025 et
2631 3970 2687 4025 in
2719 3970 2826 4025 hoc
2870 3970 3167 4042 plurimum
3198 3970 3323 4026 aliis
3360 3969 3733 4041 praeferenda,

398 4060 564 4115 habet
610 4061 655 4094 ⁸³
683 4057 880 4114 afﬁnes
913 4058 1268 4113 barbarorum
1308 4057 1598 4132 gentilium
1641 4056 2017 4113 ferocissimas
2117 4059 2267 4130 quod
2307 4074 2431 4113 cum
2471 4059 2517 4093 ⁸⁸
2546 4075 2578 4112 a
2603 4064 2683 4113 tot
2711 4073 2878 4129 supra
2918 4058 3083 4114 dictis
3107 4058 3369 4134 gentibus
3396 4065 3452 4114 et
3474 4059 3740 4115 christia-

397 4152 668 4217 nationes,
725 4150 1031 4206 Seleuciam
1067 4150 1201 4219 (56),
1256 4149 1615 4204 Pomeranam
1678 4149 1723 4184 ⁸⁸
1780 4156 1835 4204 et
1883 4149 2014 4203 Pru-
2118 4146 2205 4201 nis
2232 4154 2285 4201 et
2329 4147 2636 4222 gentilibus
2666 4145 2741 4201 sit
2768 4146 2989 4215 vallata,
3022 4154 3078 4203 et
3107 4163 3138 4202 a
3177 4148 3394 4203 cunctis
3425 4147 3648 4203 insimul
3682 4156 3737 4203 et

398 4241 535 4296 ziam
566 4243 629 4309 ⁸⁵,
672 4249 864 4296 contra
892 4255 1029 4311 quas
1060 4239 1317 4314 regiones
1348 4238 1681 4295 Polonorum
1714 4240 1823 4294 dux
1878 4239 2019 4294 assi-
2116 4255 2148 4294 a
2186 4238 2421 4311 singulis
2474 4237 2795 4293 multotiens
2834 4237 3178 4313 impugnata,
3220 4255 3503 4312 nunquam
3555 4249 3740 4296 tamen

398 4330 508 4386 due
563 4336 792 4406 pugnat,
840 4335 902 4384 ut
939 4344 1033 4383 eas
1078 4328 1148 4383 ad
1190 4328 1355 4383 fidem
1403 4335 1718 4395 convertat;
1759 4328 1856 4383 sed
1880 4358 1885 4361 -
1913 4343 2016 4383 nec
2118 4330 2186 4385 ab
2218 4330 2330 4386 ullo
2364 4330 2468 4386 fuit
2496 4330 2717 4401 penitus
2766 4328 3088 4405 subjugata;
3122 4331 3299 4401 patria
3324 4332 3369 4366 ⁸⁵
3401 4331 3497 4386 ubi
3527 4348 3623 4389 aer
3650 4349 3743 4388 sa«

398 4422 581 4494 gladio
612 4419 1022 4493 praedicationis
1043 4435 1137 4476 cor
1168 4436 1359 4476 eorum
1390 4437 1420 4474 a
1451 4419 1686 4490 perﬁdia
1717 4420 1894 4491 potuit
1924 4436 2015 4475 re-
2116 4421 2310 4489 lubris,
2341 4437 2474 4496 ager
2513 4421 2560 4457 ⁸⁸
2588 4420 2808 4490 fertilis,
2839 4422 2975 4477 silva
3004 4414 3293 4492 melliﬂua,
3324 4439 3468 4496 aqua
3498 4424 3743 4497 piscosa,

1758 4550 1979 4605 VARUS
2017 4551 2397 4609 LECTIONES.

471 4651 516 4686 ὀδ
543 4652 623 4706 sic
640 4650 692 4707 3.
760 4651 808 4685 “
836 4649 1102 4722 Angelum
1135 4653 1413 4722 anteponit
1450 4650 1503 4704 2.
1528 4652 1667 4718 forte
1716 4649 1971 4722 jugulum
2002 4653 2140 4721 quod
2174 4657 2351 4722 postea
2381 4656 2600 4706 omittit.
2662 4651 2706 4685 ιτ
2730 4650 3007 4707 Holoferni
3037 4652 3090 4706 2.
3151 4651 3197 4686 ⁸⁸
3220 4652 3362 4707 deest
3384 4649 3437 4704 2.
3500 4648 3545 4683 ⁶⁹
3575 4646 3648 4703 ita
3679 4646 3739 4704 2.

404 4723 450 4757 ⁵ο
480 4721 1019 4795 incipiuntt—primo
1034 4721 1238 4795 desunt
1266 4721 1319 4795 3_.
1374 4723 1429 4795 ἕξ
1449 4723 1590 4795 deest
1610 4723 1657 4774 1.
1682 4722 1735 4776 2.
1788 4721 1833 4757 εί
1856 4724 2129 4795 εει-ιιηίιΒ.
2191 4724 2236 4757 ⁸³
2255 4724 2612 4795 plurimorum
2641 4723 2695 4778 3.
2751 4724 3025 4795 “omittit,
3048 4729 3100 4779 et
3123 4726 3363 4794 spatium
3380 4734 3618 4795 vacuum
3640 4736 3737 4795 re:

402 4790 657 4862 linquit—3
739 4793 784 4826 ⁸⁵
811 4790 1165 4864 mutabile}.
1198 4793 1251 4864 2.
1280 4792 1332 4849 3.
1389 4794 1435 4827 ⁸6
1458 4800 1514 4864 et
1537 4794 1650 4864 jam
1681 4809 1818 4863 swpe
1842 4790 1896 4847 2'.
1931 4794 2138 4848 ecciam
2167 4790 2373 4864 semper
2400 4795 2452 4849 3.
2542 4794 2586 4828 ⁵⁷
2606 4795 2747 4849 deest
2777 4795 2827 4850 ‘l.
2860 4790 2916 4850 2.
2975 4794 3021 4830 ⁸³
3069 4790 3319 4850 Russiam
3339 4807 3543 4861 semper
3570 4792 3621 4846 3.
3666 4792 3744 4864 κε’

404 4864 689 4918 deseratur
720 4864 765 4935 t.
798 4863 853 4917 2.
887 4862 1044 4935 desja
1082 4862 1173 4935 3η
1211 4863 1256 4935 ξο
1294 4862 1663 4919 describenda
1697 4881 1796 4935 pro
1830 4873 1982 4935 parte
2013 4864 2063 4921 3.
2149 4866 2189 4900 ⁶¹
2225 4862 2511 4921 Sclavonie
2539 4865 2594 4918 2.
2661 4866 2752 4921 sed
2778 4872 3042 4922 corrector
3064 4882 3094 4921 c
3122 4867 3327 4935 delevit
3383 4864 3429 4898 ⁸³
3472 4880 3524 4935 v.
3561 4879 3613 4917 a.
3641 4863 3743 4917 de-

400 4937 603 4991 sunt3.
690 4934 735 4968 ⁸³
761 4948 985 5004 quoque
1010 4932 1066 5004 2.
1108 4933 1180 5004 7“
1214 4934 1594 4990 Pomoraniam
1628 4932 1710 4992 3.‘
1768 4936 1812 4970 ⁶⁶
1830 4932 2076 4990 Prusiam
2106 4935 2159 4991 2.
2197 4937 2442 4991 Russiam
2474 4937 2526 4991 3.
2624 4937 2669 4971 ⁸⁸
2699 4936 2801 4991 nisi
2823 4936 2877 4992 2.
2963 4935 3005 4971 ⁸⁷
3048 4937 3276 4992 Polonie
3303 4933 3337 4990 3
3447 4934 3491 4968 ⁸⁸
3531 4947 3743 5004 perpe-

401 5013 493 5061 tue
519 5005 570 5062 3.
642 5006 686 5039 ⁶⁹
716 5003 963 5076 divisivis
995 5003 1048 5059 2.
1091 5003 1143 5057 3.
1233 5005 1278 5038 ⁷ο
1302 5006 1616 5062 constitutis
1643 5006 1694 5060 2.
1730 5007 1784 5061 3.
1863 5007 1905 5041 ⁷¹
1942 5007 2164 5061 Duciam
2214 5007 2267 5061 2.
2338 5008 2384 5041 ⁷³
2415 5006 2780 5063 terminantur
2814 5012 2856 5062 Ι.
2891 5007 2944 5062 2.
3021 5007 3067 5041 ⁷³
3099 5008 3262 5076 hujus
3304 5008 3356 5061 1ο
3389 5005 3445 5060 2.
3526 5003 3571 5076 7‘
3598 5018 3740 5059 con-

402 5078 607 5157 d_am2_.
695 5075 1627 5157 lillunisfoecupa‘tamdesqnt3
1664 5156 1669 5157 γ
1726 5078 1772 5157 :5
1799 5077 2167 5157 Chorinthiam
2198 5085 2253 5133 et
2292 5077 2640 5157 Bavaricgmﬁ
2740 5079 2803 5157 .77
2825 5075 3258 5157 SctjovaeiarrrfL
3284 5075 3640 5157 Stromaciam

401 5150 446 5224 ξιξ
474 5150 686 5224 Istriam
726 5146 827 5224 3.“
854 5146 899 5224 7f
930 5145 1265 5224 atriaticihi.
1293 5152 1378 5203 Sic
1402 5150 1592 5224 Iza_butt
1620 5156 1672 5203 et
1724 5150 1777 5203 2.
1814 5151 1905 5204 sed
1928 5156 2109 5224 postea
2149 5152 2397 5224 ceperit.
2449 5149 2533 5224 _°°
2555 5149 2789 5224 venacia
2821 5157 2876 5205 et
2902 5150 3190 5224 Aquilegia
3226 5148 3279 5205 3.
3365 5149 3406 5183 ⁸¹
3430 5148 3571 5203 deest
3601 5148 3650 5203 1.
3678 5147 3740 5208 2.

407 5166 446 5183 σι’
474 5166 686 5203 tsmam
726 5166 775 5203 δ.
862 5166 899 5180 η
930 5166 1167 5201 atriaum
1214 5166 1378 5203 1.5m
1402 5166 1591 5204 naeuu
1620 5166 1672 5203 et
1724 5166 1777 5203 z.
1814 5166 1904 5204 sea
1928 5166 2109 5218 postea
2149 5166 2397 5205 correxit.
2488 5166 2533 5184 ου
2561 5166 2789 5207 venacta
2821 5166 2876 5205 et
2902 5166 2936 5203 Α
2982 5166 3017 5204 u

401 5220 447 5255 ⁸²
467 5222 611 5277 deest
638 5220 691 5277 3.
783 5218 829 5253 ⁸³
856 5218 996 5273 deest
1026 5218 1077 5273 3.
1175 5218 1219 5253 ⁸⁸
1260 5236 1368 5291 que
1399 5221 1573 5275 eciam
1600 5236 1721 5275 cum
1744 5237 1843 5290 pro
1872 5221 2020 5291 quod
2062 5237 2184 5275 cum
2209 5219 2260 5277 3.
2352 5221 2397 5255 ⁸⁵
2426 5221 2568 5277 deest
2596 5222 2648 5276 3.
2736 5221 2783 5255 ⁸⁸
2802 5166 3017 5278 territa.

1975 5321 2019 5375 Ν
2024 5320 2170 5377 ΟΤΑΞ

470 5422 583 5492 (55)
612 5421 765 5487 Sall.,
798 5420 975 5492 Catil.,
1016 5434 1068 5474 IV
1114 5436 1128 5483 ;
1185 5417 1523 5492 Jug.,wxvn.
1558 5420 1614 5475 S.
2115 5419 2254 5492 ciam
2287 5434 2407 5492 seu,
2442 5428 2504 5481 ut
2555 5424 2747 5492 auctor
2772 5418 2907 5492 Vitae
2938 5419 2997 5492 δ.
3044 5419 3283 5492 _0ttonis
3320 5419 3506 5492 habet,
3548 5417 3745 5492 Lenti-

472 5489 582 5558 (5ὃί
608 5492 710 5546 Per
729 5491 1036 5546 Selenciam
1079 5504 1189 5544 non
1233 5489 1543 5562 intelligere
1596 5498 1879 5547 auctorem
1912 5506 2014 5545 ne-
2115 5491 2280 5562 ciam,
2316 5490 2741 5562 demonstravit
2763 5489 2876 5562 jam
2929 5490 2984 5545 S.
3032 5490 3233 5547 Girtler
3273 5491 3327 5545 in
3371 5491 3555 5547 Indice
3609 5491 3738 5547 lect.

400 5577 508 5633 que
546 5562 794 5618 Silesiam
848 5577 951 5617 nec
982 5568 1180 5615 terram
1234 5560 1661 5631 Slesvicensem,
1703 5564 1801 5616 sed
1864 5562 2015 5616 Luti-
2117 5561 2268 5617 univ.
2304 5560 2478 5627 Crac.,
2511 5577 2563 5615 a.
2601 5560 2758 5617 1823.
2797 5561 2854 5615 S.
3092 5590 3097 5593 -
