3948 6044
230 211 342 267 845

1649 213 1840 270 LIBER
1882 213 2149 270 PRIMUS.

3457 194 3570 271 sta

228 347 434 402 milites
477 346 750 416 bellicosi,
793 347 979 403 rustici
1037 346 1316 414 laboriosi,
1363 347 1491 420 equi
1533 347 1838 417 durabiles,
1867 348 2070 422 Adam
2123 354 2276 424 gesta
2323 347 2790 418 praedecessorum
2844 348 2888 383 ⁸³
2951 347 3120 424 digna
3184 349 3450 405 memoria
3516 350 3562 386 ⁸³

227 437 402 494 boves
428 435 687 503 arabiles,
724 451 904 492 vaccae
927 436 1168 504 lactosae,
1201 453 1332 493 oves
1370 438 1594 494 lanosaa.
1629 439 1738 494 Sed
1771 454 1846 494 ne

228 529 634 604 digressionem
692 527 922 584 nimium
991 529 1254 600 prolixam
1297 529 1498 586 fecisse
1535 530 1846 595 videamur,

230 621 302 675 ad
359 619 685 675 intentionis
722 626 926 676 nostra:
967 621 1306 692 prepositum
1339 629 1698 676 revertamur.
1762 620 1850 676 Est

233 721 418 768 autem
453 712 686 768 intentio
718 719 906 768 nostra
927 713 997 768 de
1024 713 1251 770 Polouia
1289 719 1346 769 et
1373 713 1444 768 de
1475 713 1615 770 duce
1643 712 1850 786 princi-

237 807 436 880 paliter
483 807 731 864 Bolezlao
759 807 802 842 ⁸⁷
831 807 1168 875 describere,
1223 809 1453 882 ejusque
1480 809 1656 884 gratia
1686 823 1846 880 quae-

1951 441 2200 498 recitare.
2261 441 2414 496 Nunc
2469 455 2602 514 ergo
2653 440 2736 497 sic
2792 440 2960 496 ordiri
3005 441 3287 497 materiam
3329 441 3564 512 incipia-

1952 552 2096 602 mus,
2136 542 2194 591 ut
2234 551 2335 606 per
2372 535 2614 591 radicem
2663 535 2732 591 ad
2776 553 2985 591 ramum
3043 535 3255 592 arboris
3299 537 3566 592 ascenda-

1951 644 2094 683 mus.
2139 627 2382 694 Qualiter
2407 643 2540 700 ergo
2569 627 2800 683 ducatus
2832 629 3010 684 honor
3043 628 3390 704 generationi
3437 630 3566 687 huic

1952 714 2234 782 acciderit,
2267 715 2616 788 subsequens
2639 715 2774 772 ordo
2816 715 3146 772 narrationis
3177 717 3453 772 intimabit
3497 719 3562 774 νο.

1339 1018 1738 1107 LIBER
1831 1013 2320 1106 PRIMUS
2383 1009 2477 1102 θ’.

313 1259 362 1314 1.
389 1263 461 1315 De
483 1261 614 1316 duce
645 1261 918 1330 Popelone.
953 1263 1137 1320 Dictus
1175 1263 1221 1300 ⁸³
1250 1263 1364 1337 (57)
1395 1265 1642 1321 Chosisco
1680 1265 1746 1320 93.

315 1355 440 1412 Erat
495 1371 735 1426 namque
785 1356 840 1410 in
897 1356 1116 1414 civitate
1155 1358 1490 1424 Gneznensi,
1531 1376 1654 1431 quae
1700 1361 1864 1418 nidus

243 1447 635 1516 interpretatur
662 1446 988 1504 Sclavonice
1018 1448 1085 1517 9‘,
1115 1449 1224 1504 dux
1245 1451 1470 1506 nomine
1502 1450 1693 1522 Popel,
1726 1451 1866 1508 duos

244 1535 390 1592 ﬁlios
412 1535 640 1604 habens,
666 1538 762 1610 qui
795 1554 946 1595 more
975 1541 1302 1615 gentilitatis
1331 1541 1399 1596 ad
1432 1558 1624 1597 eorum
1673 1549 1867 1599 tonsu-

247 1644 359 1683 ram
399 1629 610 1703 grande
635 1629 948 1686 convivium
982 1633 1311 1704 praeparavit
1347 1634 1414 1701 ⁸³,
1461 1634 1558 1689 ubi
1597 1635 1867 1706 plurimos

245 1737 470 1778 suorum
512 1737 802 1791 procerum
856 1733 912 1778 et
964 1725 1266 1780 amicorum
1314 1725 1583 1781 invitavit.
1627 1725 1867 1800 Contigit

245 1821 428 1868 autem
481 1829 546 1868 ex
592 1815 810 1871 occulto
839 1815 934 1870 Dei
991 1817 1224 1872 consilio
1272 1817 1414 1874 duos
1453 1817 1584 1874 illuc
1616 1819 1864 1890 hospites

247 1903 566 1971 advenisse,
598 1905 693 1976 qui
726 1920 836 1961 non
863 1907 1038 1963 solum
1063 1909 1131 1963 ad
1161 1909 1475 1965 convivium
1509 1925 1620 1966 non
1645 1911 1692 1946 ⁹⁶
1723 1909 1863 1965 invi-

247 1992 366 2058 tati,
413 2009 602 2048 verum
644 1993 810 2048 etiam
871 2010 901 2048 a
955 1996 1194 2051 civitatis
1241 1997 1465 2052 introitu
1515 2014 1638 2054 cum
1671 1997 1874 2067 injuria

244 2091 377 2138 sunt
405 2082 634 2138 redacti.
675 2083 775 2148 Qui
805 2083 988 2140 statim
1029 2085 1231 2140 civium
1285 2086 1506 2142 illorum
1559 2086 1872 2142 inhumani-

248 2181 416 2230 tatem
444 2174 488 2209 ⁸⁷
519 2175 886 2231 abhorrentes
916 2183 971 2232 et
993 2177 1048 2231 in
1081 2177 1406 2233 suburbium
1439 2179 1868 2246 descendentes,

252 2273 380 2322 ante
413 2266 805 2322 domunculam
839 2267 1070 2324 aratoris
1109 2269 1356 2339 praedicti
1397 2269 1554 2326 ducis
1591 2287 1689 2342 pro
1743 2271 1872 2328 ﬁliis

249 2359 566 2416 convivium
606 2358 860 2416 facientis
914 2358 1056 2416 forte
1099 2361 1317 2419 fortuna
1355 2365 1722 2420 devenerunt.
1771 2365 1870 2421 llle

249 2463 383 2503 vero
407 2449 565 2504 bonae
592 2449 1000 2521 compassionis
1025 2454 1392 2524 pauperculus
1413 2453 1659 2524 hospites
1679 2454 1803 2510 illos
1825 2455 1870 2490 ⁸⁸

245 2537 313 2591 ad
345 2551 498 2591 suam
529 2537 575 2572 9°
606 2537 996 2593 domunculam
1033 2539 1304 2606 invitavit,
1331 2557 1602 2614 suamque
1628 2557 1866 2614 pauper-

248 2635 415 2683 tatem
445 2629 528 2683 eis
557 2627 956 2704 benignissime
998 2633 1370 2702 praesentavit.
1417 2635 1480 2689 At
1524 2634 1601 2688 illi
1635 2635 1702 2670 ¹⁰⁰
1736 2652 1867 2706 pau-

241 2719 392 2789 peris
427 2720 740 2776 invitationi
775 2721 836 2755 ²⁰¹
867 2727 1146 2796 gratanter
1175 2723 1510 2780 inclinantes
1541 2733 1595 2780 et
1620 2726 1868 2796 hospita-

245 2808 416 2866 litatis
444 2811 722 2884 tugurium
767 2811 1096 2877 subeuntes,
1128 2815 1267 2870 Bene
1313 2815 1592 2888 inquiunt,
1631 2832 1726 2872 nos
1765 2817 1869 2872 ad-

243 2907 453 2958 venisse
473 2903 784 2971 gaudeatis,
815 2910 864 2958 et
899 2907 958 2960 in
1007 2911 1188 2962 nostro
1220 2908 1450 2962 adventu
1488 2909 1742 2964 bonorum
1800 2909 1868 2943 ¹⁰²

236 2994 459 3068 copiam
486 2997 536 3046 et
563 2991 628 3046 de
651 2992 826 3046 sobole
845 2995 1096 3050 honorem
1125 2999 1175 3050 et
1201 2997 1435 3062 gloriam
1462 2995 1722 3051 habeatis.

463 3086 518 3142 2.
553 3087 622 3122 ¹⁰³
651 3091 725 3142 De
746 3091 878 3144 Patr.
911 3088 978 3122 ¹⁰⁶
1005 3089 1120 3158 ﬁlio
1153 3090 1530 3146 Chosischonis
1565 3090 1654 3142 ‘05.

327 3179 491 3233 Erant
511 3178 660 3234 enim
691 3179 918 3252 hospitii
949 3180 1018 3215 ¹⁰⁶
1043 3181 1334 3237 domestici
1367 3182 1433 3216 ¹⁰⁷
1467 3183 1594 3238 Ρεῑι
1634 3182 1700 3218 ¹⁰³
1730 3181 1890 3248 filius

255 3269 575 3327 Chostconis
603 3271 669 3307 ¹⁰⁰
699 3278 755 3328 et
786 3288 924 3328 uxor
953 3273 1074 3340 ejus
1114 3273 1299 3344 Repca
1330 3273 1396 3310 ¹¹⁰
1419 3275 1685 3331 vocabulo
1725 3291 1873 3330 nun-

254 3362 440 3434 cupati
490 3363 578 3428 ιιι,
609 3363 704 3434 qui
749 3379 874 3419 cum
913 3379 1116 3440 magno
1141 3365 1326 3443 cordis
1355 3364 1552 3423 affectu
1583 3381 1682 3438 pro
1708 3381 1874 3438 posse

250 3467 354 3506 suo
410 3450 692 3522 hospitum
758 3451 1076 3508 necessitati
1129 3454 1442 3510 ministrare
1485 3456 1873 3528 sathagebant,

253 3555 560 3612 eorumque
610 3540 676 3574 ¹¹²
744 3540 1093 3612 prudentiam
1150 3541 1450 3606 intuentes,
1495 3548 1768 3597 secretum
1829 3543 1874 3608 si

255 3632 390 3704 quid
419 3632 486 3668 “3
511 3643 630 3688 erat
657 3648 782 3688 cum
811 3647 1004 3688 eorum
1047 3631 1281 3688 consilio
1313 3631 1578 3704 perficere
1610 3633 1875 3706 dispone-

259 3713 390 3776 bant
452 3721 696 3794 Cumque
735 3721 807 3776 de
845 3737 999 3778 more
1029 3721 1352 3776 resistentes
1383 3722 1448 3756 ¹¹⁴
1487 3721 1875 3794 colloqueren-

257 3819 350 3867 tur
387 3811 456 3866 de
501 3811 776 3882 plurimis,
823 3818 878 3867 et
927 3811 1207 3886 peregrini
1247 3828 1314 3866 an
1352 3811 1426 3866 ibi
1477 3819 1641 3883 potus
1667 3812 1878 3884 aliquid

263 3904 332 3939 “5
360 3904 629 3959 habeatur
647 3903 1014 3975 inquirerent,
1032 3913 1217 3960 arator
1242 3903 1534 3975 hospitalis
1555 3905 1878 3975 respondit:

261 3993 382 4058 Est,
442 3991 643 4064 inquit,
699 3992 867 4048 michi
901 3993 1179 4048 vasculum
1233 3994 1473 4048 cervisiaz
1525 3993 1881 4060 fementatm,

263 4095 432 4150 quam
459 4096 560 4151 pro
585 4081 804 4136 casarie
817 4081 925 4150 ﬁlii
951 4097 1110 4151 quem
1143 4081 1308 4136 habeo
1336 4082 1488 4136 unici
1515 4081 1786 4137 tendendo
1819 4083 1886 4117 “6

1878 1273 1928 1341 Β
1948 1265 2289 1336 prceparavi,
2321 1263 2416 1318 sed
2456 1265 2590 1334 quid
2630 1265 2852 1334 prodest
2881 1265 2975 1321 hoc
3019 1269 3297 1324 tantillum
3321 1271 3349 1328 ?.
3386 1270 3449 1326 Si
3501 1271 3572 1326 li-

1967 1357 2086 1412 beat
2122 1354 2366 1410 ebibatis.
2403 1355 2731 1410 Decreverat
2759 1355 2906 1411 enim
2939 1357 3173 1414 rusticus
3217 1359 3306 1414 ille
3339 1355 3604 1433 pauper,’

1966 1444 2189 1518 quando
2220 1443 2480 1500 dominus
2511 1459 2644 1498 suus
2669 1443 2779 1500 dux
2808 1460 2906 1516 pro
2937 1442 3065 1501 ﬁliis
3094 1448 3407 1504 convivium
3441 1467 3580 1522 prie-

1968 1546 2185 1612 pararet
2213 1569 2284 1580 -—
2309 1555 2435 1594 nam
2468 1538 2522 1592 in
2551 1538 2660 1594 alio
2699 1546 2949 1611 tempore
2979 1558 3090 1612 prae
3122 1543 3292 1598 nimia
3325 1561 3570 1616 pauper-

1965 1637 2076 1685 tate
2109 1645 2216 1684 uon
2249 1634 2437 1700 posset
2467 1659 2510 1668 —-
2541 1627 2751 1700 aliquid
2783 1629 3002 1685 obsonii
3043 1631 3108 1666 υτ
3166 1649 3265 1703 pro
3303 1649 3404 1690 suo
3454 1643 3580 1690 ton-

1967 1718 2150 1774 dendo
2198 1717 2426 1789 parvulo
2458 1733 2769 1788 praeparare
2805 1726 2859 1774 et
2895 1721 3164 1790 quosdam
3197 1723 3494 1780 amicorum
3527 1733 3584 1780 et

1967 1823 2297 1880 pauperum,
2330 1824 2441 1864 non
2493 1807 2562 1862 ad
2604 1808 2923 1880 prandium,
2955 1809 3054 1864 sed
3111 1811 3178 1867 ad
3230 1814 3582 1884 gentaculum

1973 1897 2227 1966 invitare,
2261 1898 2356 1970 qui
2403 1897 2571 1952 etiam
2617 1898 2921 1969 porcellum
2967 1900 3266 1966 nutriebat,
3301 1919 3466 1974 quem
3515 1903 3583 1958 ad

1974 1988 2109 2044 illud
2140 1988 2421 2044 servitium
2455 1988 2792 2045 reservabat.
2839 1989 2972 2046 Mira
3010 1990 3262 2048 dicturus
3292 2010 3438 2061 sum,
3483 1995 3582 2050 sed

1974 2077 2098 2150 quis
2129 2077 2196 2112 ¹¹⁸
2235 2077 2380 2133 valet
2409 2077 2508 2132 Dei
2535 2077 2813 2152 magnalia
2841 2077 3122 2152 cogitare?
3151 2081 3238 2138 vel
3268 2083 3396 2154 quis
3419 2085 3586 2142 audet

1973 2169 2042 2224 de
2097 2167 2306 2222 divinis
2352 2165 2642 2223 beneﬁciis
2691 2167 3014 2240 disputare?
3057 2169 3150 2242 qui
3209 2172 3586 2242 temporaliter

1972 2259 2233 2330 pauperis
2279 2259 2346 2293 “9
2389 2258 2749 2314 humilitatem
2781 2259 3118 2332 aliquotiens
3167 2263 3367 2318 exaltat
3399 2263 3486 2330 ¹²⁰,
3526 2270 3582 2319 et

1972 2351 2400 2422 hospitalitatem
2433 2351 2597 2406 etiam
2620 2351 2909 2426 gentilium
2951 2369 3307 2410 remunerare
3343 2369 3452 2410 non
3485 2371 3579 2410 re-

1972 2451 2144 2500 cusat.
2197 2445 2472 2516 Imperant
2501 2459 2636 2518 ergo
2670 2445 2732 2478 ¹²¹
2763 2461 2890 2500 eum
2941 2447 3008 2480 ¹²²
3028 2446 3278 2518 hospites
3307 2447 3374 2482 “3
3401 2448 3583 2502 securi

1970 2535 2258 2592 cervisiam
2289 2535 2593 2607 prepinari,
2617 2553 2780 2608 quam
2809 2537 2952 2594 bene
2975 2545 3240 2594 noverant
3263 2539 3582 2610 potissando

1915 2631 1937 2652 ‘
1970 2627 2036 2661 ³³⁵
2059 2641 2168 2681 non
2197 2624 2433 2680 deficere
2454 2625 2793 2701 sed_augeri;
2815 2643 2992 2698 usque
3013 2627 3154 2683 adeo
3169 2627 3317 2682 enim
3340 2630 3580 2686 crevisse

1965 2720 2138 2776 fertur
2176 2720 2461 2784 cerevisia,
2517 2719 2698 2776 donec
2749 2737 2875 2776 vasa
2931 2729 3176 2778 mutuata
3237 2724 3584 2795 replerentur

1969 2814 2155 2870 omnia
2167 2821 2222 2870 et
2235 2831 2358 2885 quae
2369 2815 2526 2870 ducis
2538 2815 2884 2871 convivantis
2900 2815 3165 2874 invenere
3184 2835 3372 2874 vacua.
3400 2820 3586 2876 Praeci-

1971 2903 2130 2973 piunt
2151 2909 2206 2958 et
2234 2903 2535 2974 porcellum
2565 2903 2937 2975 supradictum
2967 2905 3188 2973 occidit,
3215 2907 3360 2964 unde
3389 2909 3582 2965 decem

1969 2992 2163 3047 situlae.
2195 2992 2511 3049 Sclavonice
2554 2991 2728 3060 ccbri,
2769 2993 3025 3050 mirabile
3063 2995 3236 3062 dictu,
3270 2982 3586 3055 memoran-

1971 3091 2062 3136 tur
2089 3081 2404 3154 adimpleri.
2435 3081 2576 3137 Visis
2603 3097 2733 3156 ergo
2767 3084 2832 3118 ⁸³⁵
2858 3084 2986 3140 Pazt
3018 3091 3072 3139 et
3114 3085 3294 3156 Bepca
3329 3087 3398 3122 ¹²⁶
3427 3087 3589 3144 mira-

1973 3173 2112 3228 culis
2167 3189 2290 3246 quae
2329 3172 2556 3239 fiebant,
2617 3173 2825 3246 aliquid
2880 3177 3065 3252 magni
3126 3178 3379 3254 prmsagii
3413 3179 3478 3214 "7
3516 3180 3586 3236 de

1975 3277 2149 3334 puero
2175 3263 2510 3326 sentiebant,
2537 3263 2765 3335 jamque
2804 3264 3002 3322 ducem
3043 3274 3100 3322 et
3155 3269 3414 3325 convivas
3451 3270 3589 3324 invi-

1975 3361 2092 3408 tare
2119 3351 2457 3424 cogitabant,
2489 3353 2588 3407 sed
2626 3367 2734 3409 non
2768 3353 3070 3424 audebant,
3108 3357 3212 3412 nisi
3243 3358 3396 3428 prius
3426 3373 3588 3428 pere-

1975 3441 2166 3516 grinos
2208 3441 2312 3497 hoc
2343 3440 2643 3512 inquirant.
2689 3441 2828 3506 Quid
2855 3443 3176 3499 moramur?
3231 3445 3464 3502 consilio
3494 3447 3590 3502 ita-

1976 3547 2086 3604 que
2133 3532 2410 3603 hospitum
2439 3537 2495 3586 et
2539 3533 2919 3588 exhortatione
2959 3534 3218 3590 dominus
3252 3551 3441 3591 eorum
3480 3537 3588 3592 dux

1978 3634 2034 3678 et
2062 3623 2306 3680 convivae
2349 3641 2546 3681 omnes
2585 3625 2761 3696 ipsius
2793 3627 2858 3661 ⁸³³
2891 3627 2959 3681 ab
2997 3628 3239 3702 agricola
3290 3629 3418 3686 Pazt
3449 3630 3587 3687 invi-

1981 3721 2186 3781 tantur,
2217 3731 2399 3788 neque
2427 3715 2628 3772 rustico
2689 3732 2791 3773 suo
2822 3717 2931 3772 dux
2980 3718 3239 3774 invitatus
3289 3721 3354 3755 “9
3383 3721 3591 3777 conde-

1979 3809 2247 3866 scendere
2278 3805 2632 3881 dedignatur.
2667 3804 2920 3860 Nondum
2971 3807 3120 3862 enim
3151 3807 3384 3864 ducatus
3422 3809 3590 3867 Polo-

1987 3899 2092 3956 nite
2122 3906 2240 3956 erat
2280 3905 2482 3962 tantus,
2539 3913 2724 3969 neque
2756 3897 3018 3970 princeps
3061 3897 3214 3954 orbis
3271 3906 3422 3955 tanto
3453 3899 3593 3958 fastu

1985 3989 2264 4061 superbiae
2294 3990 2655 4058 tumescebat,
2684 4005 2791 4046 nec
2837 3997 2918 4047 tot
2944 3991 3138 4047 cuneis
3183 3991 3458 4049 clientela:
3495 3997 3594 4052 sti-

1987 4090 2166 4154 patus,
2198 4083 2274 4139 ita
2304 4081 2598 4158 magnifice
2627 4082 2966 4154 procedebat
2991 4085 3076 4140 ‘30.
3103 4085 3241 4142 Inito
3282 4087 3598 4146 mdemore

1612 4243 1831 4300 VARUE
1871 4244 2225 4302 LECTIONES

336 4375 381 4412 ⁸⁷
407 4375 655 4450 Boleslao
684 4375 1064 4450 principaliter
1089 4377 1123 4432 3
1156 4447 1164 4450 _
1203 4375 1248 4450 ‘9
1279 4375 1704 4450 praedecessoris
1727 4376 1785 4430 2.
1805 4449 1818 4450 γ
1847 4377 2167 4433 "memorie
2197 4377 2248 4450 3.
2273 4377 2672 4432 90intimaverit
2699 4377 2750 4432 3.

2839 4377 2879 4411 ⁰¹
2914 4377 3056 4432 deest
3087 4378 3136 4433 1.
3168 4377 3221 4432 2.
3257 4379 3309 4434 3.
3351 4379 3599 4437 92dcs1o

271 4447 432 4530 dctus
444 4449 498 4530 2_.
516 4447 720 4530 dicto}?
757 4447 1268 4530 deductuscopiecit
1301 4447 1354 4504 Β.
1381 4520 1396 4530 1
1477 4447 1848 4530 ςιιοεηειρβ.
1908 4450 1952 4482 ⁹⁴
1977 4449 2480 4530 sglavonice2.._sed
2500 4457 2760 4530 corrector
2775 4451 3010 4530 primam
3031 4449 3277 4530 {delevit
3344 4449 3389 4483 9⁵
3410 4466 3604 4530 prepa-

273 4519 429 4574 rabat
467 4520 516 4590 1.
546 4519 600 4574 2.
666 4520 713 4554 ⁹⁶
739 4520 883 4575 deest
917 4523 972 4573 in
997 4519 1659 4583 codicibusmddiderunt
1681 4520 1924 4575 editores.
2003 4521 2047 4554 97
2076 4519 2477 4575 inhumanitate
2508 4520 2561 4573 3.
2639 4520 2684 4553 9³
2725 4519 3018 4590 praedictos
3047 4519 3080 4576 3
3176 4520 3221 4554 ⁹⁹
3237 4519 3600 4590 ριόμτὶθηῐΒ.

273 4590 340 4625 ¹⁰⁰
367 4590 460 4644 ille
483 4589 534 4647 3.
612 4590 675 4626 ¹⁰¹
706 4589 1095 4646 invitacionem
1117 4591 1169 4644 3.

273 4661 506 4718 honoris
563 4661 614 4718 3.
707 4661 774 4696 ¹⁰³
803 4662 849 4716 ll
901 4663 1046 4716 deest
1075 4662 1126 4716 1.
1173 4660 1226 4716 2.
1259 4661 1312 4718 3.
1427 4661 1496 4694 ¹⁰⁶
1523 4659 1661 4716 Past.
1694 4662 1729 4714 2

1259 4589 1328 4624 ¹⁰²
1359 4590 1480 4644 hor.
1525 4591 1760 4661 ﬁabebat
1803 4591 1856 4646 2.
1889 4591 2034 4661 quod
2059 4599 2322 4646 corrector
2359 4592 2554 4645 delevit
2596 4595 2644 4644 et
2683 4589 2746 4646 in
2775 4593 3019 4658 margine
3046 4589 3300 4660 apposuit
3329 4589 3600 4650 honorum

1839 4660 2362 4734 1°“Choszyszkonis
2407 4663 2458 4716 3.
2505 4663 2688 4716 Totam
2736 4664 3165 4734 inscriptionem:
3225 4663 3605 4734 Capitulum—

274 4732 665 4804 Chosischonis
689 4733 741 4787 1.
775 4735 834 4787 in
862 4735 1108 4799 margine
1131 4735 1297 4798 sistit,
1345 4735 1681 4804 narrationi:
1705 4733 1796 4802 ﬁlo
1826 4749 1860 4786 a
1897 4737 2074 4804 capite
2109 4732 2443 4803 praecedenti
2485 4749 2596 4788 non
2625 4737 2950 4802 interrupto.

3044 4733 3122 4806 ws
3144 4733 3382 4806 hospitio
3421 4741 3453 4790 3
3537 4737 3602 4772 ιοτ

270 4803 584 4860 domesticii
613 4803 668 4860 2.
738 4803 805 4839 ¹⁰⁸
836 4804 996 4859 Pazto
1023 4808 1158 4858 erat.
1217 4805 1270 4858 2.
1301 4803 1395 4858 sed
1424 4803 1604 4858 littera
1635 4818 1668 4858 ο
1695 4819 1874 4870 erasa,
1905 4803 1984 4859 ita
2015 4809 2212 4873 tamen,
2241 4810 2303 4860 ut
2339 4806 2482 4859 clare
2505 4809 2792 4874 appareat.
2853 4805 2918 4838 ¹⁰⁹
2941 4803 3348 4862 Cliossistconis
3370 4809 3424 4862 2.
3451 4807 3601 4864 Cho-

273 4875 611 4931 siszconis3.
697 4875 763 4909 “0
789 4875 960 4946 Repta
981 4877 1033 4930 2.

1133 4875 1196 4910 ¹¹¹
1231 4885 1550 4946 nuncupata
1593 4880 1710 4929 erat
1737 4875 1788 4928 2.
1825 4876 1920 4930 sed
1955 4876 2052 4930 ull.
2087 4892 2118 4930 a
2155 4881 2420 4932 mutatum
2458 4878 2517 4930 in
2549 4877 2582 4929 i.
2650 4875 2734 4946 7'”
2763 4875 2857 4946 qui
2895 4891 3086 4932 eorum
3115 4877 3166 4931 3.

273 4946 344 4981 ¹¹⁸
377 4946 748 5021 rescientes_3.
817 4945 884 5021 ff?
913 4947 1058 5002 deest
1087 4946 1138 5000 3.
1202 4947 1270 5021 “‘f
1294 4945 1631 5021 tondendam
1659 4949 1705 5001 1.
1739 4946 1792 5021 3_.
1834 4947 2182 5021 condendam
2213 4949 2264 5002 2.
2347 4947 2411 4982 “7
2443 4945 2662 5021 obsonii
2688 4947 2740 5001 1.
2774 4945 2990 5021 absenti
3009 4949 3061 5021 2.
3128 4949 3196 5021 _”°
3221 4949 3354 5021 quid
3387 4945 3436 5004 1.

3547 4881 3602 4962 3-

3480 4967 3607 5022 quis

271 5018 470 5094 suadet
489 5019 660 5094 legere
683 5017 755 5094 2._
813 5017 879 5052 ¹¹⁰
907 5033 1210 5094 pauperum
1245 5017 1294 5072 1.
1313 5017 1401 5094 2._
1469 5017 1836 5094 "°_pauperis_
1856 5018 2226 5094 humilitatem
2257 5027 2527 5094 temperat
2556 5017 2862 5094 aliquocies
2890 5020 2940 5076 3.
3024 5020 3095 5094 ¹²¹γ
3126 5017 3292 5094 igitur
3321 5022 3374 5094 2.
3405 5022 3460 5074 3.
3486 5017 3514 5094 ί
3543 5023 3608 5056 ³³³

275 5104 362 5142 em
394 5091 559 5144 addit
583 5091 634 5144 ’1.
663 5091 756 5143 sed
772 5094 960 5158 postea
997 5089 1212 5144 delevit.

1310 5089 1376 5122 ¹²³
1389 5087 1636 5158 hospitas
1662 5087 1782 5143 erat
1807 5088 1854 5142 2.
1893 5091 1984 5144 sed
2013 5105 2206 5144 manus
2234 5090 2350 5144 alia
2375 5087 2460 5144 tas
2489 5087 2709 5156 delevit,
2744 5094 2792 5146 et
2831 5093 2890 5144 in
2917 5087 3176 5158 τηαννὶηό
3183 5093 3427 5148 addidit:
3455 5092 3610 5146 tibus

273 5161 356 5214 ita
394 5166 454 5236 at
479 5159 972 5236 esset_lipspitibus,
1004 5159 1429 5236 quodadditam
1451 5159 1597 5236 tibus
1618 5160 1751 5236 redit.
1794 5161 1952 5215 Vars.
1983 5160 2144 5236 cibus
2184 5161 2408 5236 legebat.
2479 5161 2551 5236 βξ
2577 5161 2860 5236 prtisando
2889 5161 2925 5236 2
2981 5162 3271 5232 potisando
3303 5164 3354 5217 3.
3415 5163 3610 5236 msigi-

275 5231 442 5312 tur
477 5233 510 5286 3
621 5232 690 5266 ¹²⁶
719 5231 892 5337 lie-pota
921 5231 973 5286 2.
1007 5234 1058 5286 3.

275 5302 612 5337 Anti-annun-
648 5303 680 5337 εὶ
784 5303 798 5337 1
873 5317 1058 5337 ηι-ηιιιη

274 5302 612 5377 dedignatur
647 5303 700 5358 3.
784 5301 853 5337 ¹³⁰
873 5301 1323 5374 procedebanti.
1355 5302 1408 5356 2.

1154 5231 1220 5266 1³⁷
1253 5229 1500 5302 prcstigii
1529 5235 1703 5301 potest
1729 5247 1939 5302 quoque
1976 5233 2084 5300 legi
2107 5232 2159 5288 3.

1427 5248 1500 5304 gu
1529 5248 1703 5301 porcst
1729 5248 1939 5302 quoque
1976 5248 2082 5300 legi
2107 5248 2159 5288 δ.

1518 5303 1579 5336 ¹³¹
1607 5309 1740 5372 puto
1767 5319 1950 5358 errore
1975 5303 2168 5358 scriba
2196 5303 2248 5360 3.

2248 5231 2316 5266 ¹²⁸
2353 5231 2498 5288 deest
2523 5230 2588 5287 3.
2673 5233 2738 5267 ¹²⁹
2771 5249 2878 5289 voa:
2909 5230 3018 5288 hac
3041 5237 3219 5303 posita
3237 5239 3364 5327 post
3387 5230 3612 5292 verme

1845 5464 2056 5520 ΝΟΤᾹΞ.

347 5561 454 5632 (57)
485 5562 525 5616 l.
559 5578 611 5634 τι.
647 5561 928 5630 laudatus,
959 5560 1292 5616 benedictus
1324 5560 1379 5616 Ρ.
