3930 6052
378 215 482 271 847

1636 210 1712 264 CH
1725 208 1981 264 RONICAE
2023 207 2444 265 POLONORUM.

3601 214 3713 271 848

378 339 727 403 convivio,et
756 336 1146 392 habundanter
1174 335 1435 392 omnibus
1464 336 1767 407 apparatis,
1799 334 1987 405 hospi-
2015 339 2067 406 Α
2093 349 2211 389 sam
2244 334 2618 405 epulationem
2652 342 2707 391 et
2734 335 3103 407 sollempnem
3135 335 3471 405 celebrabat,
3501 344 3558 393 et
3586 347 3718 394 tan-

378 434 464 507 tes
502 428 582 481 illi
612 442 843 498 puerum
876 426 1259 491 tetenderunt,
1308 426 1470 497 eique
1496 426 1783 481 Semovith
1823 440 1992 481 voca-

375 520 565 575 bulum
597 536 662 575 ex
693 520 962 594 praesagio
994 518 1298 575 futurorum
1331 518 1443 591 (58)
1478 519 1816 575 indiderunt.

374 637 426 693 3.
463 636 530 672 ¹³²
559 640 634 692 De
658 635 787 691 duce
816 637 1293 764 Semovitigﬁtq‘zg
1329 636 1534 690 dicitur
1562 636 1829 691 Semovith
1876 635 1990 704 ﬁlio

448 798 558 853 litis
615 797 797 869 itaque
844 796 1081 867 peractis
1139 812 1276 867 puer
1324 794 1627 859 Semovitli,
1672 795 1816 850 ﬁlius
1865 796 1991 852 Pazt

376 889 775 946 Chossistconis
804 889 871 923 ‘3‘
901 888 1111 943 viribus
1141 896 1195 943 et
1223 894 1383 943 aetate
1410 887 1583 942 crevit
1625 896 1680 943 et
1702 890 1768 923 ¹³⁵
1798 889 1866 943 de
1899 888 1987 943 die

374 980 431 1033 in
462 979 607 1034 diem
654 979 710 1033 in
741 986 1095 1052 augmentum
1141 976 1407 1047 proﬁcere
1440 976 1731 1047 probitatis
1778 978 1989 1047 incepit

375 1068 463 1133 ‘3“,
491 1078 725 1123 eotenus
753 1068 898 1139 quod
932 1083 1025 1121 rex
1072 1076 1261 1140 regum
1304 1074 1359 1121 et
1389 1066 1495 1120 dux
1525 1066 1723 1121 ducum
1763 1065 1827 1099 137
1862 1082 1985 1121 cum

375 1162 616 1217 Polonia:
661 1161 858 1215 ducem
889 1159 1237 1215 concorditer
1274 1159 1571 1225 ordinavit,
1629 1166 1683 1214 et
1713 1159 1782 1214 de
1815 1175 1987 1232 regno

376 1250 594 1321 Pumpil
626 1249 692 1283 ¹³⁸
731 1266 855 1304 cum
896 1249 1088 1303 sobole
1120 1248 1382 1303 radicitus
1415 1248 1710 1319 extirpavit
1758 1247 1992 1303 Narrant

376 1341 542 1396 etiam
572 1338 823 1395 seniores
862 1338 1096 1409 antiqui,
1129 1338 1279 1408 quod
1302 1337 1402 1392 iste
1435 1338 1499 1371 ¹³⁹
1532 1337 1745 1408 Pumpil
1770 1338 1837 1372 “0
1865 1354 1895 1392 a
1923 1339 1986 1373 1“

268 1482 275 1491 .
377 1448 550 1505 regno
582 1431 865 1502 expulsus,
891 1438 1096 1484 tantam
1122 1430 1188 1463 ¹⁴²
1216 1446 1246 1482 a
1276 1429 1525 1484 muribus
1551 1430 1992 1500 persecutionem

378 1527 711 1597 patiebatur,
745 1525 892 1596 quod
925 1526 996 1579 ob
1027 1525 1178 1579 hoca
1205 1525 1322 1579 suis
1351 1525 1823 1596 consequentibus
1846 1526 1913 1559 “3
1934 1525 1990 1580 in

378 1616 614 1669 insulam
645 1620 1062 1684 transportatus,
1092 1620 1146 1668 et
1175 1613 1244 1667 ab
1276 1614 1382 1668 illis
1415 1613 1544 1669 feris
1572 1614 1829 1684 pessimis
1860 1614 1992 1670 illuc

378 1706 855 1761 transnatantibus
882 1706 938 1759 in
968 1714 1114 1760 turre
1146 1705 1329 1778 lignea
1356 1706 1564 1760 tamdiu
1596 1707 1665 1761 sit
1703 1706 1987 1770 defensus,

379 1799 557 1853 donec
597 1814 712 1869 prae
752 1797 949 1852 fmtore
996 1796 1271 1868 pestifera:
1305 1798 1677 1853 multitudinis
1727 1799 1993 1855 interem-

378 1900 485 1962 pta:
515 1891 584 1945 ab
613 1891 872 1946 omnibus
896 1889 1216 1955 derelictus,
1257 1899 1433 1945 morte
1456 1891 1791 1962 turpissima,
1823 1908 1991 1948 mon-

378 1984 504 2039 stris
533 1983 981 2052 {corrodentibus
1033 1982 1322 2052 expiravit.
1389 1982 1498 2037 Sed
1558 1984 1785 2039 istorum
1839 1995 1993 2058 gesta

377 2090 610 2145 quorum
659 2073 983 2128 memoriam
1040 2073 1248 2129 oblivio
1304 2074 1589 2130 vetustatis
1618 2075 1879 2143 abolevit,
1940 2085 1995 2132 et

377 2183 516 2239 quos
547 2184 703 2223 error
737 2177 793 2224 et
822 2169 1092 2240 ydolatria
1122 2168 1441 2237 defoedavit,
1471 2186 1778 2226 memorare
1811 2172 1991 2246 negli-

376 2277 592 2336 gamus,
634 2267 690 2316 et
731 2261 801 2315 ad
849 2278 915 2316 ea
960 2262 1266 2329 recitanda,
1305 2279 1428 2334 quae
1468 2262 1650 2318 ﬁdelis
1682 2265 1990 2320 recordatio

376 2353 651 2418 meminit,
702 2352 838 2408 istos
885 2354 1166 2408 succincte
1231 2355 1570 2410 nominando
1623 2362 1985 2411 transeamus.

377 2442 658 2498 Semovitb
688 2458 819 2497 vero
852 2442 1219 2512 principatum
1263 2442 1513 2514 adeptus,
1552 2460 1664 2499 non
1718 2446 1785 2479 1“
1838 2447 1992 2501 volu-

377 2544 573 2603 ptuose
608 2534 695 2588 vel
726 2535 913 2604 inepte
963 2535 1310 2602 juventutem
1362 2554 1515 2591 suam
1568 2538 1834 2605 exercuit,
1887 2539 1984 2592 sed

376 2640 484 2678 usu
512 2624 717 2678 laboris
765 2631 822 2677 et
851 2623 1061 2679 militiae
1100 2625 1390 2695 probitatis
1423 2626 1628 2681 famam
1676 2635 1732 2681 et
1760 2626 1986 2681 honoris

372 2714 602 2786 gloriam
634 2714 948 2785 acquisivit,
980 2721 1143 2785 atque
1172 2715 1256 2770 sui
1290 2717 1631 2788 principatus
1655 2715 1813 2788 _ﬁnes
1842 2718 1989 2772 ulte-

374 2809 486 2863 rius
524 2825 687 2881 quam
711 2810 913 2881 aliquis
942 2820 1105 2866 antea
1134 2812 1199 2845 “5
1232 2812 1496 2866 dilatavit.
1523 2812 1689 2881 Cujus
1716 2813 1837 2867 loco
1878 2813 1979 2866 de-

372 2905 621 2960 cedentis
649 2905 831 2960 Lestik
861 2905 1010 2961 ﬁlius
1041 2907 1163 2974 ejus
1186 2907 1515 2962 subintravit
1546 2908 1634 2973 ηδ,
1670 2908 1765 2978 qui
1797 2916 1986 2978 pater-

372 3012 456 3050 nae
478 2996 739 3066 probitati
762 3004 818 3051 et
856 2998 1098 3052 audaciae
1128 2998 1298 3071 gestis
1326 3014 1447 3052 sese
1478 2997 1807 3053 militaribus
1840 2999 1989 3053 adae-

2092 434 2209 481 tum
2229 426 2297 460 ¹⁵⁸
2323 426 2467 481 inter
2485 427 2679 498 epulas
2704 443 2816 498 prie
2840 428 3086 482 caecitate
3111 428 3291 498 pueri,
3313 430 3470 501 quasi
3501 430 3717 485 doloris

2092 526 2148 574 et
2175 519 2525 573 verecundiae
2557 520 2624 553 ‘59
2652 536 2863 575 memor
2891 521 3128 575 latenter
3154 520 3224 574 ab
3248 521 3357 576 imo
3390 521 3458 555 ¹⁶⁰
3485 529 3717 592 pectore

2091 608 2421 678 suspirabat.
2455 608 2588 662 Aliis
2638 609 2893 680 equidem
2928 609 3305 665 exultantibus
3322 618 3378 665 et
3416 611 3616 681 palmis
3648 626 3715 665 ex

2091 698 2492 752 consuetudine
2524 698 2938 768 plaudentibus,
2972 694 3162 754 laetitia
3191 699 3298 754 alia
3325 700 3490 755 aliam
3520 706 3718 755 cumu—

2090 789 2243 855 lavit,
2285 807 2407 862 quae
2444 790 2620 846 visum
2652 791 2930 861 recepisse
2986 807 3193 848 cmcum
3233 809 3466 863 puerum
3499 792 3717 848 indica-

2091 878 2166 932 vit
2223 879 2308 934 ¹⁶¹.
2364 880 2428 934 At
2482 886 2638 950 pater
2668 880 2804 934 nulli
2861 881 2927 914 ¹⁶²
2969 881 3249 936 nuntianti
3289 882 3395 937 hoc
3451 882 3710 948 credidit,

2091 972 2271 1028 donec
2299 981 2472 1029 mater
2501 974 2571 1028 de
2601 972 2854 1029 convivio
2910 990 3185 1049 exurgens
3235 975 3304 1029 ad
3344 991 3580 1047 puerum
3613 976 3712 1030 in-

2088 1068 2290 1135 troivit,
2312 1084 2435 1139 quae
2467 1068 2605 1138 patri
2638 1068 2846 1123 nodum
2874 1069 2941 1103 ¹⁶³
2973 1068 3353 1143 ambiguitatis
3379 1069 3710 1139 amputavit,

2089 1157 2418 1229 cunctisque
2473 1157 2848 1212 residentibus
2905 1158 2970 1191 ¹⁶⁸
3002 1156 3279 1212 videntem
3314 1173 3546 1229 puerum
3579 1172 3716 1228 pro-

2089 1252 2363 1307 nuntiavit
2385 1252 2470 1305 ‘65.
2497 1252 2649 1306 Tunc
2672 1253 2895 1307 demum
2923 1252 3140 1307 cunctis
3170 1251 3362 1306 laetitia
3392 1251 3559 1322 plena
3588 1250 3714 1316 fuit,

2091 1356 2213 1395 cum
2276 1357 2413 1412 puer
2445 1340 2569 1396 illos
2598 1356 2738 1412 quos
2777 1357 3063 1412 nunquam
3118 1340 3334 1396 viderat
3361 1341 3710 1416 recognovit,

2091 1445 2316 1501 suaeque
2373 1430 2642 1486 caecitatis
2688 1430 3051 1506 ignominiam
3086 1430 3140 1485 in
3172 1431 3434 1503 gaudium
3489 1430 3717 1485 inextri-

2090 1518 2268 1574 cabile
2309 1520 2686 1576 commutavit.
2720 1521 2867 1575 Tunc
2906 1519 3188 1574 Semimizl
3229 1521 3336 1575 dux
3377 1519 3629 1575 seniores
3660 1527 3719 1574 et

2092 1611 2447 1669 discretiorcs
2485 1614 2579 1686 qui
2609 1615 2839 1670 aderant
2888 1615 2956 1649 ¹⁶⁶
2998 1613 3277 1669 subtiliter
3304 1613 3634 1681 sciscitatur,
3670 1614 3715 1668 si

2093 1706 2225 1777 quid
2251 1706 2487 1780 prodigii
2519 1724 2618 1778 per
2644 1707 2942 1763 caecitatem
2985 1715 3039 1762 et
3057 1706 3521 1761 illuminationem
3555 1706 3715 1777 pueri

2093 1795 2431 1866 designatur.
2497 1796 2607 1866 lpsi
2637 1811 2770 1852 vero
2809 1813 2909 1867 per
2959 1795 3266 1851 caecitatem
3307 1795 3591 1850 Poloniam
3632 1795 3717 1849 sic

2092 1894 2253 1942 antea
2285 1886 2452 1943 fuisse
2485 1888 2640 1960 quasi
2673 1904 2872 1944 ctecam
2912 1887 3254 1951 iudicabant,
3286 1887 3385 1942 sed
3416 1886 3487 1941 de
3526 1894 3715 1942 cetero

2094 1998 2195 2052 per
2231 1982 2581 2039 Meschonem
2617 1982 3040 2038 illuminandam
3074 1992 3129 2038 et
3168 1982 3515 2038 exaltandam
3544 1997 3716 2053 super

2096 2071 2349 2126 nationes
2366 2072 2652 2146 contiguas
2684 2070 3142 2142 prophetisabant
3169 2070 3254 2125 “7.
3289 2070 3428 2134 Quia
3462 2077 3517 2125 et
3549 2069 3625 2126 ita
3651 2087 3713 2126 se

2095 2162 2304 2230 habuit,
2336 2173 2393 2218 et
2422 2164 2581 2219 aliter
2600 2170 2782 2219 tamen
2824 2162 3177 2234 interpretari
3206 2163 3406 2234 potuit.
3438 2163 3577 2218 Vere
3606 2163 3712 2219 Po-

2090 2252 2242 2309 lonia
2282 2270 2426 2310 caeca
2464 2256 2617 2326 prius
2650 2264 2788 2321 erat,
2820 2272 2943 2327 quae
2993 2271 3098 2311 nec
3119 2254 3404 2322 {culturam
3444 2255 3561 2310 veri
3608 2255 3713 2309 Dei

2092 2364 2197 2404 nec
2214 2350 2520 2405 doctrinam
2544 2350 2673 2406 fidei
2695 2350 3086 2425 cognoscebat,
3114 2351 3215 2405 sed
3231 2366 3329 2421 per
3355 2350 3711 2405 Meschonem

2092 2440 2458 2497 illuminatum
2517 2450 2601 2498 est
2629 2450 2684 2498 et
2736 2443 2859 2513 ipsa
2891 2442 3200 2497 illuminata
3233 2442 3324 2510 ‘5‘,
3364 2442 3509 2513 quod
3545 2442 3613 2477 ²⁶⁹
3644 2457 3715 2497 eo

2092 2536 2354 2592 credente
2393 2537 2652 2593 Polonica
2712 2552 2853 2610 gens
2892 2537 2962 2592 de
3016 2544 3196 2592 morte
3236 2535 3580 2591 inﬁdelitatis
3625 2543 3715 2591 est

2087 2639 2358 2702 exempta.
2384 2630 2586 2687 Ordine
2612 2632 2679 2667 ¹⁷⁰
2708 2632 2855 2687 enim
2889 2631 3222 2703 competenti
3254 2631 3399 2686 Deus
3447 2630 3714 2701 omnipo-

2088 2725 2214 2774 tens
2241 2720 2417 2775 visum
2450 2721 2661 2791 primus
2682 2721 2965 2777 Meschoni
2991 2721 3332 2792 corporalem
3368 2720 3625 2786 restituit,
3657 2727 3713 2775 et

2089 2818 2281 2882 postea
2314 2812 2375 2846 “1
2409 2812 2710 2883 spiritalem
2744 2812 3017 2879 adhibuit,
3051 2819 3111 2867 ut
3134 2829 3234 2883 per
3257 2812 3493 2868 visibilis
3518 2812 3585 2866 ad
3620 2811 3711 2877 in:

2086 2900 2386 2954 visibilium
2417 2901 2759 2973 agnitionem
2788 2906 3124 2973 penetraret,
3158 2908 3212 2956 et
3244 2917 3343 2972 per
3380 2915 3563 2955 rerum
3603 2916 3709 2956 no-

2088 2988 2260 3042 titiam
2290 2988 2358 3042 ad
2388 2988 2615 3045 artiﬁcis
2642 2989 3102 3060 omnipotentiam
3126 2989 3452 3060 suspicaret.
3483 2988 3593 3042 Sed
3633 2988 3703 3022 ¹⁷²

370 3050 559 3157 qualvit
586 3086 651 3120 “7
683 3086 817 3157 (59),
878 3050 1089 3142 Lestikv
1115 3050 1185 3121 δέ
1790 3050 1984 3143 ἠδξέῆξ-
2009 3050 2059 3120 C
2088 3093 2184 3132 cur
2222 3088 2339 3133 rota
2371 3078 2476 3149 (60)
2505 3094 2721 3134 currum
2755 3050 3043 3150 praecurrit
3073 3077 3188 3133 '73?
3213 3050 3492 3133 ἐθωίωίπί
3521 3084 3709 3133 autem

369 3177 496 3231 mizl
518 3178 584 3211 “9
602 3177 723 3248 ejus
755 3179 975 3251 genitus
1008 3180 1297 3249 successit,
1330 3180 1423 3252 qui
1454 3187 1745 3251 parentum
1773 3196 1986 3236 memo-

368 3271 504 3325 riam
524 3278 595 3341 .et
623 3286 829 3346 genere
870 3278 924 3326 et
953 3272 1021 3307 ¹⁵⁰
1051 3272 1320 3345 dignitate
1351 3269 1651 3344 triplicavit
1682 3274 1768 3327 ίδί.

437 3389 490 3443 4.
530 3390 605 3443 De
634 3390 868 3444 caecitate
898 3389 1323 3495 Meschcqnfgf’

1077 3476 1154 3516 αδ
1180 3476 1267 3514 ³⁸³⁸.

1345 3390 1452 3459 ﬁlii
1484 3388 1551 3423 ¹⁵³
1581 3389 1839 3444 Zeminizl
1873 3390 1981 3442 du-

2087 3170 2244 3225 senio
2273 3169 2558 3225 confectus
2583 3178 2887 3227 extremum
2919 3170 3041 3226 vale
3072 3170 3141 3205 ‘7‘
3172 3170 3380 3225 mundo
3410 3168 3560 3225 fecit.

2155 3282 2207 3335 5.
2241 3282 2507 3348 Quomodo
2528 3283 2697 3337 Mesco
2716 3281 3389 3407 ἑζοζέῗιρξξτῦοὺνοωοαηι
3417 3280 3527 3334 sibi
3552 3279 3624 3314 ³⁷⁸
3649 3281 3710 3333 in

2154 3457 2218 3512 At
2269 3456 2451 3513 Mesco
2501 3457 2568 3491 ίτθ
2593 3457 2851 3511 ducatum
2903 3456 3157 3528 adeptus,
3188 3454 3475 3531 ingenium
3536 3454 3710 3509 animi

437 3553 531 3608 Hic
588 3558 769 3607 autem
827 3552 1104 3608 Semimizl
1145 3568 1404 3626 magnum
1467 3558 1522 3607 et
1561 3552 1978 3607 memorandum
2083 3547 2251 3617 coepit
2271 3554 2325 3602 et
2347 3547 2492 3602 vires
2520 3544 2857 3618 corporism
2886 3560 3166 3612 exercere,
3208 3560 3271 3600 ac
3302 3544 3562 3600 nationes
3598 3559 3705 3614 per

363 3645 712 3701 Meschonem
744 3647 812 3680 1⁵⁵
842 3646 1157 3718 progenuit,
1187 3645 1281 3717 qui
1316 3646 1526 3716 primus
1549 3644 1775 3701 nomine
1809 3660 1980 3700 voca,-
2083 3636 2373 3691 circuitum
2410 3635 2555 3690 bello
2583 3635 2786 3705 saepius
2820 3639 3148 3705 atemptare.
3178 3633 3369 3689 Adhuc
3396 3640 3513 3688 tum
3544 3632 3614 3668 ¹⁸⁰
3649 3632 3704 3686 in

362 3741 449 3789 tus
487 3735 594 3789 alio
650 3735 738 3800 ηδ,
770 3741 981 3805 septem
1026 3734 1188 3788 annis
1228 3750 1257 3787 a
1314 3734 1597 3789 nativitatc
1650 3750 1831 3789 caecus
1863 3733 1984 3789 fuit.

303 3879 309 3883 ,
361 3825 606 3895 Septimo
637 3841 768 3881 vero
816 3832 1137 3880 recurrente
1169 3825 1472 3881 nativitatis
1510 3826 1631 3894 ejus
1661 3826 1989 3881 anniversa-

364 3914 468 3981 rio,
518 3923 677 3984 pater
707 3914 884 3984 pueri,
937 3929 1091 3969 more
1149 3914 1313 3969 solito
1367 3921 1666 3969 convocata
1725 3915 1983 3970 comitum

363 4003 712 4074 aliorumque
750 4017 976 4057 suorum
1010 4002 1074 4037 ¹⁶⁷
1108 4002 1422 4074 principum
1454 4003 1748 4071 concione,
1790 4004 1986 4075 cepio-

2091 3734 2243 3782 tanto
2273 3726 2596 3800 gentilitatis
2635 3741 2822 3781 errore
2863 3726 3247 3782 involvebatur
3286 3725 3374 3788 “1,
3419 3722 3570 3796 quod
3608 3739 3710 3778 sua

2087 3821 2495 3877 consuetudine
2537 3820 2604 3855 ¹⁸²
2644 3827 2857 3891 septem
2904 3820 3171 3876 uxoribus
3211 3818 3567 3873 abutebatur.
3600 3817 3702 3872 Po-

2086 3919 2289 3969 stremo
2332 3912 2401 3948 ¹⁸³
2439 3928 2606 3967 unam
2646 3911 3161 3967 christianissimam
3194 3911 3264 3966 de
3296 3910 3559 3966 Bohemia
3587 3910 3708 3964 Du-

2086 4006 2343 4060 broveam
2372 4003 2599 4059 nomine
2632 4003 2685 4058 in
2718 4004 3132 4060 matrimonium
3164 4002 3456 4075 requisivit
3489 4002 3558 4037 ¹³⁴
3587 4000 3704 4073 (61)

1703 4102 1938 4158 νΑΒιΑε
1978 4102 2357 4159 LECTIONES.

436 4199 505 4234 ¹³²
536 4199 605 4252 lll
637 4199 780 4253 deest
806 4199 862 4253 in
890 4198 1159 4272 codicibus
1190 4200 1285 4253 hoc
1318 4200 1428 4255 loco
1457 4203 1507 4253 et
1542 4215 1803 4255 numerus
1832 4203 2067 4272 capituli
2102 4204 2162 4256 in
2198 4201 2446 4256 omnibus
2477 4203 2820 4271 sequentibus
2847 4202 3085 4255 omnium
3106 4201 3276 4255 trium
3302 4198 3591 4272 librorum,
3641 4199 3701 4252 in

363 4273 556 4343 qutbus
586 4276 635 4325 et
658 4287 766 4340 nos:
786 4272 1091 4343 capitulum
1106 4271 1282 4343 deest,
1311 4276 1509 4340 prozter
1530 4288 1591 4324 ea
1616 4273 1860 4342 capitula
1890 4269 2051 4342 penes
2083 4289 2201 4343 qua:
2228 4269 2731 4328 notavimus—solum
2754 4272 3019 4343 defectum
3051 4274 3279 4327 numeri.
3367 4269 3527 4343 '§_3_de
3559 4269 3703 4343 duce

363 4334 561 4398 -—Pazt
599 4334 790 4399 desunt
827 4334 879 4399 3.

364 4558 632 4630 quacibus
661 4558 716 4610 2.
751 4556 1295 4630 persequentibus_3.
1376 4557 1615 4630 mdeest
1643 4557 1678 4610 2
1732 4556 1782 4613 3.
1818 4556 2039 4613 mante
2080 4574 2147 4613 ea
2186 4557 2240 4613 3.

406 4644 465 4684 ro
495 4644 584 4693 eo,
620 4643 719 4697 pro
753 4628 910 4696 cujus
933 4627 940 4628 7
962 4629 1083 4684 loco
1100 4627 1490 4682 —-subintravit
1519 4630 1571 4683 3.
1603 4630 1666 4683 In
1694 4632 1973 4696 margine:
2024 4630 2094 4684 de
2135 4631 2275 4684 duce
2308 4628 2576 4684 Lestltonc

407 4699 661 4771 esthkoni
691 4698 745 4771 3.
818 4698 1222 4771 f‘°‘§zemimisl
1252 4700 1304 4755 3.
1331 4701 1396 4754 In
1428 4703 1676 4771 margine
1705 4699 1774 4753 de
1826 4701 1966 4755 duce
2005 4700 2280 4755 Zemimizl
2319 4706 2525 4771 ponunt
2568 4698 2706 4755 1.2.

367 4770 434 4805 ¹⁵²
464 4769 779 4825 Mecheonis
804 4769 859 4823 2.
889 4768 1220 4825 Mieszkonis
1249 4771 1301 4825 3.
1381 4770 1448 4804 “3
1475 4769 1590 4825 filio
1621 4772 1671 4824 l.
1704 4771 1758 4825 2.

363 4917 624 4968 corrector
652 4916 713 4968 in
742 4916 1183 4984 margineposuit
1212 4912 1408 4969 intimo

366 4986 564 5039 vulnus
617 4985 668 5039 3.
764 4985 829 5018 ‘6‘
862 4983 1244 5039 resistentibus
1281 4986 1332 5037 2.

350 5000 564 5039 ‘VUIIIUS
617 5000 668 5039 ὅ.

969 4342 1035 4377 ¹³⁴
1064 4341 1445 4414 Chossisconis
1473 4343 1525 4397 2.
1562 4341 1958 4414 Choszysconis
1986 4345 2039 4401 3.

363 4421 479 4470 erat
500 4422 546 4469 et
575 4417 628 4471 2.
662 4417 754 4470 sed
784 4423 1046 4469 corrector
1077 4414 1383 4483 eﬂ‘ormavit
1416 4413 1625 4484 Pepiel.
1672 4414 1838 4486 Pepel
1868 4416 1921 4470 3.
1974 4415 2164 4486 Popiel
2202 4416 2439 4470 Polonice
2463 4413 2744 4471 usitatum.

366 4487 579 4556 Pumpil
609 4491 725 4541 erat
752 4492 799 4541 et
827 4488 881 4540 2.
915 4486 1010 4541 sed
1066 4488 1260 4540 iterum
1290 4502 1324 4538 a
1363 4490 1653 4540 correctore
1680 4488 1753 4557 in,
1811 4485 2000 4557 Popiel
2038 4485 2302 4542 mutatum
2336 4486 2499 4557 Popel
2526 4488 2578 4541 3.
2660 4487 2723 4521 “1
2756 4486 2825 4541 de
2855 4486 2904 4540 3.

764 4985 829 5018 ‘6‘
862 4983 1244 5039 resistentibus
1281 4986 1332 5037 2.
1423 4985 1488 5056 “i5
1512 4986 1853 5056 presentavit
1907 4985 1960 5038 2.
2044 4987 2111 5020 ¹⁶⁶
2140 4986 2410 5041 adhcrent
2438 4986 2492 5039 2.
2583 4986 2649 5020 ³⁸7

362 5059 555 5127 repetit
585 5061 849 5111 corrector
885 5056 938 5109 2.
1025 5056 1091 5090 ’⁸9
1118 5056 1247 5127 quia
1275 5056 1328 5110 2.
1414 5055 1481 5090 ¹⁷⁰
1505 5072 1628 5111 cum
1657 5060 1963 5125 anteposuit
1994 5057 2090 5112 sed
2116 5063 2303 5127 postea
2331 5058 2523 5111 delevit
2560 5058 2609 5112 1.

2128 4345 2195 4379 ¹³⁵
2224 4344 2367 4400 deest
2393 4345 2444 4399 3.
2523 4343 2591 4378 13°
2617 4343 2768 4415 cepit
2795 4342 2847 4400 3.
2953 4343 3017 4378 ³³⁷
3050 4343 3196 4399 deest
3223 4343 3277 4396 3.
3381 4341 3447 4375 ¹³⁸
3482 4340 3700 4411 Pumpil

2128 4415 2162 4445 tl
2202 4416 2439 4445 Βηιηυδηη
2463 4417 2721 4445 ιιοξδηδιιανι
2839 4414 2906 4445 139
2937 4415 3093 4445 ζοιηη.
3129 4414 3151 4445 Α
3230 4414 3266 4445 ο
3326 4413 3464 4445 Annal
3490 4412 3522 4445 ἐὶ
3637 4411 3706 4445 ιω

2839 4414 2906 4449 ¹³⁹
2936 4415 3094 4469 istem
3129 4414 3180 4468 1.
3230 4414 3266 4466 2
3324 4413 3464 4467 deest
3490 4412 3542 4466 3.
3637 4412 3703 4445 “°

2855 4486 2904 4540 3.
2998 4485 3065 4519 1⁸³
3094 4492 3246 4540 tanto
3270 4484 3324 4539 3.
3405 4483 3473 4517 ¹⁴³
3500 4498 3703 4538 conse-

2330 4551 2522 4612 1ὧδ’(ιυί
2553 4558 2819 4613 successit
2856 4566 3074 4612 mortuo
3139 4555 3375 4611 Lesthko
3403 4551 3553 4609 filius
3578 4554 3705 4625 ejus

2624 4630 2883 4706 ρρηιιηῌ
2902 4628 2980 4706 ’.2
3024 4703 3032 4706 ,
3082 4627 3146 4706 ῗτ
3180 4626 3472 4706 eam“?!
3500 4626 3553 4679 3-
3637 4624 3705 4706 1"

2796 4700 2863 4734 ¹⁵⁰
2893 4701 3034 4754 deest
3086 4697 3138 4754 3.
3216 4696 3345 4752 “"3
3394 4696 3618 4768 Plit-33‘?il
3647 4696 3701 4750 3-

1855 4771 2216 4826 15‘Zemimizl
2271 4766 2357 4828 etc
2416 4788 2515 4843 pro
2568 4773 2620 4826 Ζ.
2683 4772 2737 4825 d.
2778 4771 2831 4826 3.
2904 4772 2971 4805 ¹⁵⁵
3010 4768 3359 4843 Μθεοὶιοηεηι
3396 4766 3456 4822 2.
3502 4766 3699 4843 Miesz-

364 4842 563 4896 konem
613 4840 663 4897 3.
748 4842 816 4876 ¹⁵⁶
847 4840 941 4896 illo
982 4840 1033 4895 3.
1107 4843 1170 4876 ¹⁵⁷
1202 4843 1347 4914 deest
1375 4841 1428 4895 3.
1514 4842 1580 4876 "‘3
1613 4849 1794 4897 tamen
1850 4849 1897 4897 1.
1944 4843 1997 4897 3.
2074 4844 2139 4877 '59
2166 4860 2295 4899 vere
2326 4840 2598 4914 quottidie
2624 4844 2677 4903 3.

1527 4914 1590 4948 ¹⁶¹
1623 4916 1706 4968 ita
1731 4916 2092 4978 corremimus;
2125 4910 2373 4969 invitavit
2398 4915 2554 4969 codd.
2595 4920 2644 4969 et
2682 4914 2830 4978 edd.,
2884 4914 2941 4968 Ρ.
3022 4910 3197 4966 milli
3223 4912 3279 4966 3.
3354 4911 3422 4946 1⁵³
3454 4910 3702 4966 nondum

2766 4843 2834 4876 ¹⁶⁰
2860 4858 2971 4898 uno
3000 4842 3053 4895 2.
3088 4857 3198 4911 qua
3221 4855 3343 4895 voce
3379 4839 3705 4911 cancellata,

3267 4982 3334 5017 ¹⁶⁸
3360 4988 3447 5037 est
3490 4996 3707 5036 errones

2683 4984 3087 5056 prophetabant
3123 4985 3176 5038 2.

3502 5053 3569 5087 ns
3599 5052 3706 5118 ἀνι..

2693 5052 2755 5091 1⁷³
2787 5052 2844 5113 et
2885 5063 3143 5128 pretcrea
3171 5052 3406 5128 addit

362 5126 458 5183 hec
476 5130 691 5196 siglum.
725 5128 863 5197 quod
887 5128 993 5195 tegi
1015 5126 1184 5199 potest
1221 5127 1441 5193 dicitur,
1472 5130 1620 5183 sistit
1662 5128 1716 5188 2.
1801 5128 1868 5161 ¹⁷³
1885 5131 1962 5182 ita
1991 5126 2288 5184 emendavi.
2334 5130 2421 5191 P.;
2458 5128 2791 5198 precurritur
2815 5126 3031 5199 absque,
3065 5126 3701 5199 interrogationissigno

365 5200 485 5254 1.2.
517 5201 642 5255 edd.
692 5200 883 5255 Verba.
950 5198 1103 5253 Tunc
1143 5198 1732 5269 demum—praecurrit
1763 5199 1955 5253 desunt
2005 5199 2035 5253 3
2142 5200 2208 5234 ‘7‘
2239 5200 2594 5271 postmodum
2655 5216 2686 5255 a

365 5271 412 5325 2.
447 5270 513 5305 "7
546 5270 832 5325 Onomodo
862 5301 883 5307 -
910 5284 1137 5324 uxorem
1166 5269 1355 5322 desunt
1383 5270 1436 5324 3.
1554 5270 1621 5304 “3
1649 5272 1804 5324 Anno
1844 5270 2059 5325 Domini
2111 5269 2444 5325 DCCCCLXV
2484 5270 2686 5325 Mieszk

1583 5280 1621 5304 "’
1649 5280 1804 5324 Anno
1844 5280 2059 5325 Domini
2114 5280 2438 5325 υωλκυιιλν
2484 5280 2722 5327 Mieszko

358 5271 412 5326 2.
447 5270 513 5305 ¹⁷⁷
546 5270 832 5334 Quomodo
862 5301 883 5307 -
910 5284 1137 5324 uxorem
1166 5269 1355 5322 desunt
1383 5270 1436 5324 3.

2142 5196 2594 5271 ‘7‘P95‘m0—dum
2655 5200 2815 5255 addit
2865 5196 2943 5256 3:
2996 5198 3063 5271 Ἢ
3094 5196 3315 5271 Moscho
3339 5196 3531 5271 2.___”_6
3560 5198 3706 5271 deest

2763 5286 2867 5342 pro
2912 5271 2977 5325 At
3004 5269 3270 5342 Mesco_3.
3317 5339 3328 5342 _
3386 5267 3620 5342 ‘79deest
3645 5266 3703 5321 3.

362 5341 431 5375 ¹³⁰
456 5345 535 5395 ita
561 5343 796 5405 edimus;
831 5356 953 5395 cum
988 5344 1036 5393 1.
1063 5340 1116 5394 2.
1145 5344 1328 5393 tamen
1357 5340 1409 5395 3.
1491 5341 1555 5375 ¹⁸¹
1580 5340 1908 5396 volvebatur
1924 5342 1979 5395 3.
2064 5342 2132 5376 ¹⁸²
2162 5344 2258 5397 hoc
2306 5343 2417 5397 loco
2448 5343 2522 5397 ad
2558 5337 2783 5398 calcem"
2805 5343 3062 5398 columna:
3088 5340 3248 5395 addit
3306 5339 3329 5392 1
3357 5356 3370 5392 :
3403 5337 3561 5392 Anno
3590 5337 3704 5392 Do-

361 5412 495 5466 mini
537 5411 867 5467 DCCCCLXV
908 5426 1132 5467 uxorem
1179 5410 1411 5481 accepit.
1482 5412 1549 5444 ¹⁸³
1571 5411 1912 5467 Postremum
1967 5413 2021 5468 2.

362 5482 622 5539 Bohemie
636 5499 741 5553 pro
781 5482 1508 5553 Dubrowcam—requisivit
1538 5483 1590 5536 3.

2112 5414 2179 5448 ¹⁸⁴
2213 5413 2625 5469 Dambrowcam
2683 5414 2910 5470 nomine
2971 5411 3266 5485 requisivit
3320 5408 3490 5465 ﬁliam
3536 5408 3701 5465 ducis

1919 5554 2129 5610 NOTAE.

433 5648 540 5723 (ὃὸ)
566 5649 650 5723 9f.
691 5649 893 5723 Vita__S.
939 5650 1169 5705 Ladislai
1213 5650 1678 5723 regis__liungariae
1723 5650 1791 5723 in
1824 5652 1972 5723 End-

366 5717 546 5853 ιῖοὲἕὲ
566 5719 762 5841 Rgrum
805 5720 977 5791 Hung.
1015 5736 1164 5776 mon.
1198 5717 1608 5790 ArpadianaL'S.
1642 5721 1777 5776 Galli
1809 5722 1971 5790 1848,

2146 5653 2251 5728 (59)
2278 5653 2433 5728 Sall.,
2455 5654 2605 5728 Jug.,
2639 5671 2712 5709 iv.
2747 5654 2804 5728 S.

2284 5723 2558 5800 l_._e._cur:
2583 5726 2822 5800 narratio
2850 5726 3023 5800 gestis
3052 5723 3381 5798 praecurrit?
3410 5723 3471 5778 P.

2168 5794 2258 5863 61)
2290 5794 2365 5851 Cf.
2402 5797 2645 5864 Cosmas,
2680 5814 2718 5865 ι,
2750 5794 2939 5854 26.“Κ.
