3948 6044
262 292 376 348 849
1676 296 1867 353 LIBER

1984 299 2172 355 :IMUS.
3507 303 3615 360 850

261 425 378 478 (an.
439 416 565 489 965)
607 419 675 473 At
701 418 796 474 illa
839 419 896 475 ni
944 435 1165 491 pravam
1213 424 1672 480 consuetudinem
1734 426 1883 481 illam
1914 434 1960 498 Α
1989 427 2154 502 longa
2187 432 2636 505 peregrinatione
2658 438 2884 487 etasua
2908 427 3100 485 rebelli
3121 436 3288 505 gente
3314 430 3612 486 Bohemica

264 511 528 579 dimittat,
586 526 824 585 seseque
875 512 993 569 ﬁeri
1036 513 1398 571 christianum
1455 518 1738 589 promittat
1779 519 1886 574 sibi
1994 522 2195 578 multas
2234 523 2466 594 injurias
2522 540 2873 597 perpessum,
2919 522 2987 577 ad
3030 537 3089 577 se
3137 522 3457 578 venientem
3486 539 3610 578 cum

267 603 341 639 ⁸⁸⁵
396 604 605 660 nubere
634 606 924 664 recusavit.
970 605 1044 662 Eo
1099 621 1231 682 ergo
1287 608 1356 643 ίεθ
1402 609 1779 678 collaudante,
1831 627 1892 678 se

268 716 434 755 usum
494 700 561 736 ³⁸⁷
606 699 757 756 illius
801 701 1107 774 paganismi
1150 702 1504 761 dimissurum
1558 716 1613 762 et
1653 707 1721 743 1⁸⁸
1759 706 1890 763 ﬁdei

261 793 583 849 christiana:
639 800 985 850 sacramenta
1055 804 1464 868 suscepturum,
1523 798 1615 854 illa
1667 800 1891 855 domina

267 897 399 937 cum
434 897 639 956 magno
666 883 931 938 secularis
958 891 1014 939 et
1051 884 1443 941 ecclesiasticae
1471 887 1755 961 religionis
1786 905 1889 960 ap-

266 978 464 1042 paratu
496 970 777 1027 Poloniam
806 972 1073 1040 introivit,
1108 975 1343 1029 necdum
1366 981 1549 1032 tamen
1579 978 1739 1034 thoro
1768 994 1890 1033 sese

266 1065 509 1121 maritali
539 1064 849 1134 fmderavit,
896 1066 1076 1124 donec
1104 1068 1197 1124 ille
1229 1070 1488 1141 paulatim
1528 1072 1891 1128 consuetudi-

266 1171 397 1211 nem
421 1155 840 1211 christianitatis
866 1164 922 1211 et
945 1157 1272 1231 religionem
1303 1160 1664 1216 ecclesiastici
1677 1162 1888 1216 ordinis

264 1245 566 1321 diligenter
594 1248 1001 1320 contemplans,
1049 1250 1224 1305 errori
1264 1251 1554 1323 gentilium
1593 1253 1889 1326 abnegavit

264 1354 438 1411 seque
462 1338 676 1415 gremio
703 1340 893 1396 matris
920 1341 1172 1397 ecclesiae
1211 1344 1454 1400 counivit
1485 1345 1553 1380 ¹⁸⁹
1583 1345 1696 1416 (an.
1728 1346 1873 1415 966).

335 1447 385 1501 6.
422 1450 497 1503 De
529 1450 709 1519 primo
735 1448 1134 1576 Βοιβιιὲἶίῧί
1154 1451 1443 1556 1dﬁicebatur
1481 1453 1756 1509 Gloriosus
1785 1469 1882 1509 seu

335 1611 552 1668 Primus
593 1627 727 1686 ergo
757 1613 1088 1669 Polonorum
1120 1614 1230 1669 dux
1275 1615 1493 1672 Mescho
1532 1633 1632 1688 per
1662 1617 1882 1673 ﬁdelem

1991 630 2192 688 magna
2218 617 2579 674 veneratione
2617 618 2878 687 suscepit,
2927 616 3158 686 eiusque
3200 615 3614 686 pradicationi-

1993 707 2097 761 bus
2126 706 2366 764 ﬁdeliter
2394 710 2462 745 ²⁰⁸
2513 716 2568 765 et
2598 708 3041 766 instutitionibus
3069 707 3339 764 obedivit.
3380 707 3612 765 Sanctus

1991 810 2122 852 vero
2149 798 2341 853 martir
2362 797 2489 871 igne
2529 797 2777 854 caritatis
2814 804 2869 853 et
2912 797 3033 852 zelo
3085 796 3495 866 praedicationis
3525 813 3611 854 ac-

1991 899 2214 953 census,
2235 895 2293 943 ut
2317 888 2717 961 aliquantulum
2743 888 2856 957 jam
2885 887 2942 941 in
2971 886 3200 942 Polonia
3226 885 3392 941 ﬁdem
3425 886 3610 958 pullu—

1989 977 2135 1033 lasse
2189 987 2243 1034 et
2300 986 2546 1035 sanctam
2606 980 2896 1036 ecclesiam
2945 979 3249 1034 excrevisse
3302 980 3606 1050 conspexit,

1990 1068 2303 1138 intrepidus
2349 1068 2595 1124 Prusiam
2626 1069 2869 1135 intravit,
2925 1068 3118 1140 ibique
3149 1068 3393 1124 martirio
3445 1085 3605 1124 suum

1988 1174 2224 1230 agonem
2256 1160 2657 1214 consummavit
2686 1160 2754 1193 ²⁰⁵
2785 1160 2895 1229 (an.
2926 1159 3075 1229 997).
3112 1160 3303 1214 Postea
3318 1175 3452 1216 vero
3483 1175 3605 1215 cor-

1992 1266 2095 1321 pus
2121 1250 2295 1321 ipsius
2324 1250 2393 1305 ab
2442 1250 2578 1321 ipsis
2610 1251 2797 1305 Prusis
2832 1250 3151 1307 Bolezlavus
3179 1252 3297 1307 auri
3347 1252 3601 1323 pondere

1988 1343 2327 1415 comparavit
2353 1344 2483 1415 (67),
2514 1353 2571 1398 et
2601 1344 2657 1397 in
2690 1343 3000 1398 Gneznensi
3040 1344 3111 1380 ²⁰⁶
3148 1344 3443 1415 metropoli
3473 1361 3608 1401 con-

1981 1437 2150 1513 digno
2174 1438 2386 1494 honore
2402 1437 2799 1494 collocavitm.
2827 1438 2967 1494 lllud
2987 1455 3209 1510 quoque
3232 1441 3513 1495 memoriae
3537 1426 3606 1477 ²⁰⁸

1983 1529 2486 1585 commendandum
2530 1529 2888 1596 aestimamus,
2946 1530 3095 1602 quod
3152 1537 3403 1600 tempore
3432 1532 3608 1603 ipsius

1987 1618 2055 1652 ²⁰⁹
2086 1618 2207 1674 Otto
2241 1617 2413 1673 Rufus
2443 1618 2553 1690 (68)
2614 1619 2912 1690 imperator
2952 1620 3021 1674 ad
3051 1626 3299 1675 sanctum
3331 1621 3600 1676 Adalber-

264 1724 494 1764 uxorem
526 1708 592 1764 ad
643 1709 902 1781 baptismi
929 1710 1159 1785 gratiam
1202 1714 1479 1783 pervenit,
1535 1714 1620 1769 cui
1649 1714 1717 1769 ad
1764 1714 1886 1770 lau-
1917 1759 1959 1787 η
1987 1717 2102 1765 tum
2159 1711 2424 1767 orationis
2460 1727 2524 1766 ac
2574 1710 3045 1767 reconciliationis
3098 1713 3274 1787 gratia
3326 1713 3605 1786 simulque

263 1801 391 1855 dem
419 1807 473 1856 et
501 1801 732 1874 gloriam
765 1802 898 1858 satis
922 1802 1312 1859 habundanter
1339 1804 1565 1871 sufﬁcit,
1609 1807 1757 1877 quod
1786 1824 1886 1865 suo

267 1897 516 1961 tempore
557 1898 613 1945 et
636 1906 735 1962 per
761 1906 887 1946 eum
915 1890 1104 1947 oriens
1124 1906 1190 1947 ex
1232 1892 1342 1948 alto
1374 1909 1603 1968 regnum
1644 1895 1885 1951 Polonite

267 1979 507 2035 visitavit
537 1981 735 2035 "1..De
769 1982 871 2037 hac
914 1997 1155 2054 namque
1193 1982 1494 2039 benedicta
1533 1983 1736 2041 femina
1761 1987 1885 2061 glo-

270 2067 482 2124 riosum
513 2069 855 2125 Boleslavum
885 2072 1172 2143 generavit
1202 2073 1291 2141 1“,
1335 2074 1427 2144 qui
1461 2083 1586 2144 post
1610 2074 1789 2147 ipsius
1818 2076 1887 2111 "3

269 2155 484 2212 obitum
530 2158 645 2228 (an.
673 2157 803 2225 992,
842 2161 960 2214 Mai
982 2159 1074 2231 25)
1108 2160 1213 2231 (62)
1255 2176 1484 2235 regnum
1516 2162 1750 2218 viriliter
1772 2181 1880 2237 gu-

266 2245 538 2313 bernavit,
562 2253 616 2302 et
647 2246 702 2301 in
727 2255 933 2302 tantam
954 2249 1067 2305 Deo
1087 2249 1304 2304 favente
1323 2250 1575 2305 virtutem
1604 2260 1658 2307 et
1684 2263 1879 2324 poten-

265 2333 395 2389 tiam
426 2335 689 2403 excrevit,
745 2336 916 2408 quod,
960 2343 1020 2391 ut
1072 2337 1153 2393 sic
1182 2338 1432 2409 eloquar,
1461 2354 1561 2394 sua
1605 2340 1881 2410 probitate

266 2429 432 2478 totam
489 2423 772 2480 Poloniam
811 2425 1117 2481 deauravit.
1162 2426 1293 2491 Quis
1344 2428 1494 2481 enim
1553 2428 1675 2499 ejus
1725 2437 1881 2499 gesta

265 2514 427 2570 fortia
481 2514 568 2571 vel
624 2516 930 2571 certamina
980 2524 1173 2573 contra
1231 2517 1468 2588 populos
1531 2518 1880 2590 circumqua-

266 2623 378 2678 que
424 2607 720 2662 commissa
767 2607 936 2681 digne
988 2609 1169 2665 valeat
1214 2610 1280 2643 ‘9‘
1338 2625 1616 2678 enarrare,
1675 2611 1878 2666 nedum

265 2698 429 2753 etiam
456 2699 679 2770 scriptis
693 2700 1111 2756 memorialibus
1139 2702 1205 2737 ¹⁹⁶
1235 2702 1626 2757 commendare
1645 2701 1674 2755 τ’
1702 2703 1879 2758 Num-

263 2790 402 2863 quid
430 2806 543 2846 non
570 2791 688 2862 ipse
720 2792 788 2827 ¹⁹⁶
815 2791 1112 2848 Moraviam
1155 2800 1210 2848 et
1245 2793 1564 2849 Bohemiam
1598 2795 1662 2829 197
1694 2795 1883 2863 subju-

262 2879 430 2952 gavit,
458 2886 514 2935 et
542 2880 597 2934 in
637 2880 810 2954 Praga
839 2881 1088 2937 ducalem
1119 2883 1309 2937 sedem
1348 2882 1610 2947 obtinuit,
1653 2884 1882 2956 suisque

264 2986 385 3026 eam
422 2970 784 3046 suﬁ'raganeis
809 2973 1130 3044 deputavit?
1162 2974 1261 3045 (63)
1326 2974 1438 3045 (an.
1483 2973 1669 3047 1003.)
1722 2976 1884 3031 Num-

265 3066 397 3138 quid
447 3082 560 3122 non
591 3068 710 3139 ipse
750 3068 1035 3143 Hungaros
1072 3069 1421 3142 frequentius
1465 3070 1521 3124 in
1574 3070 1877 3127 certamine

266 3131 566 3227 superavit,
599 3131 1111 3229 totamquewterram
1138 3131 1328 3213 eorum
1361 3174 1539 3230 usque
1567 3158 1877 3214 Danubium
1902 3131 1952 3201 Ο

265 3265 366 3305 suo
396 3250 647 3306 dominio
682 3251 1056 3323 mancipavit?
1086 3254 1198 3324 (64)
1246 3254 1354 3325 (an.
1387 3252 1531 3322 999.)
1575 3254 1881 3309 indomitos

267 3355 400 3396 vero
428 3347 578 3395 tanta
608 3341 812 3395 virtute
857 3341 1105 3397 Saxones
1141 3343 1208 3378 ³9⁸
1238 3342 1489 3399 edomuit
1515 3342 1649 3414 (65),
1678 3344 1771 3415 qui
1812 3344 1880 3379 ¹⁰⁰

268 3428 322 3482 in
350 3427 578 3484 flumine
604 3429 744 3484 Salue
799 3428 856 3484 in
881 3431 1068 3486 medio
1096 3438 1256 3486 terra;
1304 3446 1494 3487 eorum
1528 3438 1675 3485 meta
1704 3431 1883 3486 ferrea

268 3518 410 3575 ﬁnes
438 3519 678 3575 Polonia:
702 3521 1017 3577 terminavit
1065 3522 1192 3593 (66).
1228 3522 1366 3587 Quid
1414 3536 1546 3597 ergo
1576 3522 1644 3556 ²⁰⁰
1670 3531 1753 3577 est
1782 3538 1880 3577 ne-

267 3626 422 3666 cesse
447 3611 708 3668 victorias
752 3621 808 3668 et
832 3613 1146 3685 triumphos
1188 3614 1259 3669 de
1284 3615 1544 3688 gentibus
1575 3615 1880 3672 incredulis

267 3706 591 3762 nominatim
647 3707 712 3742 ²⁰¹
744 3709 1026 3777 recitasse,
1067 3726 1204 3781 quas
1254 3717 1338 3765 est
1365 3719 1626 3766 constans
1652 3712 1723 3746 ²⁰²
1752 3729 1878 3769 eum

264 3803 424 3875 quasi
454 3803 557 3859 sub
584 3804 824 3875 pedibus
849 3807 1245 3862 conculcasse?
1268 3808 1387 3879 lpse
1406 3824 1646 3880 namque
1676 3810 1876 3865 Selen—

263 3894 423 3959 ciam,
460 3896 841 3953 Pomoraniam
890 3906 947 3953 et
993 3898 1242 3954 Prusiam
1275 3915 1452 3972 usque
1501 3900 1642 3956 adeo
1689 3902 1777 3957 vel
1821 3902 1878 3956 in

265 3985 499 4057 perﬁdia
545 3989 865 4045 resistentes
902 3991 1161 4046 contrivit
1205 3993 1292 4047 vel
1345 4007 1636 4048 conversas
1677 3994 1734 4048 in
1768 3993 1879 4050 ﬁde

263 4082 523 4139 solidavit
554 4085 660 4153 (an.
695 4085 842 4154 995),
894 4087 1043 4158 quod
1083 4087 1348 4143 ecclesias
1384 4088 1461 4142 ibi
1492 4089 1785 4144 multas-'03
1826 4096 1881 4144 et

264 4170 560 4243 episcopos
600 4188 700 4243 per
728 4175 1118 4245 apostolicum,
1178 4191 1363 4247 ymmo
1402 4176 1740 4249 apostolicus
1783 4193 1883 4250 per

266 4277 391 4316 eum
421 4263 700 4321 ordinavit
755 4266 879 4337 Ipse
930 4267 1095 4322 etiam
1154 4267 1371 4323 beatum
1431 4268 1783 4324 Adalbertum
1825 4268 1881 4323 in

1915 1759 1963 1827 Β

1987 1798 2213 1872 gloriosi
2262 1799 2549 1855 Bolezlawi
2583 1799 2957 1871 cognoscendi
2999 1799 3142 1855 fama
3175 1801 3440 1870 introivit,
3462 1803 3604 1858 sicut

1988 1891 2044 1945 in
2095 1890 2238 1947 libro
2271 1891 2341 1945 de
2368 1890 2627 1962 passione
2660 1891 2900 1945 martiris
2932 1898 3115 1964 potest
3145 1894 3476 1965 prepensius
3505 1895 3598 1949 in-

1986 1981 2163 2038 veniri
2196 1981 2308 2053 (69)
2373 1983 2540 2047 Quem
2574 1982 2893 2037 Bolezlavus
2919 1982 2999 2037 sic
3048 1982 3354 2038 honoriﬁce
3380 1991 3435 2039 et
3484 2000 3601 2039 ma-

1986 2072 2191 2147 gniﬁce
2217 2074 2463 2145 suscepit
2491 2074 2625 2146 (7n),
2659 2080 2718 2129 ut
2746 2089 2930 2147 regem
2985 2073 3370 2145 imperatorem
3400 2073 3613 2129 Roma-'

1987 2185 2117 2223 num
2149 2184 2211 2224 ac
2233 2174 2442 2223 tantum
2474 2167 2748 2238 hospitem
2773 2167 3057 2238 suscipere
3087 2167 3293 2222 decens
3311 2165 3434 2221 fuit.
3464 2166 3595 2221 Nam

1983 2257 2248 2312 miracula
2286 2255 2517 2311 miriﬁca
2552 2255 2870 2310 Bolezlavus
2898 2255 2968 2289 ²¹⁰
3018 2254 3366 2325 imperatoris
3394 2254 3596 2309 adven-

1981 2356 2062 2416 tu,
2094 2348 2243 2404 acies
2273 2348 2544 2418 imprimis
2576 2347 2640 2381 ²¹¹
2702 2346 2934 2401 militum
2982 2346 3357 2413 multimodas,
3388 2346 3595 2403 deinde

1984 2437 2294 2511 principum
2333 2436 2388 2489 in
2440 2434 2672 2506 planitie
2702 2435 2945 2505 spatiosa
2986 2434 3144 2506 quasi
3196 2435 3399 2490 choros
3445 2436 3595 2491 ordi-

1982 2529 2151 2596 navit,
2220 2528 2577 2602 singulasque
2633 2529 2703 2563 ²¹²
2743 2528 3035 2600 separatim
3086 2530 3156 2563 ²¹³
3196 2530 3346 2585 acies
3407 2531 3594 2586 diver-

1982 2621 2113 2675 sitas
2188 2620 2640 2677 indumentorum
2711 2621 2952 2676 discolor
3014 2621 3260 2677 variavit.
3354 2622 3417 2678 Et
3480 2639 3593 2681 non

1984 2712 2247 2784 quaelibet
2319 2723 2437 2769 erat
2498 2713 2575 2767 ibi
2621 2713 2747 2769 vilis
2810 2714 2879 2747 ²¹⁴
2948 2714 3183 2769 varietas
3233 2716 3591 2784 ornamenti,

1986 2804 2085 2860 sed
2135 2804 2397 2877 quitquid
2453 2812 2639 2876 potest
2700 2821 2932 2878 usquam
2992 2806 3239 2881 gentium
3300 2807 3595 2877 pretiosius

1984 2904 2238 2976 reperiri,
2272 2902 2478 2975 quippe
2526 2901 2797 2957 Bolezlavi
2848 2909 3097 2973 tempore
3145 2901 3352 2973 quique
3390 2902 3595 2958 milites

1985 3000 2039 3048 et
2068 3008 2304 3065 qumque
2339 2992 2557 3047 feminae
2587 2991 2820 3047 curiales
2866 2990 3049 3063 palliis
3094 3005 3193 3061 pro
3237 2990 3401 3045 lineis
3430 2991 3595 3046 vesti-

1981 3086 2083 3141 bus
2110 3086 2199 3141 vel
2238 3086 2412 3140 laneis
2464 3085 2779 3150 utebantur,
2830 3100 2933 3140 nec
2960 3083 3134 3156 pelles
3188 3083 3595 3155 quantumlibet

1981 3174 2256 3245 pretiosae,
2306 3174 2435 3229 licet
2484 3189 2637 3229 novae
2695 3172 2917 3241 fuerint,
2978 3173 3034 3229 in
3090 3174 3212 3242 ejus
3261 3173 3413 3228 curia
3471 3173 3594 3229 sine

1982 3264 2149 3335 pallio
2176 3264 2245 3300 ²¹⁵
2267 3271 2322 3318 et
2352 3262 2633 3318 aurifrisio
2655 3262 3033 3333 portabantur.
3070 3263 3273 3317 Aurum
3303 3263 3451 3318 enim
3473 3263 3593 3331 ejus

1981 3362 2228 3427 tempore
2293 3371 2585 3411 commune
2641 3354 2796 3426 quasi
2846 3362 3133 3427 argentum
3200 3355 3270 3408 ab
3332 3354 3593 3409 omnibus

1984 3445 2309 3513 habebatur,
2348 3452 2635 3516 argentum
2692 3457 2821 3497 vero
2852 3442 2959 3498 vile
2990 3443 3146 3513 quasi
3201 3443 3272 3477 ²¹⁶
3314 3458 3415 3513 pro
3454 3450 3592 3497 stra-

1981 3532 2130 3588 mine
2170 3533 2237 3567 ²¹⁷
2268 3531 2579 3587 tenebatur.
2626 3529 2787 3599 Cujus
2825 3530 3056 3604 gloriam
3108 3538 3162 3586 et
3200 3531 3503 3603 potentiam
3536 3538 3592 3587 ct

1979 3621 2201 3677 divitias
2230 3621 2526 3691 imperator
2543 3620 2821 3675 Romanus
2850 3619 3233 3687 considerans,
3263 3620 3588 3678 admirando

1978 3711 2144 3766 dixit:
2172 3713 2275 3767 Per
2299 3724 2546 3764 coronam
2583 3711 2810 3779 imperii
2831 3710 2937 3763 mei
2964 3708 3051 3772 ²¹⁸,
3084 3709 3296 3779 majora
3321 3715 3447 3765 sunt
3476 3728 3592 3783 qua

1977 3804 2153 3870 video,
2182 3817 2343 3873 quam
2378 3803 2530 3869 fanta
2563 3803 2815 3871 percepi;
2857 3816 3194 3873 suorumque
3234 3803 3303 3837 ²¹⁹
3332 3803 3587 3859 consultu

1978 3902 2296 3970 magnatum
2335 3909 2522 3949 coram
2542 3892 2802 3948 omnibus
2831 3893 3058 3963 adjecit:
3098 3896 3220 3951 Non
3248 3899 3326 3950 est
3362 3896 3591 3965 dignum

1980 3991 2193 4042 tantum
2223 4003 2286 4041 ac
2335 3989 2513 4041 virum
2537 3986 2698 4041 talem
2735 3985 2825 4051 “0,
2846 3988 2985 4041 sicut
3024 4001 3188 4042 unum
3225 3987 3291 4041 de
3321 3990 3589 4058 principi-

1979 4078 2094 4145 bus,
2149 4078 2334 4133 ducem
2386 4081 2479 4132 aut
2531 4078 2771 4131 comitem
2827 4078 3121 4143 nominari,
3176 4077 3272 4131 sed
3308 4078 3366 4132 in
3418 4078 3592 4146 regale

1980 4173 2172 4228 solium
2230 4173 2530 4240 glbrianter
2583 4170 2891 4224 redimitum
2936 4170 3257 4239 dyademate
3301 4172 3591 4226 sublimari

1983 4265 2094 4338 (71)
2127 4270 2235 4332 (an.
2265 4263 2441 4333 1025).
2475 4263 2536 4317 Et
2564 4261 2844 4333 accipiens
2883 4261 3169 4333 imperiale
3201 4262 3469 4333 dyadema
3498 4278 3590 4317 ca-

1600 4364 1820 4421 VARLE
1871 4362 2141 4420 LECTION
2149 4361 2243 4418 ES.

336 4462 404 4497 ¹⁶⁸
461 4476 682 4533 quoque
757 4463 935 4518 addit.
993 4464 1046 4520 3.

1246 4463 1414 4537 igitur

264 4533 447 4589 univit
498 4534 695 4588 desunt
750 4534 804 4588 3.

930 4535 998 4569 ιοο
1029 4534 1102 4589 De
1158 4564 1230 4575 —
1270 4534 1481 4590 *Chabri
1553 4534 1769 4591 desunt
1812 4538 1865 4591 2.

1489 4466 1543 4520 3.
1625 4465 1691 4500 m
1732 4465 1911 4536 ipsum
1969 4466 2023 4520 3.
2111 4463 2336 4536 ωερε(
2390 4462 2442 4516 3.

2580 4457 2994 4531 micomunivit
3070 4460 3114 4513 1.
3184 4475 3356 4531 seque
3410 4476 3583 4515 —co-

1965 4536 2020 4593 3.
2144 4535 2206 4569 ¹⁹¹
2298 4534 2463 4588 Natus
2493 4539 2576 4587 est
2615 4528 3000 4585 DCCCCLXVll
3075 4528 3357 4585 addit't'n
3433 4548 3585 4586 mar-

267 4608 394 4674 gine
450 4604 503 4660 1.
580 4604 648 4638 ¹⁹²
673 4605 830 4660 Anno
881 4605 1100 4661 Domini
1156 4604 1537 4660 DCCCCLXVII
1595 4608 1663 4661 de
1727 4609 1827 4663 hac
1875 4607 2167 4662 benedicta
2229 4605 2432 4659 femina
2508 4601 2876 4676 _Dambro_\v_ka
2938 4600 3212 4676 gloriosus
3273 4603 3383 4676 dux
3432 4603 3587 4676 Bole-

261 4672 413 4731 slaus
491 4682 789 4749 generatur
834 4692 938 4746 pro
995 4676 1209 4731 Primus
1256 4678 1777 4785 ergo—generavit
1829 4679 1880 4735 3.
1934 4676 2001 4713 ¹⁹³
2028 4677 2196 4749 patris
2224 4676 2274 4732 3.
2345 4674 2676 4731 mvalnit3.
2746 4672 3227 4755 mmemor-almus
3270 4673 3320 4729 3.

267 4747 413 4785 nlnm
452 4749 711 4785 inpos-tum
743 4763 844 4785 mn
878 4748 916 4785 N
972 4764 1007 4785 η
1055 4763 1088 4785 n
1147 4748 1160 4785 ἰ
1206 4747 1239 4785 2
1301 4749 1316 4782 1
1349 4750 1368 4783 7
1396 4755 1447 4785 nl
1517 4749 1787 4785 "hominm
1819 4749 1934 4785 ηΑΛ
1984 4753 2039 4785 δη
2061 4750 2311 4785 mnrnino
2339 4762 2459 4785 nnw
2508 4745 2542 4785 θ
2632 4744 2863 4785 19⁸1911119
2894 4751 3092 4785 \nrlnlp
3123 4745 3320 4785 annna

464 4744 714 4801 incertum
739 4744 854 4816 prd
874 4748 936 4802 N.
972 4764 1027 4816 q.
1055 4763 1111 4802 n.
1147 4748 1163 4802 i
1205 4747 1257 4803 3.
1301 4744 1368 4785 ίδτ
1396 4755 1450 4802 et
1474 4744 1788 4803 Behemiam
1818 4749 1950 4803 add.
1984 4744 2042 4803 in
2061 4750 2311 4816 margine
2339 4762 2475 4801 corr.
2508 4745 2562 4800 2.
2632 4744 2697 4816 19°
2715 4751 2872 4816 tanta
2894 4744 3092 4799 virtute
3123 4745 3368 4802 Saxones
3394 4752 3582 4801 trans-

258 4821 417 4890 ponit
440 4821 528 4873 in:
554 4815 805 4891 Saxones
843 4815 1222 4891 tantavirtute
1248 4819 1280 4873 3
1387 4820 1454 4854 ¹⁹⁹
1482 4820 1632 4891 quod
1654 4819 1706 4876 3.
1783 4820 1855 4854 ²⁰⁰
1882 4820 2045 4891 igitur
2086 4820 2139 4873 2.
2182 4815 2235 4873 3.
2312 4818 2377 4851 ²⁰¹
2412 4815 2677 4891 nomin‘ali
2705 4815 2738 4870 3
2839 4815 3221 4891 ’°’Aconstatg3.

267 4747 416 4815 glum
452 4747 714 4819 incertum
739 4763 844 4818 pro
874 4748 936 4802 N.
972 4764 1027 4819 q.
1055 4763 1111 4802 n.
1147 4748 1163 4802 i
1205 4747 1257 4803 3.
1301 4749 1316 4782 ¹

3425 4675 3492 4709 196
3514 4679 3586 4730 εί,

3314 4818 3382 4852 ²⁰³
3414 4834 3585 4873 nucas

261 4886 344 4942 3:
382 4886 706 4994 magniﬁcas
725 4888 777 4943 3.
864 4889 934 4924 ²⁰⁴
965 4888 1200 4944 ﬁdeliter
1231 4886 1517 4961 praeponit
1556 4892 1715 4945 verbo
1761 4886 2007 4947 obedi'vit
2058 4891 2111 4945 3.
2193 4891 2262 4925 ²⁰⁵
2292 4888 2740 4944 eonsionavit:
2767 4887 3113 4961 consignavit
3141 4888 3222 4970 3._
3275 4890 3345 4924 ²⁰⁶
3365 4890 3587 4943 Gnezna

262 4963 295 4994 ⁸)
428 4961 474 4994 20
524 4961 781 4994 ραηοιὶυἰθ
811 4959 843 4994 Q
943 4961 1013 4994 208
1045 4961 1271 4994 llic-num
1306 4962 1418 4994 add
1480 4961 1512 4994 Q
1626 4962 1694 4994 209
1725 4978 1868 4994 nnnn
1897 4961 2151 4994 υἶιιηιῖηηι
2195 4960 2405 4994 “nmini
2436 4960 2478 4994 II
2513 4960 2671 4994 ηΛΛοἹ
2701 4960 2732 4994 Q
2856 4960 2925 4994 210
2959 4960 3223 4994 ΩΛΙοσιΙονι
3260 4963 3278 4994 4
3359 4960 3393 4994 ω
3517 4960 3582 4993 111

261 4963 313 5020 3.
428 4959 502 4995 ²⁰τ
524 4961 787 5031 sepelivit
810 4959 860 5015 3.
943 4961 1013 4995 ²⁰⁸
1045 4961 1271 5029 dignum
1304 4959 1418 5017 add
1478 4961 1530 5019 3.

1626 4962 1694 4997 ²⁰⁹
1723 4978 1869 5017 anno
1897 4961 2155 5017 videlicet
2194 4960 2409 5016 Domini
2435 4960 2483 5014 Μ
2512 4960 2671 5015 addit
2699 4960 2751 5018 3.

2856 4960 3226 5015 "°'Bolezlavi
3260 4963 3307 5015 1.
3359 4960 3413 5014 2.
3517 4960 3582 4993 ²¹¹

264 5005 552 5090 Holezlaus
576 5005 631 5084 i'n
658 5031 899 5086 adventu
943 5005 1293 5102 imper’atoris
1322 5032 1619 5139 prepandit
1645 5034 1885 5105 (pendit)
1948 5035 2008 5088 ln
2058 5032 2250 5104 primis
2279 5031 2427 5086 acies
2450 5048 2552 5101 pro
2584 5032 2901 5088 Bolezlavus
2933 5031 3280 5136 imperatoris
3307 5061 3378 5070 —
3407 5030 3587 5100 inpri-

264 5106 365 5139 ηις.
397 5103 429 5139 9
512 5104 583 5138 Ill
614 5102 861 5139 ninnnlnn
900 5118 1122 5139 nnnnnn
1150 5102 1183 5139 2
1278 5104 1321 5139 Il
1374 5115 1684 5139 cancrorum
1709 5106 1742 5139 ἢ
1830 5105 1898 5139 118
1926 5106 2068 5139 (Inoa!
2094 5104 2125 5139 ρ
2204 5104 2273 5138 215
2296 5103 2463 5139 nallin
2493 5104 2526 5139 2
2612 5105 2681 5138 216
2711 5120 2813 5139 nuo
2865 5103 2897 5139 ρ
2959 5104 3001 5137 21
3067 5102 3378 5139 hnhnhnlnl-
3404 5101 3562 5139 add)?

261 5106 368 5161 mis
395 5103 448 5161 3.
512 5104 583 5138 ³η
614 5102 863 5177 singulas
900 5118 1124 5175 quoque
1150 5102 1203 5157 3.

261 5178 356 5233 sed
373 5181 557 5245 postea
576 5190 690 5246 qua
708 5176 1038 5244 super/tuum
1062 5177 1284 5245 punctis
1304 5179 1513 5231 notavit
1530 5176 1584 5232 2.

1278 5104 1349 5139 “3
1374 5104 1686 5175 separatum
1708 5106 1761 5161 3.
1830 5105 1898 5139 ²¹⁴
1925 5106 2068 5159 deest
2092 5104 2144 5160 3.
2204 5104 2273 5138 ²¹⁵

1679 5176 1747 5211 ²¹⁸
1777 5176 1921 5231 deest
1949 5175 2002 5229 2.
2085 5176 2153 5209 ²¹⁹
2175 5171 2468 5231 suorumﬂ.
2539 5175 2608 5209 ²²⁰
2645 5171 2821 5230 virum
2850 5191 2913 5231 ac
2951 5175 3125 5231 civem
3156 5189 3259 5245 pro
3284 5189 3335 5227 a.
3376 5188 3431 5229 v.
3462 5179 3500 5227 t.
3532 5171 3584 5228 3.

2296 5103 2463 5184 pelli?
2493 5104 2693 5184 31M”.
2711 5120 2818 5175 qua
2864 5103 2916 5160 3.
2959 5101 3025 5184 ²ξ⁷
3067 5102 3378 5157 habebatur
3404 5101 3583 5184 addit,

1847 5276 2056 5331 ΝΟΤᾸΕ.

332 5346 442 5471 ἕϐἳ)
475 5345 553 5428 ῼΐ.
594 5345 987 5428 Tbietmarum,
1045 5362 1117 5427 iv,
1169 5346 1259 5410 37,
1333 5352 1388 5400 et
1434 5346 1571 5400 Ann.
1626 5347 1867 5402 Hildcsh.

259 5418 386 5490 997,
421 5418 662 5490 idtemhv
708 5417 968 5490 ld._lllat_
986 5417 1209 5471 exhibet
1264 5416 1489 5472 Kalend.
1529 5416 1867 5490 Merseburg.

261 5488 383 5544 Vid.
419 5488 668 5560 Roepell,
694 5506 732 5553 ι,
763 5488 884 5545 103.
933 5488 991 5560 Κ.

333 5560 439 5630 (63)
469 5559 548 5616 Ct"
588 5562 830 5625 Cosmus,
860 5577 898 5621 ι,
927 5559 1015 5616 35.
1051 5560 1111 5614 Κ.

335 5632 439 5699 (64)
470 5630 551 5688 Cf.
587 5631 658 5686 de
688 5630 772 5685 his
802 5631 1030 5700 Roepel,
1062 5648 1101 5697 1,
1130 5632 1256 5686 651.
1289 5630 1349 5687 K.

332 5702 444 5791 ςςξξ)
475 5703 714 5791 tenses
755 5701 1084 5791 PP.‘°"9.'.“'.“
1136 5702 1521 5791 ονθςρχεςηξεεξ
1550 5702 1764 5791 inquit.

331 5772 445 5845 (66)
487 5773 566 5831 Cf.
595 5776 734 5835 Ann.
789 5772 1195 5848 Quedlinburg.
1234 5773 1396 5842 1007,
1432 5774 1586 5837 1012,
1622 5773 1776 5829 1017.
1810 5773 1871 5831 Κ.

2046 5347 2152 5414 (67)
2184 5347 2364 5401 Bruno
2404 5346 2521 5400 Vita
2569 5346 2624 5400 S.
2675 5345 2887 5409 Adalb.,
2926 5362 2971 5399 c.
3025 5347 3115 5412 31,
3147 5353 3202 5399 et
3242 5344 3498 5400 Miracula
3528 5344 3586 5399 S.

1974 5418 2188 5480 Adalh.,
2216 5433 2261 5472 c.
2300 5420 2352 5471 9.
2386 5419 2438 5470 S.

2044 5490 2152 5554 ((³8)
2184 5490 2297 5544 lmo
2326 5488 2534 5543 tertius.
2566 5488 2624 5541 K.

2042 5559 2147 5631 (69)
2180 5559 2256 5614 Cf.
2290 5559 2556 5631 praefatio.
2592 5559 2651 5617 K.

2046 5630 2153 5699 (7U)
2183 5631 2259 5684 Cf.
2294 5630 2431 5684 Ann.
2458 5631 2855 5699 Quedlinburg.
2892 5630 3046 5686 1000.
3082 5631 3143 5685 K.

2046 5703 2155 5770 (71)
2187 5703 2341 5775 Quod
2376 5703 2594 5775 demum
2625 5720 2673 5756 at.
2696 5703 2848 5775 71025
2880 5701 3073 5775 factum
3117 5710 3219 5765 est,
3266 5713 3324 5758 ut
3352 5704 3588 5775 probant

1976 5775 2113 5829 Ann.
2146 5774 2543 5845 Quedlinburg.
2580 5775 2661 5829 (Lf.
2694 5774 2920 5844 Rtepell,
2948 5790 2985 5841 ι,
3017 5775 3136 5829 162.
3172 5775 3228 5828 li.
