3930 6052
411 318 518 373 851

412 531 543 599 suit,
571 539 625 585 et
645 546 744 601 pro
771 531 971 587 vexillo
997 532 1316 603 triumphali
1348 534 1415 568 ἐί
1443 533 1655 589 clavum
1686 534 1737 589 ei
1766 534 1837 588 de
1863 549 2023 590 cruce

415 622 629 678 Domini
670 639 793 678 cum
828 623 1018 678 lancea
1060 624 1233 679 sancti
1262 624 1506 679 Mauricii
1538 624 1686 680 dono
1721 625 1893 685 dedit.
1926 639 2025 696 pro

414 712 618 785 quibus
680 712 757 766 illi
819 712 1137 767 Bolezlavus
1190 712 1363 768 sancti
1406 713 1685 769 Adalberli
1740 713 2023 769 brachium

414 803 701 861 redonavit
771 804 830 859 Et
870 811 1018 859 tanta
1044 810 1172 858 sunt
1205 803 1297 858 illa
1335 804 1422 859 die
1482 803 1766 860 dilectioni
1816 804 2024 860 couniti

414 896 505 956 ³³³.
532 894 679 967 quod
730 893 1028 965 imperator
1073 909 1200 948 eum
1252 893 1473 949 fratrem
1529 901 1583 948 et
1613 900 2026 965 cooperatorem

418 982 635 1054 imperii
665 981 951 1037 constituit
978 982 1048 1015 “3
1088 989 1145 1036 et
1198 983 1385 1053 populi
1439 982 1669 1037 Romani
1697 982 1934 1038 amicum
1975 988 2030 1036 et

415 1075 624 1130 socium
656 1074 975 1146 appellavit.
1010 1074 1246 1145 Insuper
1271 1074 1437 1128 etiam
1463 1074 1604 1127 min
1636 1072 2030 1128 ecclesiasticis

418 1166 724 1223 honoribus
759 1168 828 1201 ²²⁵
879 1164 1136 1238 quitquid
1166 1167 1244 1231 ad;
1273 1166 1562 1237 imperium
1616 1165 1929 1235 pertinebat
1971 1165 2027 1219 in

417 1271 586 1331 regno
626 1255 983 1321 Polonorum,
1037 1255 1123 1311 vel
1178 1254 1234 1309 in
1266 1254 1388 1309 aliis
1418 1255 1687 1326 superatis
1724 1254 1793 1309 ab
1838 1270 1904 1309 eo
1942 1254 2029 1309 vel

419 1349 748 1421 superandis
772 1348 1094 1423 regionibus
1132 1348 1517 1417 barbarorum,
1550 1365 1663 1404 sua:
1693 1364 2030 1420 suorumque

421 1439 673 1512 potestati
705 1438 1000 1501 concessit,
1041 1438 1200 1507 cujus
1240 1437 1516 1508 pactionis
1561 1437 1839 1493 decretum
1890 1454 2031 1509 papa

421 1531 684 1585 Silvestcr
741 1531 811 1564 ²²⁶
859 1539 1063 1584 sanctae
1124 1530 1384 1585 Romanae
1433 1529 1683 1585 ecclesia:
1743 1529 2033 1603 privilegio

420 1620 779 1679 confirmavit.
818 1621 988 1694 Igitur
1015 1620 1333 1678 Bolezlavus
1375 1621 1428 1676 in
1469 1638 1658 1695 regem
1684 1622 1752 1676 ab
1787 1622 2031 1692 impera-

422 1722 539 1770 tore
570 1720 676 1769 tam
704 1713 945 1788 gloriose
962 1712 1307 1773 sublimatus,
1343 1714 1570 1767 inditam
1603 1712 1709 1768 sibi
1744 1712 2036 1768 liberalita-

422 1812 529 1858 tem
558 1803 802 1858 exercuit
831 1802 920 1868 “7,
972 1817 1093 1857 cum
1125 1802 1304 1857 tribus
1334 1818 1448 1857 suae
1480 1802 1915 1858 consecrationis
1966 1803 2034 1835 “3

421 1891 619 1947 diebus
647 1891 958 1947 convivium
1002 1891 1261 1963 regaliter
1289 1901 1347 1946 et.
1398 1891 1760 1963 imperialiter
1787 1891 2036 1947 celebra-

419 1987 514 2052 vit,
542 1986 886 2059 singulisque
918 1985 1116 2040 diebus
1169 2000 1298 2040 vasa
1332 1986 1520 2041 omnia
1559 1992 1614 2040 et
1666 1985 2036 2057 supellectilia

422 2078 820 2142 transmutavit,
866 2077 1083 2148 aliaque
1126 2076 1342 2132 diversa
1393 2077 1679 2150 multoque
1710 2078 2039 2148 pretiosiora

423 2168 797 2240 praesentavit.
853 2168 1032 2224 Finito
1064 2184 1305 2240 namque
1341 2168 1618 2236 convivio,
1669 2169 1958 2241 pinccrnas
1985 2179 2038 2225 et

418 2261 698 2332 dapiferos
728 2277 858 2316 vasa
894 2277 1060 2316 aurea
1090 2269 1147 2315 et
1175 2267 1458 2334 argentea,
1491 2261 1639 2316 nulla
1669 2261 1816 2316 enim
1856 2261 2038 2335 lignea

421 2350 497 2405 ibi
530 2350 899 2417 habebantur,
955 2351 1163 2422 cyphos
1195 2350 1453 2405 videlicet
1495 2358 1550 2406 et
1579 2367 1807 2423 cuppas,
1848 2351 2036 2406 lances

425 2451 480 2498 et
510 2442 789 2498 scultellas
828 2442 896 2477 "9
928 2449 983 2497 et
1009 2458 1216 2497 cornua
1246 2443 1313 2497 de
1343 2443 1553 2498 mensis
1582 2443 1841 2499 omnibus
1871 2444 2036 2500 trium

425 2535 639 2589 dierum
674 2549 1016 2607 congregare
1044 2534 1112 2567 ³³0
1153 2535 1434 2606 praecepit,
1477 2542 1533 2590 et
1583 2535 1900 2607 imperatori
1935 2551 2035 2608 pro

423 2626 654 2691 honore,
688 2639 800 2679 non
829 2639 927 2695 pro
959 2625 1249 2696 principali
1298 2642 1548 2694 munere,
1592 2628 1962 2698 praesentavit.
1994 2629 2034 2681 A

421 2720 740 2776 camerariis
795 2735 923 2775 vero
968 2720 1134 2791 pallia
1183 2727 1408 2776 extensa
1461 2730 1517 2776 et
1542 2723 1605 2757 ’3'
1667 2722 1907 2778 cortinas
1945 2722 2035 2790 ’3',

421 2816 646 2887 tapetia,
671 2822 860 2883 strata,
893 2815 1160 2882 mantilia,
1194 2816 1560 2890 manutergia,
1593 2823 1646 2871 et
1674 2831 2036 2888 quaecumque

419 2905 647 2960 servitio
687 2911 1018 2975 prasentata
1050 2904 1272 2959 fuerunt
1312 2904 1475 2972 jussit
1505 2905 1763 2960 similiter
1803 2921 2038 2981 congre-

419 3010 549 3068 gare
580 2996 649 3028 ³³³
698 3002 753 3049 et
783 2995 838 3048 in
870 3010 1143 3049 cameram
1186 2994 1533 3066 imperatoris
1563 3003 1913 3067 comportare
1943 2998 2033 3054 ’3‘.

421 3083 654 3152 Insuper
708 3082 871 3136 etiam
930 3082 998 3115 ³³⁵
1055 3081 1161 3136 alia
1210 3082 1367 3154 plura
1417 3082 1573 3137 dedit
1619 3100 1768 3153 vasa,
1821 3086 2033 3143 scilicet

1673 316 2019 371 ClIRONICgi-Z
2060 316 2476 372 POLONOltUM.

414 442 542 512 pitis
579 442 685 508 sui,
714 441 881 513 capiti
937 442 1206 499 Bolezlavi
1248 444 1300 496 in
1332 443 1586 498 amicitiae
1634 443 1816 498 fwdus
1854 440 2102 514 impo-A

3643 321 3768 377 8:32

2199 442 2251 496 7.
2285 441 2543 508 Quomodo
2571 446 2771 498 terram
2807 447 3050 513 potenter
3106 445 3418 503 Boteztavus
3456 450 3686 504 Russia:

2696 535 2766 569 "0
2802 537 3030 590 intravit
3074 535 3164 588 πί.

2199 623 2373 697 Igitur
2403 623 2677 692 imprimis
2707 623 3064 681 inserendum
3090 631 3179 681 ‘est
3203 627 3389 697 seriei,
3420 646 3584 702 quam
3622 630 3772 705 glo-

2128 712 2271 768 riose
2311 719 2366 768 et
2396 712 2686 788 magnifice
2709 729 2864 769 suam
2898 713 3151 785 injuriam
3183 716 3252 772 de
3292 733 3422 792 rege
3451 719 3766 776 Rutheno-

2132 818 2247 856 rum
2289 802 2589 857 vindicavit
2615 803 2704 869 ³η,
2754 803 2849 874 qui
2878 803 2986 859 sibi
3045 821 3291 862 sororem
3323 808 3454 864 dare
3484 825 3648 864 suam
3694 810 3766 864 in

2131 890 2542 947 matrimonium
2585 891 2881 968 denegavit
2923 893 3052 963 (73).
3095 895 3256 960 Quod
3292 896 3615 969 Bolezlavus
3660 914 3768 953 rex

2131 979 2362 1053 indigne
2394 979 2579 1035 terens
2608 997 2732 1036 cum
2765 983 2972 1056 ingenti
3008 983 3078 1018 ’⁵⁸
3107 982 3435 1041 fortitudine
3462 986 3772 1043 Rutheno-

2133 1088 2249 1126 rum
2276 1088 2505 1145 regnum
2536 1074 2753 1141 invasit,
2787 1091 2995 1147 eosque
3026 1076 3260 1147 primum
3289 1078 3457 1134 armis
3488 1080 3765 1136 resistere

2131 1174 2414 1235 conantes,
2456 1183 2567 1224 non
2629 1185 2794 1226 ausos
2842 1170 3188 1226 committere
3236 1172 3328 1240 ²⁴⁴,
3374 1172 3516 1228 sicut
3550 1184 3766 1229 ventus

2130 1256 2437 1328 pulverem,
2469 1264 2594 1313 ante
2624 1275 2779 1313 suam
2806 1258 3003 1314 faciem
3044 1260 3375 1336 profugavit.
3417 1262 3529 1318 Nec
3555 1264 3755 1318 statim

2132 1364 2254 1403 cum
2288 1350 2471 1405 hostili
2528 1367 2680 1407 more
2710 1351 2961 1408 civitates
3012 1353 3284 1424 capiendo
3335 1354 3423 1409 vel
3454 1356 3760 1425 pecuniam

2131 1442 2522 1517 congreganda
2550 1459 2707 1498 suum
2753 1443 2856 1499 iter
2885 1444 3202 1513 retardavit,
3232 1446 3331 1501 sed
3362 1447 3430 1501 ad
3463 1446 3655 1519 beou
3687 1450 3765 1483 ³⁵⁵

2135 1538 2301 1601 caput
2324 1531 2499 1606 regni,
2529 1539 2586 1587 ut
2612 1548 2791 1587 arcem
2825 1533 2978 1606 regni
3010 1533 3173 1588 simul
3201 1540 3255 1588 et
3285 1551 3470 1609 regem
3498 1546 3758 1608 caperet,

2137 1621 2450 1690 pr0peravit
2490 1622 2560 1655 ²⁴⁶
2607 1620 2719 1692 (an.
2762 1621 2939 1685 10l8).
2971 1623 3036 1676 At
3080 1622 3457 1679 Ruthenorum
3494 1642 3588 1680 rex
3644 1629 3757 1696 (τι)

2135 1711 2487 1783 simplicitate
2527 1713 2709 1788 gentis
2746 1713 2896 1768 illius
2934 1715 2988 1769 in
3022 1714 3272 1771 navicula
3325 1724 3459 1773 tunc
3487 1718 3554 1752 ⁸⁸⁷
3609 1718 3759 1775 forte

2134 1820 2256 1859 cum
2312 1805 2473 1860 hamo
2511 1805 2844 1876 piscabatur,
2885 1822 3008 1861 cum
3066 1808 3134 1841 "8
3168 1807 3511 1864 Bolezlavum
3555 1812 3761 1867 adesSe

2137 1910 2321 1969 regem
2354 1911 2419 1950 ex
2461 1896 2741 1967 insperato
2783 1897 3061 1953 nuntiant.
3103 1896 3257 1962 Quod
3292 1897 3384 1953 ille
3407 1901 3493 1954 vix
3523 1902 3764 1957 credem

2138 1987 2335 2059 potuit,
2367 1989 2465 2043 sed
2493 1990 2713 2043 tandem
2740 1989 2810 2023 “9
2830 1988 2953 2044 aliis
2982 1996 3037 2044 et
3056 1989 3180 2045 aliis
3202 1989 3311 2045 sibi
3335 1992 3757 2058 nuntiantibus,

2138 2080 2477 2136 certificatus
2519 2080 2820 2136 exhorruit.
2862 2081 3012 2137 Tunc
3042 2082 3264 2138 demum
3298 2084 3555 2156 pollicem
3585 2087 3761 2144 simul

2137 2169 2207 2204 ²⁵⁰
2227 2176 2281 2224 et
2304 2170 2543 2224 indicem
2571 2170 2652 2225 ori
2688 2170 3001 2246 porrigens,
3041 2173 3374 2246 hamumque
3404 2184 3567 2247 sputo
3592 2193 3754 2233 more

2139 2261 2471 2332 piscatorum
2503 2261 2727 2329 liniens,
2769 2262 2825 2316 in
2857 2262 3216 2337 ignominiam
3263 2281 3377 2321 suae
3408 2268 3591 2342 gentis
3620 2285 3760 2340 pro-

2134 2353 2383 2409 verbium
2414 2353 2705 2424 protulisse
2758 2353 2956 2410 fertur:
2997 2357 3137 2423 Quia
3176 2356 3479 2414 Bolezlavus
3527 2360 3657 2415 huic
3684 2362 3753 2397 ²⁵¹

2136 2448 2248 2501 arti
2271 2462 2376 2501 non
2397 2447 2629 2513 studuit,
2660 2448 2756 2502 sed
2779 2463 2938 2503 arma
2967 2450 3235 2504 militaria
3264 2450 3506 2520 bajotare
3528 2453 3600 2488 ³⁵³
3628 2470 3762 2508 con-

2135 2537 2325 2601 suevit,
2361 2535 2565 2591 idcirco
2594 2539 2732 2590 Deus
2770 2538 2842 2590 ad
2867 2552 3088 2592 manum
3103 2537 3219 2608 ejus
3249 2540 3461 2595 tradere
3486 2543 3759 2597 civitatem

2135 2633 2297 2685 istam
2325 2646 2653 2700 regnumque
2680 2632 3045 2688 Ruthenorum
3076 2637 3127 2687 et
3169 2635 3394 2689 divitias
3438 2636 3756 2693 destinavit.

2139 2720 2265 2775 Haec
2296 2720 2450 2787 dixit,
2487 2736 2591 2775 nec
2614 2720 2768 2791 plura
2808 2729 3155 2792 prosecutus,
3188 2722 3369 2796 fugam
3404 2725 3656 2795 arripuit.
3691 2727 3761 2781 At

2137 2809 2480 2877 Bolezlavus,
2513 2810 2665 2866 nullo
2706 2809 2813 2865 sibi
2845 2812 3154 2879 resistente,
3185 2813 3460 2869 civitatem
3493 2831 3752 2888 magnam

2137 2907 2193 2955 et
2231 2900 2551 2971 epulentam
2617 2899 2955 2975 ingrediens,
3020 2908 3076 2956 et
3134 2902 3426 2977 cvaginato
3467 2905 3657 2980 gladio
3696 2908 3751 2962 in

2137 3005 2304 3045 aurea
2334 2996 2489 3060 porta
2522 2989 2860 3061 percutiens,
2904 2990 3014 3045 risu
3042 2990 3175 3045 satis
3210 2991 3404 3060 jocoso
3430 2994 3547 3048 suis
3572 2996 3750 3051 admi-

2138 3077 2383 3133 rantibus
2411 3078 2500 3145 ’53,
2523 3093 2620 3133 cur
2643 3078 2749 3133 hoc
2765 3077 3003 3144 fecisset,
3037 3077 3314 3135 enodavit.
3344 3082 3515 3150 Sicut,
3547 3083 3751 3156 inquit,

417 3189 587 3228 aurea
627 3179 682 3228 et
720 3181 979 3245 argentea
1037 3172 1237 3227 diversi
1287 3172 1498 3245 cperis,
1565 3175 1732 3245 pallia
1787 3192 1917 3231 vero
1962 3178 2031 3212 ’36
2053 3151 2102 3219 (λ
2130 3173 2187 3226 in
2212 3172 2313 3225 hac
2343 3171 2477 3225 hora
2506 3170 2575 3205 ’δ”
2606 3186 2772 3225 aurea
2802 3175 2965 3241 porta
2992 3173 3228 3227 civitatis
3248 3174 3320 3229 ab
3345 3176 3450 3229 isto
3465 3190 3586 3230 ense
3607 3193 3737 3247 per-

418 3267 620 3323 diversi
679 3267 900 3334 coloris,
932 3274 1254 3322 ornamenta
1306 3267 1528 3340 generis
1581 3268 1775 3343 ignoti,
1819 3269 2032 3341 lapides

419 3359 688 3430 pretiosos
732 3364 786 3413 et
816 3357 1133 3427 hujusmodi
1159 3358 1225 3391 ²³τ
1260 3365 1339 3413 tot
1373 3366 1427 3413 et
1466 3366 1613 3413 tanta
1655 3360 2025 3430 przesentavit,

415 3451 560 3524 quod
591 3452 889 3522 imperator
918 3456 1067 3505 tanta
1112 3466 1344 3505 munera
1384 3466 1482 3521 pro
1513 3451 1778 3506 miraculo
1811 3460 2028 3524 reputa-

410 3544 508 3599 vit.
541 3543 799 3617 Singulos
833 3558 964 3597 vero
994 3542 1275 3614 principes
1313 3542 1433 3612 ejus
1461 3542 1534 3598 ita
1572 3543 1865 3615 magniﬁce
1905 3561 2027 3600 mu-

411 3636 643 3703 neravit,
700 3635 845 3707 quod
877 3651 973 3691 eos
1027 3652 1093 3690 ex
1144 3635 1337 3690 amicis
1378 3636 1446 3670 ’33
1496 3636 1862 3691 amicissimos
1913 3637 2023 3709 (72)

407 3728 714 3800 acquisivit.
765 3728 873 3782 Sed
922 3727 1049 3799 quis
1092 3728 1442 3782 dinumerare
1480 3729 1687 3799 poterit
1731 3730 1914 3801 qualia
1973 3737 2026 3785 et

408 3827 616 3892 quanta
659 3820 965 3884 majoribus
1012 3820 1081 3854 ’3’
1131 3820 1276 3875 dona
1323 3819 1498 3880 dedit.
1549 3836 1672 3875 cum
1717 3837 1821 3876 nec
1880 3838 2024 3877 unus

2131 3266 2354 3329 cutitur,
2383 3264 2460 3318 sic
2485 3265 2545 3317 in
2574 3268 2724 3318 nocte
2751 3266 2995 3333 sequenti
3019 3279 3170 3318 soror
3187 3267 3329 3333 regis
3359 3265 3471 3337 (75)
3492 3269 3748 3336 ignavis-

2129 3355 2257 3408 simi
2293 3353 2430 3407 mihi
2492 3353 2619 3407 dari
2654 3354 2928 3422 prohibita
2979 3358 3383 3423 corrumpetur;
3424 3372 3517 3411 nec
3560 3360 3742 3415 tamen

2132 3442 2410 3497 Botezlavo
2468 3442 2619 3496 thoro
2669 3440 2917 3496 maritali
2961 3441 3055 3496 sed
3082 3442 3422 3497 concubinali
3471 3447 3748 3514 singulari

2128 3535 2243 3587 vice
2279 3537 2487 3588 tantum
2517 3531 2889 3601 conjungetur,
2930 3537 3196 3601 quatenus
3232 3534 3328 3588 hoc
3361 3535 3508 3601 facto
3562 3541 3746 3592 nostri

2127 3630 2335 3696 generis
2360 3629 2572 3699 injuria
2597 3627 2922 3695 vindicetur,
2970 3632 3019 3682 et
3046 3629 3305 3684 Ruthenis
3342 3630 3417 3683 ad
3442 3631 3667 3688 dedecus
3695 3638 3744 3688 et

2125 3726 2196 3782 ad
2222 3726 2575 3793 ignominiam
2604 3726 2917 3794 imputetur.
2954 3721 3043 3778 Sic
3076 3721 3232 3788 dixit,
3276 3723 3533 3797 dictaque
3582 3725 3743 3782 factis

2126 3817 2443 3890 complevit.
2479 3817 2650 3892 Igitur
2682 3832 2773 3871 rex
2817 3814 3133 3870 Bolezlavus
3172 3816 3306 3871 urbe
3340 3816 3615 3872 ditissima
3666 3819 3736 3855 ³⁵⁸

410 3915 634 3986 quidem
667 3914 976 3987 inquilinus
1000 3914 1068 3969 de
1093 3920 1239 3969 tanta
1262 3914 1613 3971 multitudine
1640 3917 1764 3972 sine
1792 3933 2021 3973 munere
2122 3930 2405 3987 regnoque
2435 3913 2812 3968 Ruthenorum
2827 3909 3210 3981 potentissimo
3237 3911 3430 3967 decem
3445 3911 3735 3967 mensibus

411 4019 522 4058 non
563 4004 808 4059 recessit.
854 4005 1156 4074 Imperator
1208 4010 1389 4058 autem
1444 4004 1601 4060 laetus
1643 4007 1857 4079 magnis
1896 4023 2017 4063 cum

412 4096 740 4153 muneribus
792 4098 860 4153 ad
902 4097 1126 4169 propria
1186 4098 1469 4165 remeavit,
1531 4101 1848 4157 Bolezlavus
1890 4118 2021 4160 vero
2120 4098 2290 4156 tendo
2341 4111 2621 4168 nunquam
2690 4092 2868 4149 extitit
2919 4092 3160 4159 otiosus;

2123 4204 2336 4257 mense,
2359 4187 2487 4259 quia
2508 4202 2679 4261 regna
2716 4184 3121 4257 quamplurima
3143 4184 3388 4254 tenebat,
3416 4191 3472 4241 et
3499 4201 3727 4257 puerum

412 4201 656 4258 regnans
679 4185 733 4241 in
774 4187 962 4243 hostes
990 4202 1141 4258 yram
1182 4193 1423 4242 veterem
1451 4189 1735 4245 renovavit

2125 4005 2329 4077 potitus
2374 4004 2465 4069 ’5“,
2510 4001 2639 4056 inde
2684 3999 2973 4071 pecuniam
3030 3999 3086 4054 in
3135 3987 3734 4059 Poloniam'transmit-

3239 4094 3534 4150 undecimo
3599 4112 3732 4153 vero

1744 4374 1961 4429 VARI/li
2016 4374 2388 4430 LECTIONES.

480 4553 546 4588 ²²¹
572 4553 818 4625 trmphas
866 4554 919 4609 3.

412 4704 659 4767 tempore
732 4696 977 4750 Silvestri
1035 4713 1176 4767 papc
1250 4698 1408 4752 addit
1469 4700 1529 4752 in
1567 4703 1813 4767 margine
1887 4700 1921 4753 2

412 4766 481 4799 ²³⁰
511 4767 834 4839 congregari
912 4768 965 4823 3.
1030 4766 1047 4839 ξ
1087 4766 1151 4801 ²³¹
1195 4769 1338 4824 deest
1398 4769 1449 4823 3.

408 4854 511 4941 ἓν
548 4837 925 4941 p‘rqdusluper
953 4838 1134 4941 .Sti‘am
1189 4839 1276 4925 3..
1316 4841 1426 4941 "3°
1454 4841 1597 4897 deest
1648 4843 1700 4941 3‘.

1019 4554 1277 4627 ’"cog‘ti
1332 4557 1386 4611 1.
1433 4555 1487 4610 2.
1557 4556 1685 4613 99’ti
1717 4558 1767 4612 3.
1834 4556 2043 4612 couniti
2115 4573 2237 4611 uoce
2320 4572 2457 4627 saepe
2508 4557 2948 4627 utitur__auctpr.

413 4632 541 4680 tam.
612 4625 692 4679 2.‘
737 4641 790 4678 a.
845 4630 1130 4681 correctore
1189 4625 1334 4682 enim
1387 4627 1403 4680 i
1456 4628 1565 4683 int
1618 4632 1922 4691 mutatum;
1981 4638 2035 4683 et
2099 4635 2204 4682 tam
2246 4629 2298 4683 3.
2392 4625 2422 4662 ⁵⁸⁵

413 4704 659 4753 tempore
732 4696 977 4750 Silvestri
1035 4713 1176 4753 hanc
1250 4698 1408 4752 addit
1469 4700 1529 4752 in
1567 4703 1813 4753 maraine
1887 4700 1921 4753 2
2027 4700 2094 4734 ³³⁷
2120 4701 2333 4753 exeruit
2387 4700 2422 4753 2

1567 4708 1813 4767 margine
1887 4708 1921 4753 2
2027 4708 2093 4734 "7
2120 4708 2333 4755 exeruit
2387 4708 2441 4754 2.

1561 4771 1630 4804 ³³³
1668 4770 1931 4826 cortinias
2011 4772 2060 4827 3.
2200 4771 2271 4805 ²³³
2296 4786 2441 4827 cong

1818 4842 1885 4875 237
1916 4849 1970 4895 οι
2010 4842 2324 4914 hujusmodi
2353 4840 2627 4914 desunt}.

3049 4550 3120 4585 ³³³
3150 4549 3386 4615 instituit
3434 4551 3488 4605 3.
3580 4550 3649 4585 ”‘
3676 4559 3729 4608 et

3020 4623 3091 4657 ²²⁶
3120 4621 3232 4677 Rex
3297 4622 3575 4677 Boleslaus
3627 4620 3733 4678 fuit

2252 4701 2333 4754 uit
2387 4700 2441 4754 2.
2538 4697 2607 4732 ³³⁸
2636 4694 3014 4752 coronationis
3089 4693 3142 4750 3.
3259 4694 3327 4727 ²²⁹
3353 4694 3614 4748 scutellas
3670 4694 3722 4749 2.

2250 4768 2619 4820 3conareaari
2704 4768 2756 4820 3.
2864 4766 2933 4800 ²³⁴
2965 4764 3298 4820 comportari
3370 4764 3424 4820 3.
3538 4764 3607 4799 ’³⁵
3635 4782 3722 4819 su-

2200 4771 2271 4805 ²³³
2296 4768 2619 4845 congregari
2704 4768 2756 4822 3.
2864 4768 2933 4800 ²³⁵
2965 4768 3310 4845 comportari
3353 4768 3424 4845 .3.
3538 4768 3607 4799 ’³⁵
3635 4782 3730 4819 su-

2200 4842 2324 4892 nodi
2353 4844 2551 4892 desunt
2575 4840 2627 4892 3.
2754 4838 2821 4872 3"”
2853 4837 3042 4891 limitis
3088 4838 3169 4891 vel
3199 4837 3397 4890 limtcts
3437 4851 3648 4891 erronee
3673 4838 3724 4892 3.

2392 4624 2460 4662 ⁵³³
2492 4624 2814 4681 hominibus
2859 4624 2911 4678 3.

432 4909 477 4983 fi”
508 4907 1121 4983 nobilioribusyidetur
1165 4914 1427 4981 scriptum
1454 4928 1550 4970 per
1579 4916 2011 4975 contractionem,
2045 4907 2139 4968 sed
2155 4915 2357 4983 absque
2383 4914 2521 4981 sigto
2548 4912 2599 4965 2.
2657 4910 2727 4945 "0
2756 4909 2921 4983 ltusie
2951 4907 3004 4983 2‘.
3053 4908 3118 4942 ²⁴¹
3144 4907 3729 4983 Ωμρπηοά-ο-ἱῐιίηδνὶι

409 4979 605 5034 desunt
633 4980 684 5036 3.

405 5050 709 5128 vindicavit
725 5049 778 5106 3.
827 5050 1006 5128 A_’_‘3_in
1036 5068 1360 5128 magna_p_ro
1381 5070 1503 5128 cum
1535 5055 1744 5128 ingenti
1775 5057 1827 5111 3.

406 5124 460 5176 2.
489 5122 650 5194 Kyow
681 5122 715 5178 3
825 5122 897 5157 ³⁸⁸
914 5123 1058 5178 deest
1086 5122 1137 5180 3?

406 5194 460 5247 2.
499 5194 620 5266 et3.
652 5197 710 5248 in
737 5195 1043 5266 fragmento
1089 5212 1146 5266 p.
1172 5196 1260 5251 93.
1330 5196 1393 5231 ²⁵¹
1419 5197 1582 5266 hujus
1609 5198 1644 5251 2

400 5282 465 5335 ι).
488 5264 558 5320 93
659 5266 729 5301 ³³⁸
747 5266 892 5320 deest
921 5264 975 5322 2.

1757 5200 1826 5234 ²⁵²
1857 5198 2100 5267 bajolare
2138 5200 2191 5253 3.
2215 5202 2275 5253 in
2297 5195 2502 5266 fragm.
2527 5213 2584 5268 ρ.
2620 5195 2690 5253 93

1065 5267 1148 5317 ’55.
1186 5274 1289 5322 etc.
1334 5269 1490 5323 addit
1510 5268 1561 5326 3.
1592 5269 1646 5323 in
1673 5272 1858 5339 fragm
1878 5286 1940 5340 p.
1975 5270 2063 5327 93.

788 4980 858 5014 ²⁴²
884 4980 1014 5060 Nam
1053 4997 1200 5036 anno
1240 4978 1297 5035 D'.
1346 4982 1558 5037 MXVlll
1597 4992 1786 5039 contra
1820 5001 2005 5089 reg’cm
2049 4978 2691 5040 Ruthenorum—viriliter
2738 4980 3021 5035 dimicavit
3056 4994 3160 5059 pro
3189 4978 3357 5053 Igitur
3387 4978 3723 5083 imprimis—

862 5051 931 5085 ²⁴³
952 5067 1006 5104 ιη
1036 5068 1234 5110 magna
1261 5070 1360 5110 pro
1381 5070 1503 5108 cum
1535 5055 1744 5110 inuenti
1775 5057 1827 5110 3.
1931 5057 1970 5090 “
1992 5056 2090 5110 sed
2127 5071 2238 5110 non
2264 5071 2428 5110 ausos
2442 5070 2540 5110 pro
2571 5069 2680 5108 non
2709 5066 2875 5107 ausos
2896 5058 3242 5106 committere
3272 5051 3326 5104 3.
3411 5050 3456 5083 ³⁸
3538 5051 3723 5110 th‘von

1992 5066 2090 5112 sed
2127 5071 2238 5110 ηοιι
2264 5071 2428 5111 ausos
2442 5070 2540 5112 pro
2571 5069 2680 5108 non
2709 5066 2875 5107 80808
2896 5066 3242 5106 committere
3272 5066 3326 5104 ὅ.

1261 5071 1360 5122 pro
1381 5071 1503 5108 cum
1535 5071 1744 5126 ingenti
1775 5071 1827 5111 δ.
1904 5071 1970 5090 ιδ’
1992 5071 2090 5112 sed
2127 5071 2238 5110 non
2264 5071 2428 5111 ausos
2442 5071 2527 5124 pr:

1244 5125 1309 5159 "7
1344 5125 1639 5181 naviculati
1654 5143 1758 5196 pro
1780 5126 2031 5182 navicula
2059 5135 2189 5183 tunc
2217 5132 2465 5197 corrupte
2493 5126 2527 5181 3

3538 5051 3723 5122 th‘yon

2657 5125 2726 5159 ²⁴⁸
2755 5124 2841 5180 cui
2874 5124 2926 5178 3.
3019 5122 3089 5155 "9
3115 5127 3295 5176 tamen
3320 5122 3353 5174 3
3456 5120 3526 5154 ’⁵ο
3564 5120 3721 5177 suum

2801 5195 2872 5231 ³⁵³
2899 5192 3318 5248 ammirantibus
3344 5192 3396 5246 3.
3438 5194 3502 5247 in
3518 5194 3725 5262 fragm.

2155 5271 2226 5305 ³⁵⁸
2252 5263 2332 5325 ita
2358 5263 2673 5335 emendavi;
2703 5267 2906 5340 quibus
2933 5265 3089 5320 codd.
3117 5269 3166 5319 et
3191 5265 3315 5320 edd.
3348 5263 3403 5318 P.

1961 5418 2169 5475 NOTAE.

474 5561 581 5626 (72)
611 5560 849 5614 Sallustii
874 5561 1163 5627 Jugurtha,
1194 5577 1249 5617 ι.
1282 5562 1338 5618 S.

471 5630 581 5703 (73}
614 5629 883 5703 Bolezlavi
942 5629 1055 5686 filia
1102 5632 1475 5703 Swatopulko,
1511 5634 1624 5689 filio
1682 5634 2007 5702 Wladimiri,

403 5697 611 5756 liussiat
636 5698 923 5775 principis,
964 5712 1226 5774 nupserat
1254 5697 1315 5762 Κ.

2186 5562 2617 5633 (74)]θιηοειθιιε,
2648 5559 2794 5633 filius
2834 5556 3141 5633 Wladimiri
3182 5556 3243 5633 Κἶ

2182 5628 2300 5707 (75)
2341 5634 2683 5691 Percdslawa
2702 5630 2866 5705 vulgo
2898 5628 3200 5686 nominata.
3236 5628 3292 5683 K.
