3930 6052
364 195 471 250 855

1618 190 1964 245 CllRONlCt‘E
2007 189 2405 246 l’OLONOllUM
2418 230 2429 242 .

3611 190 3751 245 856

368 333 537 391 catos,
579 339 742 395 quam
775 322 970 376 habeat
1008 322 1070 356 ³⁸⁷
1101 331 1286 377 nostro
1329 323 1396 356 ²⁸⁸
1436 328 1686 393 tempore
1717 328 1829 378 tota
1874 321 1980 378 Po-
2003 324 2059 394 Α
2084 320 2380 393 quebatur,
2421 300 2682 392 quantam
2715 318 2837 389 ejus
2878 317 3127 390 probitas
3151 324 3209 373 et
3238 318 3552 375 liberalitas
3605 335 3765 376 me-

366 412 514 468 lonia
533 411 826 482 clipeatos:
853 419 1100 481 tempore
1127 409 1398 466 Bolezlavi
1424 410 1652 466 totidem
1677 410 1731 465 in
1755 410 1981 466 Polonia

300 492 308 499 ’
367 506 481 562 fere
509 506 578 539 ²⁸⁰
609 503 813 559 milites
855 503 1221 573 habebantur,
1255 511 1389 575 quot
1429 504 1683 559 homines
1712 503 1982 578 cujusque

364 594 589 669 generis
622 600 809 649 nostro
834 600 1086 664 tempore
1117 592 1492 648 continentur.

509 687 562 741 9.
597 688 673 741 De
694 688 894 740 virtute
918 690 968 739 et
1001 686 1279 740 nobilitate
1302 686 1536 743 Gtariosi
1555 687 1837 742 Bolezlavi.

436 778 564 834 Haec
602 785 719 833 erat
749 776 1018 834 Bolezlavi
1048 777 1194 850 regis
1225 777 1294 812 ²⁹⁰
1338 779 1747 850 magniﬁcentia
1776 778 1981 833 milita-

367 872 463 938 ris,
496 886 601 926 nec
629 868 859 924 inferior
889 868 940 923 ei
973 874 1089 924 erat
1126 868 1297 924 virtus
1325 869 1659 926 obedientiaa
1683 870 1984 942 spiritualis

364 963 454 997 ²⁹¹ο
490 962 792 1035 Episcopos
846 961 1052 1033 quippe
1110 977 1350 1033 suosque
1373 962 1691 1033 capellanos
1746 963 1801 1017 in
1834 970 1983 1018 tanta

366 1053 726 1110 veneratione
779 1052 1077 1119 retinebat,
1121 1052 1269 1124 quod
1309 1053 1390 1107 eis
1441 1054 1753 1109 astantibus
1781 1055 1978 1110 sedere

367 1163 477 1203 non
508 1145 901 1219 praesumebat,
929 1162 1035 1201 nec
1071 1161 1166 1201 eos
1195 1145 1357 1201 aliter
1387 1162 1549 1217 quam
1582 1146 1838 1203 dominos
1877 1163 1979 1219 ap-

369 1235 605 1307 pelabat,
632 1236 801 1290 Deum
839 1249 971 1290 vero
996 1250 1209 1289 summa
1232 1234 1437 1306 pietate
1465 1235 1705 1303 colebat,
1731 1244 1976 1291 sanctam

366 1327 655 1382 ecclesiam
684 1326 976 1393 exaltabat,
1010 1342 1243 1397 eamque
1295 1326 1457 1381 donis
1506 1328 1785 1401 regalibus
1813 1329 1976 1385 ador-

367 1415 534 1473 nabat
552 1415 641 1470 ³9³.
676 1414 922 1469 Habebat
950 1413 1115 1469 etiam
1148 1420 1413 1485 praeterea
1436 1414 1712 1486 quiddam
1748 1415 1978 1484 justitiaa

369 1522 627 1579 magnum
677 1512 733 1561 et
791 1505 1117 1561 humilitatis
1169 1505 1409 1577 insigne,
1469 1506 1618 1577 quod
1670 1507 1716 1561 si
1755 1508 1978 1579 quando

366 1600 604 1660 rusticus
635 1615 844 1671 pauper
881 1599 969 1654 vel
1000 1599 1322 1656 muliercula
1362 1601 1624 1673 quislibet
1664 1602 1733 1658 de
1779 1603 1976 1674 quovis

365 1688 504 1743 duce
534 1688 796 1743 videlicet
847 1688 916 1722 ’93
955 1687 1041 1743 vel
1091 1689 1291 1744 comite
1332 1697 1679 1761 quereretur,
1724 1692 1975 1763 quamvis

366 1784 511 1833 esset
560 1777 773 1851 magnis
812 1777 1048 1851 negotiis
1086 1784 1409 1849 occupatus,
1450 1779 1751 1852 multisque
1782 1783 1975 1839 cuneis

366 1878 421 1926 et
449 1876 763 1946 magnatum
797 1878 855 1924 ct
882 1869 968 1946 ’”‘_
1000 1868 1237 1925 militum
1277 1872 1639 1942 constipatus,
1678 1887 1791 1927 non
1824 1871 1975 1942 prius

362 1981 422 2020 se
453 1964 673 2020 deloco
703 1944 1008 2019 dimoverat
1036 1964 1125 2028 ’95,
1175 1963 1359 2020 donec
1406 1981 1625 2020 causam
1667 1982 1732 2021 ex
1778 1966 1973 2021 ordine

363 2053 755 2125 conquerentis
801 2053 1153 2121 auscultaret,
1204 2064 1258 2109 et
1286 2070 1383 2125 pro
1433 2054 1525 2111 illo
1579 2056 1648 2111 de
1688 2072 1796 2128 quo
1837 2072 1976 2128 que-

363 2144 583 2198 rebatur
633 2143 996 2197 camerarium
1054 2143 1525 2210 transmandaret;
1569 2144 1788 2199 interim
1845 2160 1973 2200 vero

363 2236 543 2308 ipsum
566 2241 996 2307 conquerentem
1029 2235 1189 2290 alicui
1220 2234 1371 2289 ﬁdeli
1401 2251 1502 2291 suo
1528 2235 1972 2305 commendabat,

361 2326 455 2398 qui
487 2341 612 2381 eum
646 2330 965 2396 procuraret
1011 2324 1235 2396 sibique
1275 2340 1492 2380 causam
1533 2325 1847 2383 adversario
1878 2327 1977 2381 ad-

361 2416 620 2472 veniente
651 2419 994 2489 suggereret,
1026 2419 1081 2468 et
1118 2413 1198 2468 sic
1229 2414 1492 2469 rusticum
1529 2414 1686 2486 quasi
1718 2423 1874 2486 pater
1904 2415 1972 2470 ti-

362 2509 494 2564 lium
527 2508 881 2575 admonebat,
913 2523 983 2562 ne
1009 2507 1296 2562 absentem
1327 2508 1446 2563 sine
1477 2524 1644 2563 causa
1665 2516 1968 2576 accusaret,

361 2607 416 2656 et
448 2616 517 2655 ne
549 2599 750 2668 injuste
781 2600 1175 2671 conquerenda
1208 2599 1340 2654 iram
1374 2616 1536 2672 quam
1577 2600 1733 2656 alteri
1763 2601 1971 2657 conﬂa-

363 2694 455 2749 bat
483 2692 708 2748 sibimet
737 2692 841 2762 ipsi
872 2690 1198 2748 cumularet.
1247 2691 1356 2748 Nec
1385 2702 1671 2748 accusatus
1708 2693 1971 2750 citissime

359 2789 588 2841 vocatus
618 2782 807 2838 venire
829 2779 1139 2848 differebat,
1170 2796 1275 2835 nec
1306 2780 1451 2836 diem
1485 2797 1515 2835 a
1547 2796 1675 2855 rege
1706 2780 1976 2837 constitu-

362 2885 473 2931 tum
492 2874 736 2948 qualibet
765 2874 1054 2930 occasione
1086 2872 1421 2944 praeteribat.
1472 2872 1811 2928 Adveniente
1841 2888 1972 2929 vero

360 2964 634 3036 principe,
667 2979 765 3035 pro
786 2979 897 3035 quo
914 2962 1142 3017 missum
1169 2961 1367 3029 fuerat,
1400 2978 1511 3018 non
1542 2978 1602 3017 se
1626 2962 1705 3017 illi
1730 2962 1971 3035 maligne
1995 3004 2045 3073 Ο

360 3056 426 3073 In:
473 3057 794 3073 ,Α-..-,.ι....⁸
834 3050 1153 3073 --.-...ι-1.-ι
1224 3051 1316 3073 --.Ι
1374 3052 1533 3073 _I_-_!
1583 3069 1695 3073 Au...
1741 3061 1785 3073 -n
1844 3051 1932 3073 Ann

356 3056 428 3089 ’9‘
464 3057 799 3110 commotum
829 3050 1175 3117 ostendebat,
1222 3051 1319 3106 sed
1371 3052 1537 3107 alacri
1577 3069 1701 3108 eum
1735 3061 1790 3110 et
1837 3051 1972 3109 aifa-

358 3148 459 3204 bili
483 3147 635 3206 vultu
667 3146 965 3219 recipiens,
992 3147 1063 3202 ad
1095 3162 1340 3202 mensam
1376 3147 1663 3215 invitabat,
1692 3166 1875 3222 neque
1906 3166 1972 3205 ea

353 3237 472 3305 die,
523 3236 623 3293 sed
673 3236 930 3308 sequenti
988 3236 1073 3292 vel
1129 3236 1286 3292 tertia
1343 3252 1562 3292 causam
1619 3237 1969 3295 discutiebat.

351 3330 552 3404 Sicque
591 3329 888 3401 diligenter
924 3345 1036 3384 rem
1092 3330 1352 3402 pauperis
1399 3336 1458 3385 ut
1509 3331 1745 3403 alicujus
1785 3336 1968 3408 magni

355 3422 624 3495 principis
678 3422 1047 3494 pertractabat
1098 3423 1186 3477 ’97.
1230 3423 1268 3478 Ο
1298 3439 1498 3496 magna
1548 3424 1804 3482 discretio
1854 3444 1969 3483 ma-

351 3528 570 3584 gnaque
602 3510 869 3583 perfectio
900 3512 1172 3568 Bolezlavi
1198 3511 1211 3567 Ξ
1245 3514 1337 3584 qui
1362 3528 1656 3583 personam
1681 3514 1735 3569 in
1755 3516 1968 3585 judicio

353 3624 462 3665 non
493 3607 767 3674 servabat,
799 3607 909 3679 'qui
943 3607 1208 3679 pepulum
1250 3615 1399 3663 tanta
1446 3607 1657 3676 justitia
1686 3609 1967 3683 guberna-

351 3698 464 3765 bat,
489 3696 584 3769 qui
608 3697 873 3752 honorem
904 3695 1155 3750 ecclesiaa
1173 3711 1237 3750 ac
1265 3702 1463 3750 statum
1496 3706 1653 3752 terra:
1677 3698 1732 3753 in
1751 3715 1967 3755 summo

347 3788 588 3844 culmine
622 3786 895 3842 retinebat
947 3786 1163 3842 Justitia
1194 3786 1452 3842 nimirum
1501 3790 1569 3824 ³9⁸
1610 3800 1665 3845 et
1704 3790 1967 3863 mquitate

346 3877 416 3910 39°
444 3875 511 3929 ad
542 3876 685 3929 hanc
711 3873 1029 3929 Bolezlavus
1058 3874 1288 3945 gloriam
1321 3883 1376 3930 et
1407 3876 1737 3950 dignitatem
1767 3896 1968 3936 ascen-
1998 3920 2007 3927 .

348 3964 450 4031 dit,
483 3962 686 4036 quibus
714 3962 1009 4017 virtutibus
1039 3962 1195 4018 initio
1236 3964 1482 4033 potentia
1512 3965 1884 4023 Romanorum
1912 3979 1966 4024 et

349 4052 642 4126 imperium
693 4051 954 4108 excrevit.
1011 4052 1181 4108 Tanta
1233 4053 1457 4121 virtute,
1515 4061 1661 4111 tanta
1719 4059 1966 4129 potentia

348 4149 608 4215 tantaque
642 4140 871 4197 victoria
902 4156 1082 4214 regem
1121 4140 1464 4197 Bolezlavum
1509 4143 1655 4199 Deus
1695 4147 1962 4219 omnipo-

348 4244 471 4292 tens
500 4233 800 4299 decoravit,
833 4242 1092 4306 quantam
1120 4232 1242 4303 ejus
1268 4234 1569 4292 bonitatem
1611 4244 1666 4293 et
1690 4239 1961 4307 justitiam

2084 412 2323 469 rebatur.

2267 508 2348 563 lO.
2381 507 2451 541 ³⁰⁰
2478 510 2552 562 De
2592 508 2786 577 pratia
2824 507 3063 562 Baleztai
3086 522 3207 562 cum
3234 508 3514 564 Ruthenis.

2152 596 2259 653 Sed
2297 596 2399 651 ista
2457 595 2752 652 memorari
2806 594 3171 667 subsequenti
3227 596 3428 669 pagina
3473 596 3750 653 differa-

2083 706 2225 756 mus,
2275 699 2331 745 et
2360 689 2639 761 quoddam
2676 689 2797 760 ejus
2834 688 3080 760 praelium
3121 688 3364 745 novitate
3396 689 3527 746 facti
3583 693 3753 745 satis

2083 777 2443 834 memorabile
2490 776 2557 811 ³⁰¹
2590 775 2914 842 referamus,
2946 792 3012 831 ex
3051 776 3212 846 cujus
3241 776 3322 832 rei
3377 779 3747 835 considera-

2084 865 2236 922 tione
2289 865 2654 920 humilitatem
2712 863 2993 936 superbiae
3038 864 3416 936 praeferamus.
3464 865 3745 944 Contigit

2082 961 2152 996 ³⁰²
2184 976 2422 1033 namque
2449 975 2562 1016 uno
2592 959 2905 1032 eodemque
2936 966 3185 1032 tempore
3218 961 3573 1018 Bolezlavum
3623 980 3737 1018 re-

2081 1068 2205 1124 gem
2233 1052 2473 1120 Rusiam,
2501 1051 2884 1106 Ruthenornm
2911 1066 3042 1108 vero
3087 1067 3273 1126 regem
3302 1052 3373 1087 ³⁰⁵
3393 1052 3735 1121 Poloniam,

2080 1151 2314 1215 utroque
2345 1143 2414 1197 de
2445 1142 2619 1197 altero
2650 1141 2718 1176 3“
2752 1142 3061 1210 nesciente,
3113 1142 3393 1199 hostiliter
3419 1143 3732 1211 introisse,

2081 1246 2290 1303 eosque
2330 1247 2498 1303 super
2525 1229 2753 1284 ﬂuvium
2808 1229 3043 1286 alterum
3084 1230 3141 1285 in
3200 1231 3431 1287 alterius
3465 1234 3729 1289 termino

2081 1325 2345 1400 regionis,
2366 1325 2693 1395 interposito
2718 1322 2966 1389 ﬂumine,
2982 1332 3163 1381 castra
3184 1325 3397 1382 militia:
3419 1329 3727 1398 posuisse.

2081 1416 2326 1488 Cumque
2356 1417 2672 1473 nunciatum
2706 1425 2852 1474 esset
2905 1417 3286 1474 Ruthenorum
3337 1420 3476 1493 regi,
3510 1422 3725 1478 Bolez-

2081 1506 2258 1561 lavum
2308 1506 2451 1563 ultra
2493 1507 2607 1576 jam
2680 1507 2907 1563 ﬂuvium
2977 1507 3337 1575 transivisse,
3392 1509 3566 1583 inque
3624 1513 3726 1566 sui

2080 1595 2234 1668 regni
2275 1594 2520 1653 conﬁnio
2576 1596 2645 1632 ³⁰⁵
2674 1612 2797 1652 cum
2839 1598 3085 1653 exercitu
3136 1598 3480 1669 consedisse,
3511 1601 3725 1657 existi-

2078 1703 2235 1742 mans
2266 1704 2362 1743 rex
2403 1687 2643 1743 insulsus
2687 1704 2746 1744 se
2797 1689 2956 1761 quasi
3008 1688 3178 1744 feram
3237 1690 3309 1724 30°
3353 1691 3410 1746 in
3449 1692 3724 1749 rethibus

2075 1795 2199 1833 cum
2245 1795 2346 1843 sua
2410 1779 2763 1835 multitudine
2822 1780 3182 1848 conclusisse,
3244 1784 3602 1852 proverbium
3654 1787 3715 1841 ei

2075 1886 2288 1945 magna;
2317 1870 2593 1942 superbia:
2631 1870 2799 1942 capiti
2850 1887 2951 1927 suo
3008 1874 3444 1945 retorquendam
3484 1875 3709 1933 dicitur

2076 1963 2468 2018 mandavisse:
2501 1966 2721 2021 Noverit
2758 1980 2814 2019 se
2850 1965 3132 2020 Boteztaus
3167 1970 3432 2036 tanquam
3459 1983 3611 2024 suem
3640 1972 3709 2024 in

2074 2055 2356 2110 volutabra
2379 2056 2607 2111 canibus
2634 2057 2769 2111 meis
2806 2060 2854 2110 et
2878 2056 3226 2112 venatoribus
3255 2059 3707 2116 circumclusum.

2073 2147 2152 2205 Ad
2209 2149 2328 2203 haec
2368 2164 2459 2203 rex
2517 2147 2813 2204 Polonicus
2850 2148 2918 2183 30"
2982 2148 3356 2204 remandavit:
3407 2153 3570 2219 Bene,
3614 2151 3712 2206 in-

2075 2239 2194 2311 quit
2223 2238 2315 2305 ³⁰⁸,
2378 2253 2530 2294 suem
2559 2240 2619 2293 in
2646 2238 2933 2293 volutabra
2964 2240 3280 2304 nominasti,
3312 2241 3445 2309 quia
3481 2242 3544 2295 in
3571 2257 3716 2296 san-

2073 2332 2234 2399 guine
2257 2329 2326 2363 30°
2338 2330 2612 2384 venatoris
2642 2344 2942 2399 canumque
2973 2329 3294 2396 310tuarum,
3314 2329 3376 2383 id
3402 2334 3479 2385 est
3502 2331 3711 2386 ducum

2073 2423 2122 2474 et
2151 2419 2388 2473 militum
2444 2417 2536 2486 3“,
2558 2418 2723 2489 pedes
2773 2432 3034 2488 equarum
3072 2433 3306 2473 meorum
3333 2419 3596 2488 inﬁciam,
3655 2427 3710 2476 et

2072 2516 2270 2567 terram
2299 2515 2452 2565 tuam
2475 2513 2525 2565 et
2553 2510 2802 2565 civitates
2846 2525 2943 2564 ceu
2987 2509 3057 2544 ³¹²
3085 2511 3235 2577 ferus
3280 2511 3581 2579 singularis
3632 2512 3707 2546 διε

2071 2604 2360 2673 depascam
2410 2600 2521 2656 iliis
2574 2601 2758 2656 verbis
2800 2600 2869 2635 3“
2900 2600 3183 2674 utrimque
3223 2602 3576 2669 renuntiatis,
3607 2602 3704 2658 die

2074 2694 2332 2768 sequenti
2364 2694 2747 2766 sollempnitas
2776 2693 3124 2762 imminebat,
3157 2710 3322 2767 quam
3376 2696 3445 2730 ³η
3472 2712 3568 2751 rex
3595 2696 3704 2752 Bo-

2075 2786 2316 2842 lezlavus
2345 2784 2725 2841 celebraturus
2755 2784 2846 2852 3“,
2880 2783 2936 2838 in
2976 2784 3125 2840 diem
3159 2792 3370 2840 certum
3397 2784 3464 2819 3"
3486 2784 3695 2840 bellum

2076 2878 2419 2935 committere
2457 2876 2766 2933 diﬂerebat.
2802 2876 2875 2932 Bo
2918 2891 3158 2949 namque
3188 2875 3281 2932 die
3318 2876 3581 2932 animalia
3612 2876 3696 2932 in-

2073 2969 2442 3025 numerabilia
2498 2968 2906 3035 mactabantur,
2938 2984 3064 3040 qua:
3104 2967 3361 3039 sequenti
3392 2967 3702 3039 solempni-

2072 3071 2183 3119 tate
2204 3063 2273 3116 ad
2310 3076 2558 3117 mensam
2600 3060 2768 3134 regis,
2798 3077 2923 3116 cum
2946 3060 3209 3116 omnibus
3235 3059 3318 3115 sui
3351 3060 3699 3131 principibus

2072 3150 2381 3207 comessuri
2429 3150 2522 3218 ³⁸³,
2587 3165 2739 3205 more
2793 3149 2960 3206 solito
3018 3148 3376 3221 parabantur.
3431 3148 3702 3204 Omnibus

2073 3241 2256 3313 itaque
2286 3239 2457 3305 cocis,
2491 3237 2803 3311 inquilinis,
2855 3237 3267 3309 apparitoribus
3314 3238 3405 3305 31°,
3434 3238 3692 3310 parasitis

2072 3339 2347 3385 exercitus
2386 3327 2454 3383 ad
2508 3325 2831 3381 animalium
2889 3342 3085 3382 carnes
3135 3334 3192 3382 et
3238 3335 3363 3383 exta
3410 3328 3697 3401 purganda

2070 3433 2240 3489 snper
2268 3417 2441 3488 ripam
2475 3414 2722 3470 ﬂuminis
2743 3414 3112 3489 congregatis,
3138 3431 3204 3470 ex
3234 3415 3407 3471 altera
3434 3415 3553 3487 ripa
3587 3416 3698 3471 Ru-

2071 3513 2359 3568 tbenorum
2395 3509 2631 3566 clientes
2674 3517 2729 3564 et
2758 3508 3015 3582 armigeri
3048 3510 3306 3565 clamosis
3343 3510 3571 3566 vocibus
3605 3511 3693 3566 in-

2068 3603 2366 3671 sultabant,
2401 3617 2611 3674 eosque
2640 3601 2922 3673 probrosis
2969 3601 3195 3671 injuriis
3231 3602 3300 3657 ad
3350 3602 3692 3659 iracundiam

2068 3699 2437 3755 lacessebant.
2475 3696 2557 3752 Illi
2589 3712 2720 3753 vero
2750 3696 2920 3751 nichil
2977 3696 3195 3766 injuriae
3245 3713 3275 3753 c
3300 3698 3575 3754 contrario
3603 3714 3693 3755 re-

2067 3789 2421 3862 spondebant
2445 3788 2542 3844 sed
2575 3787 2962 3843 intestinorum
2992 3789 3186 3844 sordes
3224 3797 3280 3843 et
3308 3788 3529 3855 inutilia
3555 3805 3691 3846 cono

2068 3891 2151 3940 tra
2181 3900 2373 3939 eorum
2410 3883 2603 3939 oculos
2634 3897 2732 3953 pro
2768 3881 2972 3951 injuria
2999 3882 3281 3952 jaciebant
3310 3881 3402 3935 δίο.
3446 3882 3687 3956 Cumque

2069 3978 2309 4034 Rutheni
2339 3977 2513 4050 magis
2539 3992 2637 4032 eos
2666 3975 2956 4050 magisque
2986 3977 3345 4033 contumeliis
3370 3977 3686 4043 incitarent,

2067 4080 2123 4127 et
2151 4070 2342 4145 sagitis
2371 4069 2536 4125 etiam
2574 4068 2756 4124 acrius
2784 4067 3134 4135 infestarent,
3177 4069 3411 4125 canibus
3451 4069 3519 4103 ⁸³⁸
3551 4086 3688 4142 quos

2064 4160 2134 4194 ³³³
2166 4159 2429 4214 tenebant
2470 4156 2775 4228 avibusque
2803 4156 3025 4212 omissis
3062 4157 3152 4219 ³³³,
3185 4173 3310 4212 cum
3337 4156 3507 4212 armis
3550 4158 3689 4213 mili-

2068 4259 2182 4304 tum
2211 4248 2265 4302 in
2296 4246 2607 4302 meridiana
2633 4245 2704 4279 33‘
2735 4245 2841 4317 (79)
2882 4245 3278 4300 dormientium
3310 4244 3479 4302 ﬂuvio
3508 4254 3685 4301 trans-

347 4348 479 4407 erga
506 4346 565 4385 se
612 4329 792 4402 ipsum
834 4335 888 4384 et
928 4329 1185 4385 homines
1219 4331 1557 4405 recognovit,
1596 4343 1743 4389 tanta
1790 4336 1965 4408 gloria
1992 4309 2274 4403 Dnatato,
2309 4337 2581 4394 Bolezlavi
2615 4309 2979 4409 parasitorum
3021 4337 3297 4393 exercitus
3358 4335 3468 4407 (80)
3521 4354 3688 4409 super

348 4422 718 4491 Bolezlavum,
758 4428 905 4478 tanta
937 4438 1118 4477 rerum
1150 4421 1309 4494 copia
1354 4429 1615 4497 tantaque
1655 4424 1844 4482 lastitia
1873 4444 1964 4483 se-

2068 4437 2216 4485 tanta
2253 4428 2629 4483 Ruthenorum
2660 4423 3015 4481 multitudine
3041 4424 3418 4496 triumphavit.
3446 4425 3684 4482 Bolezla-

1690 4534 1766 4589 νΑ
1778 4536 1908 4591 Rl/E
1944 4537 2218 4593 LECTION
2229 4537 2303 4591 ES

421 4637 488 4671 πεῖ
514 4635 753 4690 habebat
773 4642 891 4691 erat
919 4639 1200 4706 scriptum.
1233 4636 1286 4690 2.
1312 4639 1403 4691 sed
1435 4640 1691 4693 ultimum
1721 4637 1756 4692 b
1796 4648 2059 4697 corrector
2099 4642 2308 4697 notavit
2339 4646 2470 4709 tanq

421 4714 722 4767 imponunt
769 4710 830 4761 in
882 4707 917 4761 f.
992 4708 1005 4761 i
1089 4708 1144 4762 P.
1211 4707 1264 4761 2.
1317 4715 1369 4763 et
1400 4707 1452 4763 3.
1562 4710 1631 4743 ’90
1658 4712 1798 4765 deest
1837 4710 1890 4767 3.
2003 4713 2066 4746 ²⁹¹
2100 4713 2238 4767 suat.
2291 4710 2343 4767 3.
2454 4712 2470 4743 ⁵

2100 4729 2238 4794 διημ-
2291 4729 2343 4794 οξ-

352 4714 722 4770 ιναηδροηαηι
769 4710 830 4761 in
882 4707 917 4761 f.
992 4708 1005 4761 i
1089 4708 1144 4762 P.
1211 4707 1264 4761 2.
1317 4715 1369 4763 et
1400 4707 1452 4763 3.
1562 4710 1631 4743 ’90
1658 4712 1798 4765 deest
1837 4710 1890 4767 3.

2473 4654 2603 4693 uam
2631 4618 2933 4692 erraticum.
3007 4635 3075 4669 ’⁸⁸
3100 4635 3256 4704 juxta
3278 4635 3330 4690 3.
3389 4634 3458 4670 ’⁸ο
3483 4635 3516 4689 i.
3549 4635 3601 4690 P.
3644 4635 3678 4691 f.

2454 4705 2523 4743 5'”
2549 4708 2813 4764 adorabat
2850 4711 2898 4762 l.
3015 4705 3086 4740 ²⁹³
3102 4706 3243 4762 deest
3290 4707 3343 4761 3.
3452 4706 3521 4741 ²⁹⁴
3550 4708 3679 4763 deest

348 4785 406 4841 2,
483 4778 552 4813 ³9⁵
575 4778 991 4853 demovebat3.
1057 4778 1395 4853 "’frnaligna
1426 4780 1477 4833 1.
1510 4781 1562 4835 2.
1638 4782 1704 4815 ’97
1737 4782 1838 4836 hec
1884 4791 1967 4837 est
2009 4778 2232 4850 justicia
2261 4789 2316 4837 et
2342 4780 2558 4853 equitas
2610 4778 2840 4853 Boleslai
2872 4779 3021 4853 addit
3044 4779 3145 4853 bac
3170 4779 3279 4853 loco
3307 4778 3358 4833 3.
3404 4779 3677 4853 omittenda

347 4859 555 4922 reliqua
588 4851 751 4919 hujus
789 4852 1033 4919 capituli.
1106 4850 1175 4923 398
1206 4847 1526 4923 ita'videtur
1568 4854 1851 4922 legendum
1880 4871 1974 4923 pro
2000 4847 2054 4909 in
2088 4856 2309 4909 mirum.
2374 4847 2443 4887 ²δ⁰
2476 4857 2554 4907 Ea:
2586 4850 2759 4923 verbis
2784 4849 3012 4923 iusticia
3042 4847 3096 4902 in
3127 4848 3328 4923 mirum
3362 4859 3417 4903 et
3446 4849 3673 4923 equitate

343 4920 525 4997 effecit
562 4927 824 4997 corrector
847 4923 1042 4997 additis
1087 4922 1292 4997 duobus
1326 4925 1499 4979 verbis
1528 4920 1976 4996 superpOsitz'siIue
2005 4928 2161 4982 lineis
2189 4926 2326 4981 duas
2351 4925 2615 4997 periodos:
2669 4921 2963 4997 Justiciam
2988 4920 3043 4974 in
3068 4920 3313 4997 __mirum_
3353 4921 3592 4997 mo_du_m_
3617 4927 3672 4975 et

348 4990 650 5071 equitatem
694 4992 959 5067 diligebat
1001 4992 1053 5046 2.
1132 4991 1347 5047 3°°ltcm
1401 4990 1729 5065 primaint—3
1829 4990 2193 5067 8m'quoddam
2241 4990 2423 5051 autem
2478 4994 2683 5049 factum
2736 4992 3001 5047 memoria
3049 4990 3276 5066 dignum
3277 5007 3401 5096 5’pra
3431 4991 3539 5047 Sed
3581 4991 3671 5047 ista

426 5064 789 5096 mnmnnnh;ln
839 5063 870 5096 εὶ
975 5062 1044 5096 302
1072 5063 1339 5096 ιωηιῖηηςο
1379 5065 1410 5096 ε)
1510 5067 1580 5096 sua
1611 5070 1747 5096 ,μηδ
1797 5067 1830 5096 ⁸)
1924 5069 1994 5096 3m
2020 5069 2124 5096 ..ιςη
2159 5070 2189 5096 0
2282 5068 2350 5096 305
2381 5064 2620 5096 ηηηιξηςη
2660 5066 2690 5096 ’τι
2781 5063 2852 5096 306
2881 5062 3105 5096 nomium
3136 5062 3168 5096 Ω
3326 5062 3344 5095 ’1
3378 5061 3595 5096 Βηιηηῖο
3622 5061 3651 5096 Q

352 5062 891 5125 -—‘memorabile'3.
975 5062 1044 5098 ³⁰²
1071 5063 1345 5136 contingit
1379 5062 1432 5121 ἱ.
1510 5062 1580 5101 303
1607 5070 1747 5123 deest
1797 5067 1848 5122 3.
1924 5062 1994 5102 τίοι
2018 5069 2125 5124 alio
2157 5070 2209 5125 3.
2282 5068 2350 5100 ³⁰⁵
2378 5064 2620 5122 conﬁnie
2658 5066 2711 5119 3.
2781 5063 2852 5097 ³⁰⁶

352 5142 649 5194 meinduam
670 5138 721 5191 1.
748 5135 933 5194 ina.3.
1016 5135 1084 5170 30°
1114 5137 1441 5194 Sanguinem
1469 5137 1530 5191 2.
1640 5139 1709 5173 ³¹⁰
1733 5155 1928 5194 canum
1953 5145 2007 5194 et
2031 5148 2353 5194 venatorum
2382 5152 2478 5194 m'o
2501 5153 2552 5191 ν.
2585 5152 2633 5193 c.
2666 5136 2717 5190 3.
2821 5134 2852 5168 ⁸ί

1733 5155 1928 5194 canum
1953 5148 2007 5194 et
2031 5148 2353 5196 venatorum

344 5142 649 5210 308inquam
670 5138 721 5210 1.
748 5135 933 5210 inq.3‘.
1015 5135 1084 5210 ξὀο
1114 5137 1450 5210 sanguinem
1469 5137 1530 5191 2.

342 5214 468 5268 davi
507 5207 646 5265 cum
691 5208 742 5262 1.
798 5209 852 5262 2.
901 5208 953 5263 3.
1014 5207 1067 5262 P.

346 5284 492 5355 quod
510 5295 635 5355 pro.
667 5296 710 5334 s.
739 5279 791 5355 Ai.
818 5282 957 5355 q.A3.

342 5349 395 5407 3.
476 5349 545 5388 διδ
563 5349 850 5423 apparitor
884 5351 935 5423 2.
1037 5349 1107 5383 33°
1135 5349 1505 5420 projiciebant
1541 5369 1638 5422 pro
1671 5370 1724 5423 p.
1768 5352 1804 5408 i.
1858 5353 1893 5407 i.
1929 5354 1983 5408 3.

340 5422 810 5549 doletqlomgibus.
914 5422 984 5456 3"
1015 5425 1093 5477 ita
1118 5425 1357 5489 correxi;
1390 5438 1497 5494 quc
1534 5422 1681 5481 codd.
1712 5431 1764 5481 et
1807 5426 1922 5481 edd.
1958 5425 2012 5479 P.

346 5512 482 5549 men
530 5509 580 5548 re
654 5532 667 5546 .

346 5509 580 5550 meridie
614 5509 667 5547 ὅ.

1156 5206 1375 5282 8“{t‘eris
1409 5208 1786 5282 singularibus
1829 5226 1929 5280 pro
1978 5210 2013 5266 f.
2045 5227 2090 5266 s.
2124 5212 2157 5265 3

1053 5279 1123 5313 ³⁸⁸
1153 5277 1595 5335 celebraturis'2.
1682 5282 1749 5316 3”
1772 5277 1993 5337 tertium
2021 5282 2073 5339 3.
2111 5282 2166 5337 in
2207 5281 2355 5336 diem
2396 5286 2606 5335 certum
2637 5281 2716 5334 bis
2746 5280 2938 5347 repetit
2962 5277 2997 5330 2

2881 5061 3186 5135 predam'3.
3277 5061 3344 5135 Ψ
3376 5061 3595 5118 Polonie
3620 5061 3669 5119 3.

2821 5134 2887 5168 3“
2923 5143 3137 5190 tuorum
3161 5135 3215 5189 3.
3302 5134 3373 5167 ³¹²
3399 5137 3479 5189 ita
3508 5150 3672 5189 emen-

2991 5205 3061 5241 ³¹⁸
3087 5205 3336 5260 solemne
3363 5204 3669 5261 imminebat

3109 5276 3194 5311 3‘"
3213 5291 3313 5348 pro
3343 5276 3669 5332 comestionc

2067 5354 2130 5388 ³²¹
2156 5352 2417 5409 omnibus
2446 5352 2500 5405 2.
2536 5351 2769 5407 canibus
2797 5351 3012 5419 scripsit
3038 5354 3303 5404 corrector
3328 5350 3387 5402 in
3410 5351 3664 5419 margine,

2132 5426 2202 5459 ³²³
2228 5428 2305 5480 ita
2325 5424 2762 5488 emendavimus;
2794 5419 3106 5476 commissis
3130 5420 3275 5475 aadd.
3306 5426 3363 5474 et
3381 5421 3489 5475 edd.
3515 5418 3574 5474 P.
3609 5419 3670 5454 3“

2381 5152 2478 5208 pro
2501 5153 2552 5191 ν.
2585 5152 2633 5193 c.
2666 5136 2717 5190 3.

2266 5210 2334 5243 3“
2363 5207 2509 5264 veris
2538 5224 2649 5264 non
2672 5212 2813 5263 recte
2844 5207 2889 5261 l.

1906 5567 2117 5623 ΝΟΤΑΞ.

417 5662 530 5734 (79)
560 5659 782 5717 Scilicet
811 5661 1053 5734 horaJ’.

2141 5665 2247 5738 (80)
2276 5667 2313 5723 l.
2342 5682 2392 5722 c.
2429 5665 2605 5737 pueri,
2630 5665 2959 5721 servientes.
2996 5661 3055 5719 P.
