3930 6052
245 292 348 346 857

1661 288 1851 342 LIBER
1894 286 2160 342 PRIMUS.

3479 296 3586 352 858

241 428 341 468 vus
390 411 575 481 itaque
609 426 699 464 rex
751 417 806 465 et
837 411 1109 467 exercitus
1142 417 1287 466 totus
1317 411 1558 466 clamore
1591 410 1753 465 simul
1805 418 1859 466 et
1883 417 1933 484 Α
1961 409 2211 464 sionibus
2262 423 2432 464 cornu
2482 408 2604 477 ejus
2654 409 2710 462 in
2764 408 2944 480 gloria
2982 410 3255 466 Dominus
3313 413 3585 468 exaltabat

240 499 472 570 strepitu
519 514 790 554 armorum
837 499 1104 554 excitatus
1131 499 1220 566 ³³⁵,
1276 499 1538 570 quidnam
1571 498 1678 554 hoc
1716 508 1861 556 esset

241 589 608 654 sciscitantes;
650 588 870 662 cognita
902 588 978 644 rei
1011 605 1198 655 causa,
1231 587 1372 643 facta
1398 589 1468 622 ³³⁸
1495 604 1560 642 ex
1594 587 1864 645 industria

246 681 564 736 dubitantes
594 681 685 747 ³³⁷,
715 697 834 735 cum
867 680 1134 735 ordinatis
1157 678 1382 735 aciebus
1409 679 1463 734 in
1495 681 1678 736 hostes
1700 683 1864 737 undi-

248 791 356 846 que
387 774 661 847 fugientes
685 774 996 838 irruerunt;
1029 773 1221 846 sicque
1249 773 1474 845 parasiti
1501 789 1604 827 nec
1630 773 1860 848 gloriam

249 866 494 922 victoria
524 866 648 929 soli,
692 881 792 920 nec
827 867 1159 940 sanguinum
1191 868 1259 901 ³³³
1290 883 1485 922 noxam
1517 867 1618 920 soli
1661 866 1868 921 habue-

243 964 369 1010 runt
421 955 588 1010 Tanta
630 970 758 1010 vero
800 954 904 1010 fuit
943 955 1017 1009 ibi
1050 956 1285 1010 militum
1320 955 1524 1010 ﬂumen
1568 963 1862 1010 transeun-

242 1050 375 1104 tium
439 1049 734 1105 multitudo
773 1050 863 1116 3’9,
897 1049 1044 1120 quod
1100 1065 1212 1104 non
1272 1066 1415 1121 aqua
1463 1049 1754 1105 videbatur
1791 1050 1859 1104 ab

241 1141 613 1208 inferioribus,
671 1141 768 1195 sed
821 1141 1071 1212 quaedam
1131 1141 1344 1196 itineris
1400 1141 1696 1196 siccitudo.
1751 1141 1862 1197 Hoc

241 1238 424 1300 autem
465 1230 737 1285 tantillum
766 1231 972 1284 dixisse
1003 1230 1073 1284 de
1095 1229 1255 1285 bellis
1276 1230 1398 1300 ejus
1424 1229 1680 1294 sufficiat,
1714 1247 1858 1302 qua-

242 1333 405 1378 tenus
443 1325 564 1391 ejus
613 1323 737 1377 vitae
785 1322 1092 1377 recordatio
1144 1321 1213 1376 ab
1268 1322 1613 1377 auditoribus
1651 1322 1860 1378 imitata

244 1414 495 1487 proficiat
515 1416 604 1468 ³³³.

314 1533 399 1586 ll.
436 1538 508 1587 De
535 1533 872 1601 dispositione
899 1533 1246 1586 ecclesiarum
1287 1531 1352 1565 ³⁸¹
1393 1535 1452 1586 in
1481 1532 1700 1586 Polonia
1737 1538 1790 1586 et

795 1606 996 1658 virtute
1018 1604 1297 1657 Bolezlavi.

312 1698 488 1774 Igitur
528 1714 620 1753 rex
661 1697 943 1752 Bolezlaus
982 1697 1051 1730 ³³³
1090 1712 1219 1768 erga
1261 1696 1506 1752 divinum
1539 1695 1746 1751 cultum
1787 1696 1856 1731 ³³³

1962 501 2134 572 (Psal.
2158 519 2413 568 Lxxxvm,
2444 500 2560 566 25),
2589 506 2644 555 et
2675 501 2730 555 in
2770 502 2985 556 cunctis
3009 519 3230 574 semper
3260 504 3407 560 bene
3439 523 3582 562 δειπ-

1965 606 2173 664 perque
2228 606 2493 662 prospere
2573 590 2931 661 procedebat.
2994 592 3057 646 Et
3114 609 3238 648 eum
3297 594 3380 650 sic
3438 605 3584 650 esset

1965 681 2282 736 Bolezlavus
2311 679 2602 752 religiosus
2640 679 2693 734 in
2727 679 2951 750 divinis,
2985 682 3216 736 multum
3255 692 3438 738 tamen
3480 701 3582 756 ap-

1966 766 2198 837 parebat
2224 767 2498 842 gloriosus
2522 768 2578 821 in
2609 768 2888 823 humanis.

1969 881 2052 936 l2.
2084 884 2342 945 Quomodo
2377 885 2682 938 Bolezlavus
2710 899 2806 952 per
2845 900 2974 939 suas
3005 891 3200 950 |terras
3223 889 3345 950 sine
3371 889 3584 944 laesione

2443 971 2748 1025 pauperum
2776 957 3095 1011 transiebat.
3223 953 3229 963 ’

2034 1045 2162 1114 Ejus
2192 1062 2432 1117 namque
2475 1055 2726 1117 tempore
2750 1062 2860 1102 non
2892 1047 3070 1102 solum
3106 1048 3359 1115 comites,
3385 1066 3574 1104 verum

1962 1138 2125 1194 etiam
2154 1140 2360 1212 quique
2403 1140 2618 1195 nobiles
2649 1149 2875 1212 torques
2907 1158 3104 1196 aureas
3159 1143 3397 1198 inmensi
3438 1159 3580 1215 pon-

1961 1228 2110 1282 deris
2142 1228 2457 1297 bajolabant
2482 1229 2571 1294 3“,
2605 1236 2754 1284 tanta
2781 1229 3162 1300 superﬂuitate
3204 1232 3454 1302 peeunize
3493 1249 3582 1287 re-

1963 1317 2304 1372 dundabant.
2349 1318 2606 1373 Mulieres
2660 1334 2786 1374 vero
2825 1320 3062 1374 curiales
3101 1321 3323 1375 coronis
3373 1321 3570 1391 aureis,

1962 1410 2283 1476 monilibus,
2325 1409 2631 1465 murenulis
2686 1410 2776 1476 3‘5,
2835 1411 3228 1479 brachialibus,
3281 1414 3576 1468 aurifrisiis

1960 1510 2016 1557 et
2057 1502 2292 1576 gemmis
2349 1503 2420 1556 ita
2455 1503 2703 1556 honustw
2737 1502 3130 1572 procedebant,
3166 1503 3313 1574 quod
3368 1503 3421 1557 ni
3456 1520 3576 1558 sus-

1959 1598 2263 1646 tentaretur
2301 1589 2369 1644 ab
2424 1590 2566 1649 aliis.
2623 1589 2842 1660 pondus
2883 1590 3088 1644 metalli
3145 1590 3421 1646 sustinere
3467 1607 3577 1650 non

1958 1682 2217 1736 valebant
2279 1681 2460 1735 Talem
2495 1681 2658 1735 etiam
2688 1681 2920 1754 gratiam
2956 1680 3004 1734 ei
3053 1681 3192 1735 Deus
3241 1682 3570 1748 contulerat,

236 1793 290 1845 in
323 1772 575 1846 ecclesiis
596 1789 982 1845 construendis
1009 1795 1064 1843 et
1088 1789 1504 1860 episcOpatibus
1526 1789 1848 1843 ordinandis
1876 1773 1926 1840 Β
1951 1782 2005 1830 οι
2045 1774 2119 1828 ila
2157 1773 2277 1828 Vis"
2327 1772 2638 1827 deSil‘abiliS
2678 1772 2890 1827 cunctis
2935 1780 3070 1836 erat.
3125 1773 3298 1845 quod.
3341 1774 3386 1828 Si
3437 1774 3575 1829 forlc

235 1881 637 1953 beneficiisque
661 1880 1014 1936 conferendis
1045 1881 1113 1934 ita
1144 1880 1534 1935 devotissimus
1559 1881 1626 1914 ³³⁵
1652 1881 1851 1936 existe-

233 1975 345 2038 bat,
378 1971 526 2043 quod
553 1987 654 2026 suo
686 1977 936 2042 tempore
968 1970 1198 2024 Polonia
1229 1985 1370 2041 quos
1399 1969 1856 2040 metrOpolitanos

237 2078 362 2118 cum
395 2061 510 2115 suis
540 2059 902 2134 suffraganeis
949 2059 1289 2114 continebat.
1337 2058 1546 2123 Quibus
1604 2059 1721 2130 ipse
1760 2076 1858 2130 per

236 2150 426 2205 omnia
487 2157 541 2206 et
593 2149 649 2203 in
709 2148 969 2204 omnibus
1026 2148 1100 2202 ita
1155 2147 1448 2204 benivolus
1504 2155 1558 2203 et
1585 2148 1858 2204 obedicns

240 2239 530 2306 existebat,
555 2238 726 2309 quod,
747 2237 790 2291 si
821 2236 960 2292 forte
990 2237 1193 2308 aliquis
1231 2238 1299 2270 ³³⁵
1329 2237 1637 2308 principum
1669 2245 1859 2293 contra

235 2334 310 2368 ³³⁵
335 2332 640 2404 quemlibet
669 2330 736 2364 ³³⁷
769 2331 1094 2386 clericorum
1127 2331 1213 2386 vel
1247 2329 1568 2401 pontiﬁcum
1601 2332 1669 2366 ³³³
1696 2332 1858 2406 litigii

236 2438 460 2477 causam
493 2420 809 2486 inchoabat,
842 2420 928 2474 vel
969 2419 1014 2473 si
1044 2419 1328 2491 quitquam
1361 2420 1429 2474 de
1485 2421 1651 2475 rebus
1679 2421 1860 2476 eccle-

231 2514 476 2569 siasticis
533 2513 857 2584 usurpabat,
914 2511 1033 2582 ipse
1097 2512 1313 2567 cunctis
1367 2528 1532 2567 manu
1573 2512 1853 2567 silentium

229 2607 536 2674 indicebat,
568 2613 623 2660 et
651 2605 796 2661 sicut
835 2611 1100 2676 patronus
1127 2615 1181 2659 et
1202 2605 1502 2660 advocatus
1531 2607 1851 2677 pontiﬁcum

224 2713 452 2751 causam
491 2703 546 2751 et
577 2695 828 2751 ecclesia:
855 2694 1211 2750 defendebat.
1257 2695 1459 2752 Gentes
1485 2713 1617 2752 vero
1650 2698 1854 2754 barba-

227 2803 415 2842 rorum
465 2785 520 2839 in
553 2785 788 2840 circuitu
830 2801 969 2856 quas
1001 2785 1260 2840 vincebat
1311 2801 1421 2842 non
1463 2786 1532 2841 ad
1586 2787 1848 2842 tributum

229 2877 480 2949 pecunia}
532 2877 986 2948 persolvendum,
1015 2879 1113 2932 sed
1153 2879 1221 2932 ad
1275 2894 1416 2934 vera:
1448 2879 1732 2952 religionis
1763 2881 1850 2935 in-

231 2977 572 3024 crementum
624 2969 933 3024 coercebat.
996 2971 1227 3041 Insuper
1265 2970 1429 3026 etiam
1471 2971 1735 3026 ecclesias
1776 2971 1852 3026 ibi

1953 1864 2258 1938 quemlibet
2297 1880 2327 1917 a
2364 1873 2664 1932 conspectu
2710 1879 2810 1917 suo
2853 1879 2950 1933 pro
3004 1863 3165 1934 culpa
3203 1864 3410 1918 veniali
3454 1881 3576 1920 mo-

1953 1965 2248 2010 mentaneo
2279 1955 2348 1988 3‘“
2379 1953 2713 2015 removebat,
2748 1953 3000 2025 quamvis
3034 1954 3126 2008 ille
3158 1971 3340 2009 rerum
3371 1956 3574 2028 suique

1956 2043 2211 2098 libertate
2244 2042 2538 2107 frueretur,
2599 2040 2779 2096 donec
2808 2041 3200 2096 benivolentiae
3243 2043 3364 2110 ejus
3406 2060 3470 2098 ac
3501 2044 3572 2077 3“

1957 2137 2655 2209 conspectuiredderetur,
2686 2151 2796 2191 non
2837 2151 2896 2190 se
2926 2135 3112 2190 vivere
3136 2136 3234 2190 sed
3267 2137 3428 2204 mori,
3467 2153 3573 2192 nec

1961 2250 2083 2288 esse
2109 2233 2176 2266 3‘3
2207 2232 2444 2287 liberum
2475 2231 2574 2286 sed
2610 2239 2817 2286 trusum
2853 2230 3060 2284 carceri
3089 2229 3400 2300 reputabat.
3434 2231 3572 2286 Suos

1962 2337 2184 2393 quoque
2240 2320 2308 2353 3"
2358 2319 2594 2374 rusticos
2647 2335 2756 2374 non
2803 2328 2862 2372 ut
2892 2318 3152 2372 dominus
3183 2317 3239 2371 in
3289 2319 3570 2393 angariam

1959 2409 2273 2476 coercebat,
2319 2407 2416 2462 sed
2449 2417 2508 2462 ut
2540 2408 2664 2478 pius
2693 2418 2848 2478 pater
2876 2408 3068 2479 quiete
3099 2424 3195 2464 eos
3233 2408 3417 2463 vivere
3451 2424 3574 2478 per-

1959 2499 2225 2555 mittebat.
2263 2498 2363 2552 Ubi
2404 2497 2552 2551 enim
2602 2513 2730 2552 suas
2754 2498 3019 2552 stationes
3065 2513 3342 2569 suumque
3386 2496 3568 2552 servi-

1956 2585 2540 2661 tiuinideterminatum
2567 2584 2636 2617 ³⁵⁰
2658 2584 2916 2652 habebat,
2951 2601 3053 2639 nec
3092 2584 3328 2640 libenter
3362 2583 3416 2638 in
3452 2591 3570 2639 ten-

1955 2677 2110 2732 toriis
2135 2676 2277 2730 sicut
2305 2673 2542 2728 Numida
2566 2673 2656 2740 35',
2688 2673 2774 2728 vel
2805 2673 2863 2728 in
2895 2672 3123 2744 campis,
3157 2673 3254 2728 sed
3288 2673 3343 2726 in
3375 2672 3568 2728 civita-

1956 2772 2102 2827 tibus
2127 2781 2180 2826 et
2206 2771 2275 2805 35’
2302 2770 2500 2825 castris
2533 2769 2848 2841 frequenter
2880 2768 3184 2823 habitabat.
3218 2769 3280 2823 Et
3310 2768 3570 2840 quotiens

1956 2868 2025 2922 de
2065 2867 2282 2922 civitate
2310 2865 2604 2920 stationem
2635 2864 2689 2918 in
2740 2864 2904 2918 aliam
2940 2862 3326 2926 transferebat,
3367 2861 3490 2915 aliis
3519 2862 3574 2915 in

1959 2958 2200 3016 conﬁnio
2225 2957 2487 3024 dimissis,
2520 2956 2658 3011 alios
2683 2955 3075 3011 vastandiones
3101 2961 3155 3008 et
3185 2953 3396 3008 villicos
3427 2969 3577 3008 com-

233 3061 303 3116 de
335 3061 558 3132 proprio
589 3061 949 3116 construebat
988 3062 1077 3129 33°,
1131 3071 1185 3116 et
1211 3061 1506 3134 episcopos
1550 3063 1852 3120 honorifice

1960 3051 2202 3106 mutabat
2231 3050 2318 3102 ³⁸³.
2354 3049 2464 3104 Nec
2490 3048 2781 3120 quisquam
2815 3061 2881 3101 eo
2915 3051 3232 3102 transeunte
3278 3044 3455 3099 viator
3485 3044 3568 3099 vel

1962 3159 1972 3161 _
2040 3160 2044 3161 .
2099 3151 2207 3161 -.-A
2242 3141 2409 3161 1.---Α.-
2442 3141 2524 3161 ---1
2559 3141 2627 3161 ut.
2658 3154 2780 3161 λη--
2806 3136 3180 3161 -1,,.,.Α..,.1,.1η..ι
3227 3135 3322 3161 ..ΛΑ
3364 3135 3408 3161 ΑΞ
3445 3152 3551 3161 n-..‘

230 3153 572 3224 clericosque
631 3153 896 3208 canonice
929 3169 1050 3208 cum
1112 3153 1284 3208 rebus
1335 3154 1666 3209 necessariis
1702 3157 1846 3226 apud

229 3247 552 3303 incredulos
598 3247 875 3302 ordinavit
927 3247 1016 3302 ³⁴⁰.
1077 3247 1298 3302 Talibus
1345 3264 1477 3322 ergo
1528 3249 1847 3317 virtutibus,

221 3338 437 3410 justitia
471 3347 526 3394 et
549 3339 831 3408 aequitate,
860 3339 1056 3393 timore
1087 3340 1299 3394 scilicet
1340 3340 1404 3374 ³⁴¹
1440 3349 1494 3394 et
1524 3340 1847 3408 dilectione,

228 3444 323 3482 rex
355 3428 675 3483 Bolezlavus
714 3427 1088 3497 praecellebat,
1144 3428 1351 3500 talique
1402 3429 1735 3485 discretione
1761 3447 1848 3485 re—

229 3535 402 3593 gnum
477 3533 705 3588 remque
777 3516 1052 3587 publicam
1130 3519 1478 3588 procurabat.
1552 3519 1850 3574 Virtutibus

231 3607 508 3678 siquidem
547 3605 734 3661 multis
784 3622 849 3660 ac
889 3606 1256 3677 probitatibus
1297 3609 1456 3680 longe
1496 3607 1714 3680 lateque
1747 3609 1851 3665 Bo—

225 3698 468 3752 lezlavus
494 3695 740 3761 emicuit,
770 3696 948 3751 tribus
990 3705 1173 3751 tamen
1214 3697 1282 3730 ³³²
1327 3697 1643 3762 virtutibus,
1687 3697 1848 3769 justi-

226 3788 322 3852 tia,
367 3787 653 3858 aequitate,
688 3789 894 3859 pietate
933 3788 1251 3861 specialiter
1280 3789 1347 3843 ad
1391 3795 1598 3845 tantum
1630 3792 1848 3845 culmen

230 3879 635 3954 magnitudinis
664 3880 931 3935 ascendit.
980 3880 1218 3948 Justitia,
1272 3880 1402 3953 quia
1431 3881 1554 3936 sine
1597 3888 1849 3952 respectu

238 3984 488 4039 personae
515 3985 738 4024 causam
772 3969 825 4023 in
867 3969 1081 4038 judicio
1141 3971 1515 4038 discernebat,
1567 3972 1849 4042 aequitate,

235 4055 365 4126 quia
390 4056 672 4128 principes
687 4057 1020 4128 etpopulum
1046 4074 1169 4112 cum
1203 4059 1537 4114 discretione
1563 4059 1848 4134 diligebat,

235 4148 464 4218 pietate,
496 4149 627 4220 quia
659 4148 927 4204 Christum
961 4149 1192 4222 ejusque
1222 4167 1482 4222 sponsam
1529 4151 1709 4206 modis
1737 4167 1851 4207 om-

235 4235 400 4291 nibus
451 4237 782 4292 honorabat.
829 4238 892 4292 Et
950 4238 1079 4309 quia
1129 4239 1400 4294 Justitiam
1449 4240 1741 4296 exercebat
1795 4246 1851 4295 et

231 4344 428 4384 omnes
456 4331 526 4364 ³⁸³
564 4330 952 4403 aequanimiter
982 4331 1270 4405 diligebat,
1304 4340 1358 4387 et
1401 4340 1631 4389 matrem
1661 4333 1846 4388 eccle-

1952 3151 2210 3215 Operator
2242 3141 2413 3196 boves
2442 3141 2528 3194 vel
2558 3141 2627 3173 35‘
2653 3154 2784 3194 oves
2804 3136 3204 3201 abscondebat,
3227 3135 3325 3190 sed
3361 3135 3410 3190 ei
3443 3152 3570 3206 prae-

1952 3233 2190 3290 tereunti
2221 3248 2432 3304 pauper
2458 3239 2512 3286 et
2563 3231 2631 3265 ³⁵³
2661 3230 2817 3285 dives
2850 3227 3152 3294 arridebat,
3185 3242 3425 3298 eumque
3452 3242 3573 3281 cer-

1953 3338 2082 3379 nere
2124 3331 2236 3376 tota
2268 3321 2443 3392 patria
2471 3318 2808 3390 pr0perabat
2837 3318 2928 3370 ³⁵⁸.

1949 3415 2036 3469 13.
2071 3420 2140 3469 De
2165 3417 2366 3467 virtute
2398 3419 2446 3466 et
2471 3414 2670 3480 pietate
2703 3412 2882 3464 uxoris
2921 3409 3184 3463 Boleziavi
3219 3410 3442 3464 Gloriosi
3471 3406 3565 3458 ³³⁷.

2021 3506 2194 3560 Duces
2239 3519 2366 3559 vero
2426 3517 2667 3572 suosque
2718 3499 2947 3555 comites
2994 3515 3058 3553 ac
3117 3497 3397 3568 principes
3451 3498 3560 3551 acsi

1953 3598 2145 3653 fratres
2176 3595 2263 3650 vel
2307 3594 2449 3650 filios
2491 3593 2778 3667 diligebat,
2809 3606 3018 3662 eosque
3051 3589 3199 3644 salva
3231 3589 3564 3650 reverentia,

1950 3688 2105 3744 sicud
2138 3687 2360 3758 sapiens
2389 3683 2674 3749 Dominus,
2708 3680 3036 3738 honorabat.
3090 3679 3570 3752 Conquerentibus

1952 3781 2099 3836 enim
2144 3796 2313 3850 super
2344 3777 2450 3832 illis
2492 3777 2560 3810 ³⁵³
2610 3775 2918 3830 inconsulte
2966 3789 3075 3828 non
3119 3772 3404 3838 credebat,
3443 3788 3571 3827 con-

1953 3877 2035 3924 tra
2085 3869 2191 3939 (81)
2227 3867 2348 3942 lege
2379 3867 2448 3901 3”
2475 3865 2913 3935 condempnatos
2946 3861 3215 3931 judicium
3249 3861 3318 3895 ³⁶⁰
3349 3860 3573 3915 miseri-

1951 3960 2138 4016 cordia
2177 3957 2520 4031 temperabat
2551 3955 2677 4028 (82).
2712 3955 2868 4025 Saepe
2900 3968 3139 4024 namque
3171 3967 3309 4006 uxor
3337 3951 3457 4020 ejus
3483 3967 3569 4005 re-

1949 4053 2078 4128 gina
2111 4051 2244 4123 (83),
2276 4049 2522 4122 prudens
2549 4047 2749 4102 mulier
2778 4052 2832 4100 et
2870 4043 3126 4111 discreta,
3161 4043 3347 4115 plures
3376 4044 3441 4077 ³⁶¹
3470 4059 3568 4113 pro

1951 4145 2110 4214 culpa
2141 4141 2302 4196 morti
2335 4140 2557 4195 deditos
2589 4140 2658 4193 de
2707 4137 2972 4192 manibus
3015 4135 3270 4191 lictorum
3311 4133 3567 4205 erripuii,

1951 4242 2006 4289 el
2037 4233 2104 4287 ab
2150 4229 2461 4285 imminenti
2514 4226 2705 4282 mortis
2746 4225 2992 4298 periculo
3042 4223 3317 4285 liberavit,
3361 4237 3568 4293 eosque

1953 4327 2007 4382 in
2034 4340 2276 4391 carcere,
2332 4321 2665 4394 quandoque
2696 4334 2822 4392 rege
2870 4317 3176 4381 nesciente,
3231 4314 3568 4386 quandoque

231 4423 365 4478 siam
397 4424 656 4496 virosque
687 4426 1096 4481 ecclesiasticos
1145 4426 1436 4494 exaltabat,
1480 4434 1683 4482 sanctae
1725 4442 1844 4480 ma-
1869 4411 1922 4480 ί)
1949 4437 2079 4476 vero
2119 4417 2525 4483 dissimulante,
2555 4414 2659 4469 sub
2690 4412 2940 4468 custodia
2973 4411 3098 4464 vita:
3133 4406 3568 4463 misericorditer

232 4513 328 4572 tris
358 4515 606 4570 ecclesiae
645 4514 908 4586 precibus
938 4515 1171 4587 ejusque
1199 4516 1546 4586 praelatorum
1577 4515 1846 4570 interces-
1947 4511 2267 4568 reservavit.
2326 4508 2571 4563 Habebat
2610 4511 2792 4559 autem
2836 4519 2926 4557 rex
2991 4499 3200 4555 amicos
3264 4497 3559 4552 duodecim

1581 4643 1801 4698 VARl/E
1845 4641 2124 4697 LECTION
2133 4640 2229 4695 ES.

302 4750 370 4782 ³³⁵
401 4747 675 4802 exercitus
711 4748 765 4801 2.
833 4749 903 4782 ³³⁸
934 4748 1130 4803 factam
1168 4748 1357 4803 suadet
1399 4747 1566 4815 legere
1603 4747 1655 4799 2.
1697 4747 1836 4801 deest
1868 4746 1920 4801 3.
2017 4746 2083 4777 ³²⁷
2113 4746 2351 4816 cogitant

334 4821 473 4870 deest
519 4821 568 4870 1.
611 4819 664 4870 2.
714 4819 766 4870 3.
801 4820 1004 4870 addidit
1059 4822 1182 4870 edit.
1227 4819 1426 4870 Gedan.
1526 4818 1595 4850 ³³⁰
1625 4817 1764 4870 nrof.
1806 4816 1859 4870 3.
1936 4815 2000 4850 ³³¹
2029 4813 2291 4870 eauitatis
2318 4811 2351 4868 3

1624 4832 1764 4887 prOI.
1806 4832 1859 4871 δ.
1936 4832 2000 4850 σοι
2029 4832 2370 4887 equitatisp.

1820 4888 1891 4921 ³³⁸
1916 4894 2107 4942 contra

1093 4960 1520 5032 presbiterorum
1569 4975 1723 5029 proc
1774 4975 1824 5032 ei.
1882 4975 1934 5032 ρ.
1969 4958 2021 5032 3.

1569 5024 1640 5064 ³³³
1669 5031 1857 5085 omnia
1883 5024 1935 5086 3.
2015 5029 2084 5062 3“
2106 5025 2426 5095 bajulabant
2450 5024 2500 5078 3.

1717 5101 1785 5135 ³⁴⁸
1815 5117 1874 5156 se
1903 5101 1956 5156 3.

231 4821 300 4855 ³³³
334 4821 473 4874 deest
519 4821 568 4873 1.
611 4819 664 4873 2.
714 4819 766 4873 3.
801 4820 1004 4874 addidit
1059 4822 1182 4875 edit.
1227 4819 1426 4874 Gedan.

231 4909 280 4946 c.
313 4893 507 4945 desunt
533 4891 582 4947 3.
681 4890 747 4924 ³³⁴
771 4891 1143 4946 devotissimis
1173 4891 1226 4944 2.
1325 4889 1394 4922 ³³⁵
1422 4891 1563 4944 deest
1593 4891 1642 4942 1.
1672 4889 1725 4942 2.

234 4963 369 5016 libet
397 4962 451 5015 2.
527 4961 596 4996 ³³⁸
621 4962 922 5017 amicorum
972 4969 1026 5016 et

233 5034 269 5088 i.
321 5048 373 5088 0.
421 5034 472 5086 3.
579 5033 647 5067 3“
690 5034 947 5088 videlicet
983 5034 1033 5086 3.

233 5109 443 5160 incerta
469 5105 523 5158 2.
627 5104 697 5138 ³⁵⁸
717 5111 771 5158 et
798 5110 1187 5158 momentanea
1212 5104 1265 5157 3.

1142 5033 1210 5066 3"
1243 5046 1371 5086 vero
1409 5032 1459 5084 2.
1569 5032 1591 5064 ³

1142 5120 1187 5156 :a
1212 5104 1265 5156 3.
1378 5103 1443 5137 ³⁴⁷
1485 5103 1593 5156 et3

1485 5118 1540 5156 ει
1560 5118 1613 5156 ὅ.

231 5178 282 5230 l.
315 5181 392 5232 sic
419 5182 538 5230 erat
570 5181 620 5230 et
645 5174 699 5242 2,
737 5177 826 5230 sed
854 5180 1114 5230 corrector
1145 5177 1402 5229 ultimum
1430 5173 1445 5227 i
1475 5177 1534 5228 in
1574 5190 1666 5227 um
1719 5174 1972 5227 mutavit.
2054 5170 2119 5242 ³³³
2181 5162 2347 5242 domo
2394 5162 2446 5221 3.
2521 5165 2591 5242 ³³⁸
2620 5162 2839 5242 νεμίῃη
2865 5162 2918 5215 3.

2017 4744 2083 4777 ³²⁷
2113 4742 2423 4807 cogitantes
2464 4738 2516 4796 3.
2612 4736 2680 4770 ³²⁸
2711 4732 3039 4807 sanguinem
3082 4745 3196 4807 non
3234 4734 3377 4807 recte
3419 4727 3462 4784 ι.

2181 4759 2423 4816 ειιδῐηοε
2464 4759 2516 4796 ό.
2612 4759 2680 4770 ’⁸⁸³⁸
2711 4759 3039 4807 sanguine":
3082 4759 3196 4785 ηυη
3234 4759 3376 4783 II;be
3420 4759 3462 4784 ι.
3510 4759 3561 4782 ιι.

2181 4813 2291 4868 .atis
2318 4811 2370 4868 3.
2458 4811 2528 4844 ³³³
2560 4805 2861 4864 Boleslalus
2905 4817 3114 4871 semper
3158 4802 3214 4854 3.
3271 4799 3342 4871 ³³³
3371 4814 3448 4871 γε.
3507 4799 3561 4853 d.

2187 4883 2459 4952 rincipum
2499 4878 2697 4951 aliquis
2747 4892 2840 4946 pro
2894 4891 2944 4930 a.
2988 4870 3042 4944 p7.
3082 4888 3131 4927 c.
3192 4873 3249 4952 3ζ
3321 4870 3387 4904 ³³⁷
3420 4885 3563 4942 que-

2187 4951 2640 4999 mnsi.rnehant3
2749 4947 2818 4982 ³⁸0
2851 4944 3080 4999 eosdem
3132 4942 3423 4999 ordinabat
3473 4956 3563 4999 pro

2095 4951 2164 4990 33°
2182 4951 2580 5010 construebant
2607 4951 2640 5003 3
2749 4951 2818 4982 ³⁸⁰
2851 4951 3080 5002 eosdem
3132 4951 3423 4999 ordinabat
3471 4956 3569 5009 pro

2106 5025 2426 5092 bajulabant
2450 5024 2500 5078 3.
2595 5022 2663 5056 ³³⁵
2685 5035 2788 5075 vox
2813 5021 2926 5073 haec
2954 5023 3196 5092 correcta
3223 5021 3301 5092 est
3329 5019 3381 5067 et
3411 5013 3566 5092 lectio

2538 5108 2668 5148 suos
2698 5105 2918 5163 quoque
2950 5089 3068 5163 3.“
3108 5087 3178 5122 ³³⁰
3211 5086 3564 5163 determinari

2061 5100 2130 5133 3‘”
2153 5112 2393 5167 suosque
2411 5111 2508 5165 pro
2538 5108 2668 5148 suos
2698 5105 2918 5163 quoque
2950 5100 3002 5144 3.
3108 5100 3178 5122 ³ου
3211 5100 3563 5162 determinari

2061 5170 2119 5204 ut
2181 5169 2346 5212 dnmn
2394 5167 2446 5212 3-
2521 5165 2591 5199 35'
2620 5165 2704 5212 vel
2751 5163 2807 5212 in
2865 5162 2918 5212 3.
3001 5158 3071 5194 ³³³
3099 5159 3457 5212 commutant
3507 5153 3563 5206 3.

230 5223 300 5282 έέε
315 5223 387 5302 1;;
420 5223 535 5300 ΞΓ
566 5223 1446 5316 εἶξε’ὖεΓὶΪ’έεῖρἶιῖὲῖέῦἒῖεζ
1475 5223 2287 5316 Π³⁶³δβῖἆῖίῦίέέϐιοςίοεὶ
2314 5239 2506 5294 desunt
2536 5237 2588 5292 3.
2685 5234 2754 5269 ³⁵³
2784 5232 2910 5288 illos
2938 5231 2993 5286 Ξ.
3095 5229 3164 5263 δδο
3196 5227 3373 5299 legem
3406 5224 3464 5278 1.
3503 5223 3558 5277 2.

227 5320 281 5373 3.
315 5317 435 5391 lege
450 5318 640 5372 suadet
668 5317 838 5386 legere
860 5319 986 5373 edit.
1025 5312 1168 5373 Vars.
1249 5317 1320 5351 ³⁶⁰
1344 5332 1468 5372 cum
1508 5317 1657 5370 addit
1687 5315 1739 5372 3.
1822 5315 1888 5350 ³⁸³
1923 5312 2128 5368 multos
2157 5312 2210 5367 3.

1789 5422 1999 5478 NOTAE.

299 5530 410 5599 (81)
439 5530 478 5583 l.
516 5545 571 5599 q.
615 5543 745 5601 erga
777 5528 830 5581 Ρ.
887 5599 899 5601 _
1391 5600 1398 5601 ί
1621 5599 1652 5601 __
1947 5543 1984 5594 ι,

301 5601 410 5669 (82)
443 5605 640 5655 Contra
668 5599 835 5669 legem
863 5599 1173 5666 damnatos,
1205 5614 1332 5653 cum
1383 5600 1479 5654 hoc
1503 5599 1842 5669 inteliigeret,

228 5674 494 5728 liberavit.
530 5668 730 5726 Chron.
769 5669 942 5738 princ.
978 5671 1090 5726 Pol.
1125 5669 1369 5735 Stenzel,
1418 5687 1456 5738 ι,
1486 5669 1557 5724 52
1616 5668 1693 5722 Cf.
1728 5668 1846 5723 Vita

230 5743 285 5799 S.
322 5742 554 5799 Ladislai
578 5741 633 5798 in
655 5741 952 5799 Endlicher
981 5742 1105 5799 Rer.
1133 5741 1306 5817 ﬂung.
1339 5757 1585 5798 menum.
1617 5739 1844 5812 Arpad.,

2019 5574 2355 5666 (33)1Quater
2398 5603 2627 5666 uxorem
2660 5585 2820 5666 duxit
2842 5580 3200 5666 .Bolezlausgr
3221 5574 3420 5666 ultima
3447 5577 3570 5630 erat

1948 5646 2230 5735 oa‘d,"ni‘ié
2265 5661 2518 5729 Ekkardi,
2550 5655 2888 5715 marchionis
2910 5649 3221 5709 Misnensis.
3255 5646 3315 5705 K.
