3930 6052
390 257 495 311 859

1668 262 2018 319 CHRONICIE
2055 264 2456 321 POLONORUM

3635 269 3760 326 860

390 385 734 441 consiliarios
762 387 851 455 ³⁸³,
891 404 1015 444 cum
1056 388 1260 460 quibus
1290 405 1595 464 eorumque
1633 393 1704 428 ³⁵³
1736 395 2006 451 uxoribus
2030 400 2079 468 Α
2180 396 2268 452 14.
2297 401 2369 452 De
2393 398 2751 467 magnalitate
2775 396 2843 432 ⁸⁸⁷
2868 413 3051 454 mense
3066 406 3118 454 et
3132 400 3387 468 largitate
3408 400 3665 455 Bolezlai.

390 493 514 532 eum
546 478 692 533 curis
721 486 775 534 et
802 481 1053 536 consiliis
1090 482 1406 552 expeditum
1450 484 1521 519 θοι
1549 485 1827 541 convivari
1859 487 2004 543 mul-

391 568 591 623 totiens
617 578 673 623 et
702 585 924 626 coenare
947 572 1350 641 delectabatur,
1382 581 1436 629 et
1461 592 1586 631 cum
1629 576 1711 632 eis
1741 578 1897 650 regni
1921 577 2006 634 fa-

387 663 659 718 miliarius
699 672 753 720 et
789 666 1007 722 consilii
1047 668 1294 724 misteria
1353 671 1739 741 pertractabat.
1798 673 2006 738 Quibus

387 755 741 825 epulantibus
796 759 1000 831 pariter
1052 767 1106 815 et
1139 761 1535 830 exultantibus,
1576 772 1633 819 et
1683 765 1828 819 inter
1870 766 2008 821 alias

389 848 698 906 locutiones
734 852 791 907 in
845 854 1190 920 memoriam,
1224 872 1289 911 ex
1332 858 1626 914 occasione
1662 858 1805 915 forte
1832 876 2007 934 gene-

390 940 488 1005 ris,
548 940 768 997 illorum
825 944 1248 1016 dampnatorum
1311 947 1710 1016 incidentibus,
1762 967 1854 1006 rex
1894 952 2006 1007 Bo-

391 1031 630 1087 lezlavus
661 1033 879 1089 illorum
909 1035 1074 1092 morti
1114 1037 1365 1093 bonitate
1419 1047 1706 1110 parentum
1746 1042 2013 1099 condole-

394 1123 503 1190 bat,
551 1141 724 1196 seque
785 1128 1117 1199 praecepisse
1173 1145 1270 1185 eos
1324 1130 1519 1202 perimi
1565 1133 1870 1203 prenitebat
1922 1134 2011 1191 ³⁸⁵.

389 1214 539 1270 Tunc
570 1215 759 1288 regina
792 1219 1130 1274 venerabilis
1149 1221 1297 1290 pium
1330 1229 1525 1292 pectus
1547 1222 1694 1295 regis
1724 1223 1929 1279 blanda
1946 1224 2015 1259 ³⁶⁶

392 1324 556 1364 manu
618 1310 969 1380 demulccns,
1023 1314 1408 1372 sciscitabatur
1458 1319 1527 1372 ab
1583 1334 1673 1385 eo,
1731 1320 1776 1373 si
1825 1336 2011 1375 carum

393 1396 443 1451 ei
493 1398 669 1463 fieret,
720 1400 764 1454 si
800 1402 923 1473 quis
973 1419 1070 1458 eos
1126 1412 1350 1459 sanctus
1379 1422 1410 1460 a
1460 1414 1638 1462 morte
1689 1406 1915 1463 forsitan
1945 1408 2013 1442 ³⁸⁷

394 1490 705 1546 suscitaret.
738 1493 832 1547 Cui
868 1510 956 1549 rex
992 1495 1365 1566 respondebat
1389 1498 1483 1562 ³⁵⁸,
1514 1515 1574 1553 se
1606 1498 1777 1554 nichil
1809 1506 1916 1554 tam
1944 1500 2014 1534 35°

394 1581 698 1651 pretiosum
747 1584 1055 1654 possidere,
1098 1587 1244 1658 quod
1280 1604 1391 1644 non
1444 1589 1619 1655 daret,
1664 1591 1708 1645 si
1740 1591 1864 1663 quis
1918 1606 2014 1647 eos

396 1678 582 1741 posset
610 1672 677 1725 ad
710 1672 871 1726 vitam
905 1674 972 1728 de
1009 1674 1202 1729 funere
1229 1693 1511 1745 revocare,
1539 1694 1847 1752 eorumque
1880 1695 2009 1751 pro-

395 1760 615 1834 geniem
648 1762 717 1795 ³τ⁰
738 1763 807 1817 ab
830 1763 1071 1819 infamiae
1102 1767 1316 1823 macula
1338 1768 1595 1824 liberare.
1624 1771 1748 1825 Haec
1775 1771 2011 1827 audiens

396 1852 586 1927 regina
642 1854 707 1888 3“
750 1856 975 1926 sapiens
1023 1866 1078 1914 et
1130 1858 1329 1927 fidelis,
1359 1861 1432 1932 pii
1492 1861 1619 1917 furti
1673 1878 1731 1917 se
1775 1880 1923 1918 ream
1956 1872 2012 1919 et

396 1945 672 2000 consciam
708 1949 1020 2016 accusabat,
1055 1957 1109 2006 ct
1147 1968 1269 2007 cum
1311 1954 1380 1988 ³⁷²
1413 1954 1604 2009 amicis
1634 1954 1928 2011 duodecim
1960 1964 2015 2012 ct

396 2034 659 2089 uxoribus
702 2051 892 2092 eorum
946 2038 1015 2094 ad
1060 2042 1232 2112 pedes
1262 2042 1409 2117 regis
1437 2059 1536 2114 pro
1576 2044 1661 2100 sui
1689 2045 2017 2117 dampnato-

400 2138 630 2195 rumque
653 2124 814 2180 venia
846 2131 1253 2197 prosternebat.
1279 2131 1447 2196 Quam
1475 2149 1568 2187 rex
1595 2133 1837 2208 benigne
1865 2150 2017 2190 com-

398 2214 647 2287 plexans,
676 2234 799 2272 cum
847 2221 1037 2276 osculo
1063 2221 1131 2277 de
1186 2231 1332 2279 terra
1380 2225 1636 2280 manibus
1664 2226 2012 2295 sublevabat,

397 2306 631 2380 ejusque
659 2308 823 2366 ﬁdele
862 2311 1091 2381 furtum,
1132 2330 1316 2385 ymmo
1349 2316 1569 2387 pietatis
1598 2333 1767 2389 opera
1794 2319 2012 2375 collau-

397 2396 563 2453 dabat
601 2399 689 2452 ³⁷³.
754 2399 952 2455 Eadem
1005 2419 1139 2477 ergo
1177 2404 1247 2438 37‘
1299 2405 1433 2460 hora
1484 2422 1581 2477 pro
1612 2408 1851 2479 captivis
1886 2408 2015 2476 illis,

400 2504 499 2557 per
527 2489 775 2545 mulieris
804 2493 1157 2563 prudentiam
1199 2495 1322 2550 vitae
1362 2497 1677 2564 reservatis,
1712 2514 1835 2553 cum
1859 2500 2019 2572 equis

401 2574 656 2645 plurimis
683 2578 1022 2647 mittebatur,
1056 2589 1111 2636 et
1141 2584 1403 2639 euntibus
1453 2585 1720 2641 redeundi
1750 2586 2021 2643 terminus

399 2670 728 2740 ponebatur.
770 2672 921 2729 Tunc
968 2690 1096 2731 vero
1154 2675 1346 2732 laetitia
1385 2679 1673 2749 multiplex
1723 2678 1833 2734 illis
1878 2678 2019 2734 resi-

399 2765 659 2821 dentibus
707 2770 1075 2836 accrescebat,
1117 2787 1242 2827 cum
1302 2772 1492 2846 regina
1549 2773 1693 2846 regis
1745 2773 2013 2828 honorem

399 2868 463 2907 ac
484 2853 639 2927 regni
675 2855 964 2911 utilitatem
1016 2858 1096 2913 sic
1125 2859 1407 2930 sapienter
1436 2860 1786 2927 observabat,
1819 2868 1875 2915 et
1917 2876 2013 2915 rex

399 2957 520 2995 eam
563 2954 686 2998 cum
737 2944 1038 3001 amicorum
1093 2947 1324 3003 consilio
1377 2948 1445 3001 de
1478 2948 1593 3003 suis
1642 2948 2012 3020 petitionibus

2176 489 2420 543 Mensam
2451 504 2583 544 vero
2638 505 2793 545 suam
2834 490 2915 545 sic
2960 491 3236 555 ordinate,
3300 490 3381 546 sic
3420 491 3753 548 honoriﬁce

2107 578 2399 645 retinebat,
2452 578 2599 650 quod
2658 579 2808 634 omni
2850 579 2941 634 die
2996 579 3208 650 privato
3258 580 3327 614 ³⁸³
3371 578 3471 641 40,
3508 597 3753 636 mensas

2106 669 2440 741 principales
2495 670 2741 740 exceptis
2796 670 3105 726 minoribus
3148 672 3285 742 erigi
3343 671 3610 737 faciebat,
3670 680 3740 728 et

2108 759 2275 814 nichil
2307 767 2491 814 tamen
2519 760 2589 794 3"
2627 759 2696 814 de
2735 758 2952 825 alienis,
2986 759 3086 814 sed
3137 760 3206 813 de
3238 760 3478 830 prapriis
3530 760 3587 815 in
3622 761 3747 815 hiis

2108 846 2365 903 omnibus
2395 848 2761 919 expendcbat.
2794 848 3040 903 Habebat
3071 847 3237 903 etiam
3280 865 3524 919 aucupes
3554 860 3612 904 ct
3632 866 3740 904 ve-

2109 946 2333 994 natores
2385 938 2633 993 omnium
2668 938 2782 992 fere
2834 938 3140 1000 nationum,
3199 937 3293 1009 qui
3351 938 3466 992 suis
3514 939 3742 993 artibus

2109 1031 2403 1102 capiebant
2452 1047 2615 1086 omne
2646 1046 2822 1104 genus
2871 1029 3177 1085 volatilium
3220 1037 3274 1083 ct
3332 1029 3595 1094 ferarum,
3665 1032 3742 1086 de

2118 1123 2321 1196 quibus
2346 1123 2601 1197 singulis,
2662 1132 2768 1178 tam
2803 1121 3261 1194 quadrupedibus
3301 1139 3463 1194 quam
3521 1140 3747 1194 penna—

2118 1213 2208 1280 tis,
2253 1212 2484 1268 cottidie
2538 1213 2608 1248 ³⁹⁰
2635 1212 2854 1286 singula
2904 1211 3330 1282 apponebantur
3376 1210 3584 1266 fercula
3617 1213 3743 1267 suis

2115 1305 2342 1361 mensis.

2186 1423 2273 1477 15.
2307 1427 2377 1478 De
2403 1425 2741 1493 dispositione
2764 1428 3069 1477 castrorum
3090 1428 3142 1478 et
3161 1426 3447 1479 civitatum
3464 1427 3554 1479 sui
3576 1429 3744 1494 regni

2700 1508 2799 1564 per
2815 1495 3021 1549 Bolezla
3028 1509 3142 1549 um.

2185 1582 2407 1638 Solebat
2454 1598 2679 1654 quoque
2729 1598 2965 1656 magnus
3020 1581 3360 1649 Bolezlavus,
3419 1582 3475 1636 in
3526 1582 3743 1639 ﬁnibus

2114 1675 2399 1748 regionum
2423 1676 2489 1710 3"
2512 1675 2581 1730 ab
2611 1674 2866 1731 hostibus
2893 1674 3287 1730 conservandis
3324 1675 3395 1709 3“
3439 1675 3549 1744 (84)
3589 1677 3746 1730 mul-

2113 1764 2317 1820 totiens
2351 1770 2671 1835 occupatus,
2732 1763 2846 1818 suis
2884 1762 3083 1818 villicis
3115 1778 3180 1817 ac
3224 1762 3591 1818 vicedominis
3648 1764 3745 1823 ³⁸³.

2114 1850 2247 1923 quid
2277 1851 2348 1906 de
2378 1850 2720 1906 indumentis
2747 1852 2801 1905 in
2831 1850 2989 1905 festis
3018 1850 3350 1906 annualibus
3366 1851 3437 1886 3“
3468 1868 3747 1922 prepara-

2115 1942 2206 2006 tis,
2236 1941 2436 2013 quidve
2491 1941 2561 1995 de
2594 1940 2733 1995 cibis
2790 1948 2846 1995 et
2884 1939 3107 2011 potibus
3156 1940 3214 1994 in
3244 1939 3481 2012 singulis
3506 1941 3745 1997 civitati-

2116 2030 2236 2099 bus,
2293 2029 2470 2094 ﬁeret,
2527 2029 3022 2105 interrogantibus,
3083 2028 3444 2101 proverbium
3498 2030 3746 2101 posteris

2116 2122 2171 2176 in
2201 2121 2514 2192 exemplum
2547 2136 3004 2187 commemorare;
3054 2120 3135 2176 sic
3186 2120 3448 2193 inquiens
3480 2121 3580 2175 ⁸⁹⁵ε
3636 2122 3743 2177 Sa-

2115 2214 2222 2266 tius
2251 2217 2301 2266 et
2327 2213 2597 2266 honestius
2637 2216 2717 2265 est
2743 2212 2830 2266 hic
2846 2212 3014 2265 michi
3041 2212 3259 2280 gallinae
3282 2212 3497 2281 pullum
3526 2212 3594 2265 ab
3626 2214 3746 2266 ini-

2116 2308 2269 2361 micis
2313 2320 2645 2371 conservare,
2671 2320 2836 2375 quam
2864 2308 2925 2360 in
2970 2306 3080 2360 illis
3136 2307 3216 2360 vel
3268 2307 3375 2361 illis
3429 2307 3746 2361 civitatibus

2115 2400 2366 2456 desidiose
2387 2401 2693 2455 convivanti
2741 2400 3131 2455 insultantibus
3173 2400 3339 2454 michi
3374 2397 3526 2469 [meis
3572 2403 3748 2455 hosti-

2118 2492 2214 2548 bus
2252 2494 2429 2547 locum
2455 2493 2603 2546 dare.
2646 2497 2781 2546 Nam
2809 2493 3024 2561 pullum
3048 2493 3286 2562 perdere,
3315 2506 3412 2561 per
3462 2494 3748 2560 virtutem,

2119 2597 2229 2637 non
2252 2582 2467 2651 pullum
2502 2586 2709 2649 reputo,
2740 2581 2833 2635 sed
2855 2586 3102 2636 castrum
3147 2582 3228 2636 vel
3256 2583 3506 2636 amittere
3542 2583 3744 2636 civita-

2122 2674 2246 2723 tem.
2288 2669 2351 2723 Et
2380 2668 2656 2724 advocans
2684 2668 2755 2723 de
2780 2668 2895 2724 suis
2918 2667 3280 2724 familiaribus
3312 2671 3384 2705 3”
3412 2685 3554 2741 quos
3583 2671 3745 2725 vole-

2119 2758 2235 2826 bat,
2257 2758 2507 2832 singulos
2534 2757 2773 2832 singulis
2817 2757 3134 2813 civitatibus
3165 2760 3251 2814 vel
3285 2759 3524 2814 castellis
3553 2759 3739 2831 depu-

2119 2857 2267 2912 tabat
2294 2855 2384 2926 39",
2426 2855 2520 2927 qui
2547 2855 2668 2911 loco
2697 2855 2781 2910 sui
2813 2855 3127 2910 castellanis
3157 2861 3211 2910 et
3248 2855 3568 2912 civitatibus
3596 2872 3734 2911 con-

2114 2955 2259 3010 vivia
2288 2954 2632 3010 celebrarent
2669 2955 2762 3022 3”,
2800 2970 2865 3010 ac
2893 2954 3219 3010 indumenta
3246 2955 3316 2989 39°
3347 2955 3566 3026 aliaque
3593 2954 3741 3010 dona

400 3035 680 3092 audiebat.
733 3038 814 3093 Illi
865 3047 1068 3107 autem,
1129 3057 1227 3113 pro
1266 3042 1471 3113 quibus
1528 3043 1753 3098 missum
1812 3043 2011 3113 fuerat,
2044 3066 2092 3132 ρ
2115 3046 2343 3122 regalia,
2384 3063 2505 3119 quae
2545 3064 2640 3103 rex
2690 3046 2822 3103 dare
2876 3031 3263 3113 consueverat,
3311 3047 3426 3103 suis
3477 3045 3741 3102 ﬁdelibus

399 3127 689 3183 venientes
716 3129 807 3197 ³⁷⁵,
839 3146 949 3186 non
979 3132 1158 3187 statim
1193 3134 1307 3210 regi
1338 3135 1438 3189 sed
1469 3135 1676 3210 reginae
1710 3145 2015 3208 praesenta-

403 3220 619 3288 bantur,
648 3223 745 3296 qui
775 3224 843 3278 ab
872 3240 939 3279 ea
963 3226 1034 3260 ³⁷⁸
1063 3227 1248 3283 verbis
1268 3229 1479 3300 asperis
1502 3236 1557 3284 et
1587 3228 1808 3285 lenibus
1829 3230 1896 3265 ³⁷⁷
1919 3236 2013 3286 c'a-

401 3315 607 3391 stigati,
636 3318 703 3372 ad
739 3318 885 3393 regis
925 3319 1181 3376 balneum
1205 3322 1574 3379 ducebantur.
1608 3324 1752 3390 Quos
1782 3341 1874 3379 rex
1907 3326 2014 3381 Bo—

402 3402 656 3471 lezlavus,
681 3407 821 3462 sicut
852 3414 1006 3480 pater
1028 3409 1189 3476 filios,
1221 3427 1407 3468 secum
1448 3412 1760 3468 baluiantes
1792 3414 1861 3448 ³⁷⁸
1890 3429 2018 3470 cor-

402 3493 614 3564 rigebat
643 3511 945 3570 eorumque
979 3500 1301 3573 progeniem
1344 3502 1704 3557 memorando
1741 3503 2015 3558 collauda-

406 3587 513 3642 bat.
552 3594 659 3657 Vos,
695 3590 894 3662 inquit,
952 3598 1130 3662 tanta,
1191 3610 1298 3663 vos,
1342 3597 1443 3650 tali
1491 3600 1746 3667 prosapia
1792 3604 2018 3666 exortes,

406 3680 541 3733 talia
569 3680 639 3714 ³⁷9
669 3686 1001 3739 committere
1026 3701 1138 3741 non
1178 3686 1412 3741 decebat.
1446 3686 1620 3742 [Etate
1673 3688 1899 3760 quidem
1952 3690 2022 3725 ³⁸⁰

407 3772 779 3840 provectiores
829 3774 1011 3829 verbis
1043 3783 1254 3830 tantum
1298 3784 1405 3832 tam
1452 3793 1551 3848 per
1599 3794 1658 3833 se
1716 3797 1879 3851 quam
1922 3797 2022 3852 per

403 3861 543 3916 alios
571 3862 890 3938 castigabat,
944 3865 999 3919 in
1028 3866 1095 3900 ³⁸¹
1129 3866 1442 3922 minoribus
1497 3868 1566 3902 ³⁸³
1617 3885 1748 3925 vero
1788 3871 2020 3926 verbera

404 3967 529 4005 cum
559 3953 742 4007 verbis
762 3954 1077 4011 adhibebat.
1124 3957 1325 4029 Sicque
1379 3966 1606 4028 paterae
1654 3963 2021 4018 commonitos

404 4059 467 4097 ac
496 4043 835 4108 indumentis
863 4046 1147 4122 regalibus
1177 4049 1496 4116 adornatos,
1517 4049 1661 4106 datis
1686 4054 2018 4110 muneribus

401 4135 729 4209 collatisque
780 4139 851 4174 ³⁸³
875 4140 1200 4207 honoribus,
1259 4142 1338 4197 ire
1370 4142 1595 4197 domum
1637 4160 1761 4200 cum
1815 4147 2017 4222 gaudio

405 4228 816 4287 dimittebat”.
841 4231 1025 4287 Talem
1056 4248 1187 4308 ergo
1207 4232 1277 4269 ³⁸³
1301 4249 1427 4291 sese
1449 4252 1543 4290 rex
1576 4236 1858 4293 Bolezlaus
1888 4255 2018 4314 erga

406 4316 666 4387 pOpulum
698 4326 754 4374 et
779 4320 1060 4394 principes
1089 4321 1419 4390 exhibebat,
1444 4324 1526 4380 sic
1554 4324 1838 4396 sapienter
1875 4333 1929 4382 et
1955 4327 2019 4382 ti-

2118 3142 2531 3209 praesentarent.
2567 3137 2795 3192 Talibus
2821 3137 2984 3193 dictis
3029 3145 3082 3192 et
3112 3136 3274 3192 factis
3311 3136 3736 3191 admirabantur

2118 3227 2360 3282 universi
2416 3227 2764 3299 prudentiam
2807 3235 2861 3282 et
2906 3228 3192 3300 ingenium
3234 3227 3304 3262 ‘00
3337 3227 3473 3282 tanti
3514 3228 3580 3262 ⁸⁰¹
3609 3227 3738 3292 viri,

2118 3324 2470 3375 conterentes
2508 3320 2576 3374 ad
2605 3319 2870 3375 invicem:
2920 3323 3017 3374 Hic
3061 3326 3139 3376 est
3181 3335 3302 3375 vere
3341 3326 3496 3390 pater
3539 3324 3736 3389 patria:

2118 3412 2203 3464 hic
2230 3409 2493 3487 defensor,
2525 3411 2612 3464 hic
2627 3416 2705 3465 est
2732 3410 2980 3465 dominus
3010 3408 3101 3476 ⁴⁰²,
3130 3426 3241 3466 non
3274 3411 3467 3464 alienae
3489 3412 3739 3479 pecunia:

2119 3502 2423 3571 dissipator,
2462 3502 2551 3556 sed
2600 3503 2830 3556 honestis
2857 3504 2938 3557 rei
2975 3502 3205 3571 publicae
3245 3503 3598 3571 dispensator,
3648 3504 3744 3570 qui

2120 3592 2421 3660 dampnum
2448 3592 2639 3645 rustici
2662 3591 2918 3645 violenter
2944 3591 3012 3645 ab
3037 3590 3275 3645 hostibus
3297 3591 3515 3645 illatum
3526 3591 3742 3645 castello

2119 3691 2336 3754 reputat
2360 3684 2442 3739 vel
2470 3687 2679 3738 civitati
2702 3684 2927 3753 perdita
2954 3684 3341 3751 conferendum
3384 3681 3521 3746 Quid
3552 3682 3743 3736 multis

2123 3772 2445 3829 moramur?
2468 3771 2523 3827 Si
2546 3772 2767 3847 singula
2788 3771 2930 3828 facta
2958 3773 3045 3828 vel
3077 3771 3224 3827 dicta
3249 3770 3435 3846 magni
3466 3771 3739 3826 Bolezlavi

2123 3862 2478 3917 memoranda
2523 3861 2593 3896 ⁴⁰³
2630 3867 2860 3934 carptim
2914 3861 2984 3897 ⁴⁰⁴
3033 3861 3373 3917 voluerimus
3398 3861 3735 3932 scriptitare,

2121 3954 2276 4027 quasi
2304 3953 2351 4009 si
2379 3954 2505 4010 stilo
2544 3953 2860 4010 laboremus
2889 3954 3143 4027 guttatim
3172 3953 3403 4029 pelagus
3432 3953 3732 4009 exsiccare.

2119 4046 2227 4100 Sed
2260 4045 2355 4118 qui
2415 4053 2578 4101 nocet
2604 4045 2796 4101 otiosis
2850 4045 3150 4102 lectoribus
3184 4045 3289 4101 hoc
3341 4045 3555 4112 audire,
3587 4045 3738 4117 quod

2119 4133 2206 4188 vix
2249 4134 2316 4169 ⁴⁰⁶
2357 4142 2544 4206 potest
2573 4134 2643 4169 ⁴⁰⁶
2681 4151 2805 4190 cum
2844 4133 3035 4191 labore
3075 4134 3555 4209 historiographus
3581 4135 3738 4191 iuve-

2121 4230 2282 4286 nire?
2829 4241 2833 4245 ’

2194 4324 2278 4379 16.
2312 4329 2382 4380 De
2418 4332 2588 4381 morte
2637 4326 2869 4381 Bolezlai
2922 4326 3142 4381 Gloriosi
3185 4325 3527 4380 lamentabili
3574 4324 3662 4377 ‘07.

406 4386 539 4464 meri
597 4418 651 4466 et
697 4386 868 4469 amari
909 4386 978 4470 se
1022 4431 1053 4471 α
1105 4415 1317 4472 cunctis
1360 4386 1463 4471 sibi
1525 4386 1762 4474 subditis
1814 4418 1885 4454 ³⁸⁸
1937 4386 2103 4474 fa-D
2196 4416 2323 4471 Cum
2377 4416 2546 4493 igitur
2578 4424 2657 4473 tot
2706 4423 2761 4472 et
2810 4417 2976 4472 tantis
3016 4433 3109 4471 rex
3162 4416 3480 4472 Bolezlavus
3525 4416 3735 4471 divitiis

405 4499 602 4557 ciebat.

2121 4509 2421 4582 probisque
2452 4509 2520 4544 ‘0'
2570 4509 2863 4573 militibus,
2902 4515 2959 4563 ut
3014 4508 3221 4564 dictum
3252 4516 3354 4572 est,
3388 4508 3510 4580 plus
3568 4525 3731 4579 quam

1759 4639 1978 4695 VARUS
2006 4639 2380 4696 LECTIONES.

475 4757 545 4791 ⁸⁶²
569 4758 949 4816 consiliatores
1001 4763 1057 4828 2,
1105 4765 1195 4819 sed
1240 4771 1502 4820 corrector
1545 4769 1781 4821 mutavit
1825 4769 1886 4820 in
1938 4767 2305 4824 consiliarios.

405 4828 654 4903 consiliis
700 4832 972 4900 expeditis
1008 4850 1107 4903 pro
1127 4851 1178 4889 e.
1234 4851 1280 4890 e.
1335 4850 1384 4889 c.
1429 4836 1483 4891 3.
1563 4836 1633 4871 ³⁸⁵

1661 4837 2061 4907 ρετηιίῑθὺτιιὲ,
2135 4839 2206 4874 ³⁶⁶
2234 4840 2375 4895 deest
2404 4839 2457 4897 3.

3055 4769 3126 4804 3“
3155 4767 3417 4824 omnibus
3474 4768 3619 4823 curis
3679 4777 3735 4823 ct

3055 4839 3309 4894 csnondit
3346 4840 3398 4894 3.
3501 4840 3569 4875 ³⁵³
3593 4841 3735 4894 deest

3630 4856 3708 4895 66$

2417 4769 2487 4803 ³⁸³
2517 4778 2572 4824 et
2629 4785 2821 4824 eorum
2877 4769 2928 4825 3.

2550 4840 2618 4875 se?
2640 4842 2779 4896 ἀεεδε
2818 4842 2854 4895 2
2928 4841 2998 4875 ³⁸⁸
3022 4839 3309 4911 respondit
3346 4840 3398 4894 3.

404 4899 458 4956 3.
534 4899 606 4933 37°
633 4899 898 4970 progenie
936 4899 1023 4958 2.’
1067 4905 1133 4939 ⁸⁷1
1160 4907 1301 4962 deest
1329 4905 1380 4962 3.
1462 4907 1533 4941 37’
1552 4899 1724 4961 eciam
1769 4915 1889 4964 erat
1932 4908 1983 4964 2.
2034 4912 2125 4967 sed
2177 4917 2440 4967 corrector
2488 4913 2670 4967 deletae
2698 4915 2815 4969 voci
2845 4912 3019 4967 eciam
3064 4899 3403 4970 superposuit
3438 4927 3583 4966 cum.
3665 4910 3737 4945 ³⁷³

405 4971 925 5051 99mmendabat3_
999 4974 1083 5051 ετξ
1119 4976 1287 5051 igitur
1320 4976 1372 5034 3.

404 5043 475 5078 ³⁸⁰
500 5059 630 5099 vero
661 5045 715 5099 3.
807 5044 873 5079 ³⁸¹
890 5046 1030 5101 deest
1053 5045 1104 5103 3.

404 5114 751 5199 8“subjectis
806 5116 839 5170 3
856 5116 1002 5199 m3“?
1027 5118 1510 5199 magnitudinen3.

404 5187 692 5241 servandis
717 5188 767 5241 3.

1468 4977 1538 5011 ³⁷⁵
1555 4979 1698 5034 deest
1726 4979 1778 5034 3.

1209 5048 1279 5083 ³⁸⁸
1306 5048 1556 5105 moribus
1582 5049 1637 5103 2.

406 5336 589 5383 rarent
608 5330 663 5383 3.

405 5467 458 5521 3.
542 5469 612 5504 ⁴⁰⁸
641 5477 807 5542 atque
833 5473 887 5528 3.

479 5636 589 5705 (84)
615 5638 657 5691 l.
691 5654 741 5694 e.
776 5639 833 5694 in
856 5638 1063 5697 finibus
1090 5646 1485 5731 conservandis
1504 5646 1574 5700 ab
1603 5646 1857 5704 hostibus
1889 5648 1951 5705 Κ.

1874 4980 1947 5015 ³⁷⁸
1967 4996 2035 5036 eo
2065 4982 2118 5039 3.
2184 4982 2252 5015 ³⁷⁷
2277 4981 2493 5037 levibus
2518 4983 2572 5038 2.
2653 4983 2723 5017 ³⁷⁸
2750 4983 3077 5038 balneantcs

1738 5050 1810 5085 ³⁸³
1830 5052 2155 5108 muneribus
2200 5054 2410 5108 addunt
2438 5055 2490 5107 1.
2524 5054 2578 5106 2.

1596 5120 1951 5195 Saracens.
2003 5124 2149 5179 min
2200 5128 2260 5179 in
2316 5128 2564 5195 margine
2594 5124 2649 5180 2.

855 5186 926 5266 αξξ
953 5186 1223 5266 viccdinis
1250 5191 1303 5244 3.
1380 5190 1455 5266 εθξ
1483 5190 1815 5266 animalibus
1843 5192 1893 5246 2.
1931 5194 1981 5249 3.
2062 5186 2460 5266 minquirens’
2486 5196 2537 5251 3.

405 5256 489 5310 vel
520 5257 1069 5335 amittereAcivitatem
1111 5269 1171 5335 et
1192 5276 1394 5335 vocans
1425 5262 1494 5317 de
1524 5262 1638 5335 suis
1666 5271 1916 5334 corrupte
1937 5280 2035 5335 pro
2063 5266 2196 5320 Nam

751 5330 821 5405 if”
848 5329 1234 5405 ἱηᾴοῐηῇιει-Ξ.Δ
1267 5332 1345 5405 ⁴⁰⁰Α
1363 5333 1649 5405 ingenium
1695 5341 1748 5388 et
1783 5329 1878 5404 pro
1908 5329 1953 5391 θ’
2004 5337 2041 5391 i.
2094 5338 2145 5391 2.

403 5399 545 5455 deest
585 5400 634 5456 3.
711 5400 781 5435 ‘0‘
809 5401 1002 5455 cartim
1032 5402 1082 5458 1.
1114 5403 1149 5456 2
1209 5401 1263 5459 3.
1332 5403 1402 5438 ⁴⁰⁸
1424 5399 1515 5460 Vir
1538 5420 1651 5460 non
1685 5399 1827 5461 recte
1852 5407 1905 5460 2.
1988 5408 2058 5443 ⁴⁰⁶
2076 5409 2217 5464 deest
2267 5408 2320 5464 3.

1967 5548 2157 5605 ΝΟΤᾹΞ

2669 4983 2723 5017 ⁸⁷⁸
2750 4983 3077 5038 balneantes
3122 4981 3175 5037 2.
3219 4983 3271 5036 3.
3353 4981 3421 5015 ³⁷⁰
3458 4983 3551 5036 tali
3600 4982 3728 5036 1.2.

2669 5054 3106 5123 3“permittebat
3135 5055 3187 5108 3.
3296 5052 3367 5086 ³⁸⁸
3401 5052 3566 5121 igitur
3602 5054 3650 5107 1.
3676 5052 3729 5108 3.

2746 5125 2816 5161 ³⁹⁰
2844 5128 2985 5198 deest
3023 5125 3072 5181 3.
3161 5125 3228 5159 ³⁹¹
3260 5123 3368 5198 reg‘
3540 5124 3611 5158 ³⁸³
3639 5124 3731 5179 ob-

2486 5196 2537 5251 3.
2629 5196 2699 5231 39“
2725 5213 2851 5251 nam
2888 5197 3095 5301 pullum
3137 5195 3463 5266 reputo'sed
3495 5202 3725 5250 castrum

2479 5268 2690 5323 —suis
2717 5269 2769 5323 3.
2842 5269 2887 5303 3°
2942 5267 3256 5323 preferebat
3298 5267 3331 5321 3
3424 5267 3495 5302 3”
3536 5282 3729 5323 nreoa-

2239 5267 2449 5336 pullum
2479 5298 2548 5307 —
2572 5268 2690 5323 suis
2717 5269 2769 5323 3.
2842 5267 2909 5303 ³⁹⁷
2942 5267 3256 5339 preferebat
3298 5267 3331 5321 3
3424 5267 3495 5302 3”
3536 5282 3729 5337 prepa-

2234 5337 2299 5372 ⁴⁰¹
2336 5338 2459 5394 talis
2508 5338 2563 5393 3.
2639 5339 2708 5374 ⁴⁰²
2739 5339 2827 5394 hic
2856 5345 2938 5393 est
2969 5339 3231 5394 dominus
3263 5339 3457 5393 desunt
3495 5337 3545 5393 3.
3659 5337 3730 5372 ⁴⁰³

2422 5409 2490 5444 ’νοτ
2517 5409 2648 5465 lauli
2678 5411 2735 5465 2.
2787 5411 2862 5465 De
2896 5417 3070 5466 morte
3092 5410 3519 5464 —lamentabili
3540 5410 3731 5464 desunt
