3930 6052
259 274 332 325 86
342 275 361 327 ί

1678 267 1870 323 LIBER
1913 268 2180 324 PRIMUS.

3493 277 3600 332 862

262 413 358 451 rex
375 397 516 452 alius
533 396 842 452 abundaret
864 395 954 463 ‘0’,
977 397 1314 468 querebatur
1334 395 1401 430 ⁸¹⁰
1425 402 1606 451 tamen
1630 395 1873 465 semper,
1901 402 1950 470 Α
1977 394 2290 449 exulantem
2343 394 2410 428 ⁸⁸⁰
2437 401 2490 450 et
2535 395 2894 462 aberrantem,
2952 403 3006 452 et
3033 399 3289 467 hostibus,
3319 415 3448 470 quos
3498 403 3599 457 sub

258 489 410 560 quod
437 489 502 523 ⁸⁸⁸
531 488 666 544 solis
695 487 964 542 militibus
994 487 1292 564 indigeret.
1338 487 1402 543 Et
1440 485 1777 559 quicumque
1806 485 1875 519 ⁸⁸³

257 583 468 654 probus
499 584 700 654 hospes
728 590 862 653 aput
897 599 1024 638 eum
1059 583 1114 638 in
1147 581 1343 639 militia
1374 581 1729 654 probabatur,
1763 595 1872 635 non

259 673 419 728 miles
457 673 548 727 ille
601 672 698 727 sed
731 672 879 744 regis
911 672 1056 728 tilius
1093 673 1419 737 vocabatur;
1459 681 1514 727 et
1543 671 1590 726 si
1619 669 1874 742 quando-

256 781 388 836 que,
422 773 482 819 ut
511 763 715 819 assolet
747 780 938 819 eorum
971 764 1208 837 aliquem
1238 763 1602 820 minfelicem
1636 763 1691 818 in
1715 763 1876 836 equis

257 859 340 914 vel
373 859 426 913 in
467 859 592 914 aliis
644 858 928 926 audiebat,
962 859 1178 914 intinita
1211 859 1395 916 dando
1435 859 1484 914 ei
1519 858 1876 914 circumstan-

257 951 406 1006 tibus
437 950 750 1006 alludebat:
782 953 838 1006 Si
869 967 1073 1021 possem
1117 955 1196 1008 sic
1221 954 1369 1008 hunc
1400 951 1626 1021 probum
1649 952 1878 1006 militem

253 1055 290 1092 (ι
338 1045 510 1095 morte
535 1041 736 1094 divitiis
775 1040 1023 1106 liberare,
1062 1043 1204 1096 sicut
1227 1054 1443 1110 possum
1497 1043 1612 1110 ejus
1639 1041 1872 1107 infortu-

253 1130 412 1182 nium
458 1133 510 1182 et
561 1134 942 1198 paupertatem
996 1145 1114 1184 mea
1166 1132 1317 1200 copia
1379 1144 1652 1199 superare,
1701 1131 1874 1200 ipsam

247 1223 476 1272 mortem
500 1218 717 1272 avidam
743 1218 947 1272 divitiis
1000 1220 1314 1274 honerarem
1354 1218 1444 1285 ⁸⁸⁸,
1480 1223 1540 1274 ut
1579 1219 1727 1274 hunc
1769 1220 1872 1284 ﬂo-

247 1323 364 1363 rem
391 1309 461 1343 ⁸⁸³
501 1316 615 1364 tam
643 1310 906 1365 audacem
935 1312 996 1364 in
1023 1311 1224 1366 militid
1249 1325 1579 1366 reservarem
1603 1309 1690 1363 ⁸⁸⁸.
1726 1309 1871 1374 Quo-

248 1402 394 1458 circa
426 1403 590 1458 talem
622 1420 688 1460 ac
716 1411 926 1460 tantum
969 1405 1142 1460 virum
1185 1421 1534 1462 successores
1565 1405 1773 1462 debent
1801 1405 1867 1441 ⁸⁸⁷

247 1493 547 1550 virtutibus
588 1495 810 1564 imitari,
859 1505 918 1552 ut
943 1497 1164 1552 valeant
1193 1498 1262 1552 ad
1295 1505 1497 1554 tantam
1551 1498 1782 1572 gloriam
1815 1505 1868 1554 et

245 1587 552 1656 potentiam
601 1587 908 1644 sublimari.
937 1589 1034 1656 Qui
1084 1597 1237 1662 cupit
1293 1600 1418 1663 post
1464 1591 1630 1646 vitam
1677 1590 1870 1662 acqui-

244 1693 369 1733 rere
399 1685 602 1734 tantam
635 1678 856 1746 famam,
899 1681 1146 1752 acquirat
1173 1682 1301 1736 dum
1342 1683 1474 1738 vivit
1505 1683 1572 1718 ⁸¹
1604 1682 1660 1737 in
1686 1683 1862 1738 virtu-

245 1769 398 1825 tibus
432 1779 636 1826 tantam
666 1771 922 1842 palmam.
983 1773 1037 1827 Si
1080 1774 1205 1846 quis
1245 1781 1428 1845 captat
1459 1774 1708 1831 Boleslao
1746 1791 1866 1830 me-

245 1859 460 1914 moriali
493 1860 666 1932 tytulo
715 1862 1022 1934 comparari
1074 1863 1164 1932 “9,
1212 1862 1460 1918 elaboret
1501 1879 1655 1918 suam
1696 1864 1861 1920 vitam

244 1952 368 2018 ejus
389 1950 512 2006 vitae
536 1952 606 1986 ⁸²⁰
631 1952 938 2008 venerabili
957 1953 1476 2010 conformari.Tunc
1490 1954 1594 2010 erit
1610 1955 1674 1990 ⁸³¹
1693 1955 1864 2011 virtus

249 2042 304 2096 in
335 2043 509 2118 gestis
537 2043 869 2100 militaribus
898 2045 1265 2100 collaudanda
1291 2047 1381 2112 ⁸²²,
1407 2061 1530 2101 cum
1553 2045 1723 2102 fuerit
1752 2047 1861 2102 vita

244 2137 440 2192 militis
477 2137 546 2173 ⁸³³
578 2138 831 2194 honestis
860 2139 1112 2195 moribus
1139 2139 1422 2196 adornata.
1450 2139 1573 2196 Haec
1602 2147 1718 2196 erat
1744 2157 1861 2196 ma-

239 2231 336 2301 gni
363 2229 628 2286 Bolezlavi
659 2230 834 2304 gloria
864 2232 1245 2299 memoranda,
1275 2231 1401 2288 talis
1437 2232 1611 2287 virtus
1663 2233 1860 2288 recite-

239 2327 331 2374 tur
356 2319 426 2353 ⁸³⁸
447 2319 818 2391 posteriorum
855 2321 1138 2376 memoria:
1169 2321 1452 2376 imitanda.
1479 2320 1596 2377 Non
1625 2320 1775 2376 enim
1804 2323 1860 2377 in

238 2423 473 2463 vacuum
507 2409 650 2464 Deus
677 2409 756 2463 illi
788 2409 1020 2484 gratiam
1052 2425 1222 2482 super
1251 2409 1484 2483 gratiam
1539 2409 1858 2478 cumulavit,

242 2518 349 2558 nec
399 2502 482 2558 sic
510 2503 580 2537 ⁸³⁵
622 2519 749 2558 eum
790 2503 914 2558 sine
943 2519 1109 2560 causa
1153 2510 1232 2559 tot
1263 2503 1487 2576 regibus
1533 2519 1598 2560 ac
1623 2503 1861 2560 ducibus

239 2589 528 2657 antefecit,
559 2590 656 2645 sed
689 2590 819 2662 quia
841 2591 1010 2646 Deum
1035 2591 1088 2645 in
1119 2591 1379 2648 omnibus
1408 2597 1463 2646 et
1487 2607 1656 2664 super
1675 2591 1862 2646 omnia

239 2681 531 2754 diligebat,
567 2689 624 2738 et
665 2683 925 2754 quoniam
959 2699 1090 2759 erga
1128 2699 1280 2748 suos,
1331 2682 1488 2740 sicud
1535 2690 1692 2756 pater
1731 2700 1862 2760 erga

239 2773 402 2839 ﬁlios,
445 2773 689 2829 caritatis
744 2773 1052 2830 visceribus
1113 2773 1395 2831 afﬂuebat.
1442 2774 1597 2830 Unde
1652 2775 1857 2841 cuncti,

237 2865 337 2919 sed
368 2865 436 2900 ⁸²⁶
457 2865 779 2936 specialiter
803 2869 956 2939 ;quos
983 2868 1348 2924 venerabatur
1375 2867 1625 2940 episcopi
1655 2868 1746 2936 ⁸³⁷,
1773 2884 1858 2923 ar-

236 2953 579 3026 chiepiscopi
603 2955 694 3023 "3,
725 2955 980 3023 abbates,
1012 2956 1292 3024 monachi,
1325 2955 1512 3012 clerici
1552 2957 1622 2992 "9
1665 2956 1860 3013 sedulo

241 3065 368 3102 eum
399 3049 514 3104 suis
545 3049 805 3120 precibus
852 3051 1086 3108 Domino
1131 3051 1628 3118 commendabant;
1689 3051 1863 3107 duces

242 3159 396 3212 vero,
418 3145 676 3214 [comites
703 3145 908 3218 aliique
934 3163 1194 3218 proceres
1232 3148 1382 3203 hunc
1412 3163 1636 3218 semper
1678 3145 1857 3201 victo-

246 3251 381 3304 rem,
404 3237 552 3292 hunc
581 3237 685 3292 sibi
709 3237 827 3293 fore
858 3238 1222 3309 superstitem
1251 3238 1606 3310 exoptabant.
1640 3237 1858 3293 Glorio-

241 3339 338 3380 sus
371 3325 554 3398 itaque
603 3325 922 3382 Bolezlavus
973 3326 1189 3381 felicem
1232 3325 1396 3381 vitam
1446 3325 1715 3381 laudabili
1751 3324 1860 3380 tine

241 3415 606 3479 concludens,
635 3433 756 3472 cum
789 3417 956 3473 sciret
981 3434 1042 3473 se
1085 3418 1332 3472 debitum
1382 3418 1566 3473 carnis
1590 3417 1862 3472 universae

242 3510 647 3580 completurum
679 3511 768 3578 ⁸³⁸),
794 3518 928 3578 tum,
962 3511 1028 3546 ⁸³⁸
1061 3512 1322 3568 omnibus
1347 3512 1466 3567 suis
1504 3511 1570 3567 ad
1603 3527 1662 3566 se
1707 3511 1862 3584 prin-

247 3599 472 3670 cipibus
511 3606 566 3655 et
592 3601 785 3657 amicis
801 3602 1046 3674 undique
1071 3603 1441 3678 congregatis,
1470 3601 1540 3658 de
1566 3602 1719 3677 regni
1759 3617 1865 3674 gu-

245 3693 572 3751 bernatione
601 3703 656 3750 et
687 3705 830 3751 statu
861 3697 1134 3752 secretius
1153 3697 1449 3766 ordinavit,
1475 3697 1668 3768 eisque
1687 3695 1858 3751 multa

246 3792 368 3853 post
406 3799 466 3839 se
511 3784 652 3840 mala
679 3785 860 3841 futura
890 3801 1023 3842 voce
1056 3787 1377 3860 pr0phetica
1441 3786 1713 3842 nuntiavit
1758 3786 1855 3852 ‘3’;

239 3879 279 3930 0
307 3879 546 3940 utinam,
575 3879 776 3946 fratres
803 3878 874 3912 ⁸³³
910 3883 1036 3948 mei,
1069 3879 1270 3952 inquit,
1327 3895 1456 3950 quos
1482 3879 1706 3934 delicate
1737 3885 1858 3934 tan-

240 3983 406 4037 quam
431 3975 610 4024 mater
647 3971 786 4036 ﬁlios
812 3973 1054 4026 enutrivi
1078 3971 1168 4040 ⁸³⁸,
1207 3986 1327 4041 quae
1359 3973 1562 4042 positus
1598 3972 1660 4025 in
1690 3984 1860 4040 agone

242 4063 524 4116 nescituro
543 4059 610 4095 ⁸³⁸
636 4061 804 4130 video,
833 4062 977 4118 vobis
1007 4066 1064 4118 in
1093 4079 1348 4134 prospera
1376 4067 1785 4128 convertantur,
1805 4068 1858 4117 et

244 4151 562 4218 utinamque
588 4149 660 4186 ⁸³⁸
681 4153 862 4220 ignem
886 4153 1160 4208 seditionis
1204 4152 1548 4208 accendentes
1574 4149 1642 4185 ⁸³⁷
1695 4155 1863 4206 Deum

245 4244 297 4294 et
325 4241 593 4296 hominem
631 4241 700 4276 ⁸³⁸
719 4244 1052 4298 vereantur!
1091 4245 1248 4299 Heu!
1285 4246 1390 4300 heu
1411 4244 1432 4298 l
1449 4247 1575 4315 jam
1597 4245 1754 4314 quasi
1764 4257 1863 4313 per

231 4334 522 4403 “speculum
565 4338 627 4390 in
654 4339 944 4407 aenigmate
992 4338 1142 4394 video
1167 4338 1402 4408 regalem
1425 4339 1738 4408 prosapiam
1789 4334 1859 4370 ⁸³⁸

1892 1729 1941 1797 Β

1885 3101 1935 3169 C

1973 489 2194 558 pedibus
2233 491 2562 557 conculcavi,
2611 491 3026 547 misericorditer
3059 495 3455 563 supplicantem
3485 495 3595 566 (83)

1981 581 2128 636 Video
2166 583 2333 636 etiam
2359 581 2424 636 de
2473 581 2762 651 longinquo
2790 583 2854 638 de
2901 584 3096 640 lumbis
3143 589 3276 642 meis
3321 589 3600 656 procedere

1975 671 2132 737 quasi
2159 669 2558 725 carbunculum
2577 673 2921 738 emicantem,
2940 674 3036 742 qui
3062 673 3232 742 gladii
3248 678 3366 745 .mei
3407 678 3598 746 capulo

1973 773 2267 829 connexus,
2305 776 2403 816 suo
2454 761 2728 832 splendore
2779 765 3054 819 Poloniam
3107 771 3278 821 totam
3328 769 3496 835 efﬁcit
3527 769 3592 804 ⁸⁸⁸

1971 855 2318 909 relucentem.
2374 855 2525 910 Tunc
2553 871 2686 910 vero
2728 856 2908 912 luctus
2939 863 2995 912 et
3048 873 3252 914 mceror
3295 859 3370 914 ibi
3411 871 3592 915 astan-

1976 944 2110 1000 tium
2141 953 2196 1000 et
2229 947 2332 1002 hoc
2371 947 2710 1004 audientium
2741 949 2925 1004 cordis
2955 950 3166 1005 viscera
3194 952 3594 1022 penetravit,et

1978 1055 2090 1111 prae
2129 1039 2322 1096 dolore
2349 1041 2518 1096 nimio
2551 1050 2766 1098 mentes
2793 1044 3041 1099 omnium
3071 1051 3263 1116 stupor
3289 1046 3594 1102 vehemens

1973 1129 2264 1200 occupavit
2323 1129 2566 1202 Cumque
2607 1133 2891 1204 paulisper
2919 1134 3110 1191 dolore
3139 1151 3456 1208 compresso
3484 1138 3592 1191 ⁸⁸³9

1973 1220 2316 1276 Bolezlavum
2370 1221 2732 1294 inquirerent,
2767 1232 2975 1296 quanto
3029 1232 3276 1298 tempore
3307 1227 3472 1284 funus
3506 1227 3592 1299 ip-

1967 1315 2084 1370 sius
2113 1315 2302 1371 habitu
2335 1317 2597 1388 cultuque
2631 1317 2849 1390 lugubri
2881 1319 3246 1388 celebrarent,
3286 1337 3421 1378 voce
3446 1323 3588 1377 veri-

1968 1406 2090 1463 dica
2121 1408 2438 1478 respondit:
2491 1416 2591 1464 Nec
2614 1411 2889 1466 mensibus
2917 1428 3015 1466 nec
3045 1417 3208 1469 annis
3253 1415 3444 1472 doloris
3472 1421 3586 1470 ter-

1967 1499 2184 1552 minum
2221 1497 2291 1532 ⁸⁸³
2336 1499 2480 1554 vobis
2522 1513 2681 1568 pono,
2721 1501 2813 1554 sed
2857 1516 3181 1571 quicumque
3214 1518 3302 1557 me
3345 1507 3587 1572 cognovit

1965 1601 2247 1656 meamque
2287 1589 2528 1656 gratiam
2574 1591 2878 1656 acquisivit,
2927 1605 3134 1646 memor
3174 1594 3283 1646 mei
3317 1593 3402 1647 die
3437 1597 3582 1648 cotti-

1965 1679 2050 1733 die
2082 1678 2150 1712 ⁸⁸⁸
2177 1693 2265 1734 me
2286 1681 2534 1748 plorabit.
2567 1685 2635 1735 Et
2689 1695 2803 1737 non
2847 1683 3018 1738 solum
3048 1686 3144 1752 qui
3193 1699 3281 1739 me
3323 1691 3589 1740 noverunt

1963 1782 2245 1837 meamque
2265 1768 2680 1824 benivolentiam
2699 1771 3026 1832 habuerunt,
3051 1788 3139 1828 me
3171 1775 3464 1843 plorabant
3489 1775 3578 1828 ⁸⁸⁵.

1961 1860 2050 1914 sed
2084 1861 2250 1915 etiam
2276 1875 2462 1916 eorum
2483 1862 2588 1927 ﬁlii
2611 1863 2816 1932 ﬁliique
2858 1863 3098 1928 ﬁliorum
3147 1865 3401 1921 Boleslavi
3450 1867 3587 1934 regis

1961 1950 2166 2005 obitum
2225 1952 2587 2006 narrantibus
2679 1953 2802 2006 aliis
2867 1955 3236 2010 condolebunt.
3295 1956 3583 2012 Bolezlavo

1961 2055 2094 2116 ergo
2125 2041 2194 2076 ⁸⁸⁸
2217 2057 2345 2116 rege
2383 2041 2454 2096 de
2481 2043 2762 2097 mundana
2783 2045 3204 2100 conversatione
3231 2046 3581 2104 descenden-

1961 2137 2014 2185 te
2047 2128 2184 2200 (86),
2227 2139 2362 2185 tetas
2409 2146 2577 2186 aurea
2616 2131 2682 2164 ⁸⁸⁷
2741 2131 2794 2186 in
2836 2131 3156 2202 plumbeam
3197 2133 3266 2169 ⁸⁸³
3323 2145 3409 2190 est
3448 2151 3584 2192 con-

1962 2238 2137 2278 versa.
2180 2223 2410 2280 Polonia
2473 2223 2626 2294 prius
2676 2224 2889 2298 regina,
2941 2240 3077 2280 auro
3113 2224 3393 2293 [radiante
3452 2244 3598 2304 cum

1959 2314 2196 2390 gemmis
2225 2325 2506 2382 coronata,
2537 2318 2696 2373 sedet
2723 2318 2791 2352 “9
2831 2317 2887 2372 in
2921 2317 3145 2389 pulvere
3175 2318 3459 2375 viduitatis
3488 2336 3586 2377 ve-

1959 2403 2136 2459 stibus
2183 2403 2449 2471 involuta,
2485 2405 2542 2459 in
2593 2405 2802 2462 luctum
2839 2407 3086 2477 cythara,
3134 2407 3360 2479 plausus
3409 2409 3479 2444 ⁸⁵⁰
3522 2409 3579 2464 in

1959 2511 2277 2562 maerorem,
2328 2512 2595 2572 organum
2640 2499 2706 2534 ⁸⁵⁸
2768 2497 2823 2553 in
2876 2498 3114 2570 suspiria
3157 2508 3577 2556 convertuntur.

1962 2587 2061 2644 Illo
2114 2587 2376 2643 nimirum
2406 2605 2552 2645 anno
2603 2590 2868 2647 continuo
2906 2593 2976 2626 ⁸⁵²
3023 2592 3206 2648 nullus
3251 2592 3306 2648 in
3350 2593 3578 2650 Polonia

1962 2675 2274 2731 convivium
2309 2677 2528 2748 publice
2567 2678 2887 2746 celebravit,
2931 2680 3118 2734 nullus
3141 2681 3344 2736 nobilis
3373 2682 3458 2737 vir
3496 2685 3580 2738 vel

1962 2768 2166 2826 femina
2215 2771 2562 2828 vestimentis
2610 2789 2671 2828 se
2727 2773 2797 2808 ⁸⁵³
2842 2773 3227 2844 solempnibus
3273 2776 3580 2841 adornavit,

1963 2861 2148 2917 nullus
2175 2862 2427 2934 plausus,
2457 2863 2644 2919 nullus
2685 2864 2926 2936 cylhara:
2965 2881 3136 2926 sonus
3167 2866 3497 2922 audiebatur
3527 2868 3581 2922 in

1962 2953 2266 3021 thabernis,
2299 2955 2450 3011 nulla
2463 2955 2740 3011 cantilena
2766 2956 3048 3028 puellaris,
3080 2957 3230 3014 nulla
3251 2973 3353 3014 vox
3379 2958 3581 3014 laetitiae

1962 3048 2254 3106 resonabat
2289 3050 2358 3086 ⁸³⁸
2385 3049 2442 3105 in
2465 3050 2662 3122 plateis
2707 3051 2836 3122 (87).
2874 3052 2984 3109 Hoc
3036 3071 3136 3125 per
3161 3070 3368 3110 annum
3424 3064 3511 3110 est
3545 3073 3577 3110 a

1961 3141 2176 3197 cunctis
2201 3141 2615 3211 Iuniversaliter
2651 3143 3027 3212 observatum,
3072 3147 3170 3201 sed
3215 3144 3349 3201 viris
3379 3145 3581 3202 nobili-

1961 3229 2066 3284 bus
2090 3237 2145 3286 et
2173 3230 2395 3286 feminis
2424 3232 2644 3302 plorare
2677 3232 3019 3288 Bolezlavum
3055 3241 3139 3289 est
3163 3251 3287 3290 cum
3320 3235 3448 3290 vitae
3472 3244 3579 3290 ter-

1961 3316 2113 3372 mino
2140 3317 2513 3374 terminatum.
2557 3318 2702 3392 Rege
2759 3319 2944 3391 itaque
2976 3321 3280 3376 Bolezlawo
3311 3322 3457 3376 inter
3485 3322 3580 3376 ho-
3623 3367 3649 3380 κ

1963 3409 2142 3464 mines
2167 3419 2422 3472 exeunte,
2444 3426 2550 3481 pax
2577 3419 2632 3465 et
2660 3409 2854 3466 laetitia
2885 3427 3182 3482 rerumque
3211 3412 3370 3482 copia
3387 3412 3582 3466 viden-

1962 3503 2051 3552 tur
2086 3496 2247 3551 simul
2279 3497 2349 3552 de
2407 3497 2636 3553 Polonia
2671 3513 3030 3554 commeasse.
3076 3500 3350 3556 Hactenus
3379 3499 3578 3572 [Bolez-

1965 3592 2071 3648 lavi
2124 3592 2309 3666 magni
2364 3592 2618 3648 laudibus
2685 3593 2910 3648 termini
2965 3601 3166 3649 metam
3223 3595 3573 3666 inponamus,

1960 3680 2192 3758 ejusque
2224 3685 2390 3740 funus
2413 3685 2817 3758 aliquantulum
2844 3685 3086 3741 carmine
3118 3687 3339 3762 lugubri
3385 3687 3575 3761 lugea-

1958 3793 2101 3833 mus.
2329 3855 2402 3906 De
2425 3855 2597 3907 morte
2622 3850 2888 3906 Βοιαὶαυί
2927 3852 3198 3906 carmina.

2031 3967 2219 4023 Omnis
2240 3974 2394 4033 tetas,
2416 3967 2600 4024 omnis
2627 3983 2812 4036 sexus,
2842 3967 3027 4024 omnis
3045 3967 3202 4034 ordo,
3235 3965 3464 4023 currite!

1963 4058 2232 4114 Bolezlavi
2266 4059 2416 4134 regis
2434 4057 2600 4115 funus
2612 4059 2979 4116 condolentes
3001 4059 3236 4125 cernite,

1959 4148 2134 4220 Atque
2165 4154 2394 4204 mortem
2417 4149 2553 4204 tanti
2576 4149 2675 4204 viri
2697 4149 2860 4204 simul
2887 4164 3100 4204 mecum
3131 4146 3403 4223 plangite!

2033 4237 2176 4295 Heu!
2211 4238 2350 4294 heu!
2381 4241 2450 4276 ⁸⁵⁵
2479 4239 2777 4304 Bolezlave,
2811 4239 2908 4295 ubi
2943 4250 3034 4296 tua
3054 4237 3276 4314 gloria?

1961 4330 2061 4386 Ubi
2085 4331 2278 4400 virtus,
2307 4331 2405 4388 ubi
2435 4332 2605 4388 decus
2629 4332 2719 4399 ⁸³⁸,
2750 4331 2843 4388 ubi
2873 4347 3053 4386 rerum
3083 4329 3289 4400 copia?

1586 4434 1809 4492 VABl/E
1847 4429 2226 4489 LECTIONES.

321 4520 390 4558 ⁸⁰⁹
421 4521 768 4597 habundaret
819 4525 873 4578 2.
976 4524 1045 4560 “°
1074 4525 1343 4597 querebat
1391 4525 1444 4581 2.
1518 4528 1569 4580 3.
1695 4525 1768 4597 _m

246 4595 418 4658 dium,
448 4595 644 4648 ultima
671 4609 794 4650 vero
819 4597 1001 4651 littera
1029 4595 1138 4653 tota
1165 4603 1296 4652 sunt
1331 4599 1530 4653 deleta.

249 4665 354 4719 lem
397 4665 448 4718 1.
507 4664 561 4719 2.
634 4665 704 4700 ⁸¹⁶
729 4680 1110 4722 conservarem
1152 4669 1204 4723 3.

247 4736 555 4806 comparari
597 4736 649 4790 3.
742 4737 811 4771 ⁸²⁰
836 4738 946 4794 vita
995 4737 1050 4794 2.
1142 4739 1207 4774 ⁸¹¹
1238 4745 1418 4794 autem
1459 4741 1512 4794 5.

251 4877 320 4911 m
343 4884 399 4932 et
450 4877 504 4933 2.
565 4879 618 4933 3.
691 4878 758 4913 ηπ

250 4964 368 5002 rum
417 4949 471 5002 2.

245 5019 538 5094 scitura}.
579 5020 718 5094 2.3.
794 5022 864 5057 ⁸³⁸
884 5023 984 5094 tuti
1019 5019 1328 5094 namquet.
1359 5024 1409 5078 2.
1442 5025 1496 5079 3.

247 5090 426 5146 mines
453 5091 506 5147 3.

817 4887 871 4934 et
927 4882 1077 4936 addit
1123 4881 1176 4935 2.

247 5303 466 5385 deus.2.
497 5303 550 5359 3.
643 5303 714 5340 ⁸³⁸)
751 5306 974 5411 pallium
1025 5309 1074 5363 1.
1107 5307 1162 5362 2.
1205 5309 1258 5364 3.
1311 5309 1536 5376 plausus
1561 5309 1626 5364 ed
1667 5308 1790 5364 Ged.

247 5385 444 5411 manlia
472 5390 530 5411 an
561 5375 594 5411 ρ
703 5377 748 5411 ιδ
791 5377 1170 5411 ωυιιοιιαιιηρ
1284 5380 1514 5411 ιδιςοιηςι
1573 5379 1678 5411 Imm.
1711 5379 1744 5411 ’ἓ

1284 5380 1354 5415 ⁸⁵³
1373 5380 1540 5447 eheu,
1573 5379 1681 5434 heu
1711 5379 1764 5434 3.

245 5375 446 5431 mentis
472 5390 530 5430 se
561 5375 614 5431 3.
703 5375 771 5411 ⁸³⁸
790 5377 1120 5433 audiebatur
1136 5379 1190 5434 3.

1803 4524 1934 4596 quia
1980 4527 2035 4582 2.

1639 4595 1711 4631 ⁸⁸³
1738 4595 2042 4667 quamlibet
2073 4599 2117 4652 t.
2159 4596 2214 4652 2.

1301 4668 1371 4752 ξιτ
1399 4667 2014 4752 debentmsuccessores
2043 4671 2348 4752 transponit
2375 4669 2462 4752 3..

1609 4737 1678 4819 ⁸³³
1705 4737 2273 4820 εοειῇξιῄθεῑΑωΙΙειέᾷα
2299 4756 2396 4820 pro

250 4807 316 4840 ⁸²³
343 4807 530 4862 multis
586 4807 639 4862 2.
691 4807 790 4862 fuit
838 4809 948 4865 vita
997 4809 1184 4864 multis
1231 4826 1330 4880 pro
1363 4810 1528 4866 fuerit
1577 4807 1944 4864 vita—militis
1981 4811 2034 4865 3.

251 4877 320 4911 ⁸²⁶
343 4884 399 4932 et
450 4877 504 4933 2.
565 4879 618 4933 3.
691 4878 758 4913 ⁸³⁷
817 4887 871 4934 et
927 4882 1077 4936 addit
1123 4881 1176 4935 2.
1286 4881 1356 4916 ⁸³⁸
1394 4881 1638 4937 archien.
1703 4879 1951 4937 eniscooi
2009 4898 2034 4937 υ

565 4896 618 4933 δ.
691 4896 756 4913 η’
817 4896 871 4934 et
927 4896 1077 4936 aaait
1123 4896 1176 4935 z.
1286 4896 1356 4916 ἰο
1394 4896 1638 4952 arcmep.
1703 4896 1951 4951 episcopi
2007 4896 2104 4950 pro
2155 4896 2205 4935 e.
2273 4897 2324 4937 a.
2383 4896 2436 4940 3.
2537 4896 2606 4918 ην
2639 4896 2930 4955 presbitert
2979 4896 3029 4938 δ.
3144 4896 3265 4936 ωνε

562 4950 626 4984 ⁸³⁸
669 4965 791 5004 cum
825 4951 878 5005 2.
937 4953 991 5006 3.
1073 4952 1142 4986 ⁸³³
1167 4953 1550 5023 pronunciavit
1607 4951 1657 5007 3.
1745 4951 1816 4985 ⁸³³
1841 4952 1984 5008 deest
2009 4951 2063 5010 3.
2112 4953 2296 5008 relicto
2349 4958 2523 5026 spatio
2557 4970 2744 5011 vacuo.
2807 4955 2876 4990 ⁸³⁸
2905 4953 3166 5008 innutrivi
3212 4954 3265 5008 3.

579 5021 632 5074 2.
665 5020 718 5074 3.
794 5022 864 5057 ⁸³⁸
884 5023 984 5077 tuti
1019 5025 1328 5077 namuuet.
1359 5024 1409 5077 2.
1442 5025 1496 5077 3.
1588 5023 1655 5058 ⁸³⁷
1683 5021 1996 5077 sediciones
2025 5023 2355 5077 accedentes
2381 5041 2474 5077 ora
2501 5025 2802 5077 sedicionis
2838 5025 3210 5077 accendentes
3235 5025 3265 5077 3

597 5031 632 5074 ι.
665 5031 718 5074 3.
794 5031 864 5057 ⁸³⁸
884 5031 984 5078 tuti
1019 5031 1328 5094 namquet.
1359 5031 1409 5078 2.
1442 5031 1496 5079 3.
1588 5031 1654 5058 ⁸³³
1683 5031 1996 5078 sediciones
2025 5031 2355 5079 accedentes

597 5091 668 5126 ⁸³⁹
683 5108 869 5165 regem
903 5093 1065 5149 talem
1101 5110 1200 5165 pro
1231 5095 1516 5166 sapiencia
1546 5111 1640 5164 pro
1681 5093 1921 5166 regalem
1950 5093 2266 5198 prosapiam
2309 5096 2358 5150 3.

635 5169 688 5198 ni
720 5179 913 5198 nrnccn
941 5181 1035 5198 mn
1072 5166 1262 5198 (Inlnnn
1293 5181 1610 5198 nnmnnncnn
1643 5167 1664 5198 Ι
1718 5165 1754 5198 θ
1803 5163 1836 5198 ρ
1975 5165 2021 5198 ‘3
2044 5166 2182 5198 llam!
2210 5166 2245 5198 ο

250 5161 318 5195 ⁸⁸³
343 5161 610 5244 dolorem
635 5161 913 5244 etpresso
935 5181 1053 5244 ρης)-
1071 5161 1262 5222 dolore
1293 5161 1610 5244 compresso
1643 5161 1775 5244 1.2“.
1891 5197 1896 5202 ‘
1950 5161 1996 5244 ⁸⁸

243 5239 374 5288 sunt
401 5231 435 5290 3
541 5234 610 5268 ⁸⁸⁸
640 5231 809 5340 igitur
845 5235 899 5292 3.
935 5231 952 5236 ⁷
985 5236 1053 5271 ⁸⁸⁷
1075 5252 1272 5292 aureas
1310 5239 1360 5293 1.
1388 5231 1466 5293 sic
1507 5237 1698 5292 habuit
1727 5243 1779 5292 et
1805 5234 1858 5292 2.
1897 5235 1988 5292 sed
2029 5253 2064 5291 (ι
2093 5244 2384 5318 correctore
2411 5256 2438 5294 s
2465 5231 2744 5296 delectum.
2823 5239 2892 5274 ⁸⁸⁸

247 5303 385 5342 (Iona
412 5303 447 5342 9
498 5303 531 5342 2
643 5305 663 5338 ι
753 5306 974 5342 multum
1025 5309 1046 5342 4
1107 5307 1144 5342 ο
1207 5309 1239 5342 σι
1311 5309 1533 5342 ..ιοηεηο
1564 5309 1626 5342 ΔΑ
1667 5308 1774 5342 aut
1883 5307 1948 5342 tu
1981 5307 2300 5342 amnt.an
2413 5311 2484 5342 tn
2520 5311 2660 5342 ιιι»...
2689 5311 2721 5342 9
2812 5310 2882 5342 ts:

1864 5378 1935 5413 ⁸⁵⁸
1962 5377 2133 5434 decor
2161 5379 2214 5434 3.

2158 4527 2228 4599 ⁸η
2257 4528 2522 4599 quidq’ua
2582 4527 2636 4583 2.
2724 4529 2816 4599 sed
2891 4525 3568 4599 penultima‘l’erﬂimi'

2311 4594 2728 4655 “‘honorarem
2774 4594 3140 4654 2.0nerarem
3209 4594 3261 4652 3,
3380 4595 3449 4630 ιιι
3483 4603 3568 4650 ιη-

2311 4671 2348 4722 it
2375 4669 2429 4722 3.
2509 4671 2715 4722 “'inse
2760 4671 2910 4722 addit
2953 4669 3006 4722 3.
3082 4667 3152 4702 ⁸¹⁹
3172 4665 3386 4722 aparari
3437 4665 3548 4722 {,2

2305 4671 2348 4724 it
2375 4669 2429 4724 3.
2509 4671 2715 4742 “'ipse
2760 4671 2910 4750 addit
3082 4669 3152 4702 ⁸¹⁹
3172 4669 3386 4738 aparari
3437 4669 3548 4722 L2

2305 4740 3080 4864 Messa'itts‘s?
3107 4737 3474 4864 σοιέξέιξξηςίξ
3509 4737 3564 4864 ξς

3293 4827 3338 4866 SI
3402 4827 3448 4864 1.
3509 4827 3564 4864 Ζ.

3144 4880 3216 4916 ⁸³⁸³
3256 4881 3568 4950 completo-

3144 4953 3165 4988 ις
3213 4954 3246 4988 ει
3358 4953 3426 4988 ωδ
3461 4966 3567 4988 nn-

3461 4966 3567 5004 ηο-

2159 4810 2228 4845 ⁸³⁸
2257 4817 2317 4866 ut
2388 4810 2644 4867 addit'2.
2701 4812 2960 4868 recitatur
3020 4811 3074 4866 3.

2007 4896 2104 4955 pro
2155 4896 2205 4955 e_.
2273 4897 2324 4937 a.
2383 4882 2436 4940 3.
2537 4883 2606 4918 "9
2639 4882 2930 4955 presbiteri
2979 4881 3029 4938 3.

2381 5022 2474 5096 pro
2501 5025 2802 5082 sedicionis
2838 5025 3214 5096 accendentes
3234 5025 3288 5096 3.
3314 5022 3441 5096 “9°
3470 5023 3568 5096 h9-

3177 5095 3243 5130 ⁴⁸¹
3272 5091 3477 5150 efﬁciet
3506 5093 3559 5147 3.

3158 5163 3455 5236 plorabunt
3477 5165 3569 5219 dc-

2466 5096 2536 5131 ⁸⁸⁰
2555 5098 2891 5152 exultantem
2921 5097 2974 5151 2.
3007 5097 3059 5150 3.

2371 5167 2439 5202 ⁸⁸⁸
2470 5175 2744 5240 nocteque
2773 5170 2824 5224 3.
2876 5239 2884 5240 ί
2913 5168 2982 5240 ⁸⁸⁸
3012 5183 3101 5240 me

2922 5234 3213 5310 plumbeas
3241 5236 3294 5290 2.
3381 5234 3448 5270 ⁸⁸³
3479 5251 3570 5310 se-

2413 5311 2484 5346 ⁸⁵²
2519 5311 2660 5367 deest
2687 5311 2739 5367 3.
2812 5310 2882 5346 ⁸⁵³
2909 5304 2970 5366 ἑθ
2993 5307 3244 5366 vestibus
3277 5321 3374 5376 pro
3397 5304 3568 5362 vesti-

1997 5165 2021 5199 ³
2042 5166 2182 5222 deest
2210 5166 2264 5220 2.

1978 5307 2242 5376 gaudium
2264 5308 2316 5366 3.

1795 5469 2000 5527 NOTAE.

314 5553 426 5624 (85)
443 5553 722 5630 Δξἐιρωειζιί
772 5555 948 5630 Herby
990 5563 1282 5630 rycerstwa
1328 5559 1441 5630 pol.
1486 5558 1626 5616 forte
1664 5576 1729 5616 ex
1759 5575 1856 5617 co-

247 5623 369 5703 dice
406 5625 514 5703 alio
535 5623 868 5703 orationem
892 5623 1045 5703 hanc
1071 5629 1237 5701 paulo
1267 5623 1488 5687 diverso
1527 5633 1692 5688 modo
1722 5647 1853 5703 pro-

249 5694 568 5774 f‘ert,’dicit_
591 5697 774 5774 enim:
812 5694 1234 5774 Videoregnum
1281 5705 1366 5774 in,
1389 5704 1568 5759 multa
1595 5694 1854 5774 variaque

247 5767 455 5833 frustra
490 5770 665 5827 scindi
709 5776 815 5826 etc.
846 5771 995 5844 quod
1031 5767 1080 5829 si
1117 5772 1188 5830 de
1231 5773 1430 5830 tradita
1475 5791 1507 5831 a
1535 5767 1848 5833 Thietmaro

1956 5564 2230 5644 divisione
2267 5569 2439 5644 regni
2463 5569 2604 5644 inter
2633 5570 2779 5628 tilios
2820 5569 3053 5644 Boleslai
3073 5567 3328 5644 intelligi
3359 5578 3566 5641 posset,

1955 5638 2139 5710 magni
2179 5638 2443 5697 moménti
2473 5641 2866 5699 documentum
2895 5640 3039 5698 foret
3067 5641 3123 5696 8.

2025 5709 2138 5796 ςὲἒ)
2171 5711 3175 5796 ἓὶθΨ..ῐ¹¹⁰[⁸ί⁸.νίίὲ9,δΡυάΡίὶεηὶἒέηρ
3207 5728 3248 5779 ι»
3276 5711 3461 5796 “sit:

2026 5781 2133 5852 (87)
2176 5782 2254 5840 Cf.
2295 5782 2416 5841 Vita
2457 5784 2510 5840 S.
2545 5781 2804 5856 Ladislai,
2831 5784 2924 5844 ed.
2953 5783 3271 5853 Endlicber,
3302 5782 3486 5851 1,241.
3508 5781 3563 5835 S.
