3948 6044
323 223 432 277 863

325 349 470 404 Satis
512 355 680 404 restat
709 349 777 402 ad
807 347 1158 419 plorandum,
1191 364 1273 402 vae
1305 346 1470 402 michi
1495 345 1751 402 Polonial

399 442 709 496 Sustentate
740 457 827 496 me
859 441 1150 496 cadentem
1181 456 1290 510 prae
1329 439 1543 508 dolore,
1577 438 1831 505 comites,

328 531 569 586 Viduatae
591 530 780 597 michi,
813 547 1025 602 quaso,
1060 529 1353 586 condolete
1393 529 1619 596 milites,

327 621 561 676 Desolati
583 618 913 692 respondete
945 621 1035 686 ⁸⁵⁷,
1063 625 1176 676 Heu
1198 618 1378 676 nobis!
1415 616 1694 691 hospites!

399 717 643 781 Quantus
673 715 848 772 dolor.
883 724 1124 786 quantus
1170 715 1349 770 luctus
1379 721 1494 768 erat
1545 711 1938 784 pontificibus!

327 805 519 860 Nullus
545 804 722 878 vigor,
758 804 942 858 nullus
963 819 1188 870 sensus,
1223 803 1373 857 nulla
1413 819 1568 858 mens
1595 802 1652 856 in
1685 801 1942 857 ducibus.

331 896 476 952 lleu!
521 899 628 952 heu
653 895 664 950 !
691 895 1012 968 capellanis,
1042 896 1147 950 heu
1177 895 1282 950 sibi
1315 896 1382 929 ⁸⁵⁸
1407 893 1693 951 omnibus!

398 989 506 1043 Vos
531 988 624 1060 qui
655 996 886 1058 torques
910 986 1214 1059 portabatis
1255 985 1309 1040 in
1343 985 1562 1061 signum
1605 983 1838 1052 militiae,

328 1081 389 1134 Et
415 1081 508 1152 qui
529 1087 710 1136 vestes
726 1081 1022 1136 mutabatis
1040 1091 1181 1138 totas
1207 1079 1457 1136 cottidie.

327 1177 498 1232 Simul
525 1192 720 1232 omnes
751 1185 1023 1243 resonate,
1070 1183 1170 1244 Vae,
1201 1191 1300 1240 me,
1330 1175 1480 1229 nobis
1507 1171 1696 1228 hodie!

399 1266 505 1320 Vos
531 1276 818 1332 matronae,
849 1282 969 1338 quae
993 1281 1227 1321 coronas
1247 1263 1549 1339 gestabatis
1579 1278 1797 1325 aureas,

332 1355 391 1409 Et
412 1371 536 1426 qum
570 1366 749 1410 vestes
773 1355 1063 1409 habebatis
1093 1362 1232 1410 totas
1249 1353 1566 1408 aurifriseas
1594 1353 1686 1421 ‘5’,
1752 1405 1760 1411 .

334 1451 424 1505 llis
453 1453 521 1485 ὀδο
552 1459 750 1516 exutae,
783 1451 1033 1506 vestiatis
1060 1450 1325 1525 lugubres
1359 1456 1414 1504 et
1441 1449 1646 1504 laneas.

409 1543 544 1609 Heu,
577 1543 682 1597 heu
708 1542 720 1596 !
743 1543 1048 1611 Boleslave,
1077 1560 1174 1598 cur
1205 1558 1326 1607 nos,
1361 1549 1533 1612 pater,
1555 1540 1805 1596 deseris?

333 1633 478 1686 Deus
500 1632 662 1686 talem
697 1631 872 1687 virum
915 1649 1176 1704 umquam
1203 1631 1343 1686 mori
1375 1647 1474 1685 cur
1505 1630 1824 1702 permiseris
1852 1630 1880 1683 ?

339 1725 443 1780 Cur
469 1742 579 1781 non
630 1725 782 1796 prius
809 1726 971 1782 nobis
1010 1727 1075 1762 ⁴⁶¹
1108 1742 1274 1781 unam
1308 1724 1472 1780 simul
1510 1731 1740 1780 mortem
1767 1724 1946 1779 dede-

1641 1816 1735 1888 [ris
1758 1817 1827 1851 ιθι
1852 1815 1880 1869 γ

410 1907 543 1962 Tota
577 1917 720 1962 terra
747 1907 1050 1978 desolatur,
1089 1909 1180 1962 tali
1211 1907 1280 1942 ⁸6³
1303 1922 1432 1979 rege
1452 1906 1640 1974 vidua,

349 1999 502 2054 Sicut
533 2016 634 2055 suo
662 2015 985 2071 possessore
1011 1999 1148 2055 facta
1173 1999 1371 2054 domus
1398 2014 1590 2064 vacua,

342 2088 451 2142 Tua
498 2096 673 2143 morte
705 2089 918 2163 lugens,
954 2105 1215 2154 moerens,
1251 2095 1453 2142 nutans
1487 2088 1554 2121 ‘5‘
1587 2095 1643 2142 et
1675 2087 1954 2160 ambigua.

344 2186 370 2243 ;
417 2180 568 2235 Tanti
598 2181 696 2235 viri
729 2181 893 2237 funus
922 2198 1161 2248 mecum,
1195 2180 1376 2236 omnis
1412 2180 1598 2246 homo,
1627 2179 1832 2247 recole,

346 2272 529 2337 Dives,
555 2289 786 2343 pauper,
819 2273 1001 2339 miles,
1033 2273 1238 2337 clerus,
1273 2271 1500 2342 insuper
1525 2270 1806 2343 agricolae,

349 2364 665 2420 Latinorum
699 2375 755 2420 et
786 2365 1070 2421 Slavorum
1103 2366 1170 2400 ‘55
1219 2364 1329 2434 (88)
1388 2370 1660 2435 quotquot
1713 2363 1844 2419 estis
1879 2364 1964 2418 in-

1712 2453 1863 2526 [colae
1879 2454 1890 2508 ι

425 2542 486 2596 Et
508 2550 585 2608 tu,
619 2543 791 2598 lector
831 2541 990 2598 bonae
1033 2542 1259 2608 mentis,
1304 2543 1422 2598 haec
1450 2543 1519 2577 ⁸⁸⁵
1541 2543 1965 2616 quicumque"67

1653 2633 1892 2706 [legeris,

353 2722 566 2789 Quaeso,
598 2729 780 2777 motus
807 2721 1033 2794 pietate,
1067 2722 1321 2778 lacrimas
1335 2721 1616 2788 effuderis,

354 2814 577 2870 Multum
603 2814 713 2870 eris
740 2815 1094 2883 inhumanus,
1130 2815 1236 2870 nisi
1269 2817 1336 2850 ⁵⁸⁸
1368 2831 1581 2871 mecum
1615 2814 1853 2881 ﬂeveris,

429 2929 516 2985 17.
540 2929 632 2983 'De
653 2932 981 2984 successione
1005 2932 1290 2984 Meae/tonis
1315 2931 1537 2984 secundi
1563 2931 1895 2999 Botezlaydes

991 3001 1216 3056 Gloriosi
1242 3003 1328 3053 ‘59.

431 3092 722 3163 Postquam
768 3107 898 3164 ergo
934 3108 1168 3166 magnus
1197 3093 1516 3148 Bolezlavus
1546 3092 1615 3147 de
1643 3094 1850 3148 mundo
1879 3094 1971 3149 de-

357 3183 545 3250 cessit,
574 3183 854 3238 secundus
905 3183 1124 3241 Mescho
1156 3185 1246 3252 ‘70,
1277 3184 1422 3240 ﬁlius
1459 3184 1597 3254 ejus,
1633 3185 1689 3240 in
1735 3202 1964 3262 regnum

357 3275 640 3342 successit,
668 3275 797 3346 quia
820 3276 934 3345 jam
980 3276 1045 3310 “1
1079 3276 1296 3331 vivente
1328 3285 1478 3347 patre
1523 3293 1770 3333 sororem
1822 3277 1966 3333 tertii

360 3367 570 3422 Ottonis
599 3367 947 3438 imperatoris
980 3368 1091 3440 (89)
1131 3385 1355 3425 uxorem
1387 3377 1697 3441 acceperat,
1753 3371 1820 3425 de
1862 3386 1969 3442 qua

360 3460 684 3515 Kazimirum
715 3461 846 3532 (90),
892 3461 945 3516 id
978 3471 1063 3517 est
1093 3462 1372 3529 Karolum,
1407 3469 1834 3519 restauratorem
1869 3463 1971 3519 Po-

361 3553 525 3609 lonia;
557 3562 872 3624 procrearat
896 3555 983 3606 ‘7’.
1032 3554 1125 3609 Hic
1152 3571 1282 3610 vero
1315 3555 1534 3611 Mescho
1565 3556 1634 3589 ⁸⁷³
1664 3556 1822 3610 miles
1851 3571 1974 3627 pro-

362 3643 464 3696 bus
493 3640 612 3708 fuit,
658 3643 940 3714 multaque
966 3650 1119 3715 gesta
1148 3643 1428 3710 militaria,
1466 3660 1589 3715 quae
1635 3645 1860 3718 longum
1891 3653 1974 3699 est

359 3730 567 3797 dicere,
599 3731 955 3802 perpetravit.
991 3733 1085 3786 Hic
1113 3732 1278 3786 etiam
1332 3739 1557 3803 propter
1587 3734 1654 3767 ‘7‘
1693 3734 1864 3805 patris
1889 3734 1976 3788 in-

360 3822 564 3876 vidiam
625 3822 821 3877 vicinis
859 3823 1116 3877 omnibus
1144 3823 1322 3878 extitit
1349 3824 1596 3890 odiosus,
1642 3842 1763 3890 nec,
1811 3825 1968 3880 sicud

362 3918 520 3982 pater
543 3912 684 3980 ejus,
713 3913 822 3968 vita
853 3914 921 3947 “5
947 3913 1033 3967 vel
1049 3913 1296 3968 moribus
1339 3914 1419 3969 vel
1451 3915 1660 3970 divitiis
1687 3917 1947 3987 cepiosus

364 4006 570 4062 Dicitur
593 4009 756 4063 etiam
785 4025 816 4062 a
858 4009 1171 4064 Bohemicis
1218 4009 1287 4043 ⁸⁷⁸
1335 4009 1389 4063 in
1417 4009 1695 4082 colloquio
1743 4027 1841 4082 per
1861 4022 1972 4066 tra—

363 4093 631 4151 ditionem
687 4104 900 4168 captus,
950 4106 1005 4152 et
1053 4097 1334 4170 genitalia,
1382 4115 1450 4154 ne
1494 4099 1722 4173 gignere
1764 4107 1970 4172 posset,

1587 218 1936 275 CHRONICE
1972 215 2400 275 POLONORUM.

1962 350 2015 418 Α
2045 344 2296 417 corrigiis
2335 344 2611 409 astrictus,
2669 342 2801 415 quia
2838 358 2931 398 rex
2983 340 3301 398 Bolezlavus
3336 349 3492 412 pater
3540 342 3696 409 ejus

2043 437 2279 492 similem
2312 436 2398 492 eis
2430 435 2686 505 injuriam
2717 434 2921 490 fecerat
2947 435 3015 468 ⁵⁷⁷
3049 435 3160 502 (an.
3194 433 3348 503 1003)
3388 450 3560 504 quum
3591 433 3698 468 ⁸⁷⁸

2042 543 2233 583 eorum
2274 526 2466 581 ducem
2502 525 2613 595 (9t)
2640 539 2914 595 suumque
2944 523 3275 578 avunculum
3305 527 3698 576 excecaverat

3553 211 3696 268 864-

2044 616 2143 682 Qui
2167 616 2234 670 de
2257 614 2518 685 captione
2543 612 2769 684 quidem
2800 612 2987 676 exivit,
3024 611 3120 666 sed
3155 627 3378 666 uxorem
3423 610 3682 665 ulterius

2047 721 2157 761 non
2183 703 2462 778 cognovit.
2493 702 2598 757 Sed
2629 703 2698 736 ‘7’
2741 703 2809 756 de
2848 701 3142 756 Meschone
3177 700 3457 762 sileamus,
3506 706 3566 754 et
3589 698 3678 752 ad

2049 797 2374 854 Kazimirum
2410 803 2833 850 restauratorem
2867 793 3107 850 POIODiEB
3140 793 3548 848 descendamus
3569 791 3683 846 ‘80.

2047 946 2135 1001 18.
2171 951 2240 1000 De
2264 948 2591 1000 successione
2622 949 2673 998 et
2701 943 2986 1012 dejectione
3017 942 3274 994 Kazimiri
3298 945 3412 1008 post
3439 945 3676 992 mortem

2705 1037 2877 1104 patris
2917 1034 3006 1088 ‘3‘.

2122 1183 2246 1253 (An.
2285 1178 2438 1248 1034)
2483 1176 2696 1232 Mortuo
2729 1176 2895 1248 igitur
2941 1175 3195 1230 Mescone
3248 1174 3380 1244 (92),
3415 1174 3510 1246 qui
3545 1183 3678 1244 post

2051 1273 2265 1329 obitum
2310 1270 2457 1343 regis
2493 1270 2561 1303 ⁴⁸²
2609 1267 2880 1323 Bolezlavi
2927 1283 3120 1338 parum
3164 1266 3320 1333 vixit,
3366 1266 3676 1320 Kazimirus

2047 1381 2169 1420 cum
2204 1371 2379 1418 matre
2425 1360 2696 1433 imperiali
2751 1375 2886 1430 puer
2938 1359 3198 1430 parvulus
3270 1358 3532 1412 remansit
3573 1358 3662 1410 “3.

2049 1453 2178 1518 Quae
2219 1467 2343 1507 cum
2396 1450 2572 1505 libere
2605 1448 2778 1504 ﬁlium
2836 1450 2906 1484 ‘3‘
2933 1449 3214 1514 educaret,
3267 1457 3322 1503 et
3373 1462 3470 1517 pro
3499 1446 3667 1502 modo

2050 1545 2292 1600 femineo
2334 1559 2567 1618 regnum
2626 1540 2931 1597 honoriﬁce
2985 1540 3343 1614 gubernaret,
3379 1539 3674 1594 traditores

2053 1651 2173 1690 eam
2201 1634 2269 1688 de
2313 1647 2484 1707 regno
2513 1637 2735 1703 propter
2763 1631 2832 1665 ⁴⁸⁶
2871 1630 3134 1684 invidiam
3169 1631 3497 1698 injecerunt,
3530 1645 3672 1699 pue-

2054 1739 2287 1796 rumque
2337 1739 2497 1778 suum
2547 1737 2735 1777 secum
2781 1721 2836 1775 in
2885 1737 3055 1794 regno
3106 1721 3265 1792 quasi
3317 1720 3671 1791 deceptionis

2056 1816 2513 1874 obumbraculum
2548 1822 2843 1871 tenuerunt
2868 1815 3000 1885 (93).
3032 1815 3134 1880 Qui
3163 1831 3288 1870 cum
3336 1823 3486 1870 esset
3515 1812 3678 1868 adul-

2060 1920 2146 1966 tus
2175 1915 2335 1964 aetate
2366 1914 2420 1963 et
2463 1921 2695 1982 regnare
2739 1905 3023 1976 coepisset,
3075 1903 3335 1960 malitiosi
3365 1903 3544 1966 veriti,
3605 1919 3683 1956 ne

2061 2000 2251 2055 matris
2303 1997 2560 2067 injuriam
2602 1995 2932 2063 vindicaret,
2981 1993 3037 2048 in
3073 2011 3197 2050 eum
3256 1993 3686 2048 insurrexerunt

2059 2107 2300 2162 eumque
2354 2091 2408 2144 in
2442 2088 2735 2162 Ungariam
2763 2087 3025 2143 secedere
3057 2093 3379 2160 coegerunt.
3414 2086 3486 2141 Eo
3518 2101 3684 2139 nam-

2063 2201 2171 2256 que
2198 2191 2448 2254 tempore
2469 2187 2691 2236 sanctus
2721 2181 3035 2250 Stephanus
3068 2179 3358 2254 Ungariam
3390 2178 3674 2252 guberna-

2065 2279 2178 2345 bat,
2204 2290 2440 2347 eamque
2458 2281 2590 2330 tune
2621 2273 2858 2344 primum
2886 2273 2956 2308 ⁸³⁸
2975 2273 3043 2327 ad
3063 2271 3227 2327 fidem
3262 2271 3428 2326 minis
3456 2269 3693 2325 etblan-

2069 2368 2220 2424 ditiis
2249 2367 2314 2402 ⁸⁸⁷
2344 2365 2723 2431 convertebat,
2757 2365 2850 2436 qui
2891 2380 3014 2420 cum
3057 2363 3369 2419 Bohemicis
3397 2363 3488 2428 “8,
3523 2362 3693 2417 Polo—

2069 2472 2262 2512 norum
2304 2453 2680 2510 infestissimis
2721 2453 2985 2521 inimicis,
3042 2469 3237 2524 pacem
3296 2460 3350 2508 et
3386 2452 3691 2507 amicitiam

2067 2546 2361 2611 retinebat,
2391 2560 2496 2599 nec
2529 2559 2657 2598 eum
2682 2543 2942 2610 liberum,
2964 2543 3330 2614 quoadusque
3370 2541 3524 2610 vixit,
3557 2559 3692 2614 gra-

2068 2639 2142 2695 tia
2170 2637 2506 2693 dimittebat.
2548 2636 2664 2701 Quo
2690 2635 2760 2690 de
2783 2635 2885 2690 hac
2911 2635 3021 2691 vita
3053 2635 3324 2708 migrante
3356 2634 3454 2705 (an
3504 2635 3691 2703 1038).

2067 2732 2255 2786 Petrus
2272 2729 2565 2784 Veneticus
2590 2727 2835 2801 Ungariae
2859 2743 3090 2802 regnum
3113 2727 3344 2797 recepit,
3376 2727 3471 2797 qui
3493 2727 3686 2781 eccle-

2065 2824 2202 2878 siam
2225 2821 2398 2876 sancti
2426 2819 2650 2875 Petride
2671 2819 3014 2874 Bazoario‘”
3046 2820 3151 2887 (94)
3181 2819 3482 2884 inchoavit,
3514 2834 3684 2890 quam

2067 2913 2251 2968 nullus
2289 2927 2382 2966 rex
2409 2910 2478 2945 ⁴⁹⁰
2515 2910 2586 2964 ad
2626 2909 2858 2964 modum
2891 2909 3262 2964 inchoationis
3305 2925 3480 2980 usque
3513 2909 3687 2964 hodie

1989 3038 2040 3107 Ο
2069 2998 2487 3058 consummavit.
2532 2998 2629 3053 Hic
2658 2997 2852 3052 Petrus
2889 2997 3055 3053 etiam
3105 3007 3326 3071 rogatus
3354 3013 3384 3050 a
3418 2997 3687 3052 Bohemi-

2069 3095 2148 3150 cis
2196 3093 2293 3157 ‘9‘;
2328 3106 2400 3145 ne
2439 3089 2768 3144 Kazimirum
2829 3088 3150 3157 dimitteret,
3181 3089 3228 3144 si
3281 3105 3404 3144 cum
3435 3089 3518 3143 eis
3546 3089 3694 3144 ami-

2067 3188 2253 3245 citiam
2284 3186 2352 3241 ab
2410 3184 2856 3240 antecessoribus
2912 3190 3189 3255 receptam
3232 3183 3469 3238 retinere
3501 3185 3693 3248 vellet,

2067 3293 2203 3334 voce
2243 3274 2412 3348 regali
2454 3273 2810 3344 respondisse
2861 3271 3071 3327 fertur:
3115 3276 3170 3327 Si
3198 3275 3284 3328 lex
3321 3276 3550 3342 antiqua
3588 3275 3698 3340 dif-

2069 3369 2294 3434 ﬁnierit,
2317 3365 2454 3434 quod
2487 3368 2822 3432 Ungarorum
2865 3378 2964 3418 rex
3004 3364 3406 3417 Boliemicoru-m
3435 3363 3503 3395 ⁵9³
3543 3364 3698 3416 ducis

2071 3457 2408 3512 carcerarius
2438 3455 2627 3521 fuerit,
2671 3454 2879 3520 faciam
2905 3467 3024 3521 quas
3048 3455 3268 3521 rogatis.
3301 3451 3363 3506 Et
3393 3451 3476 3505 sic
3511 3453 3694 3506 Bohe-

2075 3566 2288 3605 morum
2354 3546 2616 3622 legationi
2682 3561 2809 3600 cum
2867 3545 3254 3619 indignatione
3321 3545 3692 3615 respondens,

2075 3657 2380 3712 eorumque
2408 3639 2706 3695 amicitiam
2759 3639 2845 3693 vel
2874 3638 3218 3694 inimicitiam
3260 3637 3695 3708 parvipendens,

2075 3735 2216 3790 datis
2244 3732 2514 3788 Kazimiro
2543 3731 2647 3785 100
2676 3730 2835 3803 equis
2883 3730 3226 3802 totidemque
3269 3729 3564 3795 militibus,
3592 3729 3690 3800 qui

2069 3840 2195 3880 eum
2227 3821 2399 3878 secuti
2458 3820 2693 3886 fuerant,
2747 3818 2915 3874 armis
2968 3829 3026 3874 et
3064 3819 3311 3874 vestibus
3364 3818 3692 3888 praeparatis

2071 3935 2197 3975 eum
2228 3914 2532 3972 honorifice
2563 3914 2788 3979 dimisit,
2819 3930 2923 3969 nec
2954 3914 3059 3969 iter
3083 3915 3156 3979 ei,
3191 3929 3543 3985 quocumque
3571 3915 3690 3968 vel-

2071 4013 2148 4066 let
2179 4011 2281 4073 ire,
2325 4008 2637 4081 denegavit.
2671 4007 2975 4062 Kazimirus
3003 4023 3133 4062 vero
3174 4007 3243 4041 ‘93
3281 4013 3561 4082 gratanter
3585 4006 3694 4061 iter

2074 4100 2371 4172 arripiens,
2404 4115 2468 4154 ac
2497 4099 2552 4154 in
2599 4098 2884 4173 regionem
2938 4099 3006 4134 ‘9‘
3036 4098 3358 4154 festinanter
3386 4099 3691 4153 Theutoni-

1732 4237 1951 4292 VARl/E
1989 4238 2370 4294 LECTIONES.

437 4341 503 4375 “7
535 4339 716 4396 videte
746 4341 800 4396 3.
915 4341 984 4376 ‘5'
1015 4340 1153 4447 ipsis
1183 4340 1235 4397 3.

459 4421 675 4447 mntgnc
737 4414 750 4447 1
837 4410 870 4447 Θ
988 4413 1034 4447 ιο
1088 4413 1231 4447 ςηιοι

368 4412 432 4445 ⁸⁵⁵
458 4421 677 4466 mutans
737 4414 779 4466 1.
837 4410 890 4467 2.
988 4410 1056 4447 ⁸⁸⁸
1088 4413 1406 4468 Selavorum
1459 4415 1510 4468 3.

368 4482 1053 4558 bolealaydes‘gloriosiﬁ.
1107 4484 1180 4538 De
1209 4485 1669 4558 successione“—
1699 4486 1929 4558 Gloriosi
1958 4482 2152 4558 desunt
2181 4485 2233 4543 3.

367 4554 804 4628 leslai_Mie_sal{o
838 4571 936 4628 pro
967 4554 1429 4628 Postquamﬂergo
1454 4587 1528 4628 7—
1571 4556 1787 4612 Mescho
1818 4558 1870 4612 3.

366 4625 495 4679 szko
524 4624 575 4679 3.
649 4626 718 4659 ‘7‘
749 4642 848 4680 Der
872 4625 922 4680 3.

369 4694 476 4748 mis
505 4695 559 4749 3.
646 4696 713 4728 ⁸⁷⁷
741 4694 948 4750 faceret
993 4697 1045 4750 2.
1089 4696 1218 4750 fecit
1257 4697 1309 4751 3.
1404 4698 1472 4731 ⁸⁷⁸
1505 4697 1630 4753 inde
1662 4699 1713 4752 3.

369 4907 510 4979 ciam
536 4923 633 4977 pro
653 4917 786 4963 tunc
815 4907 1050 4979 primum
1082 4910 1132 4966 3.

369 4979 438 5014 ⁶⁹²
465 4978 832 5035 Bohemorum
869 4979 920 5036 3.
1017 4981 1087 5016 "3
1114 4981 1280 5056 igitur
1305 4982 1358 5038 3.
1433 4983 1501 5017 ‘9‘
1521 4989 1722 5038 terram
1761 4982 1814 5039 3.

1324 4341 1392 4376 ⁸⁵³
1421 4359 1617 4398 aureas
1640 4359 1736 4412 pro
1772 4351 1809 4398 t.
1854 4360 1905 4398 a.
1942 4343 1997 4398 3.

1601 4415 1670 4448 “5°
1696 4416 1838 4469 deest
1862 4416 1914 4468 3.
1989 4415 2056 4449 “7
2083 4415 2331 4486 quidque
2372 4415 2427 4486 2.

2082 4344 2150 4378 ιω
2180 4360 2210 4398 e
2241 4345 2327 4398 his
2364 4344 2417 4398 3.
2515 4343 2578 4377 ισι
2608 4344 2748 4398 deest
2785 4341 2818 4398 3
2927 4342 2995 4376 ιδε
3022 4342 3180 4396 dedis
3208 4342 3260 4397 3.
3363 4342 3432 4376 εδδ
3463 4343 3602 4398 deest
3632 4344 3686 4396 3.

2522 4414 2590 4448 ⁸⁸⁸
2613 4414 2659 4468 si
2713 4429 2823 4467 non
2854 4413 2905 4468 3.
2986 4413 3172 4467 ‘59tilii
3220 4413 3490 4468 Bolezlavi
3518 4430 3612 4483 pro
3648 4415 3690 4468 ll

2319 4485 2388 4520 ιτο
2426 4485 2580 4540 Anno
2640 4484 2854 4540 Domini
2887 4483 3089 4548 MXXV,
3148 4494 3273 4553 post
3309 4493 3540 4539 mortem
3587 4485 3687 4539 Bo-

1053 4563 1429 4636 gtqua‘n‘iuergo
1451 4587 1541 4636 ,τΔ
1571 4556 1787 4636 Mescho
1818 4558 1875 4636 3._
1966 4557 2056 4622 ‘7‘,
2089 4557 2275 4636 viden.
2310 4558 2460 4636 addit
2483 4558 2755 4636 super/lue
2781 4556 2835 4610 2.
2879 4627 2892 4636 ἢ
2913 4555 2981 4589 ⁸⁷³
3009 4563 3321 4636 procrearet
3581 4555 3692 4636 tte-

1030 4626 1098 4660 ⁴τ⁶
1137 4625 1339 4679 MXXV.
1364 4625 1543 4682 'addit
1579 4629 1675 4682 hoc
1721 4630 1826 4684 loco
1853 4631 1914 4683 in
1960 4632 2209 4697 margine
2243 4632 2420 4698 prisca
2469 4635 2522 4684 et
2571 4631 2760 4694 forsan
2794 4627 2977 4681 eadem
3012 4625 3220 4681 manus
3264 4627 3315 4680 2.

1035 4740 1045 4750 .
1089 4696 1218 4750 fecit
1257 4697 1309 4751 3.
1404 4698 1472 4731 ⁸⁷⁸
1505 4697 1630 4753 inde
1662 4699 1713 4752 3.
1802 4700 1870 4733 ‘7’
1899 4699 2092 4755 deest3
2197 4700 2266 4734 ⁴⁸⁰
2293 4700 2526 4754 Mieszko
2553 4698 2723 4755 enim.
2757 4705 2816 4752 ut
2856 4697 2988 4751 alibi
3031 4697 3252 4755 legitur.
3305 4698 3315 4750 i

369 4765 589 4851 cecidit,
629 4773 965 4851 etomortuus.
979 4774 1076 4851 est
1114 4767 1315 4851 eodem
1353 4784 1505 4851 anno
1531 4784 1645 4851 quo
1671 4777 1726 4851 et
1755 4772 2088 4851 patenaddit
2117 4769 2169 4826 3.
2240 4771 2304 4805 ‘3‘
2340 4772 2412 4824 De
2454 4769 2814 4851 successione
2849 4765 3316 4851 :patris'desunt
3347 4769 3398 4851 3'.

371 4836 467 4917 tris
505 4836 556 4890 3.
631 4836 700 4871 “3
729 4838 994 4892 r‘emansit
1027 4839 1286 4909 parvulus
1344 4836 1646 4908 transponit
1672 4841 1704 4895 2
1755 4836 1768 4840 ’
1806 4842 1874 4876 ‘3‘
1901 4841 2029 4897 licet
2059 4858 2290 4913 puerum
2321 4858 2414 4911 pro
2453 4841 2626 4895 libere
2669 4841 2842 4894 filium
2886 4836 2939 4894 3.
3023 4841 3090 4873 ⁸⁸³

371 4923 510 4962 ciam
537 4923 633 4969 pro
653 4917 786 4963 tunc
815 4909 1050 4969 primum
1082 4910 1132 4966 3.
1238 4910 1304 4944 ⁴⁸⁷
1334 4910 1617 4966 blanditus
1645 4913 1699 4966 2.
1774 4912 1842 4946 ‘33
1876 4913 2131 4969 Bohemis
2168 4912 2218 4968 3.
2324 4914 2392 4947 ⁸⁸9
2424 4911 2676 4968 Bazcario
2707 4914 2756 4967 3.
2844 4911 2913 4944 “0
2939 4913 3079 4966 deest

3408 4627 3478 4661 ⁸⁷⁸
3509 4627 3657 4681 Bohe
3671 4656 3689 4666 -

2197 4700 2526 4802 ‘Bfapli‘eszko
2553 4698 2723 4779 enim,
2757 4705 2816 4752 ut
2856 4697 3252 4802 alibi’legi'tur,
3299 4697 3691 4802 inqameppiam

2383 4787 2411 4802 η
2463 4784 2814 4802 nuncnum...
2856 4785 2988 4802 _.-...
3023 4785 3092 4802 ηρ
3159 4785 3287 4802 οη...
3594 4785 3685 4802 .m-

3594 4785 3686 4839 Pa‘

3151 4856 3211 4894 er
3248 4841 3281 4894 3
3381 4841 3450 4874 ‘35
3477 4840 3697 4910 provin-

2324 4910 2392 4947 “9
2424 4911 2676 4968 Bazcario
2707 4914 2756 4967 3.
2844 4911 2913 4944 “0
2939 4913 3079 4966 deest
3104 4910 3158 4966 3.
3252 4911 3316 4946 "'
3352 4910 3609 4966 Bohemis
3635 4911 3690 4965 3-

1922 5081 2128 5137 NOT/E.

440 5180 547 5256 (88)
580 5180 871 5256 Distipguit
911 5180 1148 5236 Polonos
1206 5180 1462 5237 Ecclesiae
1511 5182 1873 5238 occidentalis
1927 5191 1982 5239 et
2080 5183 2275 5256 34,.ADe
2315 5182 2622 5256 Moschonis
2659 5181 2975 5252 captivitate
3025 5179 3171 5251 apud
3229 5179 3366 5235 alios
3392 5179 3696 5250 scriptores

371 5251 675 5307 orientalis.
706 5251 760 5307 S.

443 5323 552 5392 (89)
601 5323 956 5386 Richenzam,
1000 5321 1169 5377 ﬁliam
1230 5322 1424 5378 Ezonis
1476 5325 1694 5380 comitis
1751 5325 1979 5381 Palatini

374 5393 550 5448 Rheni
585 5410 649 5447 ex
687 5408 878 5449 sorore
915 5394 1128 5449 Ottonis
1167 5395 1235 5448 lll
1261 5394 1614 5451 Meehthildc.
1641 5397 1695 5451 S.
1739 5395 1814 5451 Cf.
1858 5397 1984 5452 fun-

373 5463 522 5518 datio
555 5465 1025 5520 Brunwilarensis.
1058 5466 1119 5519 K.

444 5534 534 5602 (90
565 5535 823 5590 Miracula
853 5536 904 5590 S.
940 5535 1242 5599 Adalberti,
1271 5552 1319 5591 c.
1353 5537 1406 5592 9.
1436 5537 1491 5591 S.

447 5603 560 5673 (91)
596 5604 903 5660 Bolezlaum
955 5607 1023 5662 lli
1056 5608 1276 5676 Rufum,
1316 5625 1366 5663 a.
1427 5608 1586 5675 1003,
1643 5608 1883 5679 Cosmas,
1944 5628 1980 5665 ι.

2082 5254 2222 5309 nihil
2263 5253 2464 5309 legitur
2493 5253 2552 5308 K.

2155 5326 2263 5393 (92)
2295 5321 2379 5379 Cf.
2425 5324 2619 5386 Annal,
2655 5323 2994 5378 Hildeshem.
3027 5322 3184 5379 1034.
3230 5321 3287 5375 Κ.

2155 5391 2260 5521 (93)
2290 5396 2475 5468 Longe
2502 5396 2660 5450 aliter
2691 5396 2833 5450 hanc
2862 5410 2972 5448 rem
3008 5403 3193 5448 narrat
3234 5391 3490 5447 monach.
3521 5391 3693 5444 Brun-

2122 5467 2152 5521 πί
2180 5467 2410 5521 arensis.
2445 5467 2579 5521 Vide
2609 5467 2757 5521 auod
2783 5467 2851 5520 de
2870 5465 3144 5520 Richenza
3165 5461 3693 5521 disseruitRmpell..

2085 5461 2579 5524 wilarensistide
2609 5467 2757 5538 quod
2783 5467 2851 5520 de
2870 5465 3144 5520 Richenza
3165 5461 3693 5532 disseruitRmpell.,

2087 5557 2122 5602 Β
2297 5539 2502 5666 gersod
2531 5608 2588 5663 in
2616 5608 2877 5665 comitatu
2912 5606 3259 5664 Borsodiensi
3313 5605 3367 5658 S.
