3948 6044
199 233 309 288 865
1624 230 1810 288 LIBER
1851 230 2122 287 PRIMUS.
3431 229 3551 292 866‘

199 375 390 415 corum
445 359 516 394 ‘9‘
558 357 914 430 perveniens,
967 367 1101 429 aput
1138 364 1371 414 matrem
1432 368 1488 415 et
1535 359 1828 431 imperato-
1849 363 1904 432 Α
1931 357 2196 430 proﬁciat.
2251 357 2551 413 Kasimirus
2581 372 2712 432 ergo
2749 358 2818 394 ⁵η
2869 357 3018 429 apud
3065 356 3439 413 Theutonicos
3468 359 3537 436 “l5

202 467 318 507 rem
360 452 490 520 (95),
524 459 728 522 quanto
759 458 1007 522 tempore
1039 452 1225 508 nescio
1256 451 1815 518 fueritconversatus,
1918 452 2318 524 aliquantulum
2368 459 2723 506 conversatus
2781 451 2851 484 ωδ
2913 466 3282 522 magnamque
3337 449 3535 504 famam

200 541 302 595 sed
345 541 401 594 in
446 548 569 595 actu
602 540 822 594 militari
876 540 1036 595 miles
1092 541 1495 596 audacissimus
1526 542 1704 596 extitit
1749 541 1819 575 ¹⁵⁹⁶
1919 545 1998 600 ibi
2029 542 2279 598 militaris
2331 542 2522 616 gloriae
2554 552 2912 606 consecutus,
2947 540 3230 596 Poloniam
3266 557 3326 595 se
3359 540 3541 594 redire

202 627 612 698 comprobatus.
677 628 784 682 Sed
835 628 1116 700 paulisper
1162 645 1284 685 eum
1335 646 1457 684 cum
1503 638 1676 684 matre
1730 645 1820 684 re-
1921 632 2216 704 disposuit,
2272 630 2501 704 illutque
2533 631 2692 685 matri
2723 631 2992 685 secretius
3031 630 3313 685 indicavit.
3372 630 3541 695 Quem

202 720 494 790 quiescere
512 719 916 791 permittamus,
947 729 1003 776 et
1031 722 1099 776 ad
1132 721 1532 778 desolationem
1565 730 1619 776 ct
1644 722 1818 776 deva-
1922 739 2046 778 cum
2077 727 2250 776 mater
2276 721 2678 784 dehortaretur,
2725 737 2793 776 ne
2841 722 2908 776 ad
2942 728 3161 794 gentem
3195 721 3457 792 perfidam
3490 729 3545 775 et

205 812 497 867 stationem
531 811 770 867 Poloniae
803 813 1095 868 redeamus
1124 814 1212 867 “7.
1925 813 2172 869 nondum
2204 812 2345 868 bene
2377 812 2730 868 christianam
2774 813 3001 880 rediret,
3041 814 3139 868 sed
3180 813 3542 868 hereditatem

1924 912 2228 960 maternam
2258 902 2485 975 paciﬁce
2512 905 2842 976 possideret,
2877 912 2932 960 et
2957 921 3078 959 cum
3103 904 3264 959 etiam
3298 903 3546 974 impera-

1927 1000 2012 1048 tor
2049 1009 2175 1048 eum
2218 1009 2505 1048 remanere
2565 1009 2754 1048 secum
2804 1001 3044 1068 rogaret,
3099 995 3260 1065 eique
3287 993 3542 1047 duratum

1009 1079 1210 1157 :v-W'Z'W
1244 1079 1398 1158 ις’ιᾷ
1445 1147 1452 1158 Ι
1541 1147 1552 1158 .
1759 1149 1768 1158 _
1925 1081 2059 1137 satis
2079 1079 2432 1152 magniﬁcum
2482 1081 2613 1136 (lare
2650 1082 2839 1146 vellet,
2896 1080 3321 1152 proverbialiter
3357 1087 3548 1152 utpote

283 1145 499 1246 Ῑηξθτθθ
533 1159 688 1246 reges
727 1151 782 1199 et
811 1145 982 1246 ductes
1007 1146 1062 1246 i.“
1093 1146 1333 1246 Αθίτθυίίυ
1363 1147 1646 1246 Ροεδοηίὲφ
1679 1149 1828 1246 (ἶξλίῗν
1928 1176 2091 1230 homo
2122 1145 2384 1230 liberatus
2415 1176 2730 1246 respondit:
2791 1145 2947 1232 Natta
2992 1177 3254 1232 hereditas
3292 1145 3544 1231 avuiicu-

205 1251 317 1338 qule
340 1235 409 1288 de
437 1243 590 1333 ηδτίθ
617 1250 714 1289 sua
747 1235 1148 1338 Ϋίῖῗθυιθδδθιξ,
1176 1251 1387 1338 suoquf’
1413 1237 1662 1338 domini?
1688 1238 1828 1338 Ῡίνίῖ
1929 1270 2105 1323 lorum
2127 1267 2236 1335 (98)
2273 1269 2354 1322 vel
2395 1235 2647 1323 materna
2668 1271 2874 1337 justius
2921 1270 3002 1323 vet
3032 1271 3298 1324 honestius
3318 1270 3546 1338 posside—

211 1331 354 1426 tates
382 1323 620 1431 quisque
645 1323 985 1431 castellaque
1006 1325 1262 1431 contigua
1285 1325 1370 1380 vel
1399 1325 1714 1430 applicabat
1742 1328 1828 1430 vel
1930 1359 2079 1414 bitur
2106 1323 2268 1428 q‘uajn
2297 1367 2529 1428 paterna
2571 1323 2755 1414 δεῖ-Ἐἰ
2806 1360 2874 1394 518
2903 1361 3201 1431 assumptis
3231 1323 3417 1415 sec'um
3450 1361 3551 1413 mi_

212 1417 487 1472 vincendo
521 1423 678 1471 terrae
709 1417 778 1450 ‘99
804 1417 1144 1488 coaequabal.
1190 1418 1253 1472 Et
1295 1434 1418 1474 cum
1447 1425 1650 1474 tantam
1684 1420 1831 1489 inju-
1933 1417 2246 1503 “libus-500
2284 1417 2354 1482 ἑιο

215 1509 352 1563 riam
381 1515 436 1563 et
464 1507 835 1563 calamitatem
869 1507 938 1562 ab
960 1509 1240 1565 extraneis
1268 1509 1496 1566 Polonia
1524 1518 1824 1581 pateretur,

207 943 299 1000 19.
321 949 391 999 De
414 944 744 1000 rehabitione
771 948 925 1014 regni
970 947 1200 1001 Potomac
1229 946 1296 981 “3
1333 961 1430 1016 per
1469 949 1822 1016 Kazimiru-m,

657 1038 751 1103 qui
770 1037 880 1101 fuit
916 1038 1213 1091 monachus
1244 1034 1372 1107 (96).

2360 1491 2375 1515 ,
2406 1448 2646 1503 Polonize
2680 1446 2820 1502 ﬁnes
2851 1448 3092 1503 introivit
3123 1449 3256 1519 (99),
3289 1450 3546 1503 ulterius-

431 1549 436 1562 ι
464 1539 835 1563 υαιαιιιιιξιιῠιιι
869 1539 938 1562 αυ
960 1539 1066 1565 ῦλιι
1082 1539 1240 1564 anet:
1269 1539 1496 1566 ῖυιυυιῑι
1525 1539 1824 1581 pateretur,
3069 1556 3099 1594 a

216 1600 514 1654 absurdius
538 1609 720 1654 tamen
748 1599 817 1633 ⁵⁰⁰
845 1599 1028 1656 adhuc
1050 1607 1105 1655 et
1133 1600 1829 1674 abhominabiliusapro-
1929 1599 2101 1683 (ξηιΠῆ
2159 1599 2470 1700 ,fcquisivit"
2526 1627 2594 1683 de
2668 1599 2795 1700 quo‘
2851 1627 3109 1698 paulatim
3161 1629 3362 1683 virtute
3427 1645 3549 1684 cum

216 1691 354 1763 priis
401 1690 811 1746 habitatoribus
877 1692 1197 1747 vexabatur.
1287 1693 1419 1748 Nam
1463 1694 1516 1748 in
1576 1694 1832 1750 dominos

1956 1721 2156 1794 ngenio
2187 1721 2256 1756 ⁵²⁰
2294 1728 2464 1776 totam
2505 1721 2786 1776 Poloniam
2835 1736 2866 1774 a
2908 1721 3227 1776 Pomoranis
3256 1721 3320 1755 ⁵²¹
3356 1727 3411 1776 et
3447 1723 3555 1777 Bo-

214 1782 383 1848 servi,
412 1788 604 1837 contra
631 1781 848 1881 nobiles
875 1780 1116 1881 liberati,
1148 1798 1209 1836 se
1251 1781 1402 1882 ipsos
1434 1783 1487 1838 in
1520 1784 1829 1840 dominium
1936 1780 2166 1866 ιιέξηίοίε
2204 1811 2273 1845 ω
2301 1811 2532 1882 aliisque
2559 1810 2786 1866 ἣηίιίνίε
2831 1811 3092 1883 gentibus
3131 1812 3201 1846 ω
3231 1820 3551 1884 occupatam

216 1871 550 1937 extulerunt,
583 1871 706 1926 aliis
737 1870 790 1925 in
822 1871 1047 1926 servitio
1075 1887 1232 1926 versa
1262 1872 1382 1928 vice
1411 1873 1679 1940 detentis,
1711 1875 1833 1929 aliis

217 1961 522 2032 peremptis
543 1975 741 2015 uxores
770 1976 960 2016 eorum
992 1960 1308 2018 incestuose
1334 1962 1684 2035 honoresque
1713 1979 1835 2019 sce-

218 2054 546 2109 leratissime
574 2062 896 2125 rapuerunt.
932 2056 1165 2127 Insuper
1191 2056 1354 2112 etiam
1383 2055 1542 2113 aﬁde
1571 2047 1840 2114 catholica

220 2144 508 2200 deviantes
549 2145 699 2216 quod
754 2145 875 2200 sine
912 2161 1049 2202 voce
1101 2147 1428 2202 lacrimabili
1487 2148 1670 2204 dicere
1725 2162 1836 2203 non

222 2235 492 2305 valemus,
519 2236 788 2292 adversus
817 2237 1110 2310 episcOpos
1138 2247 1194 2294 et
1219 2241 1538 2296 sacerdotes
1563 2240 1658 2295 Dei
1690 2239 1841 2295 sedi-

223 2326 429 2381 tionem
454 2327 801 2397 inceperunt,
827 2341 1132 2398 eorumque
1163 2329 1432 2400 quosdam
1465 2329 1650 2403 gladio
1681 2329 1839 2400 quasi

224 2414 449 2488 dignius
473 2415 537 2449 ⁶⁰¹
556 2423 932 2486 peremerunt,
953 2417 1223 2487 quosdam
1246 2432 1375 2473 vero
1391 2418 1461 2453 ⁶⁰²
1482 2418 1638 2490 quasi
1662 2425 1838 2473 morte

222 2504 422 2577 dignos
448 2504 626 2560 viliori
655 2506 724 2540 ⁵0³
751 2505 1029 2577 lapidibus
1059 2506 1382 2563 obruerunt.
1416 2507 1496 2562 Ad
1527 2515 1834 2563 extremum

221 2600 406 2648 autem
438 2594 505 2628 θοι
535 2604 642 2649 tam
665 2596 734 2650 ab
767 2596 1047 2651 extraneis
1074 2613 1238 2667 quam
1271 2597 1340 2651 ab
1363 2597 1641 2670 indigenis
1670 2599 1738 2632 50"
1769 2597 1838 2652 ad

227 2696 430 2744 tantam
462 2689 688 2746 Polonia
709 2691 779 2725 δθδ
799 2691 1199 2747 desolationem
1222 2699 1308 2747 est
1333 2692 1574 2760 redacta,
1600 2694 1749 2765 quod
1779 2709 1842 2749 ex

221 2789 338 2836 toto
360 2798 516 2853 paene
536 2782 744 2837 divitiis
771 2791 825 2838 et
852 2782 1175 2838 hominibus
1200 2791 1286 2839 est
1309 2791 1498 2840 exacta
1521 2786 1632 2856 (an.
1662 2784 1843 2857 1039).

224 2871 300 2926 Eo
366 2879 613 2942 tempore
669 2872 894 2927 Bohemi
952 2874 1208 2928 Gneznen
1260 2880 1315 2928 et
1363 2875 1578 2929 Poznan
1626 2875 1691 2909 δοῖ
1745 2875 1846 2931 de-

1934 1899 2209 1969 liberavit,
2251 1917 2482 1973 eamque
2524 1917 2623 1957 suo
2673 1901 2926 1957 dominio
2967 1903 3320 1975 mancipavit.
3361 1905 3558 1960 Postea

1938 2009 2071 2050 vero
2111 1994 2180 2048 de
2221 1995 2390 2049 Rusia
2434 1994 2672 2049 nobilem
2724 2011 2847 2050 cum
2901 1996 3118 2068 magnis
3173 1996 3380 2052 divitiis
3422 2012 3560 2051 uxo-

1940 2099 2055 2138 rem
2087 2083 2157 2118 ⁶²⁴
2197 2082 2344 2155 (100)
2387 2083 2620 2154 accepit,
2661 2083 2730 2139 de
2761 2100 2870 2156 qua
2911 2084 3055 2141 ﬁlios
3081 2093 3320 2158 quatuor
3356 2101 3556 2140 unam-

1940 2191 2046 2248 que
2085 2175 2252 2231 ﬁliam
2294 2177 2409 2252 regi
2449 2176 2722 2232 Bohemiae
2771 2177 3216 2248 desponsandam
3245 2177 3555 2252 generavit.

1939 2265 2170 2320 Nomina
2201 2272 2383 2320 autem
2416 2263 2653 2319 ﬁliorum
2683 2265 2805 2335 ejus
2848 2265 2965 2321 haec
3004 2266 3073 2300 ⁵³⁵
3111 2271 3273 2319 sunt:
3314 2265 3560 2348 Bolezla-

1938 2377 2060 2428 vus,
2107 2360 2457 2426 Wladislaus,
2500 2360 2720 2416 Mescho
2759 2361 2829 2396 ⁵²⁶
2868 2371 2927 2416 et
2973 2360 3112 2417 Otto.
3156 2361 3263 2416 Sed
3295 2360 3365 2416 de
3412 2360 3562 2414 Kazi-

1940 2455 2078 2510 miro
2121 2454 2254 2526 quid
2291 2454 2467 2526 egerit
2512 2453 2768 2525 primitus
2820 2453 3207 2525 pertractando
3277 2452 3558 2520 ﬁniamus,

1941 2552 1996 2600 et
2020 2553 2214 2616 postea
2246 2543 2315 2598 de
2348 2542 2492 2610 ﬁliis,
2521 2542 2648 2614 quis
2676 2558 2866 2599 eorum
2899 2543 3108 2614 primus
3134 2543 3225 2609 “’7,
3259 2542 3456 2614 quisve
3490 2543 3560 2577 ⁶²⁸

1945 2635 2220 2708 posterius
2240 2635 2551 2710 regnaverit
2589 2635 2659 2669 "9
2698 2635 3064 2690 ordinabilius
3086 2635 3371 2690 edicamus
3400 2634 3489 2688 53°.

1942 2765 2030 2822 20.
2065 2771 2134 2821 De
2164 2767 2353 2836 prwtio
2401 2769 2609 2822 comitis
2647 2767 2931 2822 Μεσηνιαυί
2981 2782 3108 2821 cum
3145 2768 3417 2821 Mazovitis
3472 2763 3563 2818 ⁵³⁸.

2021 2875 2191 2950 Igitur
2218 2875 2481 2930 eliberata
2512 2875 2581 2909 ⁵⁵³⁵³
2622 2876 2795 2947 patria
2827 2883 2880 2930 et
2908 2881 3240 2951 expugnata,
3293 2873 3560 2946 profuga-

225 2971 565 3031 struxerunt,
620 2965 912 3036 sanctique
971 2981 1174 3036 corpus
1240 2965 1518 3021 Adalberti
1590 2965 2121 3070 abstule-Ctisque
2175 2965 2435 3040 gentibus
2492 2971 2828 3032 exterorum,
2874 2979 2986 3019 non
3052 2963 3235 3019 minor
3293 2962 3566 3018 Kazimiro

226 3061 356 3109 runt
384 3054 514 3125 (97).
547 3053 630 3108 illi
663 3069 792 3109 vero
846 3054 943 3126 qui
973 3055 1044 3110 de
1075 3055 1330 3111 manibus
1371 3056 1610 3111 hostium
1644 3059 1847 3114 evade-
1871 3053 1918 3070 ν
1948 3059 2191 3116 restabat
2243 3058 2457 3115 hostilis
2484 3059 2794 3132 profugatio
2851 3075 2964 3114 suae
2995 3058 3178 3133 gentis
3227 3072 3566 3129 suorumque

228 3147 381 3212 bant,
433 3147 517 3202 vel
552 3147 646 3218 qui
684 3163 910 3202 suorum
945 3148 1276 3204 seditionem
1306 3149 1650 3219 Edevitabant
1703 3150 1846 3206 ultra
1940 3152 2066 3223 jure
2121 3151 2345 3222 proprio
2408 3151 2778 3207 subditorum.
2859 3152 2982 3206 Erat
3046 3166 3286 3222 namque
3343 3150 3566 3221 quidem

232 3235 459 3290 ﬂuvium
491 3236 559 3270 ⁵⁰⁸
588 3236 772 3308 Wysla
803 3237 859 3290 in
888 3237 1182 3293 Mazoviam
1214 3238 1500 3311 fugiebant
1531 3240 1621 3308 δοθ,
1655 3247 1710 3294 et
1734 3246 1843 3294 tam
1946 3243 2245 3299 Meczzlaus
2288 3243 2358 3278 ⁵³³
2385 3243 2630 3309 nomine,
2672 3243 2940 3313 pincerna
2980 3241 3148 3313 patris
3192 3243 3278 3296 sui
3320 3241 3568 3297 Mescho-

230 3329 326 3384 diu
373 3330 625 3385 civitates
677 3331 954 3401 praedictae
990 3331 1060 3365 δίο
1085 3332 1140 3386 in
1186 3332 1486 3388 solitudine
1515 3349 1849 3405 permanse-

1954 3336 2038 3390 nis
2062 3345 2117 3391 et
2146 3335 2434 3400 minister;
2469 3341 2593 3406 post
2620 3342 2854 3390 mortem
2883 3334 3059 3405 ipsius
3095 3332 3354 3388 Mazoviae
3385 3333 3568 3405 gentis

231 3433 361 3482 runt
389 3427 480 3494 5“,
509 3425 658 3498 quod
699 3425 755 3480 in
791 3425 1029 3482 ecclesia
1058 3428 1232 3483 sancti
1284 3428 1564 3484 Adalberti
1611 3429 1852 3486 martiris
1952 3443 2050 3483 sua
2077 3426 2440 3498 persuasione
2479 3426 2739 3497 princeps
2775 3424 3045 3480 existebat
3075 3431 3130 3480 et
3159 3423 3408 3498 signifer.
3448 3423 3572 3477 Erat

228 3519 521 3590 sanctique
554 3518 698 3574 Petri
729 3519 964 3590 apostoli
1005 3536 1105 3575 sua
1130 3519 1259 3576 feras
1289 3521 1492 3577 cubilia
1523 3529 1848 3593 posuerunt.

225 3610 361 3674 Quae
385 3610 544 3682 plaga
564 3610 808 3665 creditur
829 3627 896 3668 eo
923 3613 992 3646 ⁵¹²
1023 3611 1122 3667 toti
1152 3619 1313 3668 terrae
1333 3613 1703 3669 communiter
1727 3629 1852 3668 eve-

1951 3517 2101 3573 enim
2129 3533 2196 3573 eo
2229 3528 2478 3588 tempore
2508 3515 2748 3571 Mazovia
2780 3513 3158 3586 Polonis’jlluc
3197 3520 3356 3568 antea
3387 3512 3456 3547 53‘
3486 3511 3570 3566 fu-

1952 3609 2256 3684 gientibus,
2287 3616 2347 3665 ut
2374 3608 2582 3664 dictum
2609 3609 2695 3677 535,
2739 3608 2795 3663 in
2825 3614 3030 3663 tantum
3073 3605 3367 3678 populosa,
3421 3603 3570 3676 quod

232 3700 406 3765 nisse,
461 3699 611 3770 quod
685 3699 1054 3767 Gaudencius,
1112 3701 1287 3756 sancti
1344 3701 1624 3757 Adalberti
1686 3701 1854 3758 frater
1957 3701 2214 3775 agricolis
2281 3717 2408 3756 rura
2441 3741 2456 3767 ,
2533 3699 2868 3755 animalibus
2934 3715 3139 3770 pascua
3172 3743 3184 3764 ,
3245 3697 3574 3752 habitatori-
3643 3713 3649 3718 ·

233 3799 290 3846 ct
323 3792 393 3825 ⁵1³
433 3806 737 3857 successor,
787 3793 1081 3848 occasione
1120 3810 1230 3865 qua
1260 3795 1470 3864 nescio,
1499 3795 1698 3851 dicitur
1734 3811 1856 3850 eam

236 3885 587 3939 anathemate
640 3885 1000 3957 percussisse.
1046 3887 1173 3942 Haec
1201 3893 1385 3942 autem
1420 3886 1627 3942 dixisse
1653 3887 1722 3942 de
1753 3887 1855 3943 Po-

236 3977 400 4033 lonim
430 3978 806 4036 destructione
835 3979 1094 4048 sufficiat,
1150 3988 1205 4037 et
1234 3982 1317 4037 eis
1349 3982 1442 4054 qui
1477 3983 1719 4038 dominis
1749 3999 1848 4037 na-

1961 3792 2086 3856 bus,
2144 3789 2264 3845 loca
2345 3795 2501 3844 erant
2555 3790 2817 3862 spatiosa.
2888 3787 3041 3843 Unde
3121 3786 3426 3842 Meczlavus
3506 3786 3576 3820 ⁵³⁸

1960 3885 2016 3940 in
2047 3884 2276 3940 audacia
2302 3900 2413 3939 suae
2463 3882 2674 3939 militiae
2714 3882 2980 3950 conﬁsus,
3039 3897 3224 3954 ymmo
3265 3879 3576 3936 ambitione

1963 3975 2288 4048 perniciosa
2321 3975 2720 4046 cupiditatis537
2753 3974 3236 4042 excecatus,nisus
3259 3979 3342 4028 est
3377 3971 3446 4007 ⁵³⁸
3475 3970 3577 4027 ob-

240 4066 513 4121 turalibus
570 4067 736 4122 fidem
793 4084 903 4125 non
951 4077 1308 4126 servaverunt
1345 4070 1414 4126 ad
1454 4070 1856 4127 correctionem
1963 4068 2138 4122 tinerc
2170 4083 2269 4138 per
2295 4065 2741 4138 prasumptionis
2787 4066 3098 4134 audaciam,
3151 4065 3300 4136 quod
3329 4063 3434 4119 sibi
3468 4077 3578 4118 non

1584 4201 1804 4256 νΑΒιλΕ
1834 4199 2212 4255 LECTIONES.

313 4294 381 4330 "5
412 4294 880 4351 Theutunicorum
904 4296 955 4351 2.
987 4298 1038 4352 3.
1140 4300 1209 4334 ⁴⁹⁶
1239 4298 1484 4354 fuerat3.
1571 4299 1638 4334 ‘97
1684 4301 1780 4355 hoc
1805 4300 1912 4354 loco
1941 4301 2131 4352 inserit
2160 4297 2210 4350 3.
2245 4304 2407 4366 caput
2437 4300 2494 4350 X.
2526 4311 2594 4351 ea:
2642 4299 2755 4350 vita
2805 4296 2863 4350 S.
2926 4297 3189 4350 Stanistai
3223 4295 3577 4362 descriptum.

243 4365 313 4442 ηε
339 4367 480 4442 deest
524 4366 583 4442 r3.
672 4368 738 4442 [99
767 4371 907 4423 deest
960 4369 1008 4422 1.
1050 4370 1104 4424 2.
1172 4369 1241 4404 ⁵⁰⁰
1273 4378 1386 4424 tum
1436 4372 1489 4423 2.
1586 4371 1650 4405 δοι
1685 4370 1883 4442 dignos
1911 4370 1964 4423 3.
2034 4365 2372 4442 δίξξηοῐιηίὶ.Δ
2416 4368 2485 4442 ⁵9³
2509 4369 2652 4442 deest
2671 4369 2720 4419 3.
2755 4368 2866 4442 -5°‘_
2891 4383 3033 4442 verq
3056 4368 3333 4442 anteponit
3359 4366 3579 4442 pleonaf

241 4440 372 4512 {tice
399 4438 449 4490 3.
475 4441 560 4512 sic
583 4445 635 4493 et
675 4439 729 4492 2.
762 4446 944 4512 postea
981 4457 1088 4508 qua
1125 4444 1464 4509 superﬂuum
1485 4445 1704 4511 punctis
1741 4436 1967 4512 hotavit.
2046 4439 2407 4512 νὲοδΑἰηόὶςηὶδ
2442 4439 2493 4512 2.
2585 4436 3062 4512 iﬁpqloniam}.
3129 4436 3194 4471 δοῖ
3221 4437 3494 4512 Gneznam
3525 4440 3582 4512 et

247 4508 577 4563 Poznaniam
639 4526 733 4578 pro
763 4505 1036 4565 _Gnezne_n
1073 4518 1128 4565 et
1165 4505 1384 4567 Poznan
1437 4505 1500 4567 3..
1551 4513 1619 4547 ⁵⁰⁸
1651 4513 1856 4566 flumen
1912 4511 1960 4567 3.
2033 4511 2101 4544 ⁵⁰⁹
2125 4505 2392 4578 ῑυεοὺῖνιηι
2459 4511 2506 4563 1.
2599 4505 2786 4561 mille
2843 4507 2893 4563 3.
2981 4505 3472 4578 ‘l‘permanebant
3524 4505 3576 4558 3.

245 4580 315 4614 ⁵¹²
364 4580 508 4657 deest
552 4580 603 4632 3.
641 4577 650 4578 ί
683 4581 759 4657 ξω
975 4585 1021 4638 ι.
1094 4583 1366 4657 f“igi_tur
1410 4585 1444 4657 2
1551 4582 2011 4657 “5_Theu_tunicos
2039 4583 2096 4657 2.
2171 4577 2242 4657 εἴη
2269 4586 2621 4657 conservatus
2646 4579 2697 4632 2.
2788 4578 2855 4612 ⁵³⁷
2892 4577 3193 4657 Kazimirus
3219 4593 3350 4650 ergo
3377 4607 3440 4615 —
3481 4591 3578 4645 pa-

246 4659 404 4728 tergna
442 4652 638 4728 desunt
679 4653 731 4704 3.
766 4723 776 4728 _
820 4653 889 4728 51°
924 4654 1045 4728 Rex
1073 4649 1382 4728 _Ca_zimirus
1414 4655 1682 4728 igitu_r<3.g
1719 4655 1824 4728 _“‘°
1851 4653 2131 4728 sexcentis
2176 4655 2228 4708 3.
2311 4652 2380 4686 53°
2404 4651 2745 4728 tuam-virtute
2785 4665 2950 4728 quam
2998 4649 3232 4728 ingenio
3274 4649 3371 4717 pro
3417 4664 3469 4700 v.
3528 4663 3577 4728 ς).

249 4723 284 4776 i.
316 4723 371 4777 3.
461 4723 526 4756 ⁵²¹
557 4723 810 4777 Pomonis
840 4723 893 4778 2.
980 4726 1050 4760 ⁵³³
1069 4726 1326 4781 Bohemis
1355 4726 1405 4782 3.
1435 4719 1466 4728 “’
1495 4726 1564 4760 ⁶²³
1593 4724 1843 4779 ﬁnitimis
1894 4724 2222 4779 nacionibus
2260 4739 2354 4793 pro
2409 4722 2649 4794 ﬁnitivis
2687 4721 2947 4794 gentibus
2973 4720 3048 4794 _3.
3070 4719 3206 4794 "af"
3246 4733 3470 4794 uxorem
3524 4719 3584 4794 in

248 4795 506 4868 margine
561 4798 1117 4868 apppsuit__corrector
1153 4798 1206 4852 2.
1289 4798 1358 4831 ⁵³⁵
1385 4813 1496 4868 que
1546 4812 1644 4866 pro
1681 4797 1802 4864 ejus
1847 4797 1960 4851 haec
2006 4796 2058 4868 3.
2123 4789 2430 4868 lmilitesne
2455 4793 2504 4848 3.
2563 4793 2650 4868 -δυ
2671 4789 2926 4868 primitus
2965 4791 3014 4847 3.
3065 4791 3168 4868 ,ξ’
3201 4790 3295 4868 qui
3327 4805 3482 4868 ‘vero
3530 4789 3581 4842 3.

246 4864 315 4898 5”
356 4865 604 4933 regnavit
659 4865 710 4919 3.
787 4866 855 4899 53°
881 4867 1183 4922 educamus
1225 4869 1277 4922 3..
1359 4861 1424 4904 53"
1460 4861 1771 4923 Meschon'is
1823 4884 1946 4922 cum
1982 4866 2258 4920 Mazovitis
2300 4877 2356 4917 et
2387 4861 2802 4934 Meczslao’pro
2856 4863 2898 4916 Μ
2975 4879 3021 4916 ο
3065 4861 3130 4915 Μ.
3197 4861 3263 4927 2;
3327 4861 3399 4914 De
3441 4875 3587 4929 prmo

252 4935 325 4990 lio
348 4965 417 4973 —
445 4935 722 4990 Mazovitis
767 4938 960 4992 desunt
1001 4939 1053 4992 3.
1115 4940 1184 4974 ⁵³³
1216 4940 1518 4996 deliberata
1551 4942 1602 4994 1.
1638 4939 1691 4994 2.
1726 4938 1775 4994 3.
1821 4939 1890 4972 ⁵³³
1918 4938 2089 4991 Mesth
2132 4935 2451 4990 Metzzslaus
2494 4937 2690 5002 tegitur
2733 4935 2786 4989 2.
2818 4936 2907 4990 sed
2951 4939 3099 5004 prior
3126 4949 3229 4988 vos:
3259 4936 3343 4986 uti
3366 4945 3590 5004 erronea

248 5009 466 5075 punctis
494 5013 700 5062 notata.
786 5009 854 5042 ⁵³⁵
877 5016 1003 5063 ante
1049 5026 1113 5064 ea
1144 5011 1196 5063 2.
1249 5013 1388 5068 deest
1427 5011 1480 5068 3.
1564 5011 1632 5046 ⁵³⁵
1660 5017 1719 5065 ut
1752 5009 1958 5064 dictum
1998 5009 2191 5064 desunt
2229 5006 2281 5063 3.
2364 5005 2434 5040 ⁵³⁵
2463 5001 2767 5061 Meczzlaus
2801 5007 2856 5060 2.
2940 5001 3007 5041 ⁵³⁷
3040 5005 3340 5062 ambiciose
3369 5001 3587 5073 cupidi-

254 5084 363 5131 tate
389 5094 486 5146 pro
525 5093 571 5131 a.
602 5095 654 5148 p.
697 5094 746 5133 c.
781 5079 832 5134 3.
915 5081 984 5114 ⁵³⁸
1012 5082 1154 5136 deest
1179 5082 1235 5136 2.

1813 5149 2024 5206 NOT/E.

329 5247 442 5318 (95)
476 5247 766 5303 lienricum
795 5249 1037 5316 tertium,
1058 5251 1118 5305 K.
1972 5248 2206 5354 Ruepell,
2237 5266 2273 5311 ι,
2307 5249 2432 5304 180.
2464 5249 2523 5304 Κ.

330 5320 442 5354 (“FH
470 5323 570 5354 nu;
603 5322 707 5354 fui!
734 5325 1031 5354 ,νηηωηιιιηη
1063 5336 1324 5354 avni-Anan
1358 5321 1580 5354 ηιιῖιιοηη
1625 5322 1679 5354 ἐιη
1714 5321 1869 5354 ηιυιῖ-
2043 5320 2151 5354 ΙὶἺ)
2180 5320 2244 5354 ΓΡ
2288 5321 2505 5354 Ρηοηηαα

330 5320 442 5388 (96)
470 5323 570 5383 Qui
596 5322 707 5385 fuit
734 5325 1031 5378 monachus
1063 5336 1325 5392 expresse
1357 5321 1582 5392 quidem
1625 5322 1680 5376 in
1713 5321 1869 5376 codi-
2043 5319 2151 5447 (97)
2180 5320 2256 5375 Cf.
2288 5321 2528 5384 Cosmas,
2560 5337 2596 5374 ιι
2623 5319 2656 5374 2
2679 5320 2735 5373 K.
3167 5389 3178 5401 .
3293 5389 3304 5401 .

257 5390 417 5444 cibus
460 5391 683 5448 legitur.
725 5393 823 5446 sed
856 5394 1027 5448 verba
1066 5395 1183 5447 haec
1234 5393 1555 5448 posterioris
1603 5393 1872 5448 temporis
2065 5392 2155 5448 98)
2186 5392 2501 5447 Herimanni
2535 5390 2934 5448 archiepisconi
2997 5389 3340 5446 Colomensxs
3397 5395 3451 5443 et
3489 5385 3591 5441 0t-

515 5406 683 5474 gitur,
725 5406 823 5474 sed
856 5406 1027 5448 verba
1045 5406 1555 5474 “haecnposterloris
1603 5406 1872 5462 temporis
1979 5471 1986 5474 _
2044 5406 2503 5474 (aether-imanni
2535 5406 2914 5474 arcniepiscop

258 5477 379 5516 esse
407 5461 841 5518 additamentum
882 5481 1004 5519 cum
1044 5463 1346 5518 Bandichio
1377 5479 1690 5530 censemus,
1725 5461 1872 5517 ﬁcum
1975 5463 2122 5518 tonis
2154 5462 2311 5517 ducis
2343 5465 2579 5529 Sueviae,
2614 5461 2838 5517 fratrum
2870 5461 3156 5517 Richenzae
3211 5462 3269 5515 Κ.

260 5534 581 5606 et_narratio
612 5535 807 5605 sapitis
831 5537 994 5604 hujus
1021 5537 1124 5591 hoc
1151 5535 1373 5606 probet,
1406 5543 1460 5591 et
1497 5543 1687 5590 auctor
1725 5534 1877 5606 Casi-

260 5603 459 5678 mirum
511 5603 782 5678 hominem
810 5603 1113 5663 litteratum
1141 5603 1448 5678 appellans,
1494 5622 1605 5678 non
1625 5605 1879 5678 _siluisset

263 5677 318 5729 in
383 5682 640 5731 contextu
707 5677 776 5731 de
866 5679 987 5749 ejus
1042 5676 1392 5736 monachatu.
1471 5679 1523 5732 S.
1577 5676 1654 5732 Cf.
1714 5677 1875 5732 etiam

2050 5535 2156 5598 (99)
2189 5533 2266 5590 Cf.
2302 5535 2582 5588 Annalista
2611 5534 2774 5600 Saxo,
2807 5532 2964 5589 1039.
3002 5533 3063 5585 Κ.

2051 5605 2192 5675 (100)
2222 5606 2658 5680 Dobrognevam,
2683 5621 2930 5661 sororem
2961 5603 3191 5659 Jaroslai
3215 5603 3504 5675 principis.
3531 5603 3591 5658 Κ.
