  <div class='ocr_page' id='page_1' title='image "/cluster/home/n/w/nwhite01/storage/ocr_20150623/160/hvd.32044054760186/439.png"; bbox 0 0 3930 6052; ppageno 0'>
   <div class='ocr_carea' id='block_1_1' title="bbox 410 144 3760 269">
    <p class='ocr_par' dir='ltr' id='par_1_1' title="bbox 410 144 3760 269">
     <span class='ocr_line' id='line_1_1' title="bbox 410 144 3760 269; baseline -0.014 -4"><span class='ocrx_word' id='word_1_1' title='bbox 410 208 514 265; x_wconf 84' lang='grc'><strong>867</strong></span> <span class='ocrx_word' id='word_1_2' title='bbox 1672 189 2019 250; x_wconf 73' lang='lat' dir='ltr'><strong>CHRONlC/E</strong></span> <span class='ocrx_word' id='word_1_3' title='bbox 2058 186 2473 269; x_wconf 56' lang='lat' dir='ltr'><strong>ROLONORUM.</strong></span> <span class='ocrx_word' id='word_1_4' title='bbox 3650 188 3760 243; x_wconf 69' lang='lat'><strong>858</strong></span> 
     </span>
    </p>
   </div>
   <div class='ocr_carea' id='block_1_2' title="bbox 411 311 3768 404">
    <p class='ocr_par' dir='ltr' id='par_1_2' title="bbox 411 311 3768 404">
     <span class='ocr_line' id='line_1_2' title="bbox 411 311 3768 404; baseline -0.008 -8"><span class='ocrx_word' id='word_1_5' title='bbox 411 338 647 396; x_wconf 80' lang='lat' dir='ltr'><strong>cedebat</strong></span> <span class='ocrx_word' id='word_1_6' title='bbox 688 335 757 372; x_wconf 69' lang='grc'><strong>⁵³9</strong></span> <span class='ocrx_word' id='word_1_7' title='bbox 796 350 894 404; x_wconf 88' lang='lat' dir='ltr'><strong>per</strong></span> <span class='ocrx_word' id='word_1_8' title='bbox 925 332 1019 402; x_wconf 88' lang='lat' dir='ltr'><strong>jus</strong></span> <span class='ocrx_word' id='word_1_9' title='bbox 1062 327 1285 401; x_wconf 85' lang='lat' dir='ltr'><strong>aliquod</strong></span> <span class='ocrx_word' id='word_1_10' title='bbox 1339 326 1425 381; x_wconf 87' lang='lat' dir='ltr'><strong>vel</strong></span> <span class='ocrx_word' id='word_1_11' title='bbox 1465 332 1711 380; x_wconf 87' lang='lat' dir='ltr'><strong>naturam</strong></span> <span class='ocrx_word' id='word_1_12' title='bbox 1743 324 1812 357; x_wconf 64' lang='lat'><strong>5‘0</strong></span> <span class='ocrx_word' id='word_1_13' title='bbox 1895 321 2026 375; x_wconf 91' lang='lat' dir='ltr'><strong>Inde</strong></span> <span class='ocrx_word' id='word_1_14' title='bbox 2055 324 2106 390; x_wconf 86' lang='grc' dir='ltr'>Α</span> <span class='ocrx_word' id='word_1_15' title='bbox 2136 316 2217 371; x_wconf 88' lang='lat' dir='ltr'><strong>vir</strong></span> <span class='ocrx_word' id='word_1_16' title='bbox 2255 315 2524 387; x_wconf 82' lang='lat' dir='ltr'><strong>eloquens</strong></span> <span class='ocrx_word' id='word_1_17' title='bbox 2551 321 2605 370; x_wconf 90' lang='lat' dir='ltr'><strong>et</strong></span> <span class='ocrx_word' id='word_1_18' title='bbox 2628 313 2862 386; x_wconf 89' lang='lat' dir='ltr'><strong>peritus,</strong></span> <span class='ocrx_word' id='word_1_19' title='bbox 2892 313 2944 367; x_wconf 94' lang='lat' dir='ltr'><strong>in</strong></span> <span class='ocrx_word' id='word_1_20' title='bbox 2967 312 3115 367; x_wconf 84' lang='lat' dir='ltr'><strong>hunc</strong></span> <span class='ocrx_word' id='word_1_21' title='bbox 3138 311 3361 368; x_wconf 90' lang='lat' dir='ltr'><strong>modum</strong></span> <span class='ocrx_word' id='word_1_22' title='bbox 3386 328 3519 369; x_wconf 91' lang='lat' dir='ltr'><strong>suos</strong></span> <span class='ocrx_word' id='word_1_23' title='bbox 3550 314 3768 370; x_wconf 78' lang='lat' dir='ltr'><strong>milites</strong></span> 
     </span>
    </p>
   </div>
   <div class='ocr_carea' id='block_1_3' title="bbox 414 406 3060 493">
    <p class='ocr_par' dir='ltr' id='par_1_3' title="bbox 414 406 3060 493">
     <span class='ocr_line' id='line_1_3' title="bbox 414 406 3060 493; baseline -0.01 -7"><span class='ocrx_word' id='word_1_24' title='bbox 414 406 668 486; x_wconf 86' lang='lat' dir='ltr'><strong>etiamin</strong></span> <span class='ocrx_word' id='word_1_25' title='bbox 710 427 774 461; x_wconf 63' lang='grc' dir='ltr'><strong>διε</strong></span> <span class='ocrx_word' id='word_1_26' title='bbox 818 431 1029 481; x_wconf 87' lang='lat' dir='ltr'><strong>tantum</strong></span> <span class='ocrx_word' id='word_1_27' title='bbox 1059 420 1335 493; x_wconf 67' lang='lat' dir='ltr'><strong>superbiae</strong></span> <span class='ocrx_word' id='word_1_28' title='bbox 1365 418 1565 473; x_wconf 81' lang='lat' dir='ltr'><strong>fastum</strong></span> <span class='ocrx_word' id='word_1_29' title='bbox 1603 414 2027 481; x_wconf 80' lang='lat' dir='ltr'><strong>conscenderat,</strong></span> <span class='ocrx_word' id='word_1_30' title='bbox 2130 410 2547 468; x_wconf 74' lang='lat' dir='ltr'><strong>cohortabatur:</strong></span> <span class='ocrx_word' id='word_1_31' title='bbox 3050 456 3060 467; x_wconf 82' lang='grc'><em>,</em></span> 
     </span>
    </p>
   </div>
   <div class='ocr_carea' id='block_1_4' title="bbox 414 502 3150 595">
    <p class='ocr_par' dir='ltr' id='par_1_4' title="bbox 414 502 3150 595">
     <span class='ocr_line' id='line_1_4' title="bbox 414 502 3150 595; baseline -0.009 -18"><span class='ocrx_word' id='word_1_32' title='bbox 414 521 562 595; x_wconf 90' lang='lat' dir='ltr'><strong>quod</strong></span> <span class='ocrx_word' id='word_1_33' title='bbox 593 518 822 575; x_wconf 84' lang='lat' dir='ltr'><strong>obedire</strong></span> <span class='ocrx_word' id='word_1_34' title='bbox 856 514 1125 571; x_wconf 73' lang='lat' dir='ltr'><strong>Kazimiro</strong></span> <span class='ocrx_word' id='word_1_35' title='bbox 1148 510 1456 568; x_wconf 88' lang='lat' dir='ltr'><strong>rennuebat</strong></span> <span class='ocrx_word' id='word_1_36' title='bbox 1492 509 1582 575; x_wconf 61' lang='grc' dir='ltr'><strong>δι’,</strong></span> <span class='ocrx_word' id='word_1_37' title='bbox 1607 509 1835 579; x_wconf 88' lang='lat' dir='ltr'><strong>insuper</strong></span> <span class='ocrx_word' id='word_1_38' title='bbox 1862 505 2046 571; x_wconf 50' lang='lat' dir='ltr'><strong>etiam,</strong></span> <span class='ocrx_word' id='word_1_39' title='bbox 2272 508 2404 558; x_wconf 81' lang='lat' dir='ltr'><strong>Ecce</strong></span> <span class='ocrx_word' id='word_1_40' title='bbox 2426 503 2533 557; x_wconf 87' lang='lat' dir='ltr'><strong>dies</strong></span> <span class='ocrx_word' id='word_1_41' title='bbox 2560 507 2848 570; x_wconf 68' lang='lat' dir='ltr'><strong>expectata</strong></span> <span class='ocrx_word' id='word_1_42' title='bbox 2873 502 3150 570; x_wconf 78' lang='lat' dir='ltr'><strong>primitus.</strong></span> 
     </span>
    </p>
   </div>
   <div class='ocr_carea' id='block_1_5' title="bbox 414 592 3137 666">
    <p class='ocr_par' dir='ltr' id='par_1_5' title="bbox 414 592 3137 666">
     <span class='ocr_line' id='line_1_5' title="bbox 414 592 3137 666; baseline -0.007 -1"><span class='ocrx_word' id='word_1_43' title='bbox 414 592 465 666; x_wconf 83' lang='lat' dir='ltr'><strong>ei</strong></span> <span class='ocrx_word' id='word_1_44' title='bbox 487 609 558 645; x_wconf 67' lang='grc'><strong>⁵⁸³</strong></span> <span class='ocrx_word' id='word_1_45' title='bbox 577 609 744 664; x_wconf 88' lang='lat' dir='ltr'><strong>armis</strong></span> <span class='ocrx_word' id='word_1_46' title='bbox 774 616 829 662; x_wconf 91' lang='lat' dir='ltr'><strong>et</strong></span> <span class='ocrx_word' id='word_1_47' title='bbox 859 604 1080 660; x_wconf 87' lang='lat' dir='ltr'><strong>insidiis</strong></span> <span class='ocrx_word' id='word_1_48' title='bbox 1104 600 1414 658; x_wconf 80' lang='lat' dir='ltr'><strong>resistebat.</strong></span> <span class='ocrx_word' id='word_1_49' title='bbox 1451 599 1515 653; x_wconf 78' lang='lat' dir='ltr'><strong>At</strong></span> <span class='ocrx_word' id='word_1_50' title='bbox 1553 597 1856 652; x_wconf 84' lang='lat' dir='ltr'><strong>Kazimirus</strong></span> <span class='ocrx_word' id='word_1_51' title='bbox 1885 594 2033 649; x_wconf 87' lang='lat' dir='ltr'><strong>indi-</strong></span> <span class='ocrx_word' id='word_1_52' title='bbox 2274 600 2404 651; x_wconf 86' lang='lat' dir='ltr'><strong>Ecce</strong></span> <span class='ocrx_word' id='word_1_53' title='bbox 2426 596 2553 660; x_wconf 81' lang='lat' dir='ltr'><strong>ﬁnis</strong></span> <span class='ocrx_word' id='word_1_54' title='bbox 2582 595 2645 648; x_wconf 87' lang='lat' dir='ltr'><strong>de</strong></span> <span class='ocrx_word' id='word_1_55' title='bbox 2670 595 2849 649; x_wconf 83' lang='lat' dir='ltr'><strong>labore</strong></span> <span class='ocrx_word' id='word_1_56' title='bbox 2871 596 3087 662; x_wconf 76' lang='lat' dir='ltr'><strong>penitus</strong></span> <span class='ocrx_word' id='word_1_57' title='bbox 3119 592 3137 644; x_wconf 92' lang='lat'><strong><em>!</em></strong></span> 
     </span>
    </p>
   </div>
   <div class='ocr_carea' id='block_1_6' title="bbox 414 686 3211 775">
    <p class='ocr_par' dir='ltr' id='par_1_6' title="bbox 414 686 3211 775">
     <span class='ocr_line' id='line_1_6' title="bbox 414 686 3211 775; baseline -0.005 -20"><span class='ocrx_word' id='word_1_58' title='bbox 414 715 592 775; x_wconf 85' lang='lat' dir='ltr'><strong>gnans</strong></span> <span class='ocrx_word' id='word_1_59' title='bbox 622 713 841 753; x_wconf 89' lang='lat' dir='ltr'><strong>servum</strong></span> <span class='ocrx_word' id='word_1_60' title='bbox 873 694 1046 767; x_wconf 90' lang='lat' dir='ltr'><strong>patris</strong></span> <span class='ocrx_word' id='word_1_61' title='bbox 1085 709 1149 748; x_wconf 90' lang='lat' dir='ltr'><strong>ac</strong></span> <span class='ocrx_word' id='word_1_62' title='bbox 1178 692 1247 727; x_wconf 63' lang='grc' dir='ltr'><strong>δι”</strong></span> <span class='ocrx_word' id='word_1_63' title='bbox 1276 707 1436 746; x_wconf 91' lang='lat' dir='ltr'><strong>suum</strong></span> <span class='ocrx_word' id='word_1_64' title='bbox 1483 688 1776 744; x_wconf 82' lang='lat' dir='ltr'><strong>Mazoviam</strong></span> <span class='ocrx_word' id='word_1_65' title='bbox 1816 686 2032 741; x_wconf 89' lang='lat' dir='ltr'><strong>violen-</strong></span> <span class='ocrx_word' id='word_1_66' title='bbox 2273 691 2553 760; x_wconf 77' lang='lat' dir='ltr'><strong>Superatis</strong></span> <span class='ocrx_word' id='word_1_67' title='bbox 2586 693 2660 744; x_wconf 91' lang='lat' dir='ltr'><strong>tot</strong></span> <span class='ocrx_word' id='word_1_68' title='bbox 2696 689 2851 756; x_wconf 84' lang='lat' dir='ltr'><strong>falsis</strong></span> <span class='ocrx_word' id='word_1_69' title='bbox 2876 686 3211 750; x_wconf 75' lang='lat' dir='ltr'><strong>Christicolis,</strong></span> 
     </span>
    </p>
   </div>
   <div class='ocr_carea' id='block_1_7' title="bbox 413 775 3363 859">
    <p class='ocr_par' dir='ltr' id='par_1_7' title="bbox 413 775 3363 859">
     <span class='ocr_line' id='line_1_7' title="bbox 413 775 3363 859; baseline -0.006 -12"><span class='ocrx_word' id='word_1_70' title='bbox 413 800 499 847; x_wconf 87' lang='lat' dir='ltr'><strong>ter</strong></span> <span class='ocrx_word' id='word_1_71' title='bbox 550 791 825 856; x_wconf 87' lang='lat' dir='ltr'><strong>obtinere,</strong></span> <span class='ocrx_word' id='word_1_72' title='bbox 881 787 1102 859; x_wconf 90' lang='lat' dir='ltr'><strong>sibique</strong></span> <span class='ocrx_word' id='word_1_73' title='bbox 1148 785 1217 820; x_wconf 75' lang='lat'><strong>5“</strong></span> <span class='ocrx_word' id='word_1_74' title='bbox 1282 799 1449 859; x_wconf 86' lang='lat' dir='ltr'><strong>grave</strong></span> <span class='ocrx_word' id='word_1_75' title='bbox 1494 781 1797 853; x_wconf 89' lang='lat' dir='ltr'><strong>dampnum</strong></span> <span class='ocrx_word' id='word_1_76' title='bbox 1841 777 2031 834; x_wconf 87' lang='lat' dir='ltr'><strong>existi-</strong></span> <span class='ocrx_word' id='word_1_77' title='bbox 2274 784 2400 834; x_wconf 86' lang='lat' dir='ltr'><strong>Jam</strong></span> <span class='ocrx_word' id='word_1_78' title='bbox 2427 780 2607 834; x_wconf 88' lang='lat' dir='ltr'><strong>securi</strong></span> <span class='ocrx_word' id='word_1_79' title='bbox 2623 783 2864 846; x_wconf 87' lang='lat' dir='ltr'><strong>pugnate</strong></span> <span class='ocrx_word' id='word_1_80' title='bbox 2888 776 2957 809; x_wconf 74' lang='grc'><strong>⁵⁸³</strong></span> <span class='ocrx_word' id='word_1_81' title='bbox 2985 790 3110 830; x_wconf 88' lang='lat' dir='ltr'><strong>cum</strong></span> <span class='ocrx_word' id='word_1_82' title='bbox 3135 775 3363 830; x_wconf 73' lang='lat' dir='ltr'><strong>discetis.</strong></span> 
     </span>
    </p>
   </div>
   <div class='ocr_carea' id='block_1_8' title="bbox 414 865 3188 949">
    <p class='ocr_par' dir='ltr' id='par_1_8' title="bbox 414 865 3188 949">
     <span class='ocr_line' id='line_1_8' title="bbox 414 865 3188 949; baseline -0.005 -14"><span class='ocrx_word' id='word_1_83' title='bbox 414 895 572 935; x_wconf 90' lang='lat' dir='ltr'><strong>mans</strong></span> <span class='ocrx_word' id='word_1_84' title='bbox 611 885 666 935; x_wconf 89' lang='lat' dir='ltr'><strong>et</strong></span> <span class='ocrx_word' id='word_1_85' title='bbox 703 875 1012 949; x_wconf 87' lang='lat' dir='ltr'><strong>periculum</strong></span> <span class='ocrx_word' id='word_1_86' title='bbox 1057 874 1146 939; x_wconf 63' lang='lat'><strong>5‘5,</strong></span> <span class='ocrx_word' id='word_1_87' title='bbox 1190 872 1245 928; x_wconf 92' lang='lat' dir='ltr'><strong>ni</strong></span> <span class='ocrx_word' id='word_1_88' title='bbox 1286 888 1345 927; x_wconf 90' lang='lat' dir='ltr'><strong>se</strong></span> <span class='ocrx_word' id='word_1_89' title='bbox 1399 871 1466 906; x_wconf 70' lang='lat'><strong>“7</strong></span> <span class='ocrx_word' id='word_1_90' title='bbox 1520 870 1786 936; x_wconf 73' lang='lat' dir='ltr'><strong>vindicet,</strong></span> <span class='ocrx_word' id='word_1_91' title='bbox 1847 865 2031 922; x_wconf 89' lang='lat' dir='ltr'><strong>immi-</strong></span> <span class='ocrx_word' id='word_1_92' title='bbox 2274 873 2555 928; x_wconf 73' lang='lat' dir='ltr'><strong>Multitudo</strong></span> <span class='ocrx_word' id='word_1_93' title='bbox 2582 875 2694 926; x_wconf 64' lang='lat' dir='ltr'><strong>non</strong></span> <span class='ocrx_word' id='word_1_94' title='bbox 2722 871 2859 937; x_wconf 82' lang='lat' dir='ltr'><strong>facit</strong></span> <span class='ocrx_word' id='word_1_95' title='bbox 2886 870 3188 934; x_wconf 82' lang='lat' dir='ltr'><strong>victoriam,</strong></span> 
     </span>
    </p>
   </div>
   <div class='ocr_carea' id='block_1_9' title="bbox 414 956 3367 1037">
    <p class='ocr_par' dir='ltr' id='par_1_9' title="bbox 414 956 3367 1037">
     <span class='ocr_line' id='line_1_9' title="bbox 414 956 3367 1037; baseline -0.007 -13"><span class='ocrx_word' id='word_1_96' title='bbox 414 984 571 1036; x_wconf 90' lang='lat' dir='ltr'><strong>nere,</strong></span> <span class='ocrx_word' id='word_1_97' title='bbox 602 967 830 1023; x_wconf 89' lang='lat' dir='ltr'><strong>collecta</strong></span> <span class='ocrx_word' id='word_1_98' title='bbox 857 979 1030 1037; x_wconf 86' lang='lat' dir='ltr'><strong>pauca</strong></span> <span class='ocrx_word' id='word_1_99' title='bbox 1060 962 1284 1035; x_wconf 89' lang='lat' dir='ltr'><strong>quidem</strong></span> <span class='ocrx_word' id='word_1_100' title='bbox 1315 975 1548 1017; x_wconf 88' lang='lat' dir='ltr'><strong>numero</strong></span> <span class='ocrx_word' id='word_1_101' title='bbox 1600 976 1765 1015; x_wconf 90' lang='lat' dir='ltr'><strong>manu</strong></span> <span class='ocrx_word' id='word_1_102' title='bbox 1796 956 2025 1013; x_wconf 90' lang='lat' dir='ltr'><strong>bellato-</strong></span> <span class='ocrx_word' id='word_1_103' title='bbox 2270 971 2369 1025; x_wconf 62' lang='lat' dir='ltr'><strong>sed</strong></span> <span class='ocrx_word' id='word_1_104' title='bbox 2391 971 2484 1024; x_wconf 71' lang='grc' dir='ltr'><strong>συί</strong></span> <span class='ocrx_word' id='word_1_105' title='bbox 2510 973 2645 1023; x_wconf 54' lang='lat' dir='ltr'><strong>Deus</strong></span> <span class='ocrx_word' id='word_1_106' title='bbox 2673 968 2896 1022; x_wconf 70' lang='grc' dir='ltr'><strong>ἀοηαυίι</strong></span> <span class='ocrx_word' id='word_1_107' title='bbox 2918 981 3077 1020; x_wconf 62' lang='lat' dir='ltr'><strong>suam</strong></span> <span class='ocrx_word' id='word_1_108' title='bbox 3105 966 3367 1034; x_wconf 46' lang='lat' dir='ltr'><strong>gratiam,</strong></span> 
     </span>
    </p>
   </div>
   <div class='ocr_carea' id='block_1_10' title="bbox 416 1049 1968 1126">
    <p class='ocr_par' dir='ltr' id='par_1_10' title="bbox 416 1049 1968 1122">
     <span class='ocr_line' id='line_1_10' title="bbox 416 1049 1968 1122; baseline -0.008 -10"><span class='ocrx_word' id='word_1_109' title='bbox 416 1073 535 1112; x_wconf 86' lang='lat' dir='ltr'><strong>rum</strong></span> <span class='ocrx_word' id='word_1_110' title='bbox 588 1056 678 1122; x_wconf 66' lang='grc' dir='ltr'><strong>διε,</strong></span> <span class='ocrx_word' id='word_1_111' title='bbox 731 1054 829 1109; x_wconf 90' lang='lat' dir='ltr'><strong>sed</strong></span> <span class='ocrx_word' id='word_1_112' title='bbox 869 1058 1087 1108; x_wconf 88' lang='lat' dir='ltr'><strong>assueta</strong></span> <span class='ocrx_word' id='word_1_113' title='bbox 1141 1052 1210 1086; x_wconf 61' lang='grc' dir='ltr'><strong>διν</strong></span> <span class='ocrx_word' id='word_1_114' title='bbox 1245 1050 1426 1117; x_wconf 81' lang='lat' dir='ltr'><strong>bellis,</strong></span> <span class='ocrx_word' id='word_1_115' title='bbox 1459 1049 1627 1104; x_wconf 89' lang='lat' dir='ltr'><strong>armis</strong></span> <span class='ocrx_word' id='word_1_116' title='bbox 1671 1061 1968 1119; x_wconf 88' lang='lat' dir='ltr'><strong>congressu</strong></span> 
     </span>
    </p>
   </div>
   <div class='ocr_carea' id='block_1_11' title="bbox 1586 1049 3138 1126">
    <p class='ocr_par' dir='ltr' id='par_1_11' title="bbox 1586 1049 3138 1126">
     <span class='ocr_line' id='line_1_11' title="bbox 1586 1049 3138 1126; baseline -0.001 -17"><span class='ocrx_word' id='word_1_117' title='bbox 1586 1049 1627 1103; x_wconf 88' lang='lat' dir='ltr'><strong>is</strong></span> <span class='ocrx_word' id='word_1_118' title='bbox 1671 1060 2028 1119; x_wconf 63' lang='lat' dir='ltr'><strong>congressus,</strong></span> <span class='ocrx_word' id='word_1_119' title='bbox 2274 1063 2584 1114; x_wconf 72' lang='lat' dir='ltr'><strong>Mementote</strong></span> <span class='ocrx_word' id='word_1_120' title='bbox 2608 1059 2829 1111; x_wconf 81' lang='lat' dir='ltr'><strong>virtutis</strong></span> <span class='ocrx_word' id='word_1_121' title='bbox 2850 1057 3138 1126; x_wconf 74' lang='lat' dir='ltr'><strong>praeteritae</strong></span> 
     </span>
    </p>
   </div>
   <div class='ocr_carea' id='block_1_12' title="bbox 414 1142 3160 1217">
    <p class='ocr_par' dir='ltr' id='par_1_12' title="bbox 414 1142 3160 1217">
     <span class='ocr_line' id='line_1_12' title="bbox 414 1142 3160 1217; baseline -0.004 -14"><span class='ocrx_word' id='word_1_122' title='bbox 414 1147 730 1205; x_wconf 79' lang='lat' dir='ltr'><strong>Meczslawo</strong></span> <span class='ocrx_word' id='word_1_123' title='bbox 778 1145 847 1181; x_wconf 66' lang='lat'><strong>55°</strong></span> <span class='ocrx_word' id='word_1_124' title='bbox 899 1150 1207 1217; x_wconf 88' lang='lat' dir='ltr'><strong>perempto,</strong></span> <span class='ocrx_word' id='word_1_125' title='bbox 1248 1142 1532 1199; x_wconf 86' lang='lat' dir='ltr'><strong>victoriam</strong></span> <span class='ocrx_word' id='word_1_126' title='bbox 1581 1146 1636 1195; x_wconf 91' lang='lat' dir='ltr'><strong>et</strong></span> <span class='ocrx_word' id='word_1_127' title='bbox 1701 1153 1890 1210; x_wconf 87' lang='lat' dir='ltr'><strong>pacem</strong></span> <span class='ocrx_word' id='word_1_128' title='bbox 1942 1145 2029 1193; x_wconf 81' lang='lat' dir='ltr'><strong>to-</strong></span> <span class='ocrx_word' id='word_1_129' title='bbox 2272 1152 2336 1201; x_wconf 75' lang='lat' dir='ltr'><strong>Et</strong></span> <span class='ocrx_word' id='word_1_130' title='bbox 2362 1147 2542 1201; x_wconf 67' lang='lat' dir='ltr'><strong>tabam</strong></span> <span class='ocrx_word' id='word_1_131' title='bbox 2563 1150 2738 1200; x_wconf 76' lang='grc' dir='ltr'><strong>υθεινο</strong></span> <span class='ocrx_word' id='word_1_132' title='bbox 2763 1145 2932 1210; x_wconf 73' lang='lat' dir='ltr'><strong>ﬁnem</strong></span> <span class='ocrx_word' id='word_1_133' title='bbox 2954 1145 3160 1213; x_wconf 77' lang='lat' dir='ltr'><strong>ponite.</strong></span> 
     </span>
    </p>
   </div>
   <div class='ocr_carea' id='block_1_13' title="bbox 414 1229 3755 1310">
    <p class='ocr_par' dir='ltr' id='par_1_13' title="bbox 414 1229 3755 1310">
     <span class='ocr_line' id='line_1_13' title="bbox 414 1229 3755 1310; baseline -0.005 0"><span class='ocrx_word' id='word_1_134' title='bbox 414 1246 636 1310; x_wconf 70' lang='lat' dir='ltr'><strong>tamque</strong></span> <span class='ocrx_word' id='word_1_135' title='bbox 686 1236 751 1271; x_wconf 81' lang='grc'>⁵⁵¹</span> <span class='ocrx_word' id='word_1_136' title='bbox 796 1236 1028 1308; x_wconf 71' lang='lat' dir='ltr'><strong>patriam</strong></span> <span class='ocrx_word' id='word_1_137' title='bbox 1086 1235 1156 1270; x_wconf 80' lang='grc'><strong>⁵⁶²</strong></span> <span class='ocrx_word' id='word_1_138' title='bbox 1196 1231 1600 1304; x_wconf 70' lang='lat' dir='ltr'><strong>triumphaliter</strong></span> <span class='ocrx_word' id='word_1_139' title='bbox 1651 1236 1734 1285; x_wconf 70' lang='lat' dir='ltr'><strong>est</strong></span> <span class='ocrx_word' id='word_1_140' title='bbox 1796 1229 2031 1299; x_wconf 80' lang='lat' dir='ltr'><strong>adeptus</strong></span> <span class='ocrx_word' id='word_1_141' title='bbox 2203 1241 2295 1296; x_wconf 89' lang='lat' dir='ltr'><strong>llis</strong></span> <span class='ocrx_word' id='word_1_142' title='bbox 2332 1240 2514 1307; x_wconf 89' lang='lat' dir='ltr'><strong>dictis,</strong></span> <span class='ocrx_word' id='word_1_143' title='bbox 2544 1256 2667 1295; x_wconf 89' lang='lat' dir='ltr'><strong>cum</strong></span> <span class='ocrx_word' id='word_1_144' title='bbox 2724 1237 2999 1308; x_wconf 88' lang='lat' dir='ltr'><strong>adjutorio</strong></span> <span class='ocrx_word' id='word_1_145' title='bbox 3056 1236 3150 1291; x_wconf 89' lang='lat' dir='ltr'><strong>Dei</strong></span> <span class='ocrx_word' id='word_1_146' title='bbox 3193 1234 3445 1306; x_wconf 64' lang='lat' dir='ltr'><strong>praelium</strong></span> <span class='ocrx_word' id='word_1_147' title='bbox 3505 1236 3755 1293; x_wconf 71' lang='lat' dir='ltr'><strong>introivit</strong></span> 
     </span>
    </p>
   </div>
   <div class='ocr_carea' id='block_1_14' title="bbox 415 1322 1967 1408">
    <p class='ocr_par' dir='ltr' id='par_1_14' title="bbox 415 1322 1967 1403">
     <span class='ocr_line' id='line_1_14' title="bbox 415 1322 1967 1403; baseline -0.007 -17"><span class='ocrx_word' id='word_1_148' title='bbox 415 1330 556 1403; x_wconf 79' lang='grc'>(101)</span> <span class='ocrx_word' id='word_1_149' title='bbox 597 1330 711 1402; x_wconf 81' lang='lat' dir='ltr'><strong>(an.</strong></span> <span class='ocrx_word' id='word_1_150' title='bbox 757 1328 934 1399; x_wconf 71' lang='grc'>1047).</span> <span class='ocrx_word' id='word_1_151' title='bbox 999 1328 1079 1383; x_wconf 93' lang='lat' dir='ltr'><strong>lbi</strong></span> <span class='ocrx_word' id='word_1_152' title='bbox 1137 1342 1373 1399; x_wconf 88' lang='lat' dir='ltr'><strong>namque</strong></span> <span class='ocrx_word' id='word_1_153' title='bbox 1417 1332 1566 1381; x_wconf 88' lang='lat' dir='ltr'><strong>tanta</strong></span> <span class='ocrx_word' id='word_1_154' title='bbox 1618 1323 1798 1379; x_wconf 54' lang='lat' dir='ltr'><strong>cades</strong></span> <span class='ocrx_word' id='word_1_155' title='bbox 1848 1322 1967 1376; x_wconf 46' lang='lat' dir='ltr'><strong>Mazi</strong></span> 
     </span>
    </p>
   </div>
   <div class='ocr_carea' id='block_1_15' title="bbox 2201 1322 3753 1408">
    <p class='ocr_par' dir='ltr' id='par_1_15' title="bbox 2201 1329 3753 1408">
     <span class='ocr_line' id='line_1_15' title="bbox 2201 1329 3753 1408; baseline -0.003 -19"><span class='ocrx_word' id='word_1_156' title='bbox 2201 1349 2495 1408; x_wconf 74' lang='lat' dir='ltr'><strong>ignemque</strong></span> <span class='ocrx_word' id='word_1_157' title='bbox 2556 1332 2842 1389; x_wconf 78' lang='lat' dir='ltr'><strong>victoriam</strong></span> <span class='ocrx_word' id='word_1_158' title='bbox 2889 1329 3203 1402; x_wconf 86' lang='lat' dir='ltr'><strong>acquisivit,</strong></span> <span class='ocrx_word' id='word_1_159' title='bbox 3258 1329 3467 1385; x_wconf 88' lang='lat' dir='ltr'><strong>Dicitur</strong></span> <span class='ocrx_word' id='word_1_160' title='bbox 3523 1346 3753 1403; x_wconf 88' lang='lat' dir='ltr'><strong>quoque</strong></span> 
     </span>
    </p>
   </div>
   <div class='ocr_carea' id='block_1_16' title="bbox 414 1410 3752 1494">
    <p class='ocr_par' dir='ltr' id='par_1_16' title="bbox 414 1410 3752 1494">
     <span class='ocr_line' id='line_1_16' title="bbox 414 1410 3752 1494; baseline -0.002 -14"><span class='ocrx_word' id='word_1_161' title='bbox 414 1420 650 1475; x_wconf 79' lang='lat' dir='ltr'><strong>vitorum</strong></span> <span class='ocrx_word' id='word_1_162' title='bbox 724 1419 793 1453; x_wconf 75' lang='grc'><strong>⁵⁵³</strong></span> <span class='ocrx_word' id='word_1_163' title='bbox 845 1418 986 1473; x_wconf 74' lang='lat' dir='ltr'><strong>facta</strong></span> <span class='ocrx_word' id='word_1_164' title='bbox 1051 1416 1217 1472; x_wconf 64' lang='lat' dir='ltr'><strong>inisse</strong></span> <span class='ocrx_word' id='word_1_165' title='bbox 1284 1423 1649 1479; x_wconf 63' lang='lat' dir='ltr'><strong>memoratur,</strong></span> <span class='ocrx_word' id='word_1_166' title='bbox 1715 1412 1858 1467; x_wconf 55' lang='lat' dir='ltr'><strong>Sicut</strong></span> <span class='ocrx_word' id='word_1_167' title='bbox 1934 1410 2027 1465; x_wconf 65' lang='grc' dir='ltr'><strong>δά·</strong></span> <span class='ocrx_word' id='word_1_168' title='bbox 2127 1432 2369 1481; x_wconf 86' lang='lat' dir='ltr'><strong>sanctam</strong></span> <span class='ocrx_word' id='word_1_169' title='bbox 2402 1422 2694 1479; x_wconf 85' lang='lat' dir='ltr'><strong>ecclesiam</strong></span> <span class='ocrx_word' id='word_1_170' title='bbox 2723 1419 2921 1477; x_wconf 79' lang='lat' dir='ltr'><strong>affectu</strong></span> <span class='ocrx_word' id='word_1_171' title='bbox 2954 1434 3156 1494; x_wconf 85' lang='lat' dir='ltr'><strong>magno</strong></span> <span class='ocrx_word' id='word_1_172' title='bbox 3179 1418 3752 1490; x_wconf 87' lang='lat' dir='ltr'><strong>pictatisbonorasse,</strong></span> 
     </span>
    </p>
   </div>
   <div class='ocr_carea' id='block_1_17' title="bbox 414 1505 3745 1587">
    <p class='ocr_par' dir='ltr' id='par_1_17' title="bbox 414 1505 3745 1587">
     <span class='ocr_line' id='line_1_17' title="bbox 414 1505 3745 1587; baseline -0.002 -19"><span class='ocrx_word' id='word_1_173' title='bbox 414 1515 521 1570; x_wconf 91' lang='lat' dir='ltr'><strong>huc</strong></span> <span class='ocrx_word' id='word_1_174' title='bbox 574 1513 728 1569; x_wconf 90' lang='lat' dir='ltr'><strong>locus</strong></span> <span class='ocrx_word' id='word_1_175' title='bbox 753 1512 1070 1568; x_wconf 86' lang='lat' dir='ltr'><strong>certaminis</strong></span> <span class='ocrx_word' id='word_1_176' title='bbox 1100 1520 1152 1567; x_wconf 90' lang='lat' dir='ltr'><strong>et</strong></span> <span class='ocrx_word' id='word_1_177' title='bbox 1194 1509 1561 1582; x_wconf 69' lang='lat' dir='ltr'><strong>praecipitium</strong></span> <span class='ocrx_word' id='word_1_178' title='bbox 1602 1508 1733 1579; x_wconf 67' lang='lat' dir='ltr'><strong>ripae</strong></span> <span class='ocrx_word' id='word_1_179' title='bbox 1783 1505 2027 1561; x_wconf 87' lang='lat' dir='ltr'><strong>ﬂuminis</strong></span> <span class='ocrx_word' id='word_1_180' title='bbox 2127 1517 2229 1572; x_wconf 71' lang='lat' dir='ltr'><strong>sed</strong></span> <span class='ocrx_word' id='word_1_181' title='bbox 2256 1514 2551 1587; x_wconf 68' lang='grc' dir='ltr'><strong>ξριιιεείριιε</strong></span> <span class='ocrx_word' id='word_1_182' title='bbox 2589 1513 2891 1568; x_wconf 81' lang='lat' dir='ltr'><strong>monachos</strong></span> <span class='ocrx_word' id='word_1_183' title='bbox 2942 1520 3369 1583; x_wconf 80' lang='lat' dir='ltr'><strong>sanetammque</strong></span> <span class='ocrx_word' id='word_1_184' title='bbox 3413 1511 3745 1568; x_wconf 83' lang='lat' dir='ltr'><strong>monialium</strong></span> 
     </span>
    </p>
   </div>
   <div class='ocr_carea' id='block_1_18' title="bbox 411 1594 3750 1692">
    <p class='ocr_par' dir='ltr' id='par_1_18' title="bbox 411 1594 3750 1692">
     <span class='ocr_line' id='line_1_18' title="bbox 411 1594 3750 1692; baseline -0.005 -35"><span class='ocrx_word' id='word_1_185' title='bbox 411 1608 762 1673; x_wconf 88' lang='lat' dir='ltr'><strong>protestatur.</strong></span> <span class='ocrx_word' id='word_1_186' title='bbox 806 1601 929 1672; x_wconf 90' lang='lat' dir='ltr'><strong>Ipse</strong></span> <span class='ocrx_word' id='word_1_187' title='bbox 962 1600 1125 1655; x_wconf 90' lang='lat' dir='ltr'><strong>etiam</strong></span> <span class='ocrx_word' id='word_1_188' title='bbox 1156 1598 1231 1653; x_wconf 92' lang='lat' dir='ltr'><strong>ibi</strong></span> <span class='ocrx_word' id='word_1_189' title='bbox 1266 1598 1569 1653; x_wconf 87' lang='lat' dir='ltr'><strong>Kazimirus</strong></span> <span class='ocrx_word' id='word_1_190' title='bbox 1594 1610 1728 1651; x_wconf 90' lang='lat' dir='ltr'><strong>ense</strong></span> <span class='ocrx_word' id='word_1_191' title='bbox 1758 1594 2024 1650; x_wconf 68' lang='lat' dir='ltr'><strong>audendo</strong></span> <span class='ocrx_word' id='word_1_192' title='bbox 2051 1624 2101 1692; x_wconf 77' lang='grc' dir='ltr'>Β</span> <span class='ocrx_word' id='word_1_193' title='bbox 2127 1603 2589 1679; x_wconf 71' lang='lat' dir='ltr'><strong>congregationes</strong></span> <span class='ocrx_word' id='word_1_194' title='bbox 2610 1609 3020 1674; x_wconf 65' lang='lat' dir='ltr'><strong>augmentasse,</strong></span> <span class='ocrx_word' id='word_1_195' title='bbox 3048 1598 3145 1669; x_wconf 79' lang='lat' dir='ltr'><strong>qui</strong></span> <span class='ocrx_word' id='word_1_196' title='bbox 3164 1598 3234 1632; x_wconf 73' lang='lat'><strong>588</strong></span> <span class='ocrx_word' id='word_1_197' title='bbox 3254 1599 3593 1653; x_wconf 66' lang='lat' dir='ltr'><strong>monasterio</strong></span> <span class='ocrx_word' id='word_1_198' title='bbox 3613 1615 3750 1670; x_wconf 72' lang='grc' dir='ltr'><strong>ρηιι-</strong></span> 
     </span>
    </p>
   </div>
   <div class='ocr_carea' id='block_1_19' title="bbox 411 1685 1963 1764">
    <p class='ocr_par' dir='ltr' id='par_1_19' title="bbox 411 1686 1961 1764">
     <span class='ocr_line' id='line_1_19' title="bbox 411 1686 1961 1764; baseline -0.004 -20"><span class='ocrx_word' id='word_1_199' title='bbox 411 1689 573 1744; x_wconf 89' lang='lat' dir='ltr'><strong>nimis</strong></span> <span class='ocrx_word' id='word_1_200' title='bbox 614 1690 683 1724; x_wconf 72' lang='grc'><strong>³⁸⁸</strong></span> <span class='ocrx_word' id='word_1_201' title='bbox 706 1688 885 1744; x_wconf 89' lang='lat' dir='ltr'><strong>extitit</strong></span> <span class='ocrx_word' id='word_1_202' title='bbox 922 1687 1199 1764; x_wconf 88' lang='lat' dir='ltr'><strong>fatigatus,</strong></span> <span class='ocrx_word' id='word_1_203' title='bbox 1242 1686 1470 1742; x_wconf 84' lang='lat' dir='ltr'><strong>brachia</strong></span> <span class='ocrx_word' id='word_1_204' title='bbox 1511 1692 1797 1755; x_wconf 91' lang='lat' dir='ltr'><strong>totumque</strong></span> <span class='ocrx_word' id='word_1_205' title='bbox 1837 1690 1961 1754; x_wconf 88' lang='lat' dir='ltr'><strong>pect</strong></span> 
     </span>
    </p>
   </div>
   <div class='ocr_carea' id='block_1_20' title="bbox 2194 1685 3746 1764">
    <p class='ocr_par' dir='ltr' id='par_1_20' title="bbox 2194 1685 3746 1763">
     <span class='ocr_line' id='line_1_20' title="bbox 2194 1685 3746 1763; baseline -0.005 -14"><span class='ocrx_word' id='word_1_206' title='bbox 2194 1694 2289 1749; x_wconf 69' lang='lat' dir='ltr'><strong>ilus</strong></span> <span class='ocrx_word' id='word_1_207' title='bbox 2313 1709 2344 1747; x_wconf 92' lang='lat' dir='ltr'><strong>a</strong></span> <span class='ocrx_word' id='word_1_208' title='bbox 2391 1690 2714 1763; x_wconf 88' lang='lat' dir='ltr'><strong>parentibus</strong></span> <span class='ocrx_word' id='word_1_209' title='bbox 2739 1695 2822 1744; x_wconf 90' lang='lat' dir='ltr'><strong>est</strong></span> <span class='ocrx_word' id='word_1_210' title='bbox 2850 1688 3086 1749; x_wconf 83' lang='lat' dir='ltr'><strong>oblatus.</strong></span> <span class='ocrx_word' id='word_1_211' title='bbox 3122 1685 3199 1741; x_wconf 87' lang='lat' dir='ltr'><strong>ibi</strong></span> <span class='ocrx_word' id='word_1_212' title='bbox 3230 1687 3404 1742; x_wconf 88' lang='lat' dir='ltr'><strong>sacris</strong></span> <span class='ocrx_word' id='word_1_213' title='bbox 3442 1687 3647 1743; x_wconf 85' lang='lat' dir='ltr'><strong>litteris</strong></span> <span class='ocrx_word' id='word_1_214' title='bbox 3675 1687 3746 1742; x_wconf 87' lang='lat' dir='ltr'><strong>li-</strong></span> 
     </span>
    </p>
   </div>
   <div class='ocr_carea' id='block_1_21' title="bbox 406 1776 2864 1853">
    <p class='ocr_par' dir='ltr' id='par_1_21' title="bbox 406 1776 2864 1853">
     <span class='ocr_line' id='line_1_21' title="bbox 406 1776 2864 1853; baseline -0.001 -17"><span class='ocrx_word' id='word_1_215' title='bbox 406 1788 462 1836; x_wconf 90' lang='lat' dir='ltr'><strong>et</strong></span> <span class='ocrx_word' id='word_1_216' title='bbox 495 1779 690 1836; x_wconf 82' lang='lat' dir='ltr'><strong>faciem</strong></span> <span class='ocrx_word' id='word_1_217' title='bbox 721 1778 894 1835; x_wconf 78' lang='lat' dir='ltr'><strong>eﬁ&#39;uso</strong></span> <span class='ocrx_word' id='word_1_218' title='bbox 924 1779 1196 1853; x_wconf 72' lang='lat' dir='ltr'><strong>sanguine</strong></span> <span class='ocrx_word' id='word_1_219' title='bbox 1244 1785 1580 1843; x_wconf 88' lang='lat' dir='ltr'><strong>cruentatus,</strong></span> <span class='ocrx_word' id='word_1_220' title='bbox 1623 1784 1677 1831; x_wconf 85' lang='lat' dir='ltr'><strong>et</strong></span> <span class='ocrx_word' id='word_1_221' title='bbox 1714 1776 1770 1831; x_wconf 90' lang='lat' dir='ltr'><strong>in</strong></span> <span class='ocrx_word' id='word_1_222' title='bbox 1800 1777 2025 1847; x_wconf 53' lang='lat' dir='ltr'><strong>jtantum</strong></span> <span class='ocrx_word' id='word_1_223' title='bbox 2129 1779 2393 1836; x_wconf 88' lang='lat' dir='ltr'><strong>beraliter</strong></span> <span class='ocrx_word' id='word_1_224' title='bbox 2420 1778 2671 1835; x_wconf 90' lang='lat' dir='ltr'><strong>eruditus</strong></span> <span class='ocrx_word' id='word_1_225' title='bbox 2700 1778 2864 1850; x_wconf 84' lang='lat'><strong>(102).</strong></span> 
     </span>
    </p>
   </div>
   <div class='ocr_carea' id='block_1_22' title="bbox 408 1868 3673 1956">
    <p class='ocr_par' dir='ltr' id='par_1_22' title="bbox 408 1868 3673 1956">
     <span class='ocr_line' id='line_1_22' title="bbox 408 1868 3673 1956; baseline -0.004 -26"><span class='ocrx_word' id='word_1_226' title='bbox 408 1874 685 1949; x_wconf 83' lang='lat' dir='ltr'><strong>fugientes</strong></span> <span class='ocrx_word' id='word_1_227' title='bbox 715 1874 909 1929; x_wconf 85' lang='lat' dir='ltr'><strong>hostes</strong></span> <span class='ocrx_word' id='word_1_228' title='bbox 963 1873 1113 1928; x_wconf 90' lang='lat' dir='ltr'><strong>solus</strong></span> <span class='ocrx_word' id='word_1_229' title='bbox 1170 1878 1253 1927; x_wconf 85' lang='lat' dir='ltr'><strong>est</strong></span> <span class='ocrx_word' id='word_1_230' title='bbox 1282 1878 1625 1944; x_wconf 90' lang='lat' dir='ltr'><strong>persecutus,</strong></span> <span class='ocrx_word' id='word_1_231' title='bbox 1681 1869 1830 1942; x_wconf 92' lang='lat' dir='ltr'><strong>quod</strong></span> <span class='ocrx_word' id='word_1_232' title='bbox 1887 1869 2028 1925; x_wconf 90' lang='lat' dir='ltr'><strong>mori</strong></span> <span class='ocrx_word' id='word_1_233' title='bbox 2196 1889 2287 1945; x_wconf 48' lang='grc' dir='ltr'><strong>ῃ.</strong></span> <span class='ocrx_word' id='word_1_234' title='bbox 2321 1894 2393 1945; x_wconf 55' lang='lat' dir='ltr'><strong><em>De</em></strong></span> <span class='ocrx_word' id='word_1_235' title='bbox 2433 1892 2763 1946; x_wconf 62' lang='lat' dir='ltr'><strong>successione</strong></span> <span class='ocrx_word' id='word_1_236' title='bbox 2804 1868 3027 1944; x_wconf 44' lang='lat' dir='ltr'><strong>“and,</strong></span> <span class='ocrx_word' id='word_1_237' title='bbox 3053 1887 3291 1956; x_wconf 57' lang='lat' dir='ltr'><strong>Bomzay</strong></span> <span class='ocrx_word' id='word_1_238' title='bbox 3324 1886 3455 1942; x_wconf 60' lang='lat' dir='ltr'><strong>dim-</strong></span> <span class='ocrx_word' id='word_1_239' title='bbox 3493 1889 3673 1954; x_wconf 49' lang='lat' dir='ltr'><strong>Largi,</strong></span> 
     </span>
    </p>
   </div>
   <div class='ocr_carea' id='block_1_23' title="bbox 405 1959 3171 2034">
    <p class='ocr_par' dir='ltr' id='par_1_23' title="bbox 405 1959 3171 2034">
     <span class='ocr_line' id='line_1_23' title="bbox 405 1959 3171 2034; baseline -0.003 -14"><span class='ocrx_word' id='word_1_240' title='bbox 405 1967 599 2022; x_wconf 86' lang='lat' dir='ltr'><strong>debuit</strong></span> <span class='ocrx_word' id='word_1_241' title='bbox 628 1983 657 2021; x_wconf 89' lang='lat' dir='ltr'><strong>a</strong></span> <span class='ocrx_word' id='word_1_242' title='bbox 695 1966 811 2021; x_wconf 84' lang='lat' dir='ltr'><strong>suis</strong></span> <span class='ocrx_word' id='word_1_243' title='bbox 840 1965 1101 2021; x_wconf 89' lang='lat' dir='ltr'><strong>omnibus</strong></span> <span class='ocrx_word' id='word_1_244' title='bbox 1141 1980 1251 2020; x_wconf 92' lang='lat' dir='ltr'><strong>non</strong></span> <span class='ocrx_word' id='word_1_245' title='bbox 1293 1962 1538 2032; x_wconf 87' lang='lat' dir='ltr'><strong>adjutus,</strong></span> <span class='ocrx_word' id='word_1_246' title='bbox 1568 1962 1665 2017; x_wconf 90' lang='lat' dir='ltr'><strong>sed</strong></span> <span class='ocrx_word' id='word_1_247' title='bbox 1694 1960 1919 2034; x_wconf 87' lang='lat' dir='ltr'><strong>quidam</strong></span> <span class='ocrx_word' id='word_1_248' title='bbox 1951 1961 2019 1995; x_wconf 71' lang='grc' dir='ltr'><strong>ὕδει</strong></span> <span class='ocrx_word' id='word_1_249' title='bbox 2696 1961 3044 2015; x_wconf 68' lang='lat' dir='ltr'><strong>Kazimirides</strong></span> <span class='ocrx_word' id='word_1_250' title='bbox 3081 1959 3171 2013; x_wconf 73' lang='lat'><strong>5“.</strong></span> 
     </span>
    </p>
   </div>
   <div class='ocr_carea' id='block_1_24' title="bbox 406 2047 3747 2127">
    <p class='ocr_par' dir='ltr' id='par_1_24' title="bbox 406 2047 3747 2127">
     <span class='ocr_line' id='line_1_24' title="bbox 406 2047 3747 2127; baseline -0.002 -17"><span class='ocrx_word' id='word_1_251' title='bbox 406 2070 517 2111; x_wconf 90' lang='lat' dir='ltr'><strong>non</strong></span> <span class='ocrx_word' id='word_1_252' title='bbox 548 2055 621 2109; x_wconf 87' lang='lat' dir='ltr'><strong>de</strong></span> <span class='ocrx_word' id='word_1_253' title='bbox 645 2054 915 2111; x_wconf 89' lang='lat' dir='ltr'><strong>nobilium</strong></span> <span class='ocrx_word' id='word_1_254' title='bbox 943 2068 1168 2125; x_wconf 78' lang='lat' dir='ltr'><strong>genere,</strong></span> <span class='ocrx_word' id='word_1_255' title='bbox 1198 2052 1297 2107; x_wconf 86' lang='lat' dir='ltr'><strong>sed</strong></span> <span class='ocrx_word' id='word_1_256' title='bbox 1337 2052 1406 2106; x_wconf 89' lang='lat' dir='ltr'><strong>de</strong></span> <span class='ocrx_word' id='word_1_257' title='bbox 1446 2051 1713 2127; x_wconf 75' lang='lat' dir='ltr'><strong>gregariis</strong></span> <span class='ocrx_word' id='word_1_258' title='bbox 1748 2048 2019 2105; x_wconf 90' lang='lat' dir='ltr'><strong>militibus</strong></span> <span class='ocrx_word' id='word_1_259' title='bbox 2193 2051 2307 2107; x_wconf 78' lang='lat' dir='ltr'><strong>iiiis</strong></span> <span class='ocrx_word' id='word_1_260' title='bbox 2334 2051 2504 2126; x_wconf 80' lang='lat' dir='ltr'><strong>igitur</strong></span> <span class='ocrx_word' id='word_1_261' title='bbox 2540 2048 2796 2105; x_wconf 85' lang='lat' dir='ltr'><strong>Kazimiri</strong></span> <span class='ocrx_word' id='word_1_262' title='bbox 2849 2049 3019 2123; x_wconf 87' lang='lat' dir='ltr'><strong>gestis</strong></span> <span class='ocrx_word' id='word_1_263' title='bbox 3071 2047 3526 2104; x_wconf 88' lang='lat' dir='ltr'><strong>memorabilibus</strong></span> <span class='ocrx_word' id='word_1_264' title='bbox 3556 2047 3747 2119; x_wconf 73' lang='lat' dir='ltr'><strong>praeli-</strong></span> 
     </span>
    </p>
   </div>
   <div class='ocr_carea' id='block_1_25' title="bbox 404 2136 3747 2218">
    <p class='ocr_par' dir='ltr' id='par_1_25' title="bbox 404 2136 3747 2218">
     <span class='ocr_line' id='line_1_25' title="bbox 404 2136 3747 2218; baseline -0.005 -5"><span class='ocrx_word' id='word_1_265' title='bbox 404 2143 664 2199; x_wconf 67' lang='grc' dir='ltr'><strong>ποδίηῑθτ</strong></span> <span class='ocrx_word' id='word_1_266' title='bbox 691 2157 853 2212; x_wconf 75' lang='lat' dir='ltr'><strong>Opem</strong></span> <span class='ocrx_word' id='word_1_267' title='bbox 899 2142 1022 2196; x_wconf 73' lang='grc' dir='ltr'>ίυίίί</span> <span class='ocrx_word' id='word_1_268' title='bbox 1062 2140 1351 2206; x_wconf 56' lang='lat' dir='ltr'><strong>morituro,</strong></span> <span class='ocrx_word' id='word_1_269' title='bbox 1401 2138 1550 2212; x_wconf 74' lang='grc' dir='ltr'><strong>(ἰυοά</strong></span> <span class='ocrx_word' id='word_1_270' title='bbox 1607 2138 1751 2194; x_wconf 67' lang='lat' dir='ltr'><strong>bene</strong></span> <span class='ocrx_word' id='word_1_271' title='bbox 1785 2136 2018 2192; x_wconf 71' lang='lat' dir='ltr'><strong>Kalimi-</strong></span> <span class='ocrx_word' id='word_1_272' title='bbox 2120 2146 2281 2212; x_wconf 86' lang='lat' dir='ltr'><strong>batis,</strong></span> <span class='ocrx_word' id='word_1_273' title='bbox 2312 2146 2552 2218; x_wconf 86' lang='lat' dir='ltr'><strong>aliisque</strong></span> <span class='ocrx_word' id='word_1_274' title='bbox 2588 2144 2969 2216; x_wconf 89' lang='lat' dir='ltr'><strong>compluribus</strong></span> <span class='ocrx_word' id='word_1_275' title='bbox 3023 2142 3125 2198; x_wconf 91' lang='lat' dir='ltr'><strong>sub</strong></span> <span class='ocrx_word' id='word_1_276' title='bbox 3170 2143 3393 2198; x_wconf 91' lang='lat' dir='ltr'><strong>silentio</strong></span> <span class='ocrx_word' id='word_1_277' title='bbox 3439 2157 3552 2214; x_wconf 67' lang='lat' dir='ltr'><strong>pra:</strong></span> <span class='ocrx_word' id='word_1_278' title='bbox 3578 2141 3747 2197; x_wconf 88' lang='lat' dir='ltr'><strong>festi-</strong></span> 
     </span>
    </p>
   </div>
   <div class='ocr_carea' id='block_1_26' title="bbox 402 2230 3739 2302">
    <p class='ocr_par' dir='ltr' id='par_1_26' title="bbox 402 2230 3739 2302">
     <span class='ocr_line' id='line_1_26' title="bbox 402 2230 3739 2302; baseline -0.002 -12"><span class='ocrx_word' id='word_1_279' title='bbox 402 2251 496 2290; x_wconf 89' lang='lat' dir='ltr'><strong>rus</strong></span> <span class='ocrx_word' id='word_1_280' title='bbox 526 2234 635 2289; x_wconf 87' lang='lat' dir='ltr'><strong>sibi</strong></span> <span class='ocrx_word' id='word_1_281' title='bbox 666 2232 910 2289; x_wconf 89' lang='lat' dir='ltr'><strong>restituit</strong></span> <span class='ocrx_word' id='word_1_282' title='bbox 941 2233 997 2287; x_wconf 91' lang='lat' dir='ltr'><strong>in</strong></span> <span class='ocrx_word' id='word_1_283' title='bbox 1029 2232 1233 2300; x_wconf 86' lang='lat' dir='ltr'><strong>futuro,</strong></span> <span class='ocrx_word' id='word_1_284' title='bbox 1261 2248 1384 2287; x_wconf 91' lang='lat' dir='ltr'><strong>nam</strong></span> <span class='ocrx_word' id='word_1_285' title='bbox 1418 2240 1475 2287; x_wconf 89' lang='lat' dir='ltr'><strong>et</strong></span> <span class='ocrx_word' id='word_1_286' title='bbox 1504 2231 1779 2287; x_wconf 90' lang='lat' dir='ltr'><strong>civitatem</strong></span> <span class='ocrx_word' id='word_1_287' title='bbox 1811 2230 1863 2284; x_wconf 90' lang='lat' dir='ltr'><strong>ei</strong></span> <span class='ocrx_word' id='word_1_288' title='bbox 1893 2245 2020 2285; x_wconf 91' lang='lat' dir='ltr'><strong>con-</strong></span> <span class='ocrx_word' id='word_1_289' title='bbox 2120 2234 2308 2290; x_wconf 81' lang='lat' dir='ltr'><strong>nantia</strong></span> <span class='ocrx_word' id='word_1_290' title='bbox 2356 2233 2670 2302; x_wconf 73' lang='lat' dir='ltr'><strong>reservatis,</strong></span> <span class='ocrx_word' id='word_1_291' title='bbox 2730 2233 2857 2289; x_wconf 75' lang='lat' dir='ltr'><strong>vitae</strong></span> <span class='ocrx_word' id='word_1_292' title='bbox 2914 2232 3214 2288; x_wconf 86' lang='lat' dir='ltr'><strong>terminum</strong></span> <span class='ocrx_word' id='word_1_293' title='bbox 3270 2231 3507 2295; x_wconf 83' lang='lat' dir='ltr'><strong>ﬁnienti,</strong></span> <span class='ocrx_word' id='word_1_294' title='bbox 3566 2230 3739 2286; x_wconf 82' lang='lat' dir='ltr'><strong>ﬁnem</strong></span> 
     </span>
    </p>
   </div>
   <div class='ocr_carea' id='block_1_27' title="bbox 400 2323 3749 2401">
    <p class='ocr_par' dir='ltr' id='par_1_27' title="bbox 400 2323 3749 2401">
     <span class='ocr_line' id='line_1_27' title="bbox 400 2323 3749 2401; baseline -0.002 -16"><span class='ocrx_word' id='word_1_295' title='bbox 400 2330 545 2396; x_wconf 89' lang='lat' dir='ltr'><strong>tulit,</strong></span> <span class='ocrx_word' id='word_1_296' title='bbox 567 2336 622 2385; x_wconf 89' lang='lat' dir='ltr'><strong>et</strong></span> <span class='ocrx_word' id='word_1_297' title='bbox 651 2345 777 2385; x_wconf 91' lang='lat' dir='ltr'><strong>eum</strong></span> <span class='ocrx_word' id='word_1_298' title='bbox 817 2329 888 2363; x_wconf 75' lang='grc'><strong>⁵³⁸</strong></span> <span class='ocrx_word' id='word_1_299' title='bbox 917 2328 1187 2401; x_wconf 81' lang='lat' dir='ltr'><strong>dignitate</strong></span> <span class='ocrx_word' id='word_1_300' title='bbox 1218 2327 1363 2384; x_wconf 90' lang='lat' dir='ltr'><strong>inter</strong></span> <span class='ocrx_word' id='word_1_301' title='bbox 1395 2327 1692 2384; x_wconf 88' lang='lat' dir='ltr'><strong>nobiliores</strong></span> <span class='ocrx_word' id='word_1_302' title='bbox 1716 2326 1926 2382; x_wconf 89' lang='lat' dir='ltr'><strong>extulit.</strong></span> <span class='ocrx_word' id='word_1_303' title='bbox 1959 2325 2018 2380; x_wconf 89' lang='lat' dir='ltr'><strong>In</strong></span> <span class='ocrx_word' id='word_1_304' title='bbox 2119 2326 2480 2382; x_wconf 87' lang='lat' dir='ltr'><strong>terminemus</strong></span> <span class='ocrx_word' id='word_1_305' title='bbox 2505 2335 2561 2380; x_wconf 87' lang='lat' dir='ltr'><strong>et</strong></span> <span class='ocrx_word' id='word_1_306' title='bbox 2580 2325 2845 2381; x_wconf 88' lang='lat' dir='ltr'><strong>scribenti</strong></span> <span class='ocrx_word' id='word_1_307' title='bbox 2879 2325 2968 2380; x_wconf 71' lang='grc'><strong>⁵⁸⁵.</strong></span> <span class='ocrx_word' id='word_1_308' title='bbox 3020 2324 3313 2396; x_wconf 88' lang='lat' dir='ltr'><strong>Postquam</strong></span> <span class='ocrx_word' id='word_1_309' title='bbox 3347 2323 3535 2395; x_wconf 84' lang='lat' dir='ltr'><strong>itaque</strong></span> <span class='ocrx_word' id='word_1_310' title='bbox 3562 2331 3749 2378; x_wconf 87' lang='lat' dir='ltr'><strong>extre-</strong></span> 
     </span>
    </p>
   </div>
   <div class='ocr_carea' id='block_1_28' title="bbox 399 2415 3746 2487">
    <p class='ocr_par' dir='ltr' id='par_1_28' title="bbox 399 2415 3746 2487">
     <span class='ocr_line' id='line_1_28' title="bbox 399 2415 3746 2487; baseline -0.003 -9"><span class='ocrx_word' id='word_1_311' title='bbox 399 2422 493 2479; x_wconf 92' lang='lat' dir='ltr'><strong>illo</strong></span> <span class='ocrx_word' id='word_1_312' title='bbox 524 2420 672 2477; x_wconf 90' lang='lat' dir='ltr'><strong>enim</strong></span> <span class='ocrx_word' id='word_1_313' title='bbox 706 2420 1008 2477; x_wconf 88' lang='lat' dir='ltr'><strong>certamine</strong></span> <span class='ocrx_word' id='word_1_314' title='bbox 1040 2419 1108 2478; x_wconf 91' lang='lat'><strong>30</strong></span> <span class='ocrx_word' id='word_1_315' title='bbox 1138 2420 1287 2475; x_wconf 87' lang='lat' dir='ltr'><strong>acies</strong></span> <span class='ocrx_word' id='word_1_316' title='bbox 1332 2419 1616 2476; x_wconf 90' lang='lat' dir='ltr'><strong>ordinatas</strong></span> <span class='ocrx_word' id='word_1_317' title='bbox 1645 2417 2020 2474; x_wconf 82' lang='lat' dir='ltr'><strong>Masovienses</strong></span> <span class='ocrx_word' id='word_1_318' title='bbox 2118 2435 2269 2475; x_wconf 89' lang='lat' dir='ltr'><strong>mum</strong></span> <span class='ocrx_word' id='word_1_319' title='bbox 2299 2418 2420 2474; x_wconf 84' lang='lat' dir='ltr'><strong>vale</strong></span> <span class='ocrx_word' id='word_1_320' title='bbox 2456 2418 2762 2474; x_wconf 82' lang='lat' dir='ltr'><strong>Kazimirus</strong></span> <span class='ocrx_word' id='word_1_321' title='bbox 2781 2416 2993 2473; x_wconf 90' lang='lat' dir='ltr'><strong>mundo</strong></span> <span class='ocrx_word' id='word_1_322' title='bbox 3024 2416 3156 2472; x_wconf 86' lang='lat' dir='ltr'><strong>fecit</strong></span> <span class='ocrx_word' id='word_1_323' title='bbox 3185 2427 3298 2487; x_wconf 77' lang='lat' dir='ltr'><strong>(an.</strong></span> <span class='ocrx_word' id='word_1_324' title='bbox 3335 2416 3514 2486; x_wconf 80' lang='grc'>1058),</span> <span class='ocrx_word' id='word_1_325' title='bbox 3548 2415 3746 2471; x_wconf 87' lang='lat' dir='ltr'><strong>Bolez-</strong></span> 
     </span>
    </p>
   </div>
   <div class='ocr_carea' id='block_1_29' title="bbox 402 2507 3743 2585">
    <p class='ocr_par' dir='ltr' id='par_1_29' title="bbox 402 2507 3743 2585">
     <span class='ocr_line' id='line_1_29' title="bbox 402 2507 3743 2585; baseline -0.003 -15"><span class='ocrx_word' id='word_1_326' title='bbox 402 2516 738 2582; x_wconf 89' lang='lat' dir='ltr'><strong>habuerunt,</strong></span> <span class='ocrx_word' id='word_1_327' title='bbox 774 2514 1076 2569; x_wconf 85' lang='lat' dir='ltr'><strong>Kazimirus</strong></span> <span class='ocrx_word' id='word_1_328' title='bbox 1134 2530 1266 2569; x_wconf 89' lang='lat' dir='ltr'><strong>vero</strong></span> <span class='ocrx_word' id='word_1_329' title='bbox 1319 2513 1409 2569; x_wconf 88' lang='lat' dir='ltr'><strong>vix</strong></span> <span class='ocrx_word' id='word_1_330' title='bbox 1449 2519 1559 2569; x_wconf 90' lang='lat' dir='ltr'><strong>tres</strong></span> <span class='ocrx_word' id='word_1_331' title='bbox 1584 2513 1733 2568; x_wconf 88' lang='lat' dir='ltr'><strong>acies</strong></span> <span class='ocrx_word' id='word_1_332' title='bbox 1777 2512 2016 2567; x_wconf 88' lang='lat' dir='ltr'><strong>bellato-</strong></span> <span class='ocrx_word' id='word_1_333' title='bbox 2120 2511 2274 2567; x_wconf 88' lang='lat' dir='ltr'><strong>lavus</strong></span> <span class='ocrx_word' id='word_1_334' title='bbox 2320 2511 2391 2547; x_wconf 70' lang='grc'><strong>⁵⁸⁸</strong></span> <span class='ocrx_word' id='word_1_335' title='bbox 2433 2511 2556 2580; x_wconf 88' lang='lat' dir='ltr'><strong>ejus</strong></span> <span class='ocrx_word' id='word_1_336' title='bbox 2605 2509 3029 2585; x_wconf 87' lang='lat' dir='ltr'><strong>primogenitus,</strong></span> <span class='ocrx_word' id='word_1_337' title='bbox 3083 2509 3170 2565; x_wconf 87' lang='lat' dir='ltr'><strong>vir</strong></span> <span class='ocrx_word' id='word_1_338' title='bbox 3204 2508 3391 2581; x_wconf 88' lang='lat' dir='ltr'><strong>largus</strong></span> <span class='ocrx_word' id='word_1_339' title='bbox 3419 2507 3743 2567; x_wconf 85' lang='lat' dir='ltr'><strong>bellicosus.</strong></span> 
     </span>
    </p>
   </div>
   <div class='ocr_carea' id='block_1_30' title="bbox 403 2604 3747 2681">
    <p class='ocr_par' dir='ltr' id='par_1_30' title="bbox 403 2604 3747 2681">
     <span class='ocr_line' id='line_1_30' title="bbox 403 2604 3747 2681; baseline -0.001 -20"><span class='ocrx_word' id='word_1_340' title='bbox 403 2624 520 2662; x_wconf 92' lang='lat' dir='ltr'><strong>rum</strong></span> <span class='ocrx_word' id='word_1_341' title='bbox 574 2606 768 2679; x_wconf 88' lang='lat' dir='ltr'><strong>plenas</strong></span> <span class='ocrx_word' id='word_1_342' title='bbox 808 2606 1050 2661; x_wconf 86' lang='lat' dir='ltr'><strong>habebat</strong></span> <span class='ocrx_word' id='word_1_343' title='bbox 1092 2606 1182 2672; x_wconf 75' lang='grc'><strong>⁵⁸⁷,</strong></span> <span class='ocrx_word' id='word_1_344' title='bbox 1230 2606 1512 2678; x_wconf 88' lang='lat' dir='ltr'><strong>quoniam,</strong></span> <span class='ocrx_word' id='word_1_345' title='bbox 1561 2613 1620 2662; x_wconf 86' lang='lat' dir='ltr'><strong>ut</strong></span> <span class='ocrx_word' id='word_1_346' title='bbox 1667 2605 1871 2660; x_wconf 89' lang='lat' dir='ltr'><strong>dictum</strong></span> <span class='ocrx_word' id='word_1_347' title='bbox 1913 2611 2017 2671; x_wconf 89' lang='lat' dir='ltr'><strong>est,</strong></span> <span class='ocrx_word' id='word_1_348' title='bbox 2120 2606 2453 2664; x_wconf 89' lang='lat' dir='ltr'><strong>Polonorum</strong></span> <span class='ocrx_word' id='word_1_349' title='bbox 2486 2623 2716 2681; x_wconf 83' lang='lat' dir='ltr'><strong>regnum</strong></span> <span class='ocrx_word' id='word_1_350' title='bbox 2749 2606 2906 2661; x_wconf 88' lang='lat' dir='ltr'><strong>rexit.</strong></span> <span class='ocrx_word' id='word_1_351' title='bbox 2950 2606 3050 2671; x_wconf 83' lang='lat' dir='ltr'><strong>Qui</strong></span> <span class='ocrx_word' id='word_1_352' title='bbox 3081 2620 3180 2660; x_wconf 92' lang='lat' dir='ltr'><strong>sua</strong></span> <span class='ocrx_word' id='word_1_353' title='bbox 3222 2605 3355 2659; x_wconf 87' lang='lat' dir='ltr'><strong>satis</strong></span> <span class='ocrx_word' id='word_1_354' title='bbox 3383 2613 3537 2678; x_wconf 87' lang='lat' dir='ltr'><strong>gesta</strong></span> <span class='ocrx_word' id='word_1_355' title='bbox 3565 2604 3747 2677; x_wconf 85' lang='lat' dir='ltr'><strong>gestis</strong></span> 
     </span>
    </p>
   </div>
   <div class='ocr_carea' id='block_1_31' title="bbox 400 2695 3741 2770">
    <p class='ocr_par' dir='ltr' id='par_1_31' title="bbox 400 2695 3741 2770">
     <span class='ocr_line' id='line_1_31' title="bbox 400 2695 3741 2770; baseline -0.001 -18"><span class='ocrx_word' id='word_1_356' title='bbox 400 2704 511 2753; x_wconf 89' lang='lat' dir='ltr'><strong>tota</strong></span> <span class='ocrx_word' id='word_1_357' title='bbox 545 2696 766 2753; x_wconf 85' lang='lat' dir='ltr'><strong>Polonia</strong></span> <span class='ocrx_word' id='word_1_358' title='bbox 798 2696 865 2731; x_wconf 77' lang='grc'><strong>³⁵⁸</strong></span> <span class='ocrx_word' id='word_1_359' title='bbox 895 2711 1051 2767; x_wconf 79' lang='lat' dir='ltr'><strong>pame</strong></span> <span class='ocrx_word' id='word_1_360' title='bbox 1082 2697 1301 2750; x_wconf 86' lang='lat' dir='ltr'><strong>deserta</strong></span> <span class='ocrx_word' id='word_1_361' title='bbox 1324 2695 1564 2763; x_wconf 87' lang='lat' dir='ltr'><strong>jacebat.</strong></span> <span class='ocrx_word' id='word_1_362' title='bbox 2120 2699 2593 2770; x_wconf 69' lang='lat' dir='ltr'><strong>praedecessorum</strong></span> <span class='ocrx_word' id='word_1_363' title='bbox 2647 2697 2955 2769; x_wconf 66' lang='lat' dir='ltr'><strong>coaequavit</strong></span> <span class='ocrx_word' id='word_1_364' title='bbox 3010 2697 3102 2763; x_wconf 74' lang='grc'><strong>⁵⁸⁷,</strong></span> <span class='ocrx_word' id='word_1_365' title='bbox 3135 2696 3241 2752; x_wconf 90' lang='lat' dir='ltr'><strong>nisi</strong></span> <span class='ocrx_word' id='word_1_366' title='bbox 3297 2696 3446 2768; x_wconf 89' lang='lat' dir='ltr'><strong>quod</strong></span> <span class='ocrx_word' id='word_1_367' title='bbox 3484 2695 3741 2767; x_wconf 77' lang='lat' dir='ltr'><strong>quaedam</strong></span> 
     </span>
    </p>
   </div>
   <div class='ocr_carea' id='block_1_32' title="bbox 539 2784 3741 2860">
    <p class='ocr_par' dir='ltr' id='par_1_32' title="bbox 539 2784 3741 2860">
     <span class='ocr_line' id='line_1_32' title="bbox 539 2784 3741 2860; baseline -0.002 -17"><span class='ocrx_word' id='word_1_368' title='bbox 539 2784 601 2840; x_wconf 83' lang='lat'><strong>21</strong></span> <span class='ocrx_word' id='word_1_369' title='bbox 639 2786 729 2842; x_wconf 68' lang='grc' dir='ltr'><strong>πθ.</strong></span> <span class='ocrx_word' id='word_1_370' title='bbox 769 2790 840 2839; x_wconf 82' lang='lat' dir='ltr'><strong>De</strong></span> <span class='ocrx_word' id='word_1_371' title='bbox 861 2785 1048 2855; x_wconf 70' lang='lat' dir='ltr'><strong>prwlio</strong></span> <span class='ocrx_word' id='word_1_372' title='bbox 1089 2786 1348 2839; x_wconf 65' lang='lat' dir='ltr'><strong>Kazimiri</strong></span> <span class='ocrx_word' id='word_1_373' title='bbox 1383 2799 1509 2839; x_wconf 87' lang='lat' dir='ltr'><strong>cum</strong></span> <span class='ocrx_word' id='word_1_374' title='bbox 1542 2785 1872 2840; x_wconf 76' lang='lat' dir='ltr'><strong>Pomoranis.</strong></span> <span class='ocrx_word' id='word_1_375' title='bbox 2119 2804 2245 2844; x_wconf 87' lang='lat' dir='ltr'><strong>eum</strong></span> <span class='ocrx_word' id='word_1_376' title='bbox 2292 2787 2613 2843; x_wconf 84' lang='lat' dir='ltr'><strong>ambitionis</strong></span> <span class='ocrx_word' id='word_1_377' title='bbox 2641 2787 2727 2843; x_wconf 89' lang='lat' dir='ltr'><strong>vel</strong></span> <span class='ocrx_word' id='word_1_378' title='bbox 2757 2787 3015 2842; x_wconf 88' lang='lat' dir='ltr'><strong>vanitatis</strong></span> <span class='ocrx_word' id='word_1_379' title='bbox 3075 2785 3432 2857; x_wconf 82' lang='lat' dir='ltr'><strong>superfluitas</strong></span> <span class='ocrx_word' id='word_1_380' title='bbox 3488 2785 3741 2860; x_wconf 84' lang='lat' dir='ltr'><strong>agitavit.</strong></span> 
     </span>
    </p>
   </div>
   <div class='ocr_carea' id='block_1_33' title="bbox 476 2872 3745 2954">
    <p class='ocr_par' dir='ltr' id='par_1_33' title="bbox 476 2872 3745 2954">
     <span class='ocr_line' id='line_1_33' title="bbox 476 2872 3745 2954; baseline 0.001 -26"><span class='ocrx_word' id='word_1_381' title='bbox 476 2877 587 2934; x_wconf 88' lang='lat' dir='ltr'><strong>Hoc</strong></span> <span class='ocrx_word' id='word_1_382' title='bbox 625 2877 813 2949; x_wconf 81' lang='lat' dir='ltr'><strong>itaque</strong></span> <span class='ocrx_word' id='word_1_383' title='bbox 857 2875 1045 2948; x_wconf 66' lang='lat' dir='ltr'><strong>prazlio</strong></span> <span class='ocrx_word' id='word_1_384' title='bbox 1097 2875 1528 2931; x_wconf 85' lang='lat' dir='ltr'><strong>memorabiliter</strong></span> <span class='ocrx_word' id='word_1_385' title='bbox 1592 2882 1851 2945; x_wconf 91' lang='lat' dir='ltr'><strong>superato</strong></span> <span class='ocrx_word' id='word_1_386' title='bbox 1898 2872 2015 2945; x_wconf 76' lang='lat' dir='ltr'><strong>(an.</strong></span> <span class='ocrx_word' id='word_1_387' title='bbox 2118 2880 2250 2935; x_wconf 87' lang='lat' dir='ltr'><strong>Nam</strong></span> <span class='ocrx_word' id='word_1_388' title='bbox 2277 2897 2400 2935; x_wconf 91' lang='lat' dir='ltr'><strong>cum</strong></span> <span class='ocrx_word' id='word_1_389' title='bbox 2430 2880 2488 2934; x_wconf 89' lang='lat' dir='ltr'><strong>in</strong></span> <span class='ocrx_word' id='word_1_390' title='bbox 2511 2879 2785 2951; x_wconf 90' lang='lat' dir='ltr'><strong>principio</strong></span> <span class='ocrx_word' id='word_1_391' title='bbox 2805 2879 2888 2934; x_wconf 86' lang='lat' dir='ltr'><strong>sui</strong></span> <span class='ocrx_word' id='word_1_392' title='bbox 2916 2878 3204 2954; x_wconf 84' lang='lat' dir='ltr'><strong>regiminis</strong></span> <span class='ocrx_word' id='word_1_393' title='bbox 3234 2884 3287 2933; x_wconf 89' lang='lat' dir='ltr'><strong>et</strong></span> <span class='ocrx_word' id='word_1_394' title='bbox 3309 2877 3533 2934; x_wconf 87' lang='lat' dir='ltr'><strong>Polonis</strong></span> <span class='ocrx_word' id='word_1_395' title='bbox 3562 2884 3619 2933; x_wconf 91' lang='lat' dir='ltr'><strong>et</strong></span> <span class='ocrx_word' id='word_1_396' title='bbox 3642 2879 3745 2932; x_wconf 87' lang='lat' dir='ltr'><strong>Po—</strong></span> 
     </span>
    </p>
   </div>
   <div class='ocr_carea' id='block_1_34' title="bbox 404 2966 3741 3069">
    <p class='ocr_par' dir='ltr' id='par_1_34' title="bbox 404 2966 3741 3069">
     <span class='ocr_line' id='line_1_34' title="bbox 404 2966 3741 3069; baseline -0.001 -44"><span class='ocrx_word' id='word_1_397' title='bbox 404 2968 581 3038; x_wconf 74' lang='grc'>1046),</span> <span class='ocrx_word' id='word_1_398' title='bbox 625 2970 1055 3024; x_wconf 87' lang='lat' dir='ltr'><strong>Pomoranorum</strong></span> <span class='ocrx_word' id='word_1_399' title='bbox 1105 2966 1368 3022; x_wconf 84' lang='lat' dir='ltr'><strong>exercitui</strong></span> <span class='ocrx_word' id='word_1_400' title='bbox 1430 2968 1483 3021; x_wconf 92' lang='lat' dir='ltr'><strong>in</strong></span> <span class='ocrx_word' id='word_1_401' title='bbox 1538 2966 1801 3022; x_wconf 87' lang='lat' dir='ltr'><strong>auxilium</strong></span> <span class='ocrx_word' id='word_1_402' title='bbox 1842 2966 2019 3021; x_wconf 81' lang='lat' dir='ltr'><strong>Mecz-</strong></span> <span class='ocrx_word' id='word_1_403' title='bbox 2042 3000 2093 3069; x_wconf 65' lang='grc' dir='ltr'><strong>Ο</strong></span> <span class='ocrx_word' id='word_1_404' title='bbox 2120 2970 2365 3025; x_wconf 89' lang='lat' dir='ltr'><strong>moranis</strong></span> <span class='ocrx_word' id='word_1_405' title='bbox 2395 2969 2714 3040; x_wconf 78' lang='lat' dir='ltr'><strong>imperaret,</strong></span> <span class='ocrx_word' id='word_1_406' title='bbox 2749 2984 3052 3041; x_wconf 90' lang='lat' dir='ltr'><strong>eorumque</strong></span> <span class='ocrx_word' id='word_1_407' title='bbox 3090 2968 3503 3024; x_wconf 87' lang='lat' dir='ltr'><strong>multitudinem</strong></span> <span class='ocrx_word' id='word_1_408' title='bbox 3545 2968 3612 3023; x_wconf 90' lang='lat' dir='ltr'><strong>ad</strong></span> <span class='ocrx_word' id='word_1_409' title='bbox 3645 2983 3741 3023; x_wconf 88' lang='lat' dir='ltr'><strong>ca-</strong></span> 
     </span>
    </p>
   </div>
   <div class='ocr_carea' id='block_1_35' title="bbox 397 3061 3741 3135">
    <p class='ocr_par' dir='ltr' id='par_1_35' title="bbox 397 3061 3741 3135">
     <span class='ocr_line' id='line_1_35' title="bbox 397 3061 3741 3135; baseline 0 -17"><span class='ocrx_word' id='word_1_410' title='bbox 397 3065 516 3119; x_wconf 85' lang='lat' dir='ltr'><strong>zlao</strong></span> <span class='ocrx_word' id='word_1_411' title='bbox 548 3063 617 3099; x_wconf 74' lang='grc'><strong>⁵⁶⁰</strong></span> <span class='ocrx_word' id='word_1_412' title='bbox 647 3063 917 3128; x_wconf 89' lang='lat' dir='ltr'><strong>venienti,</strong></span> <span class='ocrx_word' id='word_1_413' title='bbox 960 3061 1261 3116; x_wconf 80' lang='lat' dir='ltr'><strong>Kazimirus</strong></span> <span class='ocrx_word' id='word_1_414' title='bbox 1307 3077 1428 3118; x_wconf 91' lang='lat' dir='ltr'><strong>cum</strong></span> <span class='ocrx_word' id='word_1_415' title='bbox 1462 3061 1655 3133; x_wconf 89' lang='lat' dir='ltr'><strong>paucis</strong></span> <span class='ocrx_word' id='word_1_416' title='bbox 1698 3061 2017 3115; x_wconf 90' lang='lat' dir='ltr'><strong>indubitan-</strong></span> <span class='ocrx_word' id='word_1_417' title='bbox 2051 3061 2092 3069; x_wconf 55' lang='grc' dir='ltr'>ν</span> <span class='ocrx_word' id='word_1_418' title='bbox 2119 3072 2290 3121; x_wconf 90' lang='lat' dir='ltr'><strong>strum</strong></span> <span class='ocrx_word' id='word_1_419' title='bbox 2320 3064 2527 3120; x_wconf 84' lang='lat' dir='ltr'><strong>Gradec</strong></span> <span class='ocrx_word' id='word_1_420' title='bbox 2556 3064 2624 3099; x_wconf 77' lang='grc'><strong>³⁸⁸</strong></span> <span class='ocrx_word' id='word_1_421' title='bbox 2652 3063 2801 3135; x_wconf 88' lang='grc'>(103)</span> <span class='ocrx_word' id='word_1_422' title='bbox 2852 3064 3221 3120; x_wconf 90' lang='lat' dir='ltr'><strong>obsidendum</strong></span> <span class='ocrx_word' id='word_1_423' title='bbox 3270 3063 3741 3119; x_wconf 89' lang='lat' dir='ltr'><strong>innumerabilem</strong></span> 
     </span>
    </p>
   </div>
   <div class='ocr_carea' id='block_1_36' title="bbox 399 3151 3744 3231">
    <p class='ocr_par' dir='ltr' id='par_1_36' title="bbox 399 3151 3744 3231">
     <span class='ocr_line' id='line_1_36' title="bbox 399 3151 3744 3231; baseline -0.001 -22"><span class='ocrx_word' id='word_1_424' title='bbox 399 3164 483 3209; x_wconf 90' lang='lat' dir='ltr'><strong>ter</strong></span> <span class='ocrx_word' id='word_1_425' title='bbox 509 3152 727 3209; x_wconf 86' lang='lat' dir='ltr'><strong>obviam</strong></span> <span class='ocrx_word' id='word_1_426' title='bbox 760 3152 1075 3224; x_wconf 87' lang='lat' dir='ltr'><strong>properavit</strong></span> <span class='ocrx_word' id='word_1_427' title='bbox 1103 3152 1191 3207; x_wconf 70' lang='grc' dir='ltr'><strong>δθί.</strong></span> <span class='ocrx_word' id='word_1_428' title='bbox 1227 3153 1544 3208; x_wconf 88' lang='lat' dir='ltr'><strong>Nuntiatum</strong></span> <span class='ocrx_word' id='word_1_429' title='bbox 1593 3168 1831 3224; x_wconf 89' lang='lat' dir='ltr'><strong>namque</strong></span> <span class='ocrx_word' id='word_1_430' title='bbox 1866 3151 2016 3223; x_wconf 91' lang='lat' dir='ltr'><strong>prius</strong></span> <span class='ocrx_word' id='word_1_431' title='bbox 2115 3163 2481 3231; x_wconf 84' lang='lat' dir='ltr'><strong>congregaret</strong></span> <span class='ocrx_word' id='word_1_432' title='bbox 2529 3155 2600 3190; x_wconf 70' lang='lat'><strong>5“</strong></span> <span class='ocrx_word' id='word_1_433' title='bbox 2645 3155 2758 3225; x_wconf 78' lang='lat' dir='ltr'><strong>(an.</strong></span> <span class='ocrx_word' id='word_1_434' title='bbox 2800 3154 2975 3225; x_wconf 83' lang='grc'>1061),</span> <span class='ocrx_word' id='word_1_435' title='bbox 3006 3171 3121 3210; x_wconf 65' lang='lat' dir='ltr'><strong>sua:</strong></span> <span class='ocrx_word' id='word_1_436' title='bbox 3159 3154 3520 3210; x_wconf 71' lang='lat' dir='ltr'><strong>contumaciae</strong></span> <span class='ocrx_word' id='word_1_437' title='bbox 3559 3154 3744 3227; x_wconf 81' lang='lat' dir='ltr'><strong>negli-</strong></span> 
     </span>
    </p>
   </div>
   <div class='ocr_carea' id='block_1_37' title="bbox 398 3240 3740 3322">
    <p class='ocr_par' dir='ltr' id='par_1_37' title="bbox 398 3240 3740 3322">
     <span class='ocr_line' id='line_1_37' title="bbox 398 3240 3740 3322; baseline 0.001 -26"><span class='ocrx_word' id='word_1_438' title='bbox 398 3240 534 3297; x_wconf 91' lang='lat' dir='ltr'><strong>illud</strong></span> <span class='ocrx_word' id='word_1_439' title='bbox 565 3242 616 3297; x_wconf 89' lang='lat' dir='ltr'><strong>ei</strong></span> <span class='ocrx_word' id='word_1_440' title='bbox 644 3241 838 3309; x_wconf 90' lang='lat' dir='ltr'><strong>fuerat,</strong></span> <span class='ocrx_word' id='word_1_441' title='bbox 882 3242 1146 3314; x_wconf 87' lang='lat' dir='ltr'><strong>ipsosque</strong></span> <span class='ocrx_word' id='word_1_442' title='bbox 1186 3242 1241 3296; x_wconf 90' lang='lat' dir='ltr'><strong>in</strong></span> <span class='ocrx_word' id='word_1_443' title='bbox 1273 3242 1533 3298; x_wconf 88' lang='lat' dir='ltr'><strong>auxilium</strong></span> <span class='ocrx_word' id='word_1_444' title='bbox 1567 3242 1809 3298; x_wconf 90' lang='lat' dir='ltr'><strong>inimicis</strong></span> <span class='ocrx_word' id='word_1_445' title='bbox 1847 3243 2015 3298; x_wconf 91' lang='lat' dir='ltr'><strong>adve-</strong></span> <span class='ocrx_word' id='word_1_446' title='bbox 2115 3249 2301 3322; x_wconf 74' lang='lat' dir='ltr'><strong>gentia</strong></span> <span class='ocrx_word' id='word_1_447' title='bbox 2331 3263 2441 3304; x_wconf 85' lang='lat' dir='ltr'><strong>non</strong></span> <span class='ocrx_word' id='word_1_448' title='bbox 2473 3248 2651 3304; x_wconf 88' lang='lat' dir='ltr'><strong>solum</strong></span> <span class='ocrx_word' id='word_1_449' title='bbox 2679 3255 2917 3304; x_wconf 86' lang='lat' dir='ltr'><strong>castrum</strong></span> <span class='ocrx_word' id='word_1_450' title='bbox 2942 3263 3054 3304; x_wconf 88' lang='lat' dir='ltr'><strong>non</strong></span> <span class='ocrx_word' id='word_1_451' title='bbox 3096 3248 3309 3315; x_wconf 86' lang='lat' dir='ltr'><strong>habuit,</strong></span> <span class='ocrx_word' id='word_1_452' title='bbox 3334 3264 3525 3303; x_wconf 87' lang='lat' dir='ltr'><strong>verum</strong></span> <span class='ocrx_word' id='word_1_453' title='bbox 3568 3246 3740 3302; x_wconf 86' lang='lat' dir='ltr'><strong>etiam</strong></span> 
     </span>
    </p>
   </div>
   <div class='ocr_carea' id='block_1_38' title="bbox 397 3334 3733 3408">
    <p class='ocr_par' dir='ltr' id='par_1_38' title="bbox 397 3334 3733 3408">
     <span class='ocr_line' id='line_1_38' title="bbox 397 3334 3733 3408; baseline 0 -19"><span class='ocrx_word' id='word_1_454' title='bbox 397 3334 518 3389; x_wconf 89' lang='lat' dir='ltr'><strong>nire</strong></span> <span class='ocrx_word' id='word_1_455' title='bbox 549 3335 896 3404; x_wconf 68' lang='lat' dir='ltr'><strong>praesciebat.</strong></span> <span class='ocrx_word' id='word_1_456' title='bbox 943 3335 1098 3389; x_wconf 86' lang='lat' dir='ltr'><strong>Unde</strong></span> <span class='ocrx_word' id='word_1_457' title='bbox 1127 3335 1431 3406; x_wconf 86' lang='lat' dir='ltr'><strong>prudenter</strong></span> <span class='ocrx_word' id='word_1_458' title='bbox 1460 3335 1733 3407; x_wconf 87' lang='lat' dir='ltr'><strong>disposuit</strong></span> <span class='ocrx_word' id='word_1_459' title='bbox 1771 3334 2016 3408; x_wconf 80' lang='lat' dir='ltr'><strong>singula-</strong></span> <span class='ocrx_word' id='word_1_460' title='bbox 2114 3335 2483 3392; x_wconf 90' lang='lat' dir='ltr'><strong>Bohemorum</strong></span> <span class='ocrx_word' id='word_1_461' title='bbox 2513 3336 2746 3391; x_wconf 82' lang='lat' dir='ltr'><strong>insidias</strong></span> <span class='ocrx_word' id='word_1_462' title='bbox 2774 3337 2864 3391; x_wconf 85' lang='lat' dir='ltr'><strong>vix</strong></span> <span class='ocrx_word' id='word_1_463' title='bbox 2920 3335 3112 3403; x_wconf 89' lang='lat' dir='ltr'><strong>evasit,</strong></span> <span class='ocrx_word' id='word_1_464' title='bbox 3173 3351 3236 3391; x_wconf 89' lang='lat' dir='ltr'><strong>ac</strong></span> <span class='ocrx_word' id='word_1_465' title='bbox 3294 3336 3733 3392; x_wconf 88' lang='lat' dir='ltr'><strong>Pomoranorum</strong></span> 
     </span>
    </p>
   </div>
   <div class='ocr_carea' id='block_1_39' title="bbox 398 3423 3737 3499">
    <p class='ocr_par' dir='ltr' id='par_1_39' title="bbox 398 3423 3737 3499">
     <span class='ocr_line' id='line_1_39' title="bbox 398 3423 3737 3499; baseline -0.001 -18"><span class='ocrx_word' id='word_1_466' title='bbox 398 3427 532 3483; x_wconf 86' lang='lat' dir='ltr'><strong>riter</strong></span> <span class='ocrx_word' id='word_1_467' title='bbox 563 3427 718 3498; x_wconf 88' lang='lat' dir='ltr'><strong>prius</strong></span> <span class='ocrx_word' id='word_1_468' title='bbox 746 3442 868 3483; x_wconf 91' lang='lat' dir='ltr'><strong>cum</strong></span> <span class='ocrx_word' id='word_1_469' title='bbox 915 3426 1354 3483; x_wconf 80' lang='lat' dir='ltr'><strong>Mazoviensihus</strong></span> <span class='ocrx_word' id='word_1_470' title='bbox 1386 3426 1653 3493; x_wconf 87' lang='lat' dir='ltr'><strong>difﬁnire,</strong></span> <span class='ocrx_word' id='word_1_471' title='bbox 1684 3436 1877 3499; x_wconf 86' lang='lat' dir='ltr'><strong>postea</strong></span> <span class='ocrx_word' id='word_1_472' title='bbox 1933 3426 2014 3482; x_wconf 87' lang='lat' dir='ltr'><strong>fa-</strong></span> <span class='ocrx_word' id='word_1_473' title='bbox 2116 3423 2422 3479; x_wconf 89' lang='lat' dir='ltr'><strong>dominium</strong></span> <span class='ocrx_word' id='word_1_474' title='bbox 2453 3425 2534 3480; x_wconf 91' lang='lat' dir='ltr'><strong>sic</strong></span> <span class='ocrx_word' id='word_1_475' title='bbox 2574 3425 2775 3480; x_wconf 79' lang='lat' dir='ltr'><strong>amisit.</strong></span> <span class='ocrx_word' id='word_1_476' title='bbox 2808 3424 2919 3480; x_wconf 89' lang='lat' dir='ltr'><strong>Sed</strong></span> <span class='ocrx_word' id='word_1_477' title='bbox 2946 3440 3059 3480; x_wconf 90' lang='lat' dir='ltr'><strong>non</strong></span> <span class='ocrx_word' id='word_1_478' title='bbox 3095 3432 3180 3480; x_wconf 90' lang='lat' dir='ltr'><strong>est</strong></span> <span class='ocrx_word' id='word_1_479' title='bbox 3228 3424 3429 3479; x_wconf 89' lang='lat' dir='ltr'><strong>mirum</strong></span> <span class='ocrx_word' id='word_1_480' title='bbox 3482 3423 3737 3495; x_wconf 86' lang='lat' dir='ltr'><strong>aliquan-</strong></span> 
     </span>
    </p>
   </div>
   <div class='ocr_carea' id='block_1_40' title="bbox 398 3513 3735 3598">
    <p class='ocr_par' dir='ltr' id='par_1_40' title="bbox 398 3513 3735 3598">
     <span class='ocr_line' id='line_1_40' title="bbox 398 3513 3735 3598; baseline -0.001 -27"><span class='ocrx_word' id='word_1_481' title='bbox 398 3515 561 3571; x_wconf 88' lang='lat' dir='ltr'><strong>cilius</strong></span> <span class='ocrx_word' id='word_1_482' title='bbox 591 3532 715 3572; x_wconf 88' lang='lat' dir='ltr'><strong>cum</strong></span> <span class='ocrx_word' id='word_1_483' title='bbox 750 3516 1068 3572; x_wconf 90' lang='lat' dir='ltr'><strong>Pomoranis</strong></span> <span class='ocrx_word' id='word_1_484' title='bbox 1114 3533 1371 3589; x_wconf 85' lang='lat' dir='ltr'><strong>campum</strong></span> <span class='ocrx_word' id='word_1_485' title='bbox 1413 3517 1731 3574; x_wconf 84' lang='lat' dir='ltr'><strong>certaminis</strong></span> <span class='ocrx_word' id='word_1_486' title='bbox 1760 3517 2018 3573; x_wconf 89' lang='lat' dir='ltr'><strong>introire.</strong></span> <span class='ocrx_word' id='word_1_487' title='bbox 2115 3513 2290 3568; x_wconf 86' lang='lat' dir='ltr'><strong>tulum</strong></span> <span class='ocrx_word' id='word_1_488' title='bbox 2318 3531 2417 3586; x_wconf 89' lang='lat' dir='ltr'><strong>per</strong></span> <span class='ocrx_word' id='word_1_489' title='bbox 2472 3514 2840 3598; x_wconf 85' lang='lat' dir='ltr'><strong>ignorantiam</strong></span> <span class='ocrx_word' id='word_1_490' title='bbox 2897 3514 3157 3571; x_wconf 88' lang='lat' dir='ltr'><strong>oberarre</strong></span> <span class='ocrx_word' id='word_1_491' title='bbox 3188 3515 3279 3582; x_wconf 65' lang='lat'><strong>57°,</strong></span> <span class='ocrx_word' id='word_1_492' title='bbox 3332 3515 3377 3569; x_wconf 92' lang='lat' dir='ltr'><strong>si</strong></span> <span class='ocrx_word' id='word_1_493' title='bbox 3432 3514 3735 3588; x_wconf 84' lang='lat' dir='ltr'><strong>contigerit</strong></span> 
     </span>
    </p>
   </div>
   <div class='ocr_carea' id='block_1_41' title="bbox 397 3605 3739 3683">
    <p class='ocr_par' dir='ltr' id='par_1_41' title="bbox 397 3605 3739 3683">
     <span class='ocr_line' id='line_1_41' title="bbox 397 3605 3739 3683; baseline 0.001 -24"><span class='ocrx_word' id='word_1_494' title='bbox 397 3605 493 3659; x_wconf 85' lang='lat' dir='ltr'><strong>illa</strong></span> <span class='ocrx_word' id='word_1_495' title='bbox 534 3605 683 3660; x_wconf 90' lang='lat' dir='ltr'><strong>enim</strong></span> <span class='ocrx_word' id='word_1_496' title='bbox 724 3605 840 3662; x_wconf 90' lang='lat' dir='ltr'><strong>vice</strong></span> <span class='ocrx_word' id='word_1_497' title='bbox 874 3606 1161 3662; x_wconf 82' lang='lat' dir='ltr'><strong>Pomorani</strong></span> <span class='ocrx_word' id='word_1_498' title='bbox 1210 3617 1449 3679; x_wconf 88' lang='lat' dir='ltr'><strong>quatuor</strong></span> <span class='ocrx_word' id='word_1_499' title='bbox 1492 3608 1742 3683; x_wconf 88' lang='lat' dir='ltr'><strong>legiones</strong></span> <span class='ocrx_word' id='word_1_500' title='bbox 1778 3607 2012 3663; x_wconf 88' lang='lat' dir='ltr'><strong>militum</strong></span> <span class='ocrx_word' id='word_1_501' title='bbox 2115 3613 2309 3677; x_wconf 87' lang='lat' dir='ltr'><strong>postea</strong></span> <span class='ocrx_word' id='word_1_502' title='bbox 2352 3623 2452 3680; x_wconf 87' lang='lat' dir='ltr'><strong>per</strong></span> <span class='ocrx_word' id='word_1_503' title='bbox 2476 3608 2804 3681; x_wconf 88' lang='lat' dir='ltr'><strong>sapientiam</strong></span> <span class='ocrx_word' id='word_1_504' title='bbox 2835 3623 2960 3681; x_wconf 66' lang='lat' dir='ltr'><strong>quae</strong></span> <span class='ocrx_word' id='word_1_505' title='bbox 2988 3606 3239 3683; x_wconf 88' lang='lat' dir='ltr'><strong>neglecte</strong></span> <span class='ocrx_word' id='word_1_506' title='bbox 3281 3606 3487 3662; x_wconf 87' lang='lat' dir='ltr'><strong>fuerint</strong></span> <span class='ocrx_word' id='word_1_507' title='bbox 3538 3622 3739 3662; x_wconf 80' lang='lat' dir='ltr'><strong>eman-</strong></span> 
     </span>
    </p>
   </div>
   <div class='ocr_carea' id='block_1_42' title="bbox 397 3697 2367 3761">
    <p class='ocr_par' dir='ltr' id='par_1_42' title="bbox 397 3697 2367 3761">
     <span class='ocr_line' id='line_1_42' title="bbox 397 3697 2367 3761; baseline 0.001 -9"><span class='ocrx_word' id='word_1_508' title='bbox 397 3697 451 3752; x_wconf 91' lang='lat' dir='ltr'><strong>in</strong></span> <span class='ocrx_word' id='word_1_509' title='bbox 483 3713 633 3753; x_wconf 88' lang='lat' dir='ltr'><strong>arma</strong></span> <span class='ocrx_word' id='word_1_510' title='bbox 664 3698 959 3761; x_wconf 84' lang='lat' dir='ltr'><strong>ducebant,</strong></span> <span class='ocrx_word' id='word_1_511' title='bbox 991 3698 1249 3754; x_wconf 84' lang='lat' dir='ltr'><strong>Kazimiri</strong></span> <span class='ocrx_word' id='word_1_512' title='bbox 1285 3714 1416 3754; x_wconf 85' lang='lat' dir='ltr'><strong>vero</strong></span> <span class='ocrx_word' id='word_1_513' title='bbox 1473 3700 1677 3755; x_wconf 89' lang='lat' dir='ltr'><strong>milites</strong></span> <span class='ocrx_word' id='word_1_514' title='bbox 1707 3716 1810 3754; x_wconf 81' lang='lat' dir='ltr'><strong>nec</strong></span> <span class='ocrx_word' id='word_1_515' title='bbox 1847 3715 2011 3755; x_wconf 91' lang='lat' dir='ltr'><strong>unam</strong></span> <span class='ocrx_word' id='word_1_516' title='bbox 2115 3697 2245 3755; x_wconf 89' lang='lat' dir='ltr'><strong>dare</strong></span> <span class='ocrx_word' id='word_1_517' title='bbox 2275 3699 2367 3753; x_wconf 64' lang='grc' dir='ltr'><strong>⁵η,</strong></span> 
     </span>
    </p>
   </div>
   <div class='ocr_carea' id='block_1_43' title="bbox 396 3786 3737 3860">
    <p class='ocr_par' dir='ltr' id='par_1_43' title="bbox 396 3786 3737 3860">
     <span class='ocr_line' id='line_1_43' title="bbox 396 3786 3737 3860; baseline 0.001 -20"><span class='ocrx_word' id='word_1_518' title='bbox 396 3786 682 3860; x_wconf 81' lang='lat' dir='ltr'><strong>dimidiam</strong></span> <span class='ocrx_word' id='word_1_519' title='bbox 706 3786 1105 3857; x_wconf 89' lang='lat' dir='ltr'><strong>adimplebant.</strong></span> <span class='ocrx_word' id='word_1_520' title='bbox 1137 3786 1246 3842; x_wconf 91' lang='lat' dir='ltr'><strong>Sed</strong></span> <span class='ocrx_word' id='word_1_521' title='bbox 1278 3787 1410 3858; x_wconf 90' lang='lat' dir='ltr'><strong>quid</strong></span> <span class='ocrx_word' id='word_1_522' title='bbox 1448 3786 1675 3842; x_wconf 75' lang='lat' dir='ltr'><strong>tamen?</strong></span> <span class='ocrx_word' id='word_1_523' title='bbox 1714 3787 1845 3843; x_wconf 86' lang='lat' dir='ltr'><strong>Cum</strong></span> <span class='ocrx_word' id='word_1_524' title='bbox 1887 3804 2014 3860; x_wconf 89' lang='lat' dir='ltr'><strong>per-</strong></span> <span class='ocrx_word' id='word_1_525' title='bbox 2112 3786 2200 3844; x_wconf 91' lang='lat'><strong>23.</strong></span> <span class='ocrx_word' id='word_1_526' title='bbox 2241 3792 2314 3844; x_wconf 90' lang='lat' dir='ltr'><strong>De</strong></span> <span class='ocrx_word' id='word_1_527' title='bbox 2341 3791 2688 3844; x_wconf 78' lang='lat' dir='ltr'><strong>conventione</strong></span> <span class='ocrx_word' id='word_1_528' title='bbox 2714 3789 2980 3844; x_wconf 65' lang='grc' dir='ltr'><em>Βοιαὶαυί</em></span> <span class='ocrx_word' id='word_1_529' title='bbox 3015 3805 3145 3845; x_wconf 83' lang='lat' dir='ltr'><strong>cum</strong></span> <span class='ocrx_word' id='word_1_530' title='bbox 3177 3790 3313 3845; x_wconf 86' lang='lat' dir='ltr'><strong>duce</strong></span> <span class='ocrx_word' id='word_1_531' title='bbox 3341 3790 3737 3845; x_wconf 81' lang='lat' dir='ltr'><strong>Ruthcnorum.</strong></span> 
     </span>
    </p>
   </div>
   <div class='ocr_carea' id='block_1_44' title="bbox 395 3877 3736 3955">
    <p class='ocr_par' dir='ltr' id='par_1_44' title="bbox 395 3877 3736 3955">
     <span class='ocr_line' id='line_1_44' title="bbox 395 3877 3736 3955; baseline 0.001 -22"><span class='ocrx_word' id='word_1_532' title='bbox 395 3883 619 3933; x_wconf 89' lang='lat' dir='ltr'><strong>ventum</strong></span> <span class='ocrx_word' id='word_1_533' title='bbox 653 3883 801 3932; x_wconf 90' lang='lat' dir='ltr'><strong>esset</strong></span> <span class='ocrx_word' id='word_1_534' title='bbox 855 3877 924 3931; x_wconf 86' lang='lat' dir='ltr'><strong>ad</strong></span> <span class='ocrx_word' id='word_1_535' title='bbox 956 3877 1137 3933; x_wconf 91' lang='lat' dir='ltr'><strong>locum</strong></span> <span class='ocrx_word' id='word_1_536' title='bbox 1192 3878 1531 3945; x_wconf 87' lang='lat' dir='ltr'><strong>certaminis,</strong></span> <span class='ocrx_word' id='word_1_537' title='bbox 1576 3879 1894 3948; x_wconf 83' lang='lat' dir='ltr'><strong>Kazimirus,</strong></span> <span class='ocrx_word' id='word_1_538' title='bbox 1954 3888 2014 3937; x_wconf 87' lang='lat' dir='ltr'><strong>ut</strong></span> <span class='ocrx_word' id='word_1_539' title='bbox 2184 3880 2302 3935; x_wconf 89' lang='lat' dir='ltr'><strong>Non</strong></span> <span class='ocrx_word' id='word_1_540' title='bbox 2332 3888 2417 3937; x_wconf 90' lang='lat' dir='ltr'><strong>est</strong></span> <span class='ocrx_word' id='word_1_541' title='bbox 2437 3881 2606 3955; x_wconf 82' lang='lat' dir='ltr'><strong>igitur</strong></span> <span class='ocrx_word' id='word_1_542' title='bbox 2626 3881 2697 3916; x_wconf 67' lang='lat'><strong>57’</strong></span> <span class='ocrx_word' id='word_1_543' title='bbox 2726 3881 2954 3955; x_wconf 85' lang='lat' dir='ltr'><strong>dignum</strong></span> <span class='ocrx_word' id='word_1_544' title='bbox 2985 3881 3318 3954; x_wconf 89' lang='lat' dir='ltr'><strong>probitatem</strong></span> <span class='ocrx_word' id='word_1_545' title='bbox 3351 3882 3736 3938; x_wconf 86' lang='lat' dir='ltr'><strong>multimodam</strong></span> 
     </span>
    </p>
   </div>
   <div class='ocr_carea' id='block_1_45' title="bbox 1746 4018 2367 4075">
    <p class='ocr_par' dir='ltr' id='par_1_45' title="bbox 1746 4018 2367 4075">
     <span class='ocr_line' id='line_1_45' title="bbox 1746 4018 2367 4075; baseline 0.002 -4"><span class='ocrx_word' id='word_1_546' title='bbox 1746 4018 1963 4073; x_wconf 60' lang='lat' dir='ltr'><strong>VARIJE</strong></span> <span class='ocrx_word' id='word_1_547' title='bbox 1996 4018 2367 4075; x_wconf 85' lang='lat' dir='ltr'><strong>LECTIONES.</strong></span> 
     </span>
    </p>
   </div>
   <div class='ocr_carea' id='block_1_46' title="bbox 468 4142 3728 4215">
    <p class='ocr_par' dir='ltr' id='par_1_46' title="bbox 468 4142 3728 4215">
     <span class='ocr_line' id='line_1_46' title="bbox 468 4142 3728 4215; baseline 0.001 -16"><span class='ocrx_word' id='word_1_548' title='bbox 468 4142 537 4179; x_wconf 69' lang='lat'><strong>‘39</strong></span> <span class='ocrx_word' id='word_1_549' title='bbox 564 4142 917 4215; x_wconf 89' lang='lat' dir='ltr'><strong>competebat</strong></span> <span class='ocrx_word' id='word_1_550' title='bbox 970 4144 1022 4201; x_wconf 90' lang='lat'><strong>3.</strong></span> <span class='ocrx_word' id='word_1_551' title='bbox 1102 4144 1454 4215; x_wconf 58' lang='lat' dir='ltr'><strong>3“justitiam</strong></span> <span class='ocrx_word' id='word_1_552' title='bbox 1485 4147 1536 4203; x_wconf 88' lang='lat'><strong>3.</strong></span> <span class='ocrx_word' id='word_1_553' title='bbox 1599 4148 1663 4183; x_wconf 75' lang='grc'>⁵⁴¹</span> <span class='ocrx_word' id='word_1_554' title='bbox 1695 4157 1750 4203; x_wconf 93' lang='lat' dir='ltr'><strong>et</strong></span> <span class='ocrx_word' id='word_1_555' title='bbox 1804 4149 1856 4204; x_wconf 89' lang='grc'><strong>3.</strong></span> <span class='ocrx_word' id='word_1_556' title='bbox 1924 4149 1995 4183; x_wconf 72' lang='grc'><strong>⁵⁸⁸</strong></span> <span class='ocrx_word' id='word_1_557' title='bbox 2021 4155 2077 4204; x_wconf 87' lang='lat' dir='ltr'><strong>et</strong></span> <span class='ocrx_word' id='word_1_558' title='bbox 2121 4150 2331 4205; x_wconf 81' lang='lat' dir='ltr'><strong>addunt</strong></span> <span class='ocrx_word' id='word_1_559' title='bbox 2384 4150 2434 4203; x_wconf 86' lang='lat'><strong>1.</strong></span> <span class='ocrx_word' id='word_1_560' title='bbox 2486 4147 2538 4204; x_wconf 91' lang='lat'><strong>3.</strong></span> <span class='ocrx_word' id='word_1_561' title='bbox 2615 4148 2685 4183; x_wconf 71' lang='grc'><strong>⁵⁸³</strong></span> <span class='ocrx_word' id='word_1_562' title='bbox 2710 4149 2853 4203; x_wconf 81' lang='lat' dir='ltr'><strong>deest</strong></span> <span class='ocrx_word' id='word_1_563' title='bbox 2898 4148 2951 4203; x_wconf 92' lang='lat'><strong>3.</strong></span> <span class='ocrx_word' id='word_1_564' title='bbox 3027 4149 3170 4203; x_wconf 66' lang='lat' dir='ltr'><strong>Wet</strong></span> <span class='ocrx_word' id='word_1_565' title='bbox 3231 4147 3283 4205; x_wconf 91' lang='lat'><strong>3.</strong></span> <span class='ocrx_word' id='word_1_566' title='bbox 3405 4149 3474 4183; x_wconf 74' lang='grc'><strong>⁵⁸³</strong></span> <span class='ocrx_word' id='word_1_567' title='bbox 3504 4147 3610 4203; x_wconf 90' lang='lat' dir='ltr'><strong>sibi</strong></span> <span class='ocrx_word' id='word_1_568' title='bbox 3669 4146 3728 4204; x_wconf 88' lang='lat'><strong>3.</strong></span> 
     </span>
    </p>
   </div>
   <div class='ocr_carea' id='block_1_47' title="bbox 397 4215 3721 4290">
    <p class='ocr_par' dir='ltr' id='par_1_47' title="bbox 397 4215 3721 4290">
     <span class='ocr_line' id='line_1_47' title="bbox 397 4215 3721 4290; baseline 0.001 -20"><span class='ocrx_word' id='word_1_569' title='bbox 397 4215 466 4250; x_wconf 74' lang='lat'>““</span> <span class='ocrx_word' id='word_1_570' title='bbox 495 4225 550 4270; x_wconf 91' lang='lat' dir='ltr'><strong>et</strong></span> <span class='ocrx_word' id='word_1_571' title='bbox 576 4217 878 4285; x_wconf 88' lang='lat' dir='ltr'><strong>periculum</strong></span> <span class='ocrx_word' id='word_1_572' title='bbox 910 4220 1102 4273; x_wconf 84' lang='lat' dir='ltr'><strong>desunt</strong></span> <span class='ocrx_word' id='word_1_573' title='bbox 1131 4219 1182 4272; x_wconf 88' lang='lat'><strong>3.</strong></span> <span class='ocrx_word' id='word_1_574' title='bbox 1253 4217 1320 4251; x_wconf 70' lang='lat'><strong>5‘7</strong></span> <span class='ocrx_word' id='word_1_575' title='bbox 1343 4218 1429 4272; x_wconf 86' lang='lat' dir='ltr'><strong>via</strong></span> <span class='ocrx_word' id='word_1_576' title='bbox 1455 4235 1513 4273; x_wconf 90' lang='lat' dir='ltr'><strong>se</strong></span> <span class='ocrx_word' id='word_1_577' title='bbox 1541 4235 1637 4289; x_wconf 85' lang='lat' dir='ltr'><strong>pro</strong></span> <span class='ocrx_word' id='word_1_578' title='bbox 1668 4220 1720 4274; x_wconf 89' lang='lat' dir='ltr'><strong>ni</strong></span> <span class='ocrx_word' id='word_1_579' title='bbox 1751 4236 1809 4274; x_wconf 89' lang='lat' dir='ltr'><strong>se</strong></span> <span class='ocrx_word' id='word_1_580' title='bbox 1847 4220 1901 4275; x_wconf 88' lang='lat'><strong>2.</strong></span> <span class='ocrx_word' id='word_1_581' title='bbox 1946 4221 2037 4275; x_wconf 85' lang='lat' dir='ltr'><strong>sed</strong></span> <span class='ocrx_word' id='word_1_582' title='bbox 2068 4224 2345 4290; x_wconf 83' lang='lat' dir='ltr'><strong>posterior,</strong></span> <span class='ocrx_word' id='word_1_583' title='bbox 2373 4226 2584 4275; x_wconf 83' lang='lat' dir='ltr'><strong>vetusta</strong></span> <span class='ocrx_word' id='word_1_584' title='bbox 2619 4226 2802 4275; x_wconf 84' lang='lat' dir='ltr'><strong>tamen</strong></span> <span class='ocrx_word' id='word_1_585' title='bbox 2835 4236 3055 4287; x_wconf 81' lang='lat' dir='ltr'><strong>manus,</strong></span> <span class='ocrx_word' id='word_1_586' title='bbox 3096 4224 3242 4287; x_wconf 83' lang='lat' dir='ltr'><strong>facto</strong></span> <span class='ocrx_word' id='word_1_587' title='bbox 3269 4223 3441 4290; x_wconf 84' lang='lat' dir='ltr'><strong>signo,</strong></span> <span class='ocrx_word' id='word_1_588' title='bbox 3470 4223 3721 4290; x_wconf 83' lang='lat' dir='ltr'><strong>apposuit</strong></span> 
     </span>
    </p>
   </div>
   <div class='ocr_carea' id='block_1_48' title="bbox 396 4289 3730 4358">
    <p class='ocr_par' dir='ltr' id='par_1_48' title="bbox 396 4289 3730 4358">
     <span class='ocr_line' id='line_1_48' title="bbox 396 4289 3730 4358; baseline 0 -16"><span class='ocrx_word' id='word_1_589' title='bbox 396 4291 459 4342; x_wconf 82' lang='lat' dir='ltr'><strong>in</strong></span> <span class='ocrx_word' id='word_1_590' title='bbox 484 4291 734 4358; x_wconf 80' lang='lat' dir='ltr'><strong>margine</strong></span> <span class='ocrx_word' id='word_1_591' title='bbox 769 4289 898 4355; x_wconf 74' lang='lat' dir='ltr'><strong>nisi,</strong></span> <span class='ocrx_word' id='word_1_592' title='bbox 930 4292 1033 4345; x_wconf 86' lang='lat' dir='ltr'><strong>ita&quot;</strong></span> <span class='ocrx_word' id='word_1_593' title='bbox 1062 4295 1123 4344; x_wconf 81' lang='lat' dir='ltr'><strong>ut</strong></span> <span class='ocrx_word' id='word_1_594' title='bbox 1146 4291 1360 4357; x_wconf 85' lang='lat' dir='ltr'><strong>legatur</strong></span> <span class='ocrx_word' id='word_1_595' title='bbox 1411 4291 1518 4345; x_wconf 80' lang='lat' dir='ltr'><strong>nisi</strong></span> <span class='ocrx_word' id='word_1_596' title='bbox 1578 4292 1627 4345; x_wconf 90' lang='lat' dir='ltr'><strong>vi</strong></span> <span class='ocrx_word' id='word_1_597' title='bbox 1671 4307 1751 4345; x_wconf 91' lang='lat' dir='ltr'><strong>se.</strong></span> <span class='ocrx_word' id='word_1_598' title='bbox 1830 4291 1899 4326; x_wconf 67' lang='lat'><strong>5“</strong></span> <span class='ocrx_word' id='word_1_599' title='bbox 1926 4289 2259 4348; x_wconf 83' lang='lat' dir='ltr'><strong>armatorum</strong></span> <span class='ocrx_word' id='word_1_600' title='bbox 2299 4292 2352 4346; x_wconf 89' lang='lat'><strong>3.</strong></span> <span class='ocrx_word' id='word_1_601' title='bbox 2431 4292 2500 4327; x_wconf 65' lang='grc' dir='ltr'><strong>διο</strong></span> <span class='ocrx_word' id='word_1_602' title='bbox 2522 4297 2771 4345; x_wconf 84' lang='lat' dir='ltr'><strong>asseveta</strong></span> <span class='ocrx_word' id='word_1_603' title='bbox 2801 4292 2834 4344; x_wconf 90' lang='lat'><strong>3</strong></span> <span class='ocrx_word' id='word_1_604' title='bbox 2945 4291 3014 4326; x_wconf 80' lang='grc'><strong>⁵⁶⁰</strong></span> <span class='ocrx_word' id='word_1_605' title='bbox 3036 4290 3327 4346; x_wconf 81' lang='lat' dir='ltr'><strong>Meczlawo</strong></span> <span class='ocrx_word' id='word_1_606' title='bbox 3351 4292 3405 4347; x_wconf 87' lang='lat'><strong>2.</strong></span> <span class='ocrx_word' id='word_1_607' title='bbox 3491 4289 3558 4326; x_wconf 61' lang='grc' dir='ltr'><strong>δεῖ</strong></span> <span class='ocrx_word' id='word_1_608' title='bbox 3604 4301 3730 4344; x_wconf 83' lang='lat' dir='ltr'><strong>tan-</strong></span> 
     </span>
    </p>
   </div>
   <div class='ocr_carea' id='block_1_49' title="bbox 399 4359 3729 4433">
    <p class='ocr_par' dir='ltr' id='par_1_49' title="bbox 399 4359 3729 4433">
     <span class='ocr_line' id='line_1_49' title="bbox 399 4359 3729 4433; baseline 0.001 -21"><span class='ocrx_word' id='word_1_609' title='bbox 399 4366 620 4433; x_wconf 78' lang='lat' dir='ltr'><strong>tamque</strong></span> <span class='ocrx_word' id='word_1_610' title='bbox 673 4359 707 4433; x_wconf 82' lang='lat'><strong>2</strong></span> <span class='ocrx_word' id='word_1_611' title='bbox 828 4362 898 4396; x_wconf 70' lang='grc'><strong>⁵⁵³</strong></span> <span class='ocrx_word' id='word_1_612' title='bbox 928 4361 1268 4433; x_wconf 81' lang='lat' dir='ltr'><strong>provinciam</strong></span> <span class='ocrx_word' id='word_1_613' title='bbox 1323 4360 1374 4433; x_wconf 88' lang='lat'><strong>3.</strong></span> <span class='ocrx_word' id='word_1_614' title='bbox 1454 4362 1524 4396; x_wconf 70' lang='grc'><strong>⁵⁵³</strong></span> <span class='ocrx_word' id='word_1_615' title='bbox 1554 4362 1936 4418; x_wconf 81' lang='lat' dir='ltr'><strong>Mazovitarum</strong></span> <span class='ocrx_word' id='word_1_616' title='bbox 1977 4365 2030 4417; x_wconf 90' lang='lat'><strong>3.</strong></span> <span class='ocrx_word' id='word_1_617' title='bbox 2117 4365 2186 4399; x_wconf 72' lang='grc'><strong>⁵⁵⁸</strong></span> <span class='ocrx_word' id='word_1_618' title='bbox 2215 4363 2382 4418; x_wconf 89' lang='lat' dir='ltr'><strong>minis</strong></span> <span class='ocrx_word' id='word_1_619' title='bbox 2432 4363 2485 4416; x_wconf 89' lang='lat'><strong>3.</strong></span> <span class='ocrx_word' id='word_1_620' title='bbox 2569 4363 2639 4396; x_wconf 77' lang='grc'><strong>³⁵⁵</strong></span> <span class='ocrx_word' id='word_1_621' title='bbox 2670 4361 2893 4433; x_wconf 90' lang='lat' dir='ltr'><strong>quidem</strong></span> <span class='ocrx_word' id='word_1_622' title='bbox 2926 4362 2979 4416; x_wconf 83' lang='grc'>1.</span> <span class='ocrx_word' id='word_1_623' title='bbox 3009 4363 3062 4416; x_wconf 95' lang='lat'><strong>2.</strong></span> <span class='ocrx_word' id='word_1_624' title='bbox 3099 4363 3146 4416; x_wconf 93' lang='lat' dir='ltr'><strong>si</strong></span> <span class='ocrx_word' id='word_1_625' title='bbox 3175 4361 3308 4432; x_wconf 89' lang='lat' dir='ltr'><strong>quid</strong></span> <span class='ocrx_word' id='word_1_626' title='bbox 3332 4378 3427 4432; x_wconf 86' lang='lat' dir='ltr'><strong>pro</strong></span> <span class='ocrx_word' id='word_1_627' title='bbox 3458 4362 3553 4415; x_wconf 90' lang='lat' dir='ltr'><strong>sed</strong></span> <span class='ocrx_word' id='word_1_628' title='bbox 3596 4363 3729 4432; x_wconf 90' lang='lat' dir='ltr'><strong>qui-</strong></span> 
     </span>
    </p>
   </div>
   <div class='ocr_carea' id='block_1_50' title="bbox 396 4430 3731 4502">
    <p class='ocr_par' dir='ltr' id='par_1_50' title="bbox 396 4430 3731 4502">
     <span class='ocr_line' id='line_1_50' title="bbox 396 4430 3731 4502; baseline 0.001 -18"><span class='ocrx_word' id='word_1_629' title='bbox 396 4430 522 4502; x_wconf 85' lang='lat' dir='ltr'><strong>dam</strong></span> <span class='ocrx_word' id='word_1_630' title='bbox 545 4430 598 4486; x_wconf 92' lang='lat'><strong>3.</strong></span> <span class='ocrx_word' id='word_1_631' title='bbox 678 4432 749 4467; x_wconf 66' lang='lat'><strong>5“</strong></span> <span class='ocrx_word' id='word_1_632' title='bbox 786 4448 909 4487; x_wconf 90' lang='lat' dir='ltr'><strong>cum</strong></span> <span class='ocrx_word' id='word_1_633' title='bbox 929 4430 1003 4487; x_wconf 40' lang='lat'><strong>‘3.</strong></span> <span class='ocrx_word' id='word_1_634' title='bbox 1085 4433 1152 4467; x_wconf 79' lang='grc'><strong>⁸⁵⁷</strong></span> <span class='ocrx_word' id='word_1_635' title='bbox 1183 4431 1463 4487; x_wconf 85' lang='lat' dir='ltr'><strong>habebant</strong></span> <span class='ocrx_word' id='word_1_636' title='bbox 1519 4436 1564 4489; x_wconf 88' lang='lat' dir='ltr'><strong>l.</strong></span> <span class='ocrx_word' id='word_1_637' title='bbox 1615 4435 1670 4488; x_wconf 88' lang='lat'><strong>2.</strong></span> <span class='ocrx_word' id='word_1_638' title='bbox 1753 4435 1821 4469; x_wconf 76' lang='grc'><strong>⁵⁵⁸</strong></span> <span class='ocrx_word' id='word_1_639' title='bbox 1849 4435 1990 4490; x_wconf 83' lang='lat' dir='ltr'><strong>deest</strong></span> <span class='ocrx_word' id='word_1_640' title='bbox 2017 4434 2069 4489; x_wconf 91' lang='lat'><strong>3.</strong></span> <span class='ocrx_word' id='word_1_641' title='bbox 2152 4436 2222 4470; x_wconf 76' lang='grc'>⁸⁶⁹</span> <span class='ocrx_word' id='word_1_642' title='bbox 2254 4441 2426 4490; x_wconf 87' lang='lat' dir='ltr'><strong>totum</strong></span> <span class='ocrx_word' id='word_1_643' title='bbox 2448 4437 2545 4489; x_wconf 88' lang='lat' dir='ltr'><strong>hoc</strong></span> <span class='ocrx_word' id='word_1_644' title='bbox 2572 4430 2877 4502; x_wconf 76' lang='lat' dir='ltr'><strong>capitulum</strong></span> <span class='ocrx_word' id='word_1_645' title='bbox 2906 4441 2958 4488; x_wconf 91' lang='lat' dir='ltr'><strong>et</strong></span> <span class='ocrx_word' id='word_1_646' title='bbox 2983 4430 3206 4488; x_wconf 72' lang='lat' dir='ltr'><strong>initium</strong></span> <span class='ocrx_word' id='word_1_647' title='bbox 3230 4430 3497 4502; x_wconf 74' lang='lat' dir='ltr'><strong>sequentis</strong></span> <span class='ocrx_word' id='word_1_648' title='bbox 3524 4430 3731 4487; x_wconf 71' lang='lat' dir='ltr'><strong>omittit</strong></span> 
     </span>
    </p>
   </div>
   <div class='ocr_carea' id='block_1_51' title="bbox 395 4501 3729 4575">
    <p class='ocr_par' dir='ltr' id='par_1_51' title="bbox 395 4501 3729 4575">
     <span class='ocr_line' id='line_1_51' title="bbox 395 4501 3729 4575; baseline 0 -18"><span class='ocrx_word' id='word_1_649' title='bbox 395 4501 447 4575; x_wconf 61' lang='grc' dir='ltr'><strong>ἔξ.</strong></span> <span class='ocrx_word' id='word_1_650' title='bbox 480 4505 575 4571; x_wconf 81' lang='lat' dir='ltr'><strong>qui</strong></span> <span class='ocrx_word' id='word_1_651' title='bbox 595 4509 711 4575; x_wconf 87' lang='lat' dir='ltr'><strong>post</strong></span> <span class='ocrx_word' id='word_1_652' title='bbox 751 4505 1006 4559; x_wconf 82' lang='lat' dir='ltr'><strong>ultimum</strong></span> <span class='ocrx_word' id='word_1_653' title='bbox 1032 4504 1255 4558; x_wconf 83' lang='lat' dir='ltr'><strong>verbum</strong></span> <span class='ocrx_word' id='word_1_654' title='bbox 1281 4505 1645 4575; x_wconf 73' lang='lat' dir='ltr'><strong>prazcedentis</strong></span> <span class='ocrx_word' id='word_1_655' title='bbox 1674 4506 1903 4575; x_wconf 82' lang='lat' dir='ltr'><strong>capituli</strong></span> <span class='ocrx_word' id='word_1_656' title='bbox 1939 4505 2161 4574; x_wconf 87' lang='lat' dir='ltr'><strong>jacebat</strong></span> <span class='ocrx_word' id='word_1_657' title='bbox 2190 4507 2339 4560; x_wconf 80' lang='lat' dir='ltr'><strong>addit</strong></span> <span class='ocrx_word' id='word_1_658' title='bbox 2365 4509 2424 4560; x_wconf 84' lang='lat' dir='ltr'><strong>in</strong></span> <span class='ocrx_word' id='word_1_659' title='bbox 2474 4501 2758 4561; x_wconf 69' lang='lat' dir='ltr'><strong>continuo.</strong></span> <span class='ocrx_word' id='word_1_660' title='bbox 2815 4505 2925 4559; x_wconf 86' lang='lat' dir='ltr'><strong>Iste</strong></span> <span class='ocrx_word' id='word_1_661' title='bbox 2968 4504 3244 4559; x_wconf 85' lang='lat' dir='ltr'><strong>interfecit</strong></span> <span class='ocrx_word' id='word_1_662' title='bbox 3286 4501 3339 4558; x_wconf 82' lang='lat' dir='ltr'><strong>S.</strong></span> <span class='ocrx_word' id='word_1_663' title='bbox 3392 4503 3729 4558; x_wconf 86' lang='lat' dir='ltr'><strong>Stanislaum</strong></span> 
     </span>
    </p>
   </div>
   <div class='ocr_carea' id='block_1_52' title="bbox 396 4570 3723 4647">
    <p class='ocr_par' dir='ltr' id='par_1_52' title="bbox 396 4570 3723 4647">
     <span class='ocr_line' id='line_1_52' title="bbox 396 4570 3723 4647; baseline 0.001 -22"><span class='ocrx_word' id='word_1_664' title='bbox 396 4570 809 4647; x_wconf 69' lang='lat' dir='ltr'><strong>Cracoviensem</strong></span> <span class='ocrx_word' id='word_1_665' title='bbox 844 4575 1188 4646; x_wconf 89' lang='lat' dir='ltr'><strong>episcopum,</strong></span> <span class='ocrx_word' id='word_1_666' title='bbox 1213 4570 1370 4629; x_wconf 81' lang='lat' dir='ltr'><strong>valde</strong></span> <span class='ocrx_word' id='word_1_667' title='bbox 1411 4570 1779 4631; x_wconf 81' lang='lat' dir='ltr'><strong>venerabilem</strong></span> <span class='ocrx_word' id='word_1_668' title='bbox 1810 4570 2010 4632; x_wconf 82' lang='lat' dir='ltr'><strong>virum.</strong></span> <span class='ocrx_word' id='word_1_669' title='bbox 2090 4578 2160 4612; x_wconf 73' lang='grc'><strong>⁵⁸0</strong></span> <span class='ocrx_word' id='word_1_670' title='bbox 2189 4577 2423 4633; x_wconf 83' lang='lat' dir='ltr'><strong>Meczlao</strong></span> <span class='ocrx_word' id='word_1_671' title='bbox 2449 4577 2501 4630; x_wconf 89' lang='lat'><strong>2.</strong></span> <span class='ocrx_word' id='word_1_672' title='bbox 2594 4578 2658 4611; x_wconf 73' lang='grc'><strong>⁵⁵³</strong></span> <span class='ocrx_word' id='word_1_673' title='bbox 2687 4576 3022 4647; x_wconf 85' lang='lat' dir='ltr'><strong>propetravit</strong></span> <span class='ocrx_word' id='word_1_674' title='bbox 3057 4583 3175 4630; x_wconf 83' lang='lat' dir='ltr'><strong>erat</strong></span> <span class='ocrx_word' id='word_1_675' title='bbox 3203 4575 3255 4629; x_wconf 87' lang='lat'><strong>2.</strong></span> <span class='ocrx_word' id='word_1_676' title='bbox 3285 4593 3393 4646; x_wconf 85' lang='lat' dir='ltr'><strong>qua</strong></span> <span class='ocrx_word' id='word_1_677' title='bbox 3416 4590 3539 4630; x_wconf 87' lang='lat' dir='ltr'><strong>voce</strong></span> <span class='ocrx_word' id='word_1_678' title='bbox 3578 4591 3723 4629; x_wconf 62' lang='lat' dir='ltr'><strong>cum</strong></span> 
     </span>
    </p>
   </div>
   <div class='ocr_carea' id='block_1_53' title="bbox 394 4644 3731 4720">
    <p class='ocr_par' dir='ltr' id='par_1_53' title="bbox 394 4644 3731 4720">
     <span class='ocr_line' id='line_1_53' title="bbox 394 4644 3731 4720; baseline 0.001 -22"><span class='ocrx_word' id='word_1_679' title='bbox 394 4644 604 4720; x_wconf 74' lang='lat' dir='ltr'><strong>cenato,</strong></span> <span class='ocrx_word' id='word_1_680' title='bbox 652 4644 915 4702; x_wconf 76' lang='lat' dir='ltr'><strong>corrector</strong></span> <span class='ocrx_word' id='word_1_681' title='bbox 952 4650 1011 4701; x_wconf 82' lang='lat' dir='ltr'><strong>in</strong></span> <span class='ocrx_word' id='word_1_682' title='bbox 1040 4644 1313 4715; x_wconf 27' lang='lat' dir='ltr'><strong>’margine</strong></span> <span class='ocrx_word' id='word_1_683' title='bbox 1347 4650 1524 4716; x_wconf 86' lang='lat' dir='ltr'><strong>posuit</strong></span> <span class='ocrx_word' id='word_1_684' title='bbox 1555 4656 1830 4719; x_wconf 79' lang='lat' dir='ltr'><strong>properat.</strong></span> <span class='ocrx_word' id='word_1_685' title='bbox 1893 4648 1988 4720; x_wconf 14' lang='lat'><strong>75&quot;</strong></span> <span class='ocrx_word' id='word_1_686' title='bbox 2017 4663 2261 4720; x_wconf 82' lang='lat' dir='ltr'><strong>pugnare</strong></span> <span class='ocrx_word' id='word_1_687' title='bbox 2294 4652 2316 4703; x_wconf 95' lang='lat'><strong>1</strong></span> <span class='ocrx_word' id='word_1_688' title='bbox 2376 4647 2429 4702; x_wconf 90' lang='lat'><strong>2.</strong></span> <span class='ocrx_word' id='word_1_689' title='bbox 2460 4649 2531 4720; x_wconf 34' lang='lat'><strong>3“</strong></span> <span class='ocrx_word' id='word_1_690' title='bbox 2595 4648 2666 4720; x_wconf 46' lang='lat'><strong>5153</strong></span> <span class='ocrx_word' id='word_1_691' title='bbox 2688 4644 2955 4720; x_wconf 70' lang='lat' dir='ltr'><strong>quoniam</strong></span> <span class='ocrx_word' id='word_1_692' title='bbox 2986 4647 3038 4700; x_wconf 89' lang='lat'><strong>2.</strong></span> <span class='ocrx_word' id='word_1_693' title='bbox 3122 4647 3192 4720; x_wconf 61' lang='lat' dir='ltr'><strong>5F&quot;</strong></span> <span class='ocrx_word' id='word_1_694' title='bbox 3220 4644 3603 4720; x_wconf 60' lang='lat' dir='ltr'><strong>argumentum</strong></span> <span class='ocrx_word' id='word_1_695' title='bbox 3631 4662 3731 4720; x_wconf 72' lang='lat' dir='ltr'><strong>ca-</strong></span> 
     </span>
    </p>
   </div>
   <div class='ocr_carea' id='block_1_54' title="bbox 387 4716 3724 4788">
    <p class='ocr_par' dir='ltr' id='par_1_54' title="bbox 387 4716 3724 4788">
     <span class='ocr_line' id='line_1_54' title="bbox 387 4716 3724 4788; baseline 0.001 -21"><span class='ocrx_word' id='word_1_696' title='bbox 387 4716 555 4788; x_wconf 76' lang='lat' dir='ltr'><strong>pituli</strong></span> <span class='ocrx_word' id='word_1_697' title='bbox 579 4725 932 4788; x_wconf 18' lang='lat' dir='ltr'><strong>aicorrectore</strong></span> <span class='ocrx_word' id='word_1_698' title='bbox 958 4721 1019 4772; x_wconf 84' lang='lat' dir='ltr'><strong>in</strong></span> <span class='ocrx_word' id='word_1_699' title='bbox 1053 4721 1303 4787; x_wconf 82' lang='lat' dir='ltr'><strong>margine</strong></span> <span class='ocrx_word' id='word_1_700' title='bbox 1326 4725 1401 4773; x_wconf 89' lang='lat' dir='ltr'><strong>est</strong></span> <span class='ocrx_word' id='word_1_701' title='bbox 1441 4716 1854 4788; x_wconf 80' lang='lat' dir='ltr'><strong>adscriptum2:</strong></span> <span class='ocrx_word' id='word_1_702' title='bbox 1890 4719 1964 4773; x_wconf 90' lang='lat' dir='ltr'><strong>De</strong></span> <span class='ocrx_word' id='word_1_703' title='bbox 2018 4716 2373 4775; x_wconf 81' lang='lat' dir='ltr'><strong>successione</strong></span> <span class='ocrx_word' id='word_1_704' title='bbox 2401 4749 2464 4759; x_wconf 87' lang='lat'><strong>-—</strong></span> <span class='ocrx_word' id='word_1_705' title='bbox 2498 4716 2854 4773; x_wconf 83' lang='lat' dir='ltr'><strong>Kazimiridcs</strong></span> <span class='ocrx_word' id='word_1_706' title='bbox 2894 4721 3089 4773; x_wconf 81' lang='lat' dir='ltr'><strong>desunt</strong></span> <span class='ocrx_word' id='word_1_707' title='bbox 3127 4718 3180 4771; x_wconf 90' lang='lat'><strong>3.</strong></span> <span class='ocrx_word' id='word_1_708' title='bbox 3280 4719 3350 4752; x_wconf 68' lang='grc'><strong>⁵⁵⁵</strong></span> <span class='ocrx_word' id='word_1_709' title='bbox 3375 4717 3520 4772; x_wconf 88' lang='lat' dir='ltr'><strong>Obiit</strong></span> <span class='ocrx_word' id='word_1_710' title='bbox 3556 4716 3724 4771; x_wconf 70' lang='grc' dir='ltr'><strong>Κειιί-</strong></span> 
     </span>
    </p>
   </div>
   <div class='ocr_carea' id='block_1_55' title="bbox 396 4783 3731 4859">
    <p class='ocr_par' dir='ltr' id='par_1_55' title="bbox 396 4783 3731 4859">
     <span class='ocr_line' id='line_1_55' title="bbox 396 4783 3731 4859; baseline 0.002 -22"><span class='ocrx_word' id='word_1_711' title='bbox 396 4783 573 4859; x_wconf 75' lang='lat' dir='ltr'><strong>mirus</strong></span> <span class='ocrx_word' id='word_1_712' title='bbox 614 4786 938 4842; x_wconf 78' lang='lat' dir='ltr'><strong>MXXXVlll.</strong></span> <span class='ocrx_word' id='word_1_713' title='bbox 970 4793 1122 4859; x_wconf 80' lang='lat' dir='ltr'><strong>ponit</strong></span> <span class='ocrx_word' id='word_1_714' title='bbox 1153 4783 1213 4844; x_wconf 63' lang='lat' dir='ltr'><strong>in</strong></span> <span class='ocrx_word' id='word_1_715' title='bbox 1233 4806 1488 4857; x_wconf 74' lang='lat' dir='ltr'><strong>margine</strong></span> <span class='ocrx_word' id='word_1_716' title='bbox 1516 4792 1563 4843; x_wconf 89' lang='lat'><strong>1.</strong></span> <span class='ocrx_word' id='word_1_717' title='bbox 1616 4783 1710 4825; x_wconf 72' lang='grc'><strong>’⁵⁸⁵</strong></span> <span class='ocrx_word' id='word_1_718' title='bbox 1735 4790 1837 4843; x_wconf 89' lang='lat' dir='ltr'><strong>Iste</strong></span> <span class='ocrx_word' id='word_1_719' title='bbox 1869 4790 2070 4844; x_wconf 86' lang='lat' dir='ltr'><strong>occidit</strong></span> <span class='ocrx_word' id='word_1_720' title='bbox 2107 4790 2439 4845; x_wconf 85' lang='lat' dir='ltr'><strong>Slanislaum</strong></span> <span class='ocrx_word' id='word_1_721' title='bbox 2462 4791 2610 4844; x_wconf 83' lang='lat' dir='ltr'><strong>addit</strong></span> <span class='ocrx_word' id='word_1_722' title='bbox 2640 4792 2735 4845; x_wconf 83' lang='lat' dir='ltr'><strong>hoc</strong></span> <span class='ocrx_word' id='word_1_723' title='bbox 2761 4792 2871 4844; x_wconf 86' lang='lat' dir='ltr'><strong>loco</strong></span> <span class='ocrx_word' id='word_1_724' title='bbox 2900 4805 3067 4858; x_wconf 84' lang='lat' dir='ltr'><strong>supra</strong></span> <span class='ocrx_word' id='word_1_725' title='bbox 3091 4790 3403 4843; x_wconf 82' lang='lat' dir='ltr'><strong>columnam</strong></span> <span class='ocrx_word' id='word_1_726' title='bbox 3420 4804 3578 4859; x_wconf 83' lang='lat' dir='ltr'><strong>super</strong></span> <span class='ocrx_word' id='word_1_727' title='bbox 3603 4803 3731 4843; x_wconf 79' lang='lat' dir='ltr'><strong>voce</strong></span> 
     </span>
    </p>
   </div>
   <div class='ocr_carea' id='block_1_56' title="bbox 394 4854 3724 4930">
    <p class='ocr_par' dir='ltr' id='par_1_56' title="bbox 394 4854 3724 4930">
     <span class='ocr_line' id='line_1_56' title="bbox 394 4854 3724 4930; baseline 0.001 -21"><span class='ocrx_word' id='word_1_728' title='bbox 394 4854 766 4930; x_wconf 74' lang='lat' dir='ltr'><strong>Bolezlavusi</strong></span> <span class='ocrx_word' id='word_1_729' title='bbox 874 4860 939 4895; x_wconf 72' lang='grc'><strong>⁵⁵⁷</strong></span> <span class='ocrx_word' id='word_1_730' title='bbox 970 4854 1214 4915; x_wconf 82' lang='lat' dir='ltr'><strong>Mortuus</strong></span> <span class='ocrx_word' id='word_1_731' title='bbox 1258 4854 1670 4914; x_wconf 42' lang='lat' dir='ltr'><strong>est&#39;Casimirus</strong></span> <span class='ocrx_word' id='word_1_732' title='bbox 1715 4876 1861 4915; x_wconf 89' lang='lat' dir='ltr'><strong>anno</strong></span> <span class='ocrx_word' id='word_1_733' title='bbox 1919 4861 2132 4916; x_wconf 82' lang='lat' dir='ltr'><strong>Domini</strong></span> <span class='ocrx_word' id='word_1_734' title='bbox 2169 4862 2396 4927; x_wconf 83' lang='lat' dir='ltr'><strong>MLVlll,</strong></span> <span class='ocrx_word' id='word_1_735' title='bbox 2453 4862 2541 4915; x_wconf 89' lang='lat' dir='ltr'><strong>cui</strong></span> <span class='ocrx_word' id='word_1_736' title='bbox 2589 4861 2859 4916; x_wconf 88' lang='lat' dir='ltr'><strong>successit</strong></span> <span class='ocrx_word' id='word_1_737' title='bbox 2907 4854 3188 4915; x_wconf 86' lang='lat' dir='ltr'><strong>Boleslaus</strong></span> <span class='ocrx_word' id='word_1_738' title='bbox 3219 4859 3365 4914; x_wconf 82' lang='lat' dir='ltr'><strong>ﬁlius</strong></span> <span class='ocrx_word' id='word_1_739' title='bbox 3398 4854 3517 4930; x_wconf 57' lang='lat' dir='ltr'><strong>eju&#39;s</strong></span> <span class='ocrx_word' id='word_1_740' title='bbox 3546 4860 3603 4912; x_wconf 90' lang='lat' dir='ltr'><strong>in</strong></span> <span class='ocrx_word' id='word_1_741' title='bbox 3631 4874 3724 4912; x_wconf 80' lang='lat' dir='ltr'><strong>re-</strong></span> 
     </span>
    </p>
   </div>
   <div class='ocr_carea' id='block_1_57' title="bbox 390 4927 3725 5005">
    <p class='ocr_par' dir='ltr' id='par_1_57' title="bbox 390 4927 3725 5005">
     <span class='ocr_line' id='line_1_57' title="bbox 390 4927 3725 5005; baseline 0.001 -25"><span class='ocrx_word' id='word_1_742' title='bbox 390 4943 585 5002; x_wconf 87' lang='lat' dir='ltr'><strong>gnum,</strong></span> <span class='ocrx_word' id='word_1_743' title='bbox 639 4927 785 5005; x_wconf 79' lang='lat' dir='ltr'><strong>filius</strong></span> <span class='ocrx_word' id='word_1_744' title='bbox 833 4930 1525 5005; x_wconf 78' lang='lat' dir='ltr'><strong>inquam_primogenitus,_</strong></span> <span class='ocrx_word' id='word_1_745' title='bbox 1556 4933 1638 4987; x_wconf 86' lang='lat' dir='ltr'><strong>vir</strong></span> <span class='ocrx_word' id='word_1_746' title='bbox 1662 4932 1847 5003; x_wconf 82' lang='lat' dir='ltr'><strong>largus</strong></span> <span class='ocrx_word' id='word_1_747' title='bbox 1901 4938 1964 5005; x_wconf 81' lang='lat' dir='ltr'><strong>et</strong></span> <span class='ocrx_word' id='word_1_748' title='bbox 1993 4932 2448 5005; x_wconf 10' lang='lat' dir='ltr'><strong>be_llicosus,.gqui</strong></span> <span class='ocrx_word' id='word_1_749' title='bbox 2498 4948 2623 5005; x_wconf 17' lang='lat' dir='ltr'><strong>sua,</strong></span> <span class='ocrx_word' id='word_1_750' title='bbox 2658 4933 2797 5005; x_wconf 85' lang='lat' dir='ltr'><strong>satis</strong></span> <span class='ocrx_word' id='word_1_751' title='bbox 2827 4940 2982 5005; x_wconf 85' lang='lat' dir='ltr'><strong>gesta</strong></span> <span class='ocrx_word' id='word_1_752' title='bbox 3030 4927 3725 5005; x_wconf 51' lang='lat' dir='ltr'><strong>gestis_prede&#39;ccssorum</strong></span> 
     </span>
    </p>
   </div>
   <div class='ocr_carea' id='block_1_58' title="bbox 390 4948 3720 5076">
    <p class='ocr_par' dir='ltr' id='par_1_58' title="bbox 390 4948 3720 5076">
     <span class='ocr_line' id='line_1_58' title="bbox 390 4948 3720 5056; baseline 0.001 -76"><span class='ocrx_word' id='word_1_753' title='bbox 390 4948 585 5002; x_wconf 86' lang='lat' dir='ltr'><strong>gnum,</strong></span> <span class='ocrx_word' id='word_1_754' title='bbox 639 4948 785 4983; x_wconf 84' lang='lat' dir='ltr'><strong>nllus</strong></span> <span class='ocrx_word' id='word_1_755' title='bbox 833 4948 1054 5002; x_wconf 79' lang='lat' dir='ltr'><strong>inquam</strong></span> <span class='ocrx_word' id='word_1_756' title='bbox 1089 4948 1512 5056; x_wconf 58' lang='lat' dir='ltr'><strong>pnmogemtus,</strong></span> <span class='ocrx_word' id='word_1_757' title='bbox 1556 4948 1847 5003; x_wconf 76' lang='lat' dir='ltr'><strong>viriargus</strong></span> <span class='ocrx_word' id='word_1_758' title='bbox 1901 4948 1956 4986; x_wconf 81' lang='lat' dir='ltr'><strong>et</strong></span> <span class='ocrx_word' id='word_1_759' title='bbox 1993 4948 2444 5004; x_wconf 77' lang='lat' dir='ltr'><strong>l)8|llCOSllS,.qu1</strong></span> <span class='ocrx_word' id='word_1_760' title='bbox 2501 4948 2601 4987; x_wconf 91' lang='lat' dir='ltr'><strong>sua</strong></span> <span class='ocrx_word' id='word_1_761' title='bbox 2658 4948 2791 4986; x_wconf 78' lang='lat' dir='ltr'><strong>satis</strong></span> <span class='ocrx_word' id='word_1_762' title='bbox 2827 4948 2982 5005; x_wconf 79' lang='lat' dir='ltr'><strong>gesm</strong></span> <span class='ocrx_word' id='word_1_763' title='bbox 3070 4948 3203 4985; x_wconf 86' lang='lat' dir='ltr'><strong>esus</strong></span> <span class='ocrx_word' id='word_1_764' title='bbox 3266 4948 3720 4999; x_wconf 84' lang='lat' dir='ltr'><strong>preacccssorum</strong></span> 
     </span>
     <span class='ocr_line' id='line_1_59' title="bbox 390 4948 3720 5076; baseline 0 -22"><span class='ocrx_word' id='word_1_765' title='bbox 390 5000 686 5076; x_wconf 72' lang='lat' dir='ltr'><strong>coequavit</strong></span> <span class='ocrx_word' id='word_1_766' title='bbox 732 5016 828 5071; x_wconf 84' lang='lat' dir='ltr'><strong>pro</strong></span> <span class='ocrx_word' id='word_1_767' title='bbox 889 5002 998 5076; x_wconf 80' lang='lat' dir='ltr'><strong>Hiis</strong></span> <span class='ocrx_word' id='word_1_768' title='bbox 1058 5003 1242 5076; x_wconf 14' lang='lat' dir='ltr'><strong>igitur,</strong></span> <span class='ocrx_word' id='word_1_769' title='bbox 1319 5002 1530 5076; x_wconf 84' lang='lat' dir='ltr'><strong>azimiri</strong></span> <span class='ocrx_word' id='word_1_770' title='bbox 1593 5034 1637 5044; x_wconf 61' lang='grc' dir='ltr'><strong><em>ο</em></strong></span> <span class='ocrx_word' id='word_1_771' title='bbox 1691 5003 1995 5074; x_wconf 76' lang='lat' dir='ltr'><strong>coaequavit</strong></span> <span class='ocrx_word' id='word_1_772' title='bbox 2047 5003 2099 5060; x_wconf 92' lang='lat'><strong>3.</strong></span> <span class='ocrx_word' id='word_1_773' title='bbox 2215 5003 2546 5058; x_wconf 58' lang='lat' dir='ltr'><strong>mtiradek.</strong></span> <span class='ocrx_word' id='word_1_774' title='bbox 2602 5004 2654 5057; x_wconf 85' lang='lat'><strong>3.</strong></span> <span class='ocrx_word' id='word_1_775' title='bbox 2738 5004 2807 5038; x_wconf 72' lang='lat'><strong>“9</strong></span> <span class='ocrx_word' id='word_1_776' title='bbox 2835 5006 2976 5058; x_wconf 87' lang='lat' dir='ltr'><strong>deest</strong></span> <span class='ocrx_word' id='word_1_777' title='bbox 3208 5002 3277 5036; x_wconf 60' lang='grc' dir='ltr'><strong>’πο</strong></span> <span class='ocrx_word' id='word_1_778' title='bbox 3314 5002 3607 5058; x_wconf 76' lang='lat' dir='ltr'><strong>oberrasse</strong></span> <span class='ocrx_word' id='word_1_779' title='bbox 3662 5001 3720 5055; x_wconf 87' lang='lat'><strong>3.</strong></span> 
     </span>
    </p>
   </div>
   <div class='ocr_carea' id='block_1_59' title="bbox 389 5070 1429 5132">
    <p class='ocr_par' dir='ltr' id='par_1_59' title="bbox 389 5070 1429 5132">
     <span class='ocr_line' id='line_1_60' title="bbox 389 5070 1429 5132; baseline 0.004 -7"><span class='ocrx_word' id='word_1_780' title='bbox 389 5070 454 5106; x_wconf 81' lang='grc'><strong>⁶⁷¹</strong></span> <span class='ocrx_word' id='word_1_781' title='bbox 489 5070 817 5127; x_wconf 83' lang='lat' dir='ltr'><strong>emendasse</strong></span> <span class='ocrx_word' id='word_1_782' title='bbox 845 5081 948 5129; x_wconf 87' lang='lat' dir='ltr'><strong>etc.</strong></span> <span class='ocrx_word' id='word_1_783' title='bbox 972 5073 1025 5132; x_wconf 90' lang='lat'><strong>3.</strong></span> <span class='ocrx_word' id='word_1_784' title='bbox 1080 5070 1183 5108; x_wconf 67' lang='grc'><strong>’⁷³⁷⁸</strong></span> <span class='ocrx_word' id='word_1_785' title='bbox 1210 5075 1351 5130; x_wconf 87' lang='lat' dir='ltr'><strong>deest</strong></span> <span class='ocrx_word' id='word_1_786' title='bbox 1376 5075 1429 5129; x_wconf 90' lang='lat'><strong>3.</strong></span> 
     </span>
    </p>
   </div>
   <div class='ocr_carea' id='block_1_60' title="bbox 1940 5175 2147 5232">
    <p class='ocr_par' dir='ltr' id='par_1_60' title="bbox 1940 5175 2147 5232">
     <span class='ocr_line' id='line_1_61' title="bbox 1940 5175 2147 5232; baseline 0 -1"><span class='ocrx_word' id='word_1_787' title='bbox 1940 5175 2147 5232; x_wconf 76' lang='grc' dir='ltr'><strong>ΝΟΤᾹΞ.</strong></span> 
     </span>
    </p>
   </div>
   <div class='ocr_carea' id='block_1_61' title="bbox 457 5298 3719 5372">
    <p class='ocr_par' dir='ltr' id='par_1_61' title="bbox 457 5298 3719 5372">
     <span class='ocr_line' id='line_1_62' title="bbox 457 5298 3719 5372; baseline 0.001 -17"><span class='ocrx_word' id='word_1_788' title='bbox 457 5298 609 5372; x_wconf 86' lang='grc'>(101)</span> <span class='ocrx_word' id='word_1_789' title='bbox 645 5300 799 5365; x_wconf 85' lang='lat' dir='ltr'><strong>Quod</strong></span> <span class='ocrx_word' id='word_1_790' title='bbox 850 5300 1052 5356; x_wconf 86' lang='lat' dir='ltr'><strong>auxilio</strong></span> <span class='ocrx_word' id='word_1_791' title='bbox 1103 5299 1346 5372; x_wconf 86' lang='lat' dir='ltr'><strong>Jaroslai</strong></span> <span class='ocrx_word' id='word_1_792' title='bbox 1385 5299 1585 5356; x_wconf 82' lang='lat' dir='ltr'><strong>factum</strong></span> <span class='ocrx_word' id='word_1_793' title='bbox 1642 5316 1768 5355; x_wconf 89' lang='lat' dir='ltr'><strong>esse</strong></span> <span class='ocrx_word' id='word_1_794' title='bbox 1818 5311 2007 5356; x_wconf 87' lang='lat' dir='ltr'><strong>narrat</strong></span> <span class='ocrx_word' id='word_1_795' title='bbox 2177 5299 2327 5370; x_wconf 76' lang='lat'><strong>(102)</strong></span> <span class='ocrx_word' id='word_1_796' title='bbox 2360 5300 2556 5367; x_wconf 84' lang='lat' dir='ltr'><strong>Verba,</strong></span> <span class='ocrx_word' id='word_1_797' title='bbox 2597 5305 2691 5371; x_wconf 84' lang='lat' dir='ltr'><strong>qui</strong></span> <span class='ocrx_word' id='word_1_798' title='bbox 2716 5304 3043 5357; x_wconf 76' lang='lat' dir='ltr'><strong>mnasterio</strong></span> <span class='ocrx_word' id='word_1_799' title='bbox 3070 5332 3136 5341; x_wconf 95' lang='lat'>—</span> <span class='ocrx_word' id='word_1_800' title='bbox 3167 5300 3412 5357; x_wconf 83' lang='lat' dir='ltr'><strong>eruditus</strong></span> <span class='ocrx_word' id='word_1_801' title='bbox 3450 5301 3592 5355; x_wconf 90' lang='lat' dir='ltr'><strong>male</strong></span> <span class='ocrx_word' id='word_1_802' title='bbox 3620 5302 3719 5357; x_wconf 83' lang='lat' dir='ltr'><strong>in-</strong></span> 
     </span>
    </p>
   </div>
   <div class='ocr_carea' id='block_1_62' title="bbox 392 5367 3720 5442">
    <p class='ocr_par' dir='ltr' id='par_1_62' title="bbox 392 5367 3720 5442">
     <span class='ocr_line' id='line_1_63' title="bbox 392 5367 3720 5442; baseline 0.001 -16"><span class='ocrx_word' id='word_1_803' title='bbox 392 5367 600 5428; x_wconf 37' lang='lat' dir='ltr'><strong>Nestor’</strong></span> <span class='ocrx_word' id='word_1_804' title='bbox 627 5373 695 5426; x_wconf 90' lang='lat' dir='ltr'><strong>ad</strong></span> <span class='ocrx_word' id='word_1_805' title='bbox 730 5372 884 5427; x_wconf 76' lang='grc'>1047.</span> <span class='ocrx_word' id='word_1_806' title='bbox 921 5372 1026 5426; x_wconf 89' lang='lat' dir='ltr'><strong>Sed</strong></span> <span class='ocrx_word' id='word_1_807' title='bbox 1061 5372 1227 5441; x_wconf 83' lang='lat' dir='ltr'><strong>paulo</strong></span> <span class='ocrx_word' id='word_1_808' title='bbox 1268 5371 1423 5442; x_wconf 90' lang='lat' dir='ltr'><strong>prius</strong></span> <span class='ocrx_word' id='word_1_809' title='bbox 1462 5372 1581 5426; x_wconf 66' lang='lat' dir='ltr'><strong>haec</strong></span> <span class='ocrx_word' id='word_1_810' title='bbox 1618 5372 1759 5427; x_wconf 88' lang='lat' dir='ltr'><strong>alter</strong></span> <span class='ocrx_word' id='word_1_811' title='bbox 1785 5372 1855 5426; x_wconf 90' lang='lat' dir='ltr'><strong>de</strong></span> <span class='ocrx_word' id='word_1_812' title='bbox 1897 5372 2002 5427; x_wconf 88' lang='lat' dir='ltr'><strong>Po-</strong></span> <span class='ocrx_word' id='word_1_813' title='bbox 2106 5367 2342 5438; x_wconf 86' lang='lat' dir='ltr'><strong>tellecta,</strong></span> <span class='ocrx_word' id='word_1_814' title='bbox 2390 5389 2578 5427; x_wconf 88' lang='lat' dir='ltr'><strong>ansam</strong></span> <span class='ocrx_word' id='word_1_815' title='bbox 2607 5367 2752 5429; x_wconf 77' lang='lat' dir='ltr'><strong>t&#39;orte</strong></span> <span class='ocrx_word' id='word_1_816' title='bbox 2793 5372 3070 5428; x_wconf 82' lang='lat' dir='ltr'><strong>dederunt</strong></span> <span class='ocrx_word' id='word_1_817' title='bbox 3101 5372 3321 5438; x_wconf 77' lang='lat' dir='ltr'><strong>fabulae,</strong></span> <span class='ocrx_word' id='word_1_818' title='bbox 3368 5387 3492 5426; x_wconf 90' lang='lat' dir='ltr'><strong>cum</strong></span> <span class='ocrx_word' id='word_1_819' title='bbox 3547 5372 3720 5430; x_wconf 88' lang='lat' dir='ltr'><strong>fuisse</strong></span> 
     </span>
    </p>
   </div>
   <div class='ocr_carea' id='block_1_63' title="bbox 383 5442 3124 5515">
    <p class='ocr_par' dir='ltr' id='par_1_63' title="bbox 383 5442 3124 5515">
     <span class='ocr_line' id='line_1_64' title="bbox 383 5442 3124 5515; baseline 0.001 -20"><span class='ocrx_word' id='word_1_820' title='bbox 383 5442 629 5515; x_wconf 75' lang='lat' dir='ltr'><strong>moranis</strong></span> <span class='ocrx_word' id='word_1_821' title='bbox 666 5442 892 5515; x_wconf 73' lang='lat' dir='ltr'><strong>victoria</strong></span> <span class='ocrx_word' id='word_1_822' title='bbox 932 5449 1209 5515; x_wconf 77' lang='lat' dir='ltr'><strong>reportata</strong></span> <span class='ocrx_word' id='word_1_823' title='bbox 1249 5451 1354 5507; x_wconf 90' lang='lat' dir='ltr'><strong>est,</strong></span> <span class='ocrx_word' id='word_1_824' title='bbox 1397 5459 1520 5515; x_wconf 88' lang='lat' dir='ltr'><strong>cum</strong></span> <span class='ocrx_word' id='word_1_825' title='bbox 1561 5459 1617 5515; x_wconf 67' lang='lat' dir='ltr'><strong>a.</strong></span> <span class='ocrx_word' id='word_1_826' title='bbox 1659 5443 1799 5515; x_wconf 74' lang='grc'>1046</span> <span class='ocrx_word' id='word_1_827' title='bbox 1827 5459 2003 5498; x_wconf 86' lang='lat' dir='ltr'><strong>anna-</strong></span> <span class='ocrx_word' id='word_1_828' title='bbox 2103 5445 2471 5515; x_wconf 91' lang='lat' dir='ltr'><strong>monachum;</strong></span> <span class='ocrx_word' id='word_1_829' title='bbox 2502 5444 2827 5510; x_wconf 81' lang='lat' dir='ltr'><strong>Bandtcbie,</strong></span> <span class='ocrx_word' id='word_1_830' title='bbox 2862 5444 3032 5515; x_wconf 88' lang='lat' dir='ltr'><strong>p.98.</strong></span> <span class='ocrx_word' id='word_1_831' title='bbox 3069 5444 3124 5497; x_wconf 94' lang='lat' dir='ltr'><strong>S.</strong></span> 
     </span>
    </p>
   </div>
   <div class='ocr_carea' id='block_1_64' title="bbox 383 5509 3437 5590">
    <p class='ocr_par' dir='ltr' id='par_1_64' title="bbox 383 5509 3437 5590">
     <span class='ocr_line' id='line_1_65' title="bbox 383 5509 3437 5590; baseline 0.001 -26"><span class='ocrx_word' id='word_1_832' title='bbox 383 5509 532 5590; x_wconf 73' lang='lat' dir='ltr'><strong>libus</strong></span> <span class='ocrx_word' id='word_1_833' title='bbox 562 5512 948 5590; x_wconf 75' lang='lat' dir='ltr'><strong>Altabensibus</strong></span> <span class='ocrx_word' id='word_1_834' title='bbox 986 5509 1224 5570; x_wconf 79' lang='lat' dir='ltr'><strong>testibus</strong></span> <span class='ocrx_word' id='word_1_835' title='bbox 1244 5530 1365 5590; x_wconf 69' lang='lat' dir='ltr'><strong>pax</strong></span> <span class='ocrx_word' id='word_1_836' title='bbox 1407 5514 1554 5590; x_wconf 64' lang='lat' dir='ltr'><strong>inter</strong></span> <span class='ocrx_word' id='word_1_837' title='bbox 1593 5513 1916 5569; x_wconf 82' lang='lat' dir='ltr'><strong>Casimirum</strong></span> <span class='ocrx_word' id='word_1_838' title='bbox 1948 5524 2001 5570; x_wconf 87' lang='lat' dir='ltr'><strong>et</strong></span> <span class='ocrx_word' id='word_1_839' title='bbox 2173 5516 2324 5585; x_wconf 86' lang='lat'><strong>(103)</strong></span> <span class='ocrx_word' id='word_1_840' title='bbox 2356 5514 2740 5590; x_wconf 37' lang='lat' dir='ltr'><strong>Cmniggraetz.</strong></span> <span class='ocrx_word' id='word_1_841' title='bbox 2763 5517 2818 5569; x_wconf 90' lang='lat' dir='ltr'><strong>in</strong></span> <span class='ocrx_word' id='word_1_842' title='bbox 2847 5509 3022 5590; x_wconf 74' lang='lat' dir='ltr'><strong>regno</strong></span> <span class='ocrx_word' id='word_1_843' title='bbox 3054 5514 3351 5571; x_wconf 71' lang='lat' dir='ltr'><strong>Bohemim.</strong></span> <span class='ocrx_word' id='word_1_844' title='bbox 3380 5513 3437 5568; x_wconf 92' lang='lat' dir='ltr'><strong>S.</strong></span> 
     </span>
    </p>
   </div>
   <div class='ocr_carea' id='block_1_65' title="bbox 389 5580 1575 5643">
    <p class='ocr_par' dir='ltr' id='par_1_65' title="bbox 389 5580 1575 5643">
     <span class='ocr_line' id='line_1_66' title="bbox 389 5580 1575 5643; baseline 0.004 -8"><span class='ocrx_word' id='word_1_845' title='bbox 389 5580 818 5638; x_wconf 86' lang='lat' dir='ltr'><strong>Pomoranorum</strong></span> <span class='ocrx_word' id='word_1_846' title='bbox 852 5584 1045 5639; x_wconf 90' lang='lat' dir='ltr'><strong>ducem</strong></span> <span class='ocrx_word' id='word_1_847' title='bbox 1081 5580 1377 5643; x_wconf 78' lang='lat' dir='ltr'><strong>constituta</strong></span> <span class='ocrx_word' id='word_1_848' title='bbox 1408 5585 1477 5639; x_wconf 86' lang='lat' dir='ltr'><strong>sit</strong></span> <span class='ocrx_word' id='word_1_849' title='bbox 1517 5585 1575 5640; x_wconf 83' lang='grc' dir='ltr'><strong>Κ.</strong></span> 
     </span>
    </p>
   </div>
  </div>
