3948 6044
193 183 302 238 869

1523 221 1528 226 .
1613 177 1805 232 LIBER
1848 175 2111 233 PRIMUS.

3423 183 3528 241 870

193 321 250 369 et
269 311 656 368 liberalitatem
685 309 755 344 ⁵⁷³
781 308 1049 364 Bolezlavi
1077 307 1309 363 secundi
1333 308 1400 343 57‘
1429 307 1575 383 regis
1591 309 1815 364 silentio
1845 316 1890 380 Α
1919 309 2024 363 Sed
2065 310 2155 365 die
2188 310 2300 380 jam
2343 319 2561 380 postera
2604 312 2909 379 mediante,
2965 313 3295 370 Polonorum
3355 325 3529 371 castra

199 407 501 480 praeterire,
533 405 630 459 sed
671 420 845 475 pauca
884 405 956 458 de
1000 403 1185 458 multis
1225 404 1280 458 in
1316 404 1627 474 exemplum
1659 404 1818 479 regni

194 491 686 572 gubernatoribus
725 498 958 569 aperire.
1014 498 1188 568 Igitur
1220 514 1314 552 rex
1361 498 1680 553 Bolezlavus
1727 514 1819 553 se-

197 596 414 651 cundus
431 593 611 650 audax
642 593 744 648 fuit
777 593 934 648 miles
963 601 1018 648 et
1033 601 1352 659 strennuus,
1382 593 1662 665 hospitum
1695 609 1820 649 sus-

202 694 397 759 ceptor
428 686 726 759 benignus,
759 685 1026 756 daturque
1060 684 1336 758 largorum
1365 685 1433 719 575
1460 683 1816 757 largissimus.

204 781 327 850 Ipse
357 794 601 850 quoque,
634 777 792 833 sicud
827 777 1038 849 primus
1069 777 1386 832 Bolezlavus
1416 793 1672 851 magnus,
1704 778 1818 832 Ru-

203 871 498 926 thenorum
527 870 682 940 regni
715 879 902 941 caput,
932 869 1125 924 urbem
1157 868 1359 940 Kygow
1385 870 1456 904 ⁵⁷⁸
1491 869 1822 940 praecipuam

207 961 741 1024 hostiliterintravit,
775 960 1056 1030 ictumque
1075 958 1158 1013 sui
1186 959 1337 1014 ensis
1382 959 1436 1012 in
1471 967 1625 1030 porta
1657 975 1823 1014 aurea

205 1047 424 1120 signum
453 1047 732 1103 memoria:
769 1047 1064 1118 dereliquit
1092 1048 1159 1080 ⁵⁷⁷
1189 1053 1297 1108 (an.
1338 1046 1518 1116 1069).
1549 1047 1629 1102 lbi
1660 1048 1822 1103 etiam

207 1144 486 1214 quendam
549 1142 631 1198 sui
695 1143 921 1216 generis
966 1142 1303 1208 Ruthenum,
1346 1143 1433 1198 cui
1475 1142 1829 1214 permittebat

209 1236 458 1310 regimen
491 1235 582 1301 δῖε,
609 1235 664 1288 in
697 1235 830 1289 sede
855 1234 1027 1307 regali
1060 1233 1348 1290 constituit
1380 1234 1552 1302 (104),
1578 1241 1829 1290 cunctos-

209 1344 322 1400 que
345 1327 450 1382 sibi
484 1327 722 1382 rebelles
753 1343 782 1382 a
811 1333 1084 1397 potestate
1109 1326 1378 1382 destituit.
1411 1326 1450 1381 Ο
1481 1341 1682 1397 pompa
1711 1325 1831 1400 glo-

212 1417 310 1472 rize
343 1414 693 1487 temporalis!
723 1415 761 1470 Ο
795 1415 1026 1471 audacia
1065 1413 1284 1469 ﬁducia
1309 1412 1592 1470 militaris!
1626 1414 1665 1470 Ο
1707 1431 1828 1468 ma-

213 1517 400 1583 gestas
430 1508 598 1582 regite
647 1506 961 1579 potestatis!
1008 1507 1252 1581 Rogatus
1292 1506 1475 1577 itaque
1512 1506 1829 1566 Bolezlavus

217 1601 402 1672 largus
434 1615 464 1652 a
495 1613 623 1671 rege
643 1613 806 1668 quem
839 1596 1065 1662 fecerat,
1093 1603 1152 1650 ut
1179 1595 1395 1651 obviam
1425 1595 1492 1650 ad
1521 1611 1582 1651 se
1619 1595 1806 1652 venire

214 1689 436 1760 sibique
469 1689 620 1760 pacis
669 1687 914 1744 osculum
959 1688 1029 1743 ob
1060 1686 1425 1741 reverentiam
1486 1702 1600 1741 suae
1659 1685 1828 1758 gestis

216 1779 524 1843 exhiberet,
549 1779 788 1834 Polonus
809 1779 1034 1849 quidem
1063 1778 1168 1832 hoc
1197 1776 1412 1844 annuit,
1427 1777 1524 1832 sed
1544 1777 1831 1831 Ruthenus

216 1872 370 1927 dedit
409 1871 556 1944 quod
599 1872 790 1927 voluit.
841 1871 1180 1942 Computatis
1230 1886 1468 1942 namque
1517 1869 1673 1944 Largi
1727 1870 1833 1925 Bo-

218 1963 409 2019 lezlavi
442 1964 695 2035 passibus
727 1963 948 2036 equinis
999 1963 1067 1998 57°
1121 1964 1189 2018 de
1230 1962 1470 2017 statione
1531 1962 1599 2016 ad
1653 1963 1832 2017 locum

221 2053 632 2120 conventionis,
659 2052 889 2108 totidem
924 2051 1041 2107 auri
1075 2066 1285 2106 marcas
1315 2051 1606 2106 Rhutenus
1632 2050 1817 2122 posuit

224 2147 336 2202 Nec
371 2154 559 2202 tamen
593 2148 663 2183 53°
691 2163 836 2219 equo
881 2147 1249 2212 descendens,
1305 2147 1404 2202 sed
1445 2146 1672 2202 barbam
1721 2146 1842 2214 ejus

223 2245 562 2300 subridendo
616 2245 904 2311 divelleris,
955 2243 1206 2299 osculum
1257 2244 1308 2300 ei
1348 2245 1481 2300 satis
1536 2246 1838 2316 pretiosum

225 2335 475 2390 exhibuit
504 2335 591 2388 5”.

299 2450 390 2504 24.
423 2453 496 2506 De
522 2450 794 2504 detusione
841 2451 1189 2576 Boiwmorum
1231 2453 1420 2505 contra
1467 2449 1770 2504 Bolezlaum

950 2537 1162 2576 araum.

950 2537 1162 2588 argum.

301 2611 422 2680 (An.
466 2610 643 2679 1068).
682 2610 921 2685 Contigit
950 2611 1148 2666 eodem
1196 2617 1442 2681 tempore
1477 2611 1839 2666 Bohemorum

227 2703 425 2758 ducem
458 2703 602 2773 ([05)
633 2720 754 2758 cum
793 2710 904 2758 tota
951 2718 1175 2758 suorum
1227 2703 1423 2757 virtute
1470 2702 1704 2758 militum
1738 2702 1844 2757 Po-

229 2791 434 2846 loniam
493 2791 773 2857 introisse,
830 2807 1066 2862 eumque
1097 2791 1382 2846 transactis
1423 2791 1678 2846 silvarum
1712 2807 1846 2848 con-

233 2883 442 2950 densis,
473 2883 526 2936 in
555 2883 789 2954 quadam
824 2883 1054 2953 planitie
1091 2884 1222 2938 satis
1251 2891 1376 2954 apta
1405 2883 1690 2938 certamini
1713 2898 1848 2938 con-

235 2975 470 3030 sedisse.
512 2975 628 3039 Quo
681 2975 890 3040 audito,
937 2975 1270 3044 ,Bolezlavus
1317 2975 1552 3048 impiger
1605 2975 1851 3030 hostibus

235 3066 453 3122 obviam
485 3066 819 3138 properavit,
842 3082 1050 3138 eosque
1084 3082 1408 3138 properans,
1451 3065 1852 3142 transgyrando

238 3161 380 3216 viam
421 3177 530 3232 qua
586 3170 853 3216 venerant
892 3161 1185 3227 obsidens,
1236 3162 1562 3216 interclusit.
1610 3163 1670 3216 Et
1726 3162 1854 3233 quia

238 3249 476 3320 plurima
508 3265 636 3318 pars
663 3249 774 3304 diei
822 3250 1181 3320 praeterierat,
1217 3267 1461 3322 suosque
1504 3251 1854 3322 properando

239 3338 582 3410 fatigaverat,
615 3338 869 3408 sequenti
924 3339 1014 3393 die
1045 3355 1105 3392 se
1145 3349 1438 3394 venturum
1470 3340 1536 3393 ad
1601 3339 1852 3409 prmlium

238 3443 338 3498 per
367 3427 576 3500 legatos
607 3427 863 3482 Bohemis
893 3426 1188 3494 intimavit,
1230 3443 1437 3500 eosque
1469 3427 1676 3482 ibidem
1717 3427 1852 3482 resi-

236 3517 370 3571 dere
428 3532 533 3572 nec
577 3517 646 3550 ⁵⁸⁸
675 3532 733 3571 se
789 3516 998 3571 diutius
1053 3516 1282 3592 fatigare
1341 3516 1553 3590 magnis
1595 3516 1852 3587 precibus

237 3605 501 3660 exoravit.
535 3606 715 3660 Antea
743 3606 961 3674 quidem
991 3611 1264 3673 eateuntes,
1297 3605 1475 3676 inquit
1501 3606 1591 3670 ⁵⁸³,
1619 3606 1684 3659 de
1712 3607 1854 3660 silva

240 3701 379 3753 sicut
406 3699 524 3768 lupi
561 3703 723 3768 capta
758 3699 946 3768 prada
979 3699 1244 3767 famelici,
1297 3700 1562 3754 silvarum
1593 3699 1851 3765 latebras,

244 3790 458 3844 absente
501 3793 744 3859 pastore,
799 3792 1023 3860 impune
1049 3791 1300 3846 solebatis
1347 3795 1647 3861 penetrare,
1705 3791 1860 3845 modo

246 3897 371 3936 uero
402 3888 660 3952 prasente
726 3899 844 3937 cum
896 3884 1175 3939 venabulis
1231 3888 1481 3939 venatore
1536 3885 1864 3953 canibusque

251 3978 372 4043 post
388 3975 621 4041 vestigia
646 3974 944 4040 dissolutis,
962 3991 1068 4030 non
1091 3977 1230 4044 fuga
1255 3992 1348 4030 nec
1376 3977 1624 4040 insidiis,
1644 3977 1735 4030 sed
1751 3976 1868 4029 vir-

1876 3025 1924 3092 C

1919 400 1988 454 ab
2043 402 2480 472 exploratoribus
2534 405 2829 460 nunciatur
2873 407 2966 473 ⁵⁸⁸,
3003 407 3148 478 quod
3203 423 3234 461 a
3277 408 3531 462 Bohemis

1920 499 2082 545 nocte
2101 493 2434 562 praecedenti
2463 492 2610 566 fuga,
2649 510 2758 549 non
2791 495 3038 565 praelium
3073 495 3309 550 ineatur.
3343 497 3400 550 ln
3432 513 3528 551 ea-

1921 579 2045 634 dem
2081 580 2212 636 hora
2243 581 2558 636 Bolezlavus
2595 583 2850 637 delusum
2885 601 2946 638 se
2977 585 3042 618 δεῖ
3073 585 3290 651 dolens,
3324 586 3524 641 acriter

1922 686 2020 726 eos
2054 688 2152 742 per
2207 673 2498 728 Moraviam
2556 674 2836 748 fugientes
2888 676 3242 747 persequitur
3280 678 3369 743 ⁸⁸⁸,
3437 695 3531 733 ca-

1925 763 2146 834 ptisque
2169 763 2420 834 pluribus
2459 779 2524 818 ac
2571 765 2896 836 peremptis,
2948 767 3079 838 quia
3108 767 3187 822 sic
3225 777 3532 834 evaserant,

1925 852 2255 925 sibimetipsi
2285 853 2638 926 dedignando
2670 854 2978 909 revertitur.
3016 855 3434 911 Adnectendum
3467 859 3535 892 5”

1927 955 2011 1002 est
2041 948 2205 1002 etiam
2254 949 2554 1003 narrationi
2593 949 2683 1017 δυο,
2715 965 2838 1021 quae
2879 966 3047 1004 causa
3104 949 3217 1005 fere
3266 959 3438 1006 totum
3469 953 3537 1008 de

1928 1037 2153 1092 Polonia
2184 1037 2474 1092 loricarum
2527 1055 2688 1093 usum
2744 1039 3005 1107 abolevit,
3051 1057 3187 1112 quas
3235 1041 3539 1114 antiquitus

1932 1128 2117 1200 magni
2147 1128 2416 1184 Bolezlavi
2465 1131 2608 1203 regis
2635 1131 2909 1186 exercitus
2963 1133 3172 1206 ingenti
3201 1134 3384 1190 studio
3414 1135 3530 1188 fre-

1931 1216 2233 1285 quentavit.

2099 1350 2189 1405 25.
2219 1353 2292 1405 De
2332 1353 2556 1406 victoria
2585 1353 2854 1408 Boleslavi
2891 1355 3062 1423 Largi
3091 1356 3154 1389 ⁵³³
3188 1361 3373 1410 contra

2571 1427 2909 1479 Pomorunos.

2003 1543 2240 1618 Contigit
2277 1560 2517 1617 namque
2563 1545 2902 1603 Pomoranos
2946 1564 3010 1602 ex
3043 1548 3228 1604 subito
3261 1548 3544 1604 Poloniam

1812 1601 1904 1709 ξΒ
1934 1633 2199 1688 invasisse
2255 1650 2551 1709 regemque
2606 1635 2956 1691 Bolezlavum
3011 1638 3079 1691 ab
3124 1636 3232 1692 illis
3274 1646 3542 1693 remotum

1931 1721 2179 1793 partibus
2214 1723 2282 1756 59’
2333 1723 2436 1777 hoc
2475 1723 2720 1779 audisse.
2759 1725 2859 1790 Qui
2916 1725 3148 1796 cupiens
3186 1727 3371 1781 animo
3429 1726 3541 1781 fer-

1931 1814 2080 1869 venti
2112 1814 2180 1868 de
2228 1831 2393 1869 manu
2433 1816 2721 1890 gentilium
2757 1818 2988 1887 patriam
3029 1817 3286 1885 liberare,
3317 1819 3548 1874 collecto

1938 1904 2183 1958 nondum
2215 1904 2481 1969 exercitu,
2514 1904 2708 1960 debuit
2734 1907 3072 1961 antecedens
3101 1907 3416 1962 inconsulte
3447 1909 3552 1963 mi-

1939 1996 2112 2050 mium
2145 2012 2456 2068 properare.
2491 1996 2735 2067 Cumque
2797 2006 3020 2053 ventum
3053 2008 3198 2054 esset
3225 2001 3292 2054 ad
3322 2000 3547 2056 ﬂuvium

1941 2092 2084 2145 ultra
2111 2107 2272 2162 quem
2317 2101 2509 2147 turmae
2532 2093 2826 2164 gentilium
2855 2094 3194 2162 residebant,
3229 2111 3340 2151 non
3383 2105 3553 2166 ponte

1945 2183 2210 2254 requisito
2241 2185 2325 2239 vel
2355 2185 2494 2241 vado
2519 2185 2737 2240 luricati
2769 2188 2972 2242 milites
3001 2188 3050 2242 ei
3071 2190 3266 2244 armati
3293 2191 3389 2244 sed
3425 2206 3554 2261 pro-

1944 2273 2115 2330 fundo
2144 2275 2346 2348 gurgiti
2378 2292 2436 2330 se
2469 2276 2788 2332 credebant.
2822 2277 3078 2332 Pluribus
3117 2279 3304 2350 itaque
3331 2280 3400 2314 593
3422 2281 3556 2336 lori-

1943 2370 2185 2418 catorum
2219 2365 2714 2436 ibipraesumtuose
2762 2359 3104 2430 submersis;
3123 2368 3320 2423 loricas
3360 2369 3555 2441 reliqui

1943 2456 2270 2523 snperslites
2338 2457 2684 2525 abjecerunt,
2775 2465 3225 2530 transmeatoque
3307 2459 3556 2528 ﬂumine,

1943 2543 2194 2612 quamvis
2223 2543 2552 2615 dampnose,
2585 2545 2871 2600 victoriam
2919 2546 3244 2603 habuerunt.
3288 2548 3359 2602 Ex
3389 2564 3455 2603 eo
3492 2551 3559 2583 5“

1944 2637 2192 2702 tempore
2227 2632 2411 2687 loricis
2444 2632 2672 2687 Polonia
2716 2633 3004 2704 dissuevit,
3045 2643 3099 2689 et
3143 2635 3222 2691 sic
3251 2637 3563 2708 expeditior

1947 2721 2158 2778 hostem
2188 2724 2421 2796 quisque
2460 2723 2681 2790 invasit,
2728 2724 3004 2796 tutiorque
3048 2727 3250 2782 ﬂumen
3283 2728 3561 2797 obiectum

1947 2813 2067 2869 sine
2101 2816 2347 2885 pondere
2379 2815 2508 2870 ferri
2538 2816 2918 2871 transmeavit.

1949 2947 2038 3002 26.
2067 2950 2142 3002 De
2196 2947 2522 3002 liberalitate
2568 2949 2637 2982 ⁵9⁵
2693 2953 2742 3002 et
2771 2949 3026 3016 largitate
3063 2950 3357 3018 Bolezlavi,
3398 2956 3446 3005 et
3496 2950 3566 2986 m

2341 3020 2407 3073 de
2435 3021 2666 3088 quodam
2690 3036 2930 3091 paupere
2959 3023 3169 3076 clerico.

2029 3136 2163 3190 ltem
2215 3149 2391 3190 unum
2445 3135 2805 3191 memorabile
2856 3136 3087 3191 secundi
3148 3135 3418 3192 Bolezlavi
3489 3136 3568 3191 fa-

1957 3235 2102 3284 ctum
2129 3229 2558 3284 597liberalitatis
2584 3230 2798 3284 eximite
2829 3210 2938 3285 non
2969 3230 3185 3298 celabo,
3218 3232 3315 3285 sed
3339 3232 3406 3286 ad
3447 3231 3571 3286 imi-

1957 3321 2179 3376 tationis
2208 3322 2520 3392 exemplum
2557 3321 2973 3376 successoribus
3009 3322 3299 3377 intimabo.
3345 3323 3403 3376 In
3442 3322 3572 3378 civi-

1953 3421 2063 3466 tate
2138 3411 2487 3466 Cracoviensi
2560 3412 2797 3482 quadam
2855 3413 2945 3466 die
3002 3413 3204 3486 Largus
3252 3413 3572 3468 Bolezlavus

1953 3512 2078 3558 ante
2111 3504 2370 3574 palatium
2407 3503 2461 3556 in
2486 3503 2637 3558 curia
2671 3503 2974 3569 residebat,
3004 3503 3192 3574 ibique
3219 3504 3422 3559 tributa
3453 3505 3570 3560 Ru-

1957 3599 2246 3654 thenorum
2291 3597 2640 3669 aliorumque
2667 3597 3020 3669 vectigalium
3067 3596 3122 3650 in
3155 3597 3357 3668 tapetis
3407 3605 3574 3652 strata

1961 3687 2346 3759 prospectabat
2417 3687 2656 3760 Contigit
2713 3686 2922 3740 ibidem
2965 3686 3225 3742 clericum
3293 3687 3575 3760 quendam

1965 3795 2262 3851 pauperem
2287 3786 2342 3834 et
2371 3787 2688 3833 extraneum
2711 3776 2931 3834 affuisse
2959 3778 3027 3813 5“
3057 3779 3301 3850 tantique
3333 3777 3579 3833 thezauri

1967 3871 2404 3946 magnitudinem
2438 3871 2782 3942 perspexisse
2835 3872 2926 3926 ⁶⁹⁹.
2987 3872 3087 3938 Qui
3146 3887 3269 3927 cum
3323 3871 3584 3925 ammirao

1973 3968 2121 4023 tione
2152 3967 2220 4001 ⁶⁰⁰
2251 3974 2414 4021 tanta:
2450 3967 2700 4037 pecuniae
2731 3967 2863 4022 illuc
2893 3968 2957 4003 ⁶⁰¹
2997 3967 3206 4024 occulis
3234 3966 3474 4021 inhiaret
3495 3965 3584 4033 ω’,

255 4071 364 4120 tute
387 4068 630 4135 poteritis
669 4067 891 4121 detensa
918 4069 1184 4122 retiacuta
1215 4069 1457 4123 deuitare
1485 4067 1573 4122 ⁵⁸⁵.
1604 4069 1872 4122 Atcontra
1973 4078 2241 4133 suamque
2271 4060 2547 4116 miseriam
2602 4062 2890 4134 cogitaret,
2943 4080 3064 4118 cum
3124 4061 3335 4136 ingenti
3375 4061 3585 4136 gemitu

259 4151 623 4206 Bohemorum
674 4153 785 4207 dux
843 4161 1062 4209 versuta
1101 4156 1398 4210 calliditate
1457 4155 1738 4211 Boleslavo
1783 4171 1872 4210 re-
1973 4157 2285 4228 suspiravit.
2322 4152 2642 4212 Bole‘zlavus
2680 4167 2864 4212 autem
2897 4174 3010 4224 rex,
3050 4164 3107 4212 ut
3147 4167 3262 4212 erat
3293 4157 3460 4223 ferus,
3491 4172 3588 4210 au-

258 4247 538 4301 mandavit
566 4248 656 4314 5“,
702 4247 994 4322 indignum
1027 4266 1148 4305 esse
1175 4257 1382 4305 tantum
1416 4267 1599 4326 regem
1630 4251 1696 4305 ad
1726 4249 1872 4305 infe-

260 4338 460 4393 riorem
503 4339 807 4407 declinare,
837 4343 931 4396 sed
969 4341 1052 4396 die
1081 4346 1342 4410 crastina,
1375 4347 1428 4398 si
1461 4345 1605 4413 ﬁlius
1657 4347 1735 4398 est
1759 4345 1872 4398 Ka-

261 4429 463 4493 zimiri,
497 4429 570 4482 sit
596 4435 831 4497 paratus
861 4431 1058 4484 ibidem
1097 4433 1438 4487 Bohemorum
1467 4434 1743 4487 servitium
1769 4447 1870 4485 em-

258 4524 494 4590 pecture.
543 4521 832 4576 Bolezlaus
859 4539 1010 4588 vero,
1036 4530 1094 4578 ut
1120 4540 1178 4578 se
1210 4523 1383 4578 tilium
1418 4524 1736 4579 ostenderet
1767 4523 1874 4578 Ka-

260 4611 460 4679 zimiri,
528 4612 600 4666 ibi
649 4614 846 4670 stando
890 4616 1257 4672 Bohemorum
1313 4616 1539 4670 fallacia:
1591 4615 1878 4671 satisfecit.

1901 4301 1952 4365 ί)

1975 4250 2136 4304 diens
2158 4249 2436 4304 hominem
2459 4248 2851 4303 miserabiliter
2879 4249 3170 4322 gemivisse
3203 4249 3292 4314 θθθ,
3316 4255 3369 4302 et
3397 4248 3590 4302 existi-

1976 4358 2131 4397 mans
2159 4341 2395 4412 aliquem
2424 4339 2758 4394 camerarios
2805 4340 3164 4410 percussisse,
3199 4339 3370 4393 iratus
3399 4337 3588 4391 scisci-

1975 4441 2140 4499 tatur,
2174 4432 2264 4503 qui
2301 4431 2464 4486 fuerit
2489 4431 2557 4464 σοι
2595 4447 2762 4486 ausus
2787 4432 2866 4486 sic
2895 4445 3139 4504 gemere,
3181 4431 3263 4484 vel
3298 4429 3423 4500 quis
3455 4445 3592 4499 prze‘

1978 4523 2274 4596 sumpserit
2320 4523 2388 4557 ⁵0⁵
2417 4522 2492 4576 ibi
2547 4523 2866 4593 quempiam
2923 4521 3235 4576 verberare.
3299 4521 3447 4576 Tunc
3501 4518 3592 4572 ille

1983 4614 2154 4668 miser
2197 4612 2430 4668 clericus
2452 4611 2824 4678 tremefactus,
2873 4611 3158 4666 maluisset
3198 4628 3452 4684 umquam
3487 4624 3592 4682 pe-

1618 4717 1839 4772 VARlz’E
1879 4715 2251 4772 LECTIONES.

337 4813 407 4847 "3
440 4813 748 4868 libertatem
796 4814 850 4869 2.
912 4814 964 4871 3.

268 4900 498 4956 regnum
525 4901 626 4954 pro
658 4886 1010 4955 permittebat
1046 4887 1290 4958 regimen
1324 4887 1374 4942 3.

270 4964 352 5010 tes
406 4961 651 5025 repetunt
712 4959 761 5010 1.
823 4960 874 5012 2.
955 4959 1025 4991 ⁶⁸⁴
1054 4960 1224 5013 Antea

273 5170 552 5224 racionem
611 5171 658 5225 l.
745 5172 802 5224 2.
881 5172 1093 5226 romani
1164 5173 1216 5225 3.

275 5247 386 5294 tate
445 5240 498 5296 3.
585 5242 654 5274 596
683 5243 828 5297 deest
891 5247 938 5298 l.
995 5243 1054 5298 2.

273 5311 343 5345 5”
370 5310 615 5384 afﬂuisse
660 5313 712 5366 2.
803 5314 872 5348 599
905 5314 1252 5384 prospexisse
1290 5314 1341 5368 2.
1375 5314 1426 5370 3.

1034 4815 1104 4849 ⁵η
1129 4817 1269 4896 deest
1429 4816 1778 4904 “indeed-3.0
1812 4817 1882 4904 5:5
1922 4816 2094 4904 prw'
2137 4815 2189 4867 2.
2231 4813 2553 4904 ἕψει·οὲ

1460 4888 1528 4921 ⁶⁷⁹
1557 4888 1716 4958 equis
1743 4888 1796 4940 2.
1827 4888 1878 4942 3.
1955 4888 1974 4920 ⁵

2289 4829 2460 4885 yyevo
2500 4814 2553 4867 3.
2645 4812 2712 4885 ⁵77
2744 4812 2971 4885 reliquit
3033 4813 3086 4867 2.
3179 4810 3247 4885 ἦτε
3286 4812 3600 4885 pertinebat

1955 4883 2024 4920 ⁵⁸0
2064 4886 2133 4940 de
2172 4885 2327 4938 addit
2354 4884 2404 4939 3.
2467 4886 2531 4918 ⁵⁸¹
2559 4883 2807 4938 exhibuit
2842 4889 2888 4939 t.
2937 4886 3006 4920 5“
3037 4901 3146 4940 non
3180 4884 3233 4939 2.
3288 4883 3362 4920 ’⁵⁸³
3388 4903 3599 4940 exeun-

1263 4975 1337 5030 qu
1364 4959 1487 5012 dem
1539 4955 1906 5030 —'devitarei
1945 4959 2136 5030 desunt
2196 4956 2281 5030 3._
2323 4957 2392 4989 ⁵⁸⁵
2422 4956 2481 5030 5.
2530 4972 2574 5011 c.
2605 4955 3006 5030 ﬁlioliemorum,
3052 4963 3266 5030 versuta
3304 4958 3598 5030 calliditate

270 5027 522 5081 Boleslao
555 5029 897 5082 remandavit
924 5045 1021 5098 pro
1066 5032 1130 5084 At
1166 5027 1358 5084 contra
1397 5061 1465 5069 —
1498 5030 1840 5085 remandavit
1885 5029 1936 5085 3.

269 5101 516 5172 margine
553 5099 649 5172 hoc
676 5099 786 5154 loco
816 5101 890 5154 ad
924 5104 1081 5168 ﬁnem
1121 5117 1270 5170 paene
1325 5104 1518 5170 capitis
1565 5103 1932 5172 subsequentis
1987 5102 2180 5168 positae
2207 5099 2520 5172 suntwbinoe
2565 5098 2790 5172 stellulm
2830 5099 2883 5152 2.

1294 5173 1359 5206 ⁵⁹¹
1391 5173 1535 5253 de“!
1589 5173 1641 5253 .3-
1679 5252 1682 5253 ,
1719 5171 1922 5253 “"018.
1957 5171 2257 5253 νςρρτίιὲε.
2337 5171 2674 5253 “iramque
2712 5171 2764 5222 2-
2864 5171 3021 5253 “"90;

1141 5243 1546 5298 mmemoriale
1587 5245 1786 5299 factum
1829 5241 2063 5298 Boleslai
2119 5249 2173 5295 et
2205 5241 2543 5294 liberalitatis
2583 5257 2684 5310 pro
2724 5240 3100 5296 memorabile.
3144 5257 3188 5294 s.
3223 5241 3278 5295 Β.
3317 5241 3513 5295 factum
3547 5243 3600 5296 3.

1144 5314 1252 5368 isse
1290 5314 1341 5368 2.
1375 5314 1426 5370 3.
1516 5315 1584 5348 ⁶⁰⁰
1614 5323 1668 5370 et
1713 5315 1881 5369 animi
1935 5313 2155 5367 racione
2205 5314 2258 5366 2.
2301 5312 2668 5366 admiratione
2711 5311 2762 5367 3.
2836 5314 2898 5346 θοι
2936 5311 3139 5365 ibidem
3168 5312 3221 5365 3.
3305 5312 3371 5346 ⁶⁰²
3405 5312 3600 5370 innaret

2025 5029 2095 5062 536
2119 5026 2411 5082 nunciam“-
2457 5026 2507 5082 3.
2602 5027 2668 5060 δεῖ
2701 5027 2780 5080 sic
2819 5028 2871 5081 3.
2943 5029 3012 5063 ⁸³⁸
3043 5028 3292 5098 sequitur
3330 5028 3381 5081 3.
3453 5029 3600 5082 ⁵⁸⁹ἱη

2968 5098 3036 5133 59°
3065 5101 3143 5152 ita
3182 5101 3599 5164 emendavimus,

2337 5170 2406 5202 593
2438 5185 2674 5240 namque
2712 5171 2764 5222 2.
2864 5169 3144 5224 5“eodem
3195 5169 3248 5222 2.
3325 5172 3392 5204 ⁵9⁵
3433 5171 3601 5224 liber-

3305 5312 3371 5346 ⁶⁰²
3405 5312 3606 5370 innaret

277 5384 326 5437 1.
358 5382 495 5438 oclis
523 5383 716 5439 miaret
740 5401 838 5453 pro
871 5381 1050 5441 oculis
1090 5385 1348 5452 inhiaret,
1379 5384 1434 5440 2.
1486 5385 1708 5441 inhire’t
1734 5385 1783 5440 3.
1863 5385 1931 5419 ⁶⁰³
1960 5384 2296 5456 ingemuisse
2326 5383 2378 5439 3.
2459 5383 2525 5417 σοι
2566 5383 2666 5438 fuit
2696 5383 2741 5437 3.
2829 5381 3316 5454 605presumpsit3.

1835 5478 2045 5534 ΝΟΤᾹΞ.

351 5579 499 5650 (104)
532 5581 829 5656 lsaslavum
859 5582 1164 5656 principem
1195 5581 1542 5639 Kiowensum
1583 5581 1677 5652 qui
1705 5597 1732 5634 a
1770 5579 1884 5633 suis

281 5660 398 5708 erat
429 5654 688 5726 expulsus

2063 5578 2206 5648 (105)
2239 5576 2624 5630 Wralizlavum
2662 5590 2720 5643 ιι,
2763 5574 2820 5630 Κ.
