3930 6052
389 186 484 238 871

1646 161 1997 225 CHRONICE
2036 159 2454 217 POLONORUM.

3626 160 3751 215 8‘72

390 309 610 364 cuniam
660 324 722 363 se
754 306 987 372 vidisse,
1020 319 1182 376 quam
1221 317 1285 357 ea
1324 301 1396 356 de
1438 313 1604 356 causa
1626 312 1772 370 regis
1798 296 2005 350 curiam
2036 296 2085 361 Α
2114 290 2473 360 corporaliter
2500 289 2802 346 vindicare.
2845 288 2986 344 Illud
3044 287 3194 343 enim
3228 287 3466 376 multum
3498 286 3612 342 sibi
3644 303 3757 343 no-

396 396 673 453 introisse.

534 484 644 540 Sed
665 500 764 540 cur
794 478 968 539 miser
986 479 1261 537 clericelle
1301 478 1483 534 latitas
1498 476 1528 531 τ

536 576 641 633 Cur
659 577 928 644 indicare,
959 574 1260 649 gemivisse
1281 573 1351 608 ⁶⁰⁶
1379 579 1455 640 te,
1486 571 1709 627 dubitas
1738 567 1845 620 “7?

536 668 782 724 Gemitus
813 668 916 724 iste
939 675 1104 722 totam
1135 664 1411 721 tristitiam
1443 661 1808 727 conculcabit,

538 758 851 830 Suspirium
885 756 1035 813 istud
1068 756 1137 790 ⁶⁰⁸
1162 770 1415 827 magnam
1457 752 1555 809 tibi
1586 750 1817 807 letitiam
1844 762 2018 823 gene-

1761 840 1945 913 [rabit.

465 941 611 1009 Noli,
642 941 794 1017 large
835 957 951 1008 rex,
971 940 1085 996 noli
1117 939 1186 974 ⁶⁰⁹
1225 938 1489 993 miserum
1539 934 1876 992 clericellum
1905 947 2019 1005 pra!

397 1032 596 1088 timore
629 1031 839 1088 diutius
891 1030 1205 1096 anchelare,
1252 1028 1350 1083 sed
1401 1027 1602 1082 festina
1630 1035 1724 1081 tuo
1754 1025 2014 1079 thezauro

400 1120 521 1189 ejus
560 1120 825 1177 humeros
886 1121 1155 1177 honerare
1204 1117 1293 1172 δίο.
1358 1116 1528 1192 Igitur
1580 1117 1948 1188 interrogatus
1982 1128 2012 1166 a

401 1228 535 1287 rege
554 1211 812 1279 clericus,
838 1212 970 1284 quid
1000 1210 1297 1285 cogitasset
1325 1224 1449 1263 cum
1482 1207 1564 1262 sic
1602 1204 2015 1261 lacrimabiliter

404 1301 755 1372 suspirasset,
812 1317 935 1356 cum
987 1308 1227 1355 tremore
1259 1297 1573 1369 respondit:
1639 1297 1856 1350 Domine
1898 1310 2017 1361 recc,

402 1404 581 1444 meam
617 1392 770 1445 miser
783 1392 895 1444 iam
924 1403 1198 1458 meumque
1222 1392 1619 1458 paupertatem,
1654 1390 1885 1439 vestram
1911 1385 2018 1449 glo-

396 1481 540 1534 riam
567 1483 912 1549 vestramque
938 1478 1274 1546 majestatem
1304 1475 1670 1542 considerans,
1708 1473 2019 1540 felicitatem

400 1569 708 1636 infortunio
739 1568 1084 1637 disparititcr
1111 1566 1201 1632 δυ,
1237 1564 1618 1635 comparando,
1666 1578 1782 1634 prw
1820 1562 2020 1617 doloris

398 1658 768 1726 magnitudine
822 1659 1120 1728 suspiravi.
1190 1654 1343 1710 Tunc
1393 1669 1484 1708 rex
1550 1652 1735 1727 largus
1787 1652 1897 1708 ait:
1956 1653 2021 1708 Si
2045 1686 2095 1754 Β

391 1756 616 1820 propter
642 1752 884 1821 inopiam
935 1750 1251 1814 suspirasti,
1290 1746 1633 1805 Botezlavum
1672 1760 1853 1813 regem
1875 1761 2017 1815 pau-

395 1842 628 1911 pertatis
648 1840 905 1896 solatium
923 1842 1185 1895 invenisti
1234 1838 1431 1893 Accede
1441 1840 1627 1907 itaque
1645 1837 1720 1891 ad
1727 1838 2015 1907 pecuniam

393 1944 556 1999 quam
601 1932 851 1995 miraris,
901 1934 950 1984 et
1015 1930 1089 1983 sit
1131 1938 1282 1983 tuum
1340 1932 1708 1998 quantumque
1742 1942 1850 1981 uno
1911 1926 2011 1980 ho-

391 2036 514 2077 nere
550 2022 620 2056 ⁶¹²
651 2022 833 2076 tollere
871 2021 940 2056 ⁶¹³
969 2023 1201 2076 conaris.
1232 2019 1293 2074 Et
1332 2018 1611 2075 accedens
1650 2018 1744 2074 ille
1777 2033 2017 2091 pauper-

2114 382 2251 443 cuit.
2275 397 2399 437 cum
2432 388 2658 453 peccato
2688 388 2975 454 peccatum
3021 379 3091 415 ⁶²¹
3129 369 3405 443 adhibuit,
3451 393 3577 434 cum
3638 394 3759 450 pro

2113 471 2413 528 traditione
2435 472 2505 507 ⁸³³
2534 470 2847 543 pontificem
2878 471 3019 538 (108)
3069 468 3406 525 truncationi
3446 468 3759 524 membro-

2115 580 2236 620 rum
2294 562 2547 620 adhibuit
2599 564 2706 635 (απ.
2760 563 2915 627 1079)
2973 562 3165 634 Neque
3219 561 3367 617 enim
3409 560 3756 616 traditorem

2118 656 2442 728 episcOpum
2465 655 2535 691 ⁶²⁴
2556 671 2901 722 excusamus,
2930 670 3113 726 neque
3143 669 3329 729 regem
3359 653 3758 708 vindicantem

2120 748 2201 805 sic
2229 764 2288 804 se
2315 749 2552 821 turpiter
2576 748 3053 816 commendamus,
3092 746 3189 801 sed
3221 747 3403 802 hocin
3429 746 3619 801 medio
3643 746 3763 802 de-

2121 837 2384 905 feramus,
2443 847 2499 894 et
2545 847 2608 893 ut
2657 838 2714 893 in
2765 836 3001 912 Ungaria
3039 843 3297 908 receptus
3353 835 3520 891 fuerit
3565 836 3763 891 disse-

2119 946 2307 985 ramus
2320 971 2331 982 .

2188 1033 2277 1091 28.
2314 1038 2386 1091 De
2425 1038 2758 1105 susceptione
2801 1036 3073 1090 Bolezlavi
3109 1050 3213 1105 per
3259 1033 3667 1090 Wladislaeum

2672 1123 2849 1175 regem
2898 1109 3171 1175 Ungariaz.

2192 1201 2322 1257 (tum
2361 1202 2429 1237 ⁸³⁵
2455 1201 2701 1258 audisset
2734 1201 3063 1257 Wladislaus
3088 1201 3160 1236 ⁸³⁵
3182 1200 3532 1257 Bolezlavum
3561 1201 3745 1256 adve-

3527 1305 3652 1345 utre

3527 1305 3652 1345 utre

2120 1382 2317 1440 Partim
2349 1384 2415 1419 ⁸³⁷
2444 1384 2646 1460 gaudet
2672 1383 2819 1457 (109)
2849 1398 2915 1439 ex
2933 1382 3134 1451 amico,
3167 1385 3363 1456 partim
3391 1291 3559 1440 restEit
3587 1332 3757 1440 locus

3337 1479 3451 1551 [iraa
3491 1478 3635 1551 (110)
3659 1497 3675 1541 ς

2120 1570 2321 1626 Partim
2382 1585 2449 1625 ex
2487 1575 2711 1639 recepto
2760 1567 2985 1640 quidem
3045 1566 3212 1623 fratre
3254 1568 3460 1641 gaudet
3507 1567 3661 1638 (111)
3692 1575 3754 1623 et

2119 1756 2225 1812 Sed
2262 1755 2477 1812 deferre
2524 1754 2861 1811 Wladislavo
2920 1752 3066 1810 facto
3128 1753 3198 1790 ⁸³⁸
3249 1755 3401 1811 dolet
3441 1664 3750 1822 agmini-

3376 1843 3546 1914 [mico
3566 1844 3664 1897 “9.

2116 1934 2233 1991 Non
2265 1950 2390 1990 eum
2432 1933 2650 2006 recipit,
2688 1933 2840 1989 velut
2871 1939 3193 1989 extraneum
3220 1931 3309 1987 vel
3333 1932 3614 2003 hospitem
3655 1930 3748 1987 vel

2116 2047 2217 2103 par
2255 2046 2443 2102 parem
2484 2029 2735 2100 recipere
2769 2028 3011 2100 quisque
3048 2027 3213 2094 solet,
3246 2026 3344 2082 sed
3383 2027 3543 2100 quasi
3580 2027 3751 2082 miles

388 2114 568 2179 cum.
601 2128 735 2168 auro
760 2117 815 2168 et
843 2119 1070 2188 argento
1093 2128 1323 2184 cappam
1363 2127 1520 2167 suam
1568 2119 1778 2167 tantum
1812 2110 2014 2182 imple-
2116 2118 2423 2190 principem
2450 2117 2537 2173 vel
2564 2117 2670 2172 dut
2715 2131 2902 2191 regem
2927 2117 3013 2173 vel
3047 2132 3139 2172 rex
3168 2116 3562 2188 imperatorem
3596 2116 3747 2172 reci-

389 2205 489 2269 vit,
531 2204 681 2278 quod
721 2220 786 2261 ex
832 2204 1006 2259 nimio
1047 2204 1295 2276 pondere
1333 2210 1493 2275 rupta
1538 2202 1658 2270 fuit,
1722 2209 1776 2258 et
1815 2202 2008 2258 eadem
2117 2229 2247 2286 ρει-θ
2272 2214 2399 2285 iure
2419 2213 2584 2268 debet
2622 2213 2710 2267 σεο,

389 2295 625 2369 pecunia
661 2294 1042 2368 visum_cepit
1079 2296 1167 2349 W.
1208 2295 1362 2351 Tunc
1392 2310 1485 2350 rex
1526 2295 1710 2370 largus
1759 2294 1828 2350 de
1868 2295 2013 2351 collo
2115 2304 2436 2361 Bolezlavus
2466 2305 2532 2339 ωι
2584 2302 2977 2360 Wladislavum
3021 2318 3182 2359 suum
3242 2318 3439 2379 regem
3483 2304 3745 2375 appella-

386 2405 490 2446 suo
529 2389 755 2461 pallium
795 2387 1047 2455 extraxit,
1102 2387 1347 2461 illudque
1390 2386 1593 2444 clerico
1634 2387 1863 2460 pauperi
1912 2402 2012 2460 pro
3424 2390 3540 2467 [bat
3572 2393 3667 2463 sas.

388 2496 551 2538 sacco
582 2481 835 2553 pecuniae
866 2480 1126 2552 porrexit,
1160 2495 1401 2553 eumque
1448 2480 1649 2550 juvans
1697 2478 2019 2536 melioribus
2119 2484 2451 2541 Wladislaus
2475 2501 2537 2540 se
2568 2501 2664 2556 per
2707 2500 2834 2540 eum
2865 2500 2987 2540 esse
3019 2484 3089 2519 ⁸³³
3118 2500 3304 2557 regem
3333 2486 3736 2559 cognoscebat.

395 2573 706 2630 honoravit.
742 2574 801 2627 In
823 2580 1035 2628 tantum
1064 2573 1211 2627 enim
1242 2572 1507 2629 clericum
1548 2574 1616 2608 ⁶¹⁸
1666 2588 1803 2629 auro
1838 2580 1893 2628 et
1922 2589 2010 2627 ar-
2119 2577 2179 2632 In
2208 2577 2499 2634 Bolezlavo
2540 2584 2724 2633 tamen
2762 2593 2934 2632 unum
2990 2576 3060 2611 ⁸³⁸
3103 2576 3494 2633 ascribeudum
3527 2584 3614 2633 est
3648 2594 3740 2631 va-

389 2672 558 2741 geuto
580 2681 672 2721 rex
698 2664 884 2739 largus
911 2664 1219 2731 honeravit,
1239 2665 1387 2736 quod
1417 2665 1521 2720 sibi
1551 2665 1752 2721 collum
1783 2663 2010 2721 dissolvi
2112 2663 2293 2731 nitati,
2338 2664 2489 2736 quod
2544 2663 2665 2731 ejus
2728 2663 2978 2735 pristina
3025 2665 3259 2720 multum
3314 2664 3492 2720 obfuit
3545 2664 3742 2735 probi-

390 2752 647 2821 clericus,
668 2753 714 2808 si
747 2752 871 2825 plus
900 2760 1156 2824 poneret,
1193 2753 1541 2808 exclamavit.

531 2843 645 2900 Rex
692 2842 837 2899 fama
865 2843 1018 2912 vivit,
1054 2843 1275 2898 didatus
1306 2860 1520 2915 pauper
1546 2844 1616 2879 ⁸¹⁶
1646 2844 1819 2900 obivit
1846 2842 2010 2915 (106).

456 2936 526 2993 2'7
558 2938 645 2994 ⁶¹“¹.
667 2940 740 2993 De
759 2939 924 2994 emilio
949 2938 1224 2993 Bolezlavi
1259 2940 1431 3005 Largi
1457 2940 1518 2991 in
1548 2940 1865 3006 Ungariam.

2117 2758 2217 2814 tati
2239 2776 2254 2825 ;

2115 2847 2247 2903 Nam
2274 2864 2399 2904 cum
2443 2863 2672 2921 regnum
2703 2847 2946 2904 alienum
2973 2847 3240 2923 fugitivus
3269 2848 3518 2914 introire,

2114 2941 2365 3015 Cumque
2378 2943 2563 2998 nullus
2588 2942 2915 2999 rusticorum
2946 2942 3177 3016 fugitivo
3198 2944 3267 2979 ⁸³⁵
3295 2943 3573 3010 obediret,

460 3029 594 3100 (An.
634 3029 812 3097 1064.)
858 3027 985 3098 Ipse
1040 3042 1262 3100 quoque
1302 2988 1658 3084 Saiomouen:
1706 3045 1893 3104 regem
1940 3029 2009 3085 de
2036 2988 2326 3092 Cobvia‘m
2383 3035 2438 3091 in
2486 2988 2776 3093 Bolezlavo
2811 3036 2881 3072 ⁸³⁵
2912 2988 3739 3102 Ἦιέἀξειξνιιε,ν111ᾜιῖῖιυηιίο

390 3118 629 3194 Ungaria
668 3120 787 3175 suis
825 3117 1039 3175 viribus
1097 3117 1374 3193 eﬁ‘ugavit,
1420 3128 1477 3175 et
1510 3117 1566 3174 in
1609 3119 1745 3175 sede
1775 3120 2007 3177 Wladis-
2111 3125 2200 3196 lis,
2215 3126 2568 3199 properabat,
2599 3144 2839 3200 eumque
2857 3128 3324 3200 prOpinquantem
3342 3129 3565 3185 eminus
3581 3145 3735 3203 equo

395 3213 565 3283 laum,
618 3213 761 3271 sicut
808 3214 876 3249 ⁶¹⁸
926 3213 1265 3270 eminentem
1319 3230 1555 3285 corpore
1582 3215 1663 3271 sic
1688 3213 2006 3271 afﬂuentem
2110 3218 2459 3275 descendens
2508 3220 2581 3276 ob
2619 3221 2986 3276 reverentiam
3025 3220 3370 3291 expectabat.
3432 3221 3497 3276 At
3535 3230 3733 3277 contra

388 3307 615 3379 pietate,
647 3305 941 3363 collocavit
985 3304 1149 3375 (107).
1190 3305 1292 3372 Qui
1323 3306 1660 3362 Wladislaus
1695 3306 1766 3362 ab
1822 3306 2008 3363 infan-
2110 3310 2432 3367 Bolezlavus
2454 3311 2821 3367 humilitatem
2852 3311 3001 3385 regis
3019 3312 3291 3367 mansueti
3324 3327 3434 3369 non
3461 3313 3725 3384 respexit,

389 3398 467 3455 tia
497 3398 737 3455 nutritus
764 3398 821 3454 in
858 3397 1091 3455 Polonia
1124 3397 1320 3454 fuerat.
1365 3404 1419 3453 et
1454 3398 1523 3434 δι’
1576 3398 1736 3471 quasi
1762 3398 2010 3455 moribus
2108 3403 2206 3459 sed
2251 3403 2309 3458 in
2357 3402 2635 3474 pestiferas
2689 3402 2887 3460 fastum
2945 3403 3012 3440 ⁸³⁷
3059 3405 3333 3477 θυμω-δίε
3384 3420 3482 3461 cor
3528 3406 3723 3461 erexit.

388 3498 445 3547 et
475 3491 590 3549 vita
613 3490 854 3548 Polonus
876 3490 1052 3546 factus
1071 3490 1268 3547 fuerat.
1312 3490 1513 3546 Dicunt
1531 3491 1696 3546 talem
1724 3506 2007 3563 nunquam
2108 3495 2286 3561 Hunc,
2319 3493 2519 3565 inquit,
2545 3494 2864 3565 atumpnum
2896 3495 2959 3549 in
3001 3495 3224 3549 Polonia
3278 3493 3523 3561 educavi,
3581 3496 3728 3549 hunc

387 3601 572 3662 regem
614 3585 910 3660 Ungariam
966 3584 1037 3621 ⁶²⁰
1075 3586 1356 3651 habuisse,
1416 3602 1600 3659 neque
1656 3593 1857 3643 terram
1893 3587 2006 3657 jam
2108 3598 2281 3654 regem
2333 3584 2396 3638 in
2427 3584 2673 3650 Ungaria
2713 3583 2986 3639 collocavi.
3048 3584 3167 3640 Non
3193 3584 3338 3639 decet
3363 3598 3482 3639 eum
3520 3583 3589 3619 ⁸³⁸
3642 3600 3727 3638 me

387 3686 513 3750 post
540 3694 667 3734 eum
704 3676 1037 3734 fructuosam
1080 3677 1164 3732 sic
1202 3676 1670 3743 fuisse.'Qualiler
1698 3685 1882 3734 autem
1912 3693 2005 3754 rex
2106 3680 2165 3732 ut
2183 3677 2445 3748 (aqualem
2470 3678 2738 3741 umeri,
2766 3676 2863 3732 sed
2889 3690 3023 3746 equo
3050 3677 3311 3731 sedentem
3337 3680 3399 3731 ut
3440 3676 3727 3747 quemlibet

386 3765 713 3823 Bolezlavus
773 3766 844 3822 de
886 3765 1115 3821 Polonia
1154 3763 1226 3822 sit
1269 3765 1498 3834 eiectus,
1540 3765 1766 3841 longum
1824 3764 2010 3823 existit
2107 3766 2174 3821 ds
2198 3765 2545 3837 principibus
2574 3766 2814 3821 osculari
2841 3764 2929 3819 ⁸³⁸.
2964 3764 3120 3828 Quod
3151 3765 3221 3801 “0
3243 3765 3541 3822 intendens
3566 3765 3719 3820 Wla-

387 3875 671 3928 enarrare,
713 3860 814 3915 sed
875 3861 981 3915 hoc
1033 3859 1221 3916 dicere
1265 3860 1414 3927 licet,
1467 3861 1614 3933 quod
1664 3876 1774 3918 non
1819 3861 2011 3918 debuit
2109 3854 2351 3912 dislavus
2375 3855 2778 3928 aliquantulum
2823 3870 2969 3928 aegre
3000 3856 3144 3920 tulit,
3189 3866 3246 3912 et
3292 3857 3590 3913 abitinere
3626 3856 3723 3912 deo

386 3950 727 4007 christianus
783 3951 842 4005 in
894 3950 1227 4007 christianos
1264 3950 1327 3986 ⁶²¹
1381 3958 1666 4022 peccatum
1716 3950 2011 4022 quodlibet
2109 3947 2357 4014 clinavit,
2384 3949 2434 4005 ei
2484 3956 2672 4005 tamen
2709 3948 2990 4004 servitium
3032 3964 3133 4020 per
3166 3957 3334 4006 totam
3358 3956 3560 4007 terram
3589 3946 3713 4006 fieri

1733 4048 1954 4103 VARl/E
1995 4046 2374 4103 LECTIONES.

462 4140 838 4218 mggemuisse
881 4143 934 4198 3.
1020 4143 1088 4218 09"
1118 4143 1264 4218 deest
1313 4142 1379 4218 3._
1454 4143 1523 4179 ⁶⁰⁸
1554 4142 1684 4218 illud
1725 4144 1839 4218 73m
1865 4143 2105 4218 Im“deest
2124 4144 2178 4198 3.
2260 4142 2577 4218 “onerare
2624 4138 2659 4196 3
2690 4140 3289 4218 AA“_'_disparali‘ter_3.
3364 4141 3433 4177 ⁶¹²
3463 4156 3633 4218 onere
3655 4142 3709 4196 3.

394 4214 464 4251 ⁶¹³
503 4211 630 4287 plus
645 4231 833 4271 minus
859 4219 998 4270 recte
1033 4216 1081 4287 t.
1119 4214 1174 4287 2.
1202 4215 1254 4269 3.
1282 4214 1480 4270 tollere
1502 4215 1586 4270 ed.
1625 4216 1754 4273 Ged.
1779 4217 1847 4251 ⁶¹⁴
1865 4224 1920 4271 et
1949 4215 2144 4271 eadem
2185 4230 2239 4286 p.
2264 4230 2317 4270 v.
2336 4212 2485 4285 cepit
2508 4211 2753 4267 desunt3
2794 4212 2862 4287 Ὗ
2883 4212 3083 4287 clerico
3106 4213 3165 4287 2.
3201 4213 3271 4247 ⁶¹⁶
3290 4212 3716 4287 pauperditatus

392 4281 708 4358 transponit
734 4287 787 4341 3.
822 4286 889 4321 ⁸³⁷
911 4288 1047 4341 Loco
1064 4286 1227 4353 hujus
1247 4291 1298 4341 et
1312 4289 1581 4357 sequentis
1611 4288 1861 4357 capituli.
1893 4302 2010 4357 qua:
2024 4281 2419 4342 desiderantur
2430 4287 2489 4339 in
2516 4288 2806 4358 conieg:tu,_
2823 4281 2873 4338 3.
2908 4283 3063 4338 habet
3085 4281 3461 4358 fragmentum
3487 4284 3590 4358 alii
3608 4285 3718 4338 loco

392 4354 655 4413 insertum
667 4364 830 4429 atque
837 4373 893 4428 p.
921 4358 986 4412 Ul
1003 4358 1086 4412 ed.
1108 4358 1238 4414 Ged.
1254 4354 1571 4427 impressum
1582 4400 1595 4418 .
1615 4354 1873 4428 pfwlerca
1891 4354 2067 4413 autem
2078 4360 2193 4413 alia
2202 4359 2518 4429 fragmenta
2529 4372 2595 4410 ea:
2615 4356 2752 4429 libre
2769 4354 2832 4429 de
2842 4355 3161 4429 passiones.
3176 4356 3442 4429 Stanislai
3459 4362 3507 4429 et
3519 4355 3593 4429 de
3602 4359 3717 4410 vita

395 4430 536 4510 beati
563 4425 826 4510 Stephani
838 4425 995 4510 regis
1031 4431 1302 4510 (inparue,
1331 4425 1453 4510 qua;
1474 4425 1798 4510 eghibmtur
1833 4433 1892 4510 in
1914 4433 2031 4510 uita
2069 4430 2126 4485 S.
2158 4428 2445 4510 Stanistai,
2476 4429 2651 4510 capite
2674 4425 2762 4481 10.
2794 4425 2880 4478 lt.
2936 4427 3018 4510 14.
3037 4426 3131 4510 ⁸15.
3175 4427 3263 4480 10.
3470 4425 3630 4510 "sisic
3667 4433 3711 4480 t.

394 4499 448 4575 2.
479 4501 532 4575 3.
613 4496 690 4575 ff“
722 4501 894 4555 eciam
924 4500 960 4553 2
1064 4497 1133 4534 ⁶²⁰
1160 4496 1400 4575 Ungaria
1426 4503 1447 4575 1
1503 4500 1557 4555 2.
1588 4499 1640 4556 3.
1733 4502 1798 4535 ⁶²¹
1819 4500 2181 4575 christianum
2213 4500 2267 4554 2.
2298 4499 2366 4534 ⁸³³
2455 4496 2742 4575 peccatum
2769 4500 3339 4575 peccato__t_r_qnsponit
3463 4572 3472 4575 Α
3507 4496 3575 4530 ⁸²³
3603 4507 3715 4575 tra-

395 4571 577 4626 dicioe
609 4571 752 4626 linea
781 4588 939 4639 super
977 4587 1006 4625 e
1056 4567 1489 4641 posita'supplet
1518 4575 1772 4626 omissum
1803 4587 1837 4625 n
1866 4571 1919 4626 2.
1963 4587 2133 4642 quare
2174 4576 2311 4625 recte
2358 4567 2664 4624 tradicione
2688 4569 2907 4642 legitur.
2970 4568 3058 4642 _°"
3083 4567 3212 4638 Epm
3268 4569 3542 4635 legebatur
3578 4574 3626 4622 et
3655 4569 3711 4624 2.

394 4642 488 4697 sed
514 4644 613 4712 pia
642 4638 1085 4697 manus'seriori's
1109 4642 1261 4696 haud
1298 4638 1463 4696 dubie
1486 4647 1605 4708 crvi,
1622 4644 1732 4697 zelo
1758 4643 1940 4699 ducta.
1969 4638 2144 4697 crasis
2175 4642 2382 4697 duabus
2406 4643 2693 4710 postremis
2724 4638 2933 4693 lineolis
2965 4639 3155 4695 littera:
3183 4656 3257 4703 m,
3285 4641 3719 4712 relinquenspri-

400 4711 548 4767 mam
578 4716 845 4767 intactam
875 4714 1175 4782 efrormavit
1203 4713 1299 4784 Epi
1326 4743 1395 4753 —
1440 4713 1707 4784 episcopi.
1742 4716 2013 4771 συνηρεον
2039 4717 2294 4784 scriptori
2339 4717 2808 4784 contemporamus
2834 4725 3105 4784 nunquam
3139 4711 3374 4784 scultetlo
3412 4711 3513 4784 sed
3545 4727 3720 4784 penna

396 4800 524 4857 usus
562 4788 701 4857 est.“
740 4785 810 4820 ⁶²δ
829 4781 977 4857 enim
1016 4785 1171 4839 addit
1223 4781 1274 4837 3.
1302 4801 1361 4855 p.
1395 4781 1488 4857 Δ91
1522 4787 1581 4857 in
1634 4781 1966 4857 fragmento.
2002 4800 2126 4857 rex,
2150 4781 2388 4857 Ungarie
2426 4783 2598 4857 addit
2635 4782 2686 4857 3.
2746 4782 2863 4857 ibi_d
2894 4851 2904 4857 _
2931 4781 2997 4857 ⁶²ξδ
3018 4783 3163 4836 deest
3210 4781 3263 4857 3.
3357 4782 3426 4815 ⁸³⁸
3453 4781 3540 4857 fco
3564 4798 3596 4835 υ
3622 4782 3707 4857 fto

394 4854 451 4926 1.
484 4854 537 4909 2.
639 4854 707 4891 ⁶²⁹
738 4856 934 4926 partim
968 4872 1032 4910 cx
1063 4851 1366 4926 recepto:—
1393 4854 1617 4910 inimico
1636 4851 1840 4911 desunt
1866 4856 1918 4910 3.
1993 4856 2062 4890 ⁶²⁶
2093 4851 2405 4910 Huncenim
2427 4853 2780 4926 Wladislaum
2812 4851 3293 4926 Boleslaustpulso
3323 4852 3562 4924 prOpriis
3582 4854 3716 4926 viri-

395 4924 507 5001 bus
532 4942 660 5001 rege
680 4921 1075 5001 Salomonede
1111 4921 1367 5001 Ungaria,
1396 4926 1453 4981 in
1468 4927 1604 5001 sede
1635 4927 1802 4999 regali
1833 4927 2122 5001 collocavit
2145 4943 2249 5001 pro
2277 4926 2392 4981 Non
2426 4941 2550 4979 eum
2584 4923 2784 4994 recipit
2810 4953 2879 4963 —
2916 4921 3166 5001 debet
3216 4931 3272 5001 in
3298 4921 3501 4992 fragm.
3543 4940 3599 4993 p.
3622 4924 3712 4980 94.

392 4997 457 5069 σὲι
496 4994 663 5069 igitur
688 4998 846 5053 addit
866 4998 917 5055 3.
976 4999 1045 5033 ⁸³³
1074 4994 1317 5069 appéllat
1343 4999 1396 5052 2.
1493 4998 1562 5033 ⁸³³
1588 4994 1763 5053 vocem
1787 5000 2011 5053 inserui.
2049 4998 2101 5052 P.
2145 4994 2246 5032 ’ωδ
2274 5013 2398 5052 cum
2434 5011 2552 5050 nrm
2576 5012 2690 5069 pro
2710 5002 3075 5069 tamenunum
3099 4994 3153 5049 2.
3174 4995 3329 5069 enim
3339 5002 3546 5069 nostro
3578 5011 3711 5049 sua-

392 5067 480 5125 det
509 5065 685 5147 légere
719 5070 850 5147 edit.
900 5065 1123 5147 Varsav'
1151 5065 1288 5147 qua:
1316 5070 1466 5124 lectio
1480 5074 2033 5147 tectumcorruptujn
2063 5069 2213 5147 haud
2237 5069 2476 5147 corrigit.
2664 5065 2932 5147 fugitivus
2963 5066 3009 5119 1.
3044 5065 3098 5120 2.
3165 5066 3237 5101 ‘3‘
3266 5066 3600 5122 Wladislavo
3623 5083 3710 5120 er-

391 5155 550 5197 ronee
603 5141 659 5197 2.
729 5141 795 5176 ⁶³⁷
826 5141 1025 5196 fastum
1057 5137 1243 5195 inanis
1267 5156 1369 5212 pro
1408 5140 1513 5211 p.f.
1555 5141 1607 5195 3.
1702 5140 1771 5175 “‘3
1790 5137 1938 5197 deest
1964 5141 2017 5196 ἓ.
2101 5140 2169 5175 ⁶⁸⁹
2200 5138 2396 5195 osclari
2420 5138 2472 5192 2.
2560 5137 2629 5172 διο
2659 5137 2758 5200 Qui
2784 5137 2838 5191 2.

1948 5240 2155 5298 NOTAE.

463 5342 609 5413 (106)
658 5345 814 5415 Dives
850 5344 1033 5415 [actus
1059 5343 1292 5397 recessit.
1333 5341 1533 5398 Chron.
1579 5342 1749 5415 princ.
1810 5341 1997 5398 Polon.
2182 5342 2193 5411 (

390 5411 633 5475 Stenzel.
670 5432 707 5481 ι,
736 5413 796 5468 61
818 5458 827 5467 .
847 5413 899 5469 8.
1580 5411 1591 5415 ⁷
2179 5411 2327 5477 (110)
2356 5411 2663 5468 Bolezlavo.
2691 5412 2747 5466 P.

458 5484 608 5555 (107)
636 5484 920 5541 Ladislaus
966 5486 984 5540 l
1036 5500 1182 5541 anno
1211 5485 1431 5540 demum
1464 5484 1603 5540 10⁸77
1652 5501 1743 5539 rex
1784 5490 2003 5539 creatus
2178 5482 2320 5555 (111)
2351 5481 2703 5555 ξνιίειόίεὶαιιδ.
2736 5482 2800 5555 7P.

389 5563 493 5608 est.
524 5554 595 5610 Κ.
2176 5554 2322 5624 (H2)
2353 5554 2677 5610 Bolezlavus
2728 5554 2785 5609 Ρ.

462 5624 609 5693 (108)
630 5624 958 5682 Stanislaum
982 5627 1305 5697 episcOpum
1339 5624 1776 5682 Cracoviensem.
1798 5625 1857 5681 Κ.

2182 5341 2307 5399 (109
2350 5339 2698 5397 Wladislaus.
2730 5341 2786 5396 P.
