3948 6044
208 207 321 260 873
1625 212 1813 269 LIBER
1855 211 2102 270 PRIMUS
3439 222 3545 279 874

209 331 350 385 satis
401 329 695 406 magniﬁce
726 333 1154 390 commendavit.
1200 335 1396 390 Postea
1441 351 1572 393 vero
1600 353 1829 393 concor-
1859 349 1903 410 Α
1935 360 2046 414 prie
2078 344 2270 401 dolore
2299 335 2610 401 Mescboms
2641 345 2710 380 ⁸6³
2751 343 3188 416 postponebant;
3222 345 3372 417 parvi
3405 361 3544 417 quo-

207 425 358 480 diter
385 435 440 480 et
463 426 827 482 amicabiliter
853 428 1000 483 inter
1036 444 1094 483 se
1133 429 1273 484 sicut
1307 429 1503 486 fratres
1552 448 1832 489 convene-
1933 449 2042 504 que
2084 433 2239 504 pueri
2269 442 2323 489 et
2353 433 2573 505 puellae,
2612 434 2754 490 servi
2789 434 3019 505 insuper
3043 440 3099 489 et
3143 433 3380 501 ancillae,
3432 435 3545 490 Me-

209 529 364 578 runt.
387 523 586 602 Ungari
615 530 796 578 tamen
829 523 963 578 illud
993 524 1160 579 altius
1185 533 1240 580 et
1274 525 1602 596 profundius
1632 527 1689 581 in
1717 541 1834 584 cor-
1929 528 2158 583 schonis
2187 529 2449 600 exequias
2488 527 2731 583 lacrimis
2767 534 2824 584 et
2860 527 3112 600 suspiriis
3149 527 3533 585 celebrabant.

210 609 286 664 de
335 618 684 676 notaverunt,
724 611 872 666 unde
918 627 1172 686 magnam
1219 613 1283 647 6’"
1325 613 1433 668 sibi
1489 614 1831 688 Ungarorum
1931 617 2010 672 Ad
2037 626 2340 673 extremum
2373 617 2572 673 misera
2600 625 2796 685 mater,
2837 633 2960 673 cum
2994 617 3050 672 in
3089 633 3228 672 urna
3259 634 3398 688 puer
3427 618 3546 690 plo-

207 703 478 760 invidiam
499 704 820 773 cumulavit,
843 704 1344 778 indeque6‘3citius
1371 708 1826 764 extremadiesm
1930 707 2139 762 randus
2183 707 2519 763 conderetur
2555 707 2646 774 56‘,
2701 722 2812 762 una
2866 707 3023 772 hora,
3091 706 3250 778 quasi
3305 713 3542 773 mortua,

207 810 362 861 eum,
381 802 440 850 ut
471 795 648 864 aiunt,
677 797 966 868 occupavit
985 799 1053 833 5“
1082 799 1198 866 (an.
1231 800 1406 866 1081).

281 906 373 962 29.
409 912 484 964 De
533 909 647 978 ﬁlio
697 909 1384 1036 ejusdegrtgsuglolezlavi
1415 915 1651 968 Mescone
1687 913 1756 948 ⁶⁴⁶

289 1069 489 1127 Habuit
516 1079 698 1127 autem
717 1089 888 1128 unum
913 1072 1086 1129 ﬁlium
1112 1091 1203 1130 rex
1224 1075 1544 1132 Bolezlavus
1564 1077 1631 1112 ⁶⁴⁸
1654 1076 1834 1132 nomi-

211 1181 287 1221 ne
299 1166 647 1222 Meschonem
664 1167 733 1202 ⁶⁴⁹
748 1167 843 1238 qui
862 1167 1164 1236 majoribus
1187 1184 1297 1224 non
1309 1176 1454 1224 esset
1470 1169 1697 1225 inferior
1711 1185 1834 1241 pro-

210 1253 410 1321 bitate,
442 1255 496 1309 ni
531 1254 818 1310 Parcarum
850 1255 1057 1311 invidia
1087 1274 1263 1328 puero
1285 1258 1449 1314 vitale
1481 1258 1629 1314 filum
1657 1259 1829 1314 inter-

1930 803 2050 858 sine
2080 803 2229 858 vitali
2282 803 2482 874 spiritu
2514 802 2828 870 tenebatur,
2869 802 3071 873 vixque
3127 810 3256 872 post
3285 803 3547 876 exequias

1931 891 2000 946 ab
2040 891 2320 963 episcopis
2354 891 2677 946 ventilabris
2721 899 2776 948 et
2813 907 2956 963 aqua
2987 889 3189 964 frigida
3247 891 3550 948 suscitaba-

1930 993 2018 1041 tur
2037 985 2127 1038 ⁸⁸⁵.
2171 985 2384 1040 Nullius
2409 985 2557 1039 enim
2590 984 2738 1059 regis
2764 983 2852 1039 vel
2891 983 2961 1018 ⁸⁸³
3007 983 3276 1056 principis
3315 983 3542 1040 exitium

1931 1079 2077 1150 apud
2109 1079 2274 1135 etiam
2305 1079 2569 1134 barbaras
2599 1077 2854 1134 nationes
2901 1086 3010 1134 tam
3061 1077 3278 1133 diutino
3311 1093 3549 1133 maerore

1931 1171 2132 1248 legitur
2167 1170 2590 1234 conclamatum.
2633 1186 2736 1226 nec
2800 1170 3049 1242 exequiae
3089 1169 3156 1205 ⁸⁸⁷
3197 1169 3547 1224 tethrarcha-

1939 1280 2058 1318 rum
2115 1261 2184 1296 ⁸⁸⁸
2242 1257 2659 1331 magniﬁcorum
2713 1259 2782 1294 ⁵⁸³
2822 1259 2896 1314 ita
2945 1258 3208 1335 lugubres
3264 1258 3554 1314 celebran-

213 1343 838 1414 rumperetpubescenti
857 1345 968 1414 jam
983 1352 1144 1402 aetate
1160 1345 1419 1403 “Ullum
1437 1347 1584 1402 enim
1609 1349 1836 1419 ⁸⁵ιριιθ-
1933 1361 2023 1410 tur
2053 1354 2142 1422 57°,
2175 1369 2280 1408 nec
2311 1349 2744 1407 anniversarium
2787 1366 3012 1405 caesaris
3064 1349 3136 1406 ita
3186 1350 3351 1406 fuerit
3389 1356 3550 1406 cantu

213 1449 336 1487 rum
370 1449 472 1488 rex
501 1433 772 1506 Ungarum
801 1433 1169 1491 Wladislavus
1193 1445 1410 1492 mortuo
1441 1447 1596 1508 patre
1623 1439 1832 1494 nutrie-

214 1527 331 1595 bat,
355 1543 600 1599 eumque
616 1527 688 1562 ⁸⁸⁸
705 1527 825 1584 loco
849 1526 944 1582 filii
960 1528 1388 1601 parentisgratia
1401 1529 1686 1606 diligebat.
1710 1532 1830 1602 Ipse

1932 1441 2157 1518 lugubri
2209 1441 2542 1496 celebratum
2599 1439 2685 1494 ⁸η.
2729 1439 2836 1494 Sed
2866 1438 2934 1494 de
2977 1439 3240 1495 maestitia
3283 1440 3352 1474 ⁶⁷²
3390 1439 3548 1512 pueri

1931 1532 2131 1604 sepulti
2180 1531 2465 1598 sileamus,
2499 1536 2556 1585 et
2596 1528 2665 1584 ad
2716 1527 2963 1584 laetitiam
3001 1529 3278 1602 regnaturi
3302 1529 3458 1600 pueri
3482 1527 3552 1564 ⁸⁷⁸

212 1620 476 1681 nimirum
499 1630 957 1692 puercoaataneos
981 1637 1180 1676 omnes
1196 1622 1832 1696 etUngarosetPolonos
1863 1672 1904 1696 η
1931 1621 2218 1678 veniamus

213 1711 464 1766 honestis
480 1710 728 1766 moribus
751 1717 805 1766 et
822 1709 1196 1782 pulcritudine
1211 1711 1532 1782 superabat,
1551 1713 1831 1768 omnium-

213 1821 325 1878 que
356 1805 426 1841 ⁸⁸³
465 1813 677 1861 mentes
727 1805 784 1860 in
811 1821 873 1860 se
903 1805 1071 1860 futuri
1103 1822 1202 1876 spe
1233 1807 1464 1862 dominii
1507 1807 1681 1880 signis
1721 1807 1832 1863 evi-

211 1894 475 1950 dentibus
507 1895 868 1966 provocabat;
891 1896 1040 1950 unde
1073 1895 1276 1967 placuit
1307 1903 1500 1968 patruo
1538 1913 1638 1953 suo
1679 1897 1830 1952 Wla-

209 1984 425 2040 dislavo
484 1983 609 2039 duci
632 2000 863 2055 puerum
893 1985 962 2020 ⁶⁵¹ι
993 1985 1048 2040 in
1109 1985 1389 2042 Poloniam
1435 1986 1660 2042 sinistro
1698 1987 1828 2042 alite

208 2089 494 2140 revocare,
525 2089 766 2145 eumque
797 2073 866 2108 ⁸⁵⁸
893 2073 1144 2130 Ruthena
1174 2073 1360 2145 puella
1409 2074 1456 2146 (1
1477 2074 1556 2143 I3)
1597 2075 1720 2130 fatis
1759 2076 1830 2111 ⁸⁸⁸

210 2165 593 2221 invidentibus
622 2181 851 2221 uxorare
881 2164 996 2237 (an.
1031 2165 1213 2237 1087).
1277 2166 1544 2222 Uxoratus
1572 2183 1705 2242 ergo
1761 2168 1827 2203 ⁸⁵⁷

210 2257 540 2313 adolescens
591 2255 858 2312 imberbis
895 2263 950 2312 et
1013 2255 1288 2312 formosus
1325 2259 1406 2312 sic
1459 2274 1702 2327 morose,
1749 2259 1830 2316 sic

211 2347 496 2418 sapienter
523 2363 584 2402 se
615 2347 684 2384 ⁵⁵⁸
713 2346 977 2412 habebat,
1032 2347 1114 2402 sic
1150 2347 1438 2419 antiquum
1487 2365 1697 2404 morem
1729 2365 1826 2404 an-

208 2441 546 2491 tecessorum
564 2435 810 2509 gerebat,
835 2437 981 2508 quod
1015 2434 1209 2492 aﬁ‘ectu
1237 2437 1476 2492 mirabili
1509 2438 1607 2494 toti
1636 2439 1826 2510 patriae

211 2530 610 2601 complacebat.
645 2531 750 2586 Sed
771 2529 1014 2596 fortuna,
1039 2532 1202 2587 rebus
1221 2532 1486 2588 secundis
1509 2534 1824 2590 mortalium

214 2621 457 2686 inimica,
499 2619 556 2674 in
587 2621 835 2677 dolorem
862 2621 1126 2697 gaudium
1159 2623 1537 2691 commutavit,
1594 2631 1648 2680 et
1671 2640 1824 2694 spem

210 2710 502 2782 probitatis
533 2720 588 2766 et
629 2711 818 2767 florem
861 2711 1038 2767 aetatis
1081 2713 1403 2782 amputavit.
1458 2713 1623 2768 Aiunt
1677 2713 1824 2768 enim

212 2803 478 2874 quosdam
511 2803 760 2871 ramulos,
791 2804 1054 2859 timentes
1097 2819 1165 2858 ne
1206 2804 1377 2875 patris
1405 2805 1660 2874 injuriam
1703 2806 1828 2860 vin-

209 2894 439 2960 dicaret,
490 2911 706 2951 veneno
761 2912 990 2966 puerum
1050 2895 1211 2951 bonae
1261 2895 1464 2952 indolis
1525 2897 1826 2968 peremisse

209 2985 305 3056 (an
362 2984 536 3053 1089),
569 2984 835 3056 quosdam
891 3000 1020 3040 vero
1047 2985 1142 3057 qui
1187 3001 1310 3040 cum
1343 3001 1411 3042 eo
1441 2986 1700 3042 biberunt
1739 2986 1825 3040 vix

94 3137 103 3143 _
209 3073 400 3129 mortis
461 3073 769 3144 periculum
831 3073 1090 3130 evasisse.
1151 3075 1364 3132 Mortuo
1422 3084 1602 3132 autem
1654 3092 1824 3147 puero

207 3163 502 3222 Meschone
531 3167 622 3234 65°,
645 3173 760 3222 tota
773 3167 996 3224 Polonia
1027 3167 1108 3222 sic
1130 3167 1374 3242 lugebat,
1403 3169 1732 3224 sicutmater
1753 3167 1822 3204 σθο

208 3257 360 3314 unici
393 3266 624 3315 mortem
643 3258 762 3314 ﬁlii.
798 3260 906 3316 Nec
932 3261 1013 3316 illi
1045 3261 1391 3318 solummodo
1423 3262 1630 3333 quibus
1659 3267 1823 3318 notus

209 3356 347 3418 erat,
380 3351 844 3422 lamentabantur,
874 3369 1068 3408 verum
1103 3354 1266 3408 etiam
1309 3353 1386 3407 illi
1409 3353 1504 3426 qui
1539 3369 1820 3426 nunquam

209 3457 332 3498 cum
373 3443 624 3498 viderant
664 3445 729 3480 ⁶⁶¹
781 3445 1138 3501 lamentando
1187 3445 1447 3500 feretrum
1503 3446 1702 3500 mortui
1743 3462 1824 3502 se-

208 3536 540 3610 quebantur.
575 3538 780 3595 Rustici
814 3539 1020 3612 quippe
1076 3547 1272 3606 aratra,
1302 3545 1552 3610 pastores
1589 3554 1821 3610 peccora

209 3625 562 3693 deserebant,
619 3627 858 3684 artiﬁces
914 3628 1116 3696 studia,
1175 3634 1496 3700 operatores
1542 3643 1712 3699 Opera
1753 3627 1822 3663 ⁶⁶²

1856 1672 1908 1740 Β

1999 1731 2087 1788 30.
2154 1734 2228 1786 De
2279 1731 2601 1786 umoratione
2660 1727 3027 1797 Wladyslavi,
3081 1729 3265 1797 patris
3326 1729 3477 1783 tertii

2587 1801 2882 1856 Bolezlavi.

1998 1895 2213 1953 Mortuo
2255 1895 2440 1966 itaque
2479 1892 2548 1928 ⁸⁷⁸
2580 1907 2710 1965 rege
2738 1890 3049 1960 Bolezlavo,
3089 1891 3324 1962 aliisque
3357 1890 3542 1946 fratri-

1927 1988 2033 2044 bus
2062 1986 2360 2055 defunctis,
2398 1984 2766 2040 Wladislavus
2802 1983 2910 2038 dux
2949 1984 3099 2039 solus
3153 1983 3419 2057 regnavit,
3449 1983 3545 2056 qui

1927 2077 2094 2132 tiliam
2141 2073 2452 2131 Wratislavi
2483 2072 2766 2130 Bohemici
2809 2072 2878 2107 ⁸⁷⁸
2915 2071 3062 2144 regis
3093 2071 3318 2128 nomine
3355 2071 3542 2128 Judit-

1930 2170 2054 2225 ham
2097 2184 2320 2224 uxorem
2355 2167 2587 2238 accepit,
2619 2181 2743 2238 quae
2775 2163 2948 2220 ﬁlium
2976 2164 3045 2199 ⁶⁷⁶
3073 2163 3125 2219 ei
3164 2163 3387 2220 tertium
3437 2163 3542 2220 Bo-

1928 2264 2194 2320 lezlavum
2235 2261 2470 2334 peperit,
2511 2261 2580 2316 de
2631 2275 2742 2333 quo
2773 2265 2961 2316 nostra
3003 2259 3238 2314 intentio
3277 2257 3538 2320 titulavit,

1927 2365 1988 2414 ut
2017 2357 2266 2414 tractatio
2294 2372 2416 2428 quae
2437 2355 2692 2427 sequitur
2715 2351 3013 2408 intimabit.
3046 2353 3201 2408 Nunc
3231 2365 3380 2418 vero,
3413 2351 3541 2422 quia

1927 2445 2204 2502 succincte
2238 2460 2335 2514 per
2372 2443 2628 2498 arborem
2668 2457 2700 2497 a
2727 2441 2909 2496 radice
2946 2439 3250 2496 derivando
3275 2439 3539 2494 transivi--

1928 2553 2070 2605 mus,
2103 2536 2170 2590 ad
2203 2534 2562 2590 inserendum
2616 2533 2907 2607 cathalogo
2947 2532 3012 2566 6""
3055 2547 3266 2586 ramum
3308 2530 3539 2601 pomife-

1929 2646 2044 2684 rum
2081 2636 2137 2682 et
2175 2627 2362 2682 stilum
2404 2633 2460 2682 et
2489 2625 2734 2680 animum
2775 2623 3136 2696 applicemus.
3185 2623 3348 2678 Erant
3393 2622 3539 2678 enim

1929 2717 2095 2773 futuri
2122 2717 2278 2788 pueri
2309 2723 2572 2787 parentes
2600 2715 2780 2770 adhuc
2805 2719 3058 2770 carentes
3085 2712 3298 2779 sobole,
3315 2712 3544 2782 jejuniis

1926 2817 1982 2866 et
2005 2808 2239 2865 orationi
2285 2808 2352 2842 ⁸⁷³
2381 2808 2673 2874 instantes,
2716 2806 2894 2879 largas
2951 2804 3292 2877 pauperibus
3331 2804 3540 2860 elemo-

1926 2899 2098 2964 sinas,
2147 2897 2432 2963 facientes,
2492 2902 2768 2968 quatenus
2832 2895 3190 2966 omnipotens
3242 2893 3407 2958 Deus,
3446 2892 3541 2964 qui

1853 3029 1903 3097 Ο
1926 2993 2140 3049 steriles
2169 2998 2374 3047 matres
2401 2989 2530 3046 facit
2560 2989 2616 3044 in
2645 2987 2776 3044 ﬁliis
2802 2986 3200 3097 laetantes,.quti
3243 2987 3538 3097 baptistar:

1925 3085 2158 3142 contulit
2205 3083 2498 3150 Zacharias,
2540 3089 2597 3138 et
2649 3081 2865 3138 vulvam
2907 3079 3126 3151 aperuit
3169 3079 3335 3147 Sam,
3375 3084 3434 3134 ut
3472 3078 3540 3114 “7°

1925 3174 1978 3228 in
2009 3172 2224 3229 semine
2254 3172 2482 3226 Abrahae
2512 3170 2874 3226 benediceret
2901 3183 3095 3225 omnes
3123 3173 3338 3240 gentes,
3373 3165 3536 3222 talem

1922 3263 2096 3321 ﬁlium
2117 3264 2273 3320 daret
2293 3264 2375 3320 eis
2396 3263 2681 3329 heredem,
2707 3261 2800 3334 qui
2832 3261 3004 3316 Deum
3027 3261 3265 3326 timeret,
3292 3265 3535 3314 sanctam

1923 3353 2213 3410 ecclesiam
2255 3353 2537 3419 exaltaret,
2563 3351 2834 3420 justitiam
2863 3357 3150 3405 exerceret
3187 3348 3277 3414 διο,
3308 3348 3378 3402 ad
3431 3347 3536 3402 lio-

1923 3459 2112 3499 norem
2146 3443 2241 3498 Dei
2273 3447 2328 3497 et
2380 3441 2614 3496 salutem
2672 3437 2864 3511 pepuli
2897 3437 3145 3510 regimen
3197 3435 3264 3471 “1
3297 3434 3536 3491 Poloniae

1922 3532 2212 3589 detineret.
2250 3531 2374 3586 Haec
2403 3531 2744 3585 incessanter
2783 3526 2890 3582 illis
2917 3525 3230 3598 agentibus,
3305 3522 3538 3580 accessit

1921 3625 1990 3682 ad
2037 3641 2135 3681 eos
2175 3625 2382 3680 Franco
2441 3623 2582 3694 (114)
2631 3618 2978 3677 Poloniensis
3023 3616 3322 3689 episcOpus
3353 3616 3534 3673 consi-

1549 3731 1766 3786 VARIIE
1813 3729 2083 3786 LECTION
2093 3729 2190 3784 ES.

284 3823 472 3898 “hoc
514 3826 624 3882 loco
673 3829 741 3882 in
776 3830 1023 3895 margine
1069 3831 1211 3882 inter
1265 3828 1436 3884 lineas
1487 3829 1686 3884 rubras
1721 3831 1930 3898 ponunt
1957 3829 2010 3881 1.
2051 3827 2114 3881 2:
2164 3825 2304 3898 obiit
2363 3824 2644 3898 Bolezlaus
2689 3824 2870 3895 largus
2906 3822 3194 3898 ΔΜΕΧΧΧΙ.

3293 3821 3363 3858 an
3393 3822 3538 3893 jam,

212 3897 500 3969 quei3tin
535 3899 738 3966 fragm.
769 3915 830 3969 ι).
851 3893 942 3964 91,
1022 3899 1092 3934 ⁸⁸³
1121 3909 1362 3955 extrema
1388 3899 1510 3954 dies
1539 3893 2049 3969 cicius—transponit
2078 3899 2130 3953 3.
2161 3897 2298 3953 ibid.
2363 3897 2432 3969 3‘?
2462 3896 2604 3969 Obiit
2633 3893 2814 3969 autem
2847 3893 3238 3969 miserabiliter
3267 3909 3413 3949 anno
3435 3893 3536 3948 Dni

212 3966 464 4022 MLXXXI
541 3969 700 4025 addit
737 3966 792 4024 3—.
857 3971 924 4004 ⁸⁸⁵
948 3970 1094 4026 deest
1129 3971 1184 4024 3.
1273 3971 1344 4005 ⁸⁸⁸
1369 3970 1640 4027 Mesconis
1688 3973 1711 4024 1
1772 3972 1826 4025 2.

203 4038 568 4112 leratissimus
604 4057 776 4096 unum
804 4039 976 4096 filium
1007 4057 1106 4112 pro
1127 4057 1298 4097 unum
1333 4040 1504 4096 ﬁlium
1532 4059 1626 4098 rex
1655 4043 1982 4098 Bolezlavus
2016 4041 2068 4098 3.

1251 4112 1316 4148 ⁶⁸¹
1345 4114 1487 4169 deest
1541 4114 1592 4168 3.
1679 4115 1748 4149 ⁸⁵³
1774 4129 1900 4169 eum
1956 4113 2012 4167 3.
2090 4111 2161 4146 ⁸⁵³
2208 4111 2439 4166 virtutes
2477 4111 2632 4165 addit
2689 4111 2743 4164 2.
2805 4110 2898 4164 sed
2953 4113 3216 4178 tanquam
3254 4125 3536 4164 erroneum

205 4109 510 4179 majoribus
554 4142 614 4151 —-
657 4119 818 4168 aetate
875 4109 1068 4168 desunt
1107 4113 1159 4170 3.

201 4185 500 4256 suppositis
528 4185 746 4256 punctis
769 4186 999 4256 notavit.
1079 4185 1147 4220 ⁸⁵⁸
1169 4183 1313 4256 deest
1351 4185 1384 4239 3
1486 4185 1555 4219 ⁸⁵⁵
1585 4200 1821 4256 cumque
1853 4184 1907 4239 3.
1989 4183 2060 4218 ⁸⁵⁵
2087 4181 2222 4237 satis
2251 4181 2304 4238 3.
2389 4181 2734 4256 ngitur3.

673 4255 743 4326 ἕω
772 4255 906 4310 vivit
958 4257 1136 4322 addit,
1181 4255 1276 4311 sed
1321 4260 1584 4326 tanquam
1633 4251 1914 4310 erroneum
1962 4256 2186 4326 punctis
2232 4255 2421 4326 notavi
2463 4251 2518 4308 2.

199 4267 374 4308 scone
429 4254 484 4308 2.
521 4254 574 4308 3.

205 4322 274 4398 {ff
298 4323 572 4398 Mesconis
600 4325 654 4380 2.
678 4325 730 4383 3.
754 4397 763 4398 ί
817 4327 888 4362 ⁶⁶⁴
911 4333 1208 4398 poneretur
1223 4327 1275 4381 3.
1360 4322 1746 4382 msuscitatur
1771 4328 1821 4381 1.
1845 4327 1898 4380 2.
1963 4322 2046 4360 ’⁵⁸⁸
2076 4332 2130 4380 et
2150 4325 2202 4381 3.

1917 3970 2174 4026 ieszkone
2229 3969 2279 4024 3.
2364 3967 2544 4022 “71H.
2588 3969 2641 4022 1.
2693 3967 2748 4022 2.
2845 3967 2912 4001 ⁶⁴⁸
2944 3967 3226 4022 Boleslaus
3264 3981 3358 4021 rex
3407 3981 3536 4020 sce-

2178 4039 2246 4076 ⁶⁵⁹
2304 4039 2614 4095 Mcsconem
2653 4038 2706 4092 2.
2755 4036 3126 4092 Mieszkonem
3159 4039 3210 4093 3.
3327 4036 3398 4072 ⁶⁶⁰
3438 4037 3535 4108 qui

2831 4180 2900 4215 “3
2927 4181 3069 4235 deest
3097 4180 3150 4232 1.
3181 4181 3216 4233 2
3330 4180 3398 4214 “9
3426 4179 3537 4234 Me-

2612 4252 2678 4286 ⁶⁶ι
2709 4257 2978 4305 noverant
3041 4251 3094 4304 3.
3191 4250 3260 4285 ⁶⁶²
3284 4251 3430 4304 deest
3479 4251 3531 4306 3.

2288 4324 2354 4358 ⁶⁶⁷
2385 4341 2437 4378 n.
2475 4339 2525 4378 e.
2557 4325 2756 4376 iterum
2781 4325 2970 4391 repetit
3000 4321 3096 4375 sed
3122 4322 3442 4374 cancellavit
3476 4321 3531 4376 2.

205 4393 275 4468 {‘3
298 4396 709 4468 retbarcharum
741 4397 794 4451 2.
827 4391 1010 4468 prima
1047 4399 1170 4468 jam
1223 4399 1406 4452 littera
1446 4414 1671 4453 erronea
1706 4413 1808 4468 per
1843 4401 2214 4468 correctorem,
2242 4397 2304 4468 in
2342 4401 2362 4449 t
2397 4397 2644 4468 mutata;
2689 4393 3050 4468 th‘etharchar
3094 4391 3146 4468 3_.
3178 4461 3189 4468 .
3227 4392 3296 4426 ⁶⁶⁹
3318 4392 3533 4468 magni-

205 4463 368 4520 ﬁcum
403 4469 452 4522 1.
475 4467 528 4521 2.

205 4538 466 4593 maestitia
491 4539 544 4594 3.

204 4607 274 4643 ⁸⁷⁸
299 4609 444 4666 deest
479 4610 515 4664 2

621 4469 690 4504 ⁶⁷⁰
719 4469 1144 4524 celebrabantur
1160 4469 1212 4526 3.

633 4539 702 4575 ⁸⁷³
726 4541 872 4596 deest
909 4539 980 4598 3.‘
1049 4541 1118 4576 ⁸⁷⁸
1147 4541 1290 4596 deest
1317 4539 1368 4595 3.

624 4609 696 4646 ⁶⁸⁰
725 4628 756 4667 e
809 4611 844 4668 i.
881 4628 933 4668 e.
965 4613 1157 4668 desunt
1197 4610 1248 4668 3.
1321 4611 1384 4646 ⁶⁸¹
1421 4627 1650 4684 regnum
1683 4613 1738 4666 2ο
1769 4613 1828 4667 3-

1307 4469 1373 4504 ⁶⁷¹
1406 4485 1510 4524 nec
1540 4463 1976 4524 anniversarium
2025 4497 2095 4507 —
2137 4466 2473 4524 celebratum
2514 4465 2706 4519 desunt
2735 4463 2789 4518 3.

1461 4541 1529 4575 ⁸⁷⁵
1555 4541 1821 4596 Bohemie
1847 4539 1900 4597 3.
1981 4539 2051 4576 ⁸⁷⁸
2079 4539 2226 4594 deest
2249 4539 2307 4592 2ο

2879 4463 2948 4498 ⁶⁷²
2972 4461 3283 4543 mesticiam
3313 4461 3436 4543 pro'
3462 4463 3532 4543 de

2403 4536 2470 4571 ⁸⁷⁷
2499 4533 2792 4610 cathelogo
2820 4535 2870 4588 2.
2983 4533 3053 4569 ⁸⁷³
3085 4532 3362 4590 oracionis
3393 4535 3441 4588 1.
3475 4532 3532 4589 2.

1758 4710 1968 4766 NOTE.
2959 4757 2980 4776 ,

463 4812 726 4889 ξυάοχίε,
774 4813 820 4868 si
845 4812 1120 4889 Dlugosso
1145 4811 1286 4868 ﬁdes
1325 4811 1583 4889 habenda
1619 4818 1720 4889 est.
1752 4811 1822 4889 _K.
1848 4815 1904 4884 D
1930 4809 2052 4889 libri
2084 4809 2226 4866 tertii
2253 4809 2524 4889 epistola;
2581 4825 2704 4889 nam
2735 4806 3040 4889 secundum
3086 4805 3334 4889 Dlugossi
3381 4791 3537 4889 Vitas

277 4881 423 4952 (114)
465 4884 802 4940 Franconem
845 4881 993 4940 hunc
1049 4892 1240 4941 auctor
1289 4883 1614 4954 episc0pum
1669 4885 1826 4940 Polo—

205 4951 451 5028 niensern
507 4963 806 5028 nuncupat,
840 4955 1173 5028 Vincentius
1228 4951 1633 5028 Gadlubclionis
1675 4956 1826 5008 anti-

206 5025 385 5078 stitem
409 5024 754 5096 simpliciter,
786 5027 874 5082 ed.
922 5028 1094 5098 Lips,
1126 5027 1344 5098 p.668;
1378 5026 1474 5081 sed
1503 5026 1628 5094 ejus
1669 5041 1824 5080 com-

207 5101 500 5169 mentator,
545 5114 597 5168 p.
637 5099 762 5164 672,
793 5098 1115 5169 episcopum
1141 5101 1540 5156 Cracoviensem
1571 5113 1696 5154 eum
1729 5113 1826 5169 ap-

207 5164 395 5242 pellat.
428 5164 598 5242 Quem
629 5164 854 5224 secutus
897 5164 1312 5242 est'Dlugossus
1354 5169 1453 5242 lib.
1486 5186 1540 5222 1v
1572 5184 1622 5223 a.
1655 5164 1815 5242 1085,

208 5251 260 5306 p.
293 5236 419 5310 303,
457 5239 807 5310 Lampertum
849 5255 974 5296 eum
1015 5236 1330 5296 nominans.
1389 5239 1517 5294 Post
1568 5239 1816 5294 occisio-

206 5308 426 5392 nemng.‘
445 5308 698 5392 Stani'slai
718 5309 1079 5392 .ep._.(:'racov.
1114 5328 1213 5392 per
1238 5311 1548 5392 Boleslaum
1577 5311 1813 5392 Largum

204 5379 450 5456 a._1079,
507 5379 802 5456 Gregorius
831 5383 919 5456 V11
955 5379 1231 5456 Poloniam
1287 5381 1485 5456 sacris_
1511 5379 1817 5456 interdixit,

203 5449 556 5522 episcOpatus
592 5449 816 5526 q'uoque
881 5453 1257 5526 Cracoviensis
1303 5451 1516 5526 vacavit
1572 5452 1819 5526 antistite

239 5527 437 5594 uatuor
499 5523 908 5580 annosfldem
967 5525 1308 5581 censendum
1371 5524 1441 5578 de
1495 5523 1818 5594 episcopatu

245 5593 574 5662 rusvicensi,
607 5611 770 5668 quem
815 5603 1007 5652 auctor
1063 5595 1455 5653 Poloniensem
1489 5592 1731 5666 appellat
1761 5593 1819 5649 in

535 5731 836 5793 PATROL.
888 5730 1084 5794 CLX.

1926 4877 2304 4952 episcoporum
2329 4882 2781 4944 Crusvicensium,
2816 4881 3099 4950 hucusque
3121 4877 3538 4952 inéditas,epi-
3631 4913 3642 4922 .

1925 4949 2127 5016 scOpus
2155 4952 2530 5008 Crusvicensis
2551 4952 2792 5006 Andreas
2820 4949 3072 5006 mortuus
3099 4958 3181 5006 est
3206 4965 3350 5004 anno
3375 4949 3535 5016 1081,

1925 5033 1980 5078 et
2011 5021 2230 5080 demum
2264 5040 2316 5078 a.
2357 5023 2488 5078 1087
2534 5021 2764 5078 suffectu
2821 5030 2906 5077 est
2937 5021 3014 5076 illi
3063 5021 3302 5092 Baptista
3336 5021 3536 5092 Roma-

1925 5111 2048 5166 nus.
2080 5095 2214 5150 Vita:
2258 5095 2506 5166 episcop.
2545 5093 2981 5166 Crusvicensiupm
3004 5089 3346 5166 ims.‘_bi_bl._
3372 5089 3542 5166 Osso—

1926 5165 2070 5222 linsk
2119 5161 2468 5237 LeOpoliensI
2492 5167 2524 5220 4
2555 5166 2627 5220 Nr
2679 5181 2835 5237 xvnt,
2863 5164 2956 5220 fol.
2993 5164 3119 5227 100,
3153 5163 3248 5218 101
3307 5161 3430 5237 Fuit
3451 5178 3537 5217 er-

1919 5253 1990 5312 go
2029 5232 2420 5312 verosimiliter
2469 5237 2675 5312 France
2735 5232 3538 5312 episcOpustempore‘inter-v

1921 5303 2115 5392 dictioa
2147 5326 2279 5392 rege
2310 5309 2392 5363 vel
2425 5303 2940 5392 capitulouelectus
2962 5303 3259 5392 episcopus
3285 5303 3535 5392 ilﬁrusvi-
3561 5321 3568 5330 ·

1922 5381 2126 5456 censis,
2153 5375 2376 5456 quiinon
2394 5375 2574 5450 potuit
2602 5379 2856 5434 obtinere
2873 5375 3024 5449 papa:
3036 5375 3537 5456 confirmationem,

1921 5452 2008 5508 vel
2040 5446 2186 5507 ante'
2209 5446 2488 5508 obtentam
2521 5460 2774 5506 mortuus
2803 5446 2906 5514 est,
2936 5446 3108 5518 quare
3155 5446 3358 5503 frustra
3389 5446 3542 5518 desi-

1921 5524 2146 5578 deratur
2172 5522 2225 5576 in
2259 5522 2406 5594 serie
2435 5523 2825 5594 episcoporum
2859 5517 3294 5575 Crusvicensium
3331 5535 3362 5574 a
3411 5517 3539 5573 Diu-

1920 5609 2088 5669 gosso
2119 5593 2458 5664 conscripta.
2478 5593 2481 5594 ⁷
2503 5593 2558 5646 S.

3099 5718 3178 5782 28
