3930 6052
300 228 406 285 879

1558 222 1902 277 (ἶΗΒΟΝιΟᾹΞ
1942 223 2356 282 POLONORUM.

3519 238 3642 293 880

301 358 541 430 cupavit,
578 369 818 425 suosque
874 351 1247 408 vastaldiones
1302 358 1357 407 et
1409 352 1641 407 comites
1675 351 1730 405 in
1772 352 1906 407 locis
1931 359 1978 425 Α
2009 357 2270 423 evocatis,
2294 357 2674 417 Pomoraniam
2700 362 2909 418 invadit
2929 363 3299 421 Wladislavus
3325 367 3473 423 circa
3495 384 3641 423 san-

298 447 703 520 principalibus
732 445 797 479 ⁷⁸⁷
828 450 883 499 et
934 443 1327 498 munitioribus
1352 444 1642 499 ordinavit.
1691 444 1752 497 Et
1777 445 1907 515 quia

299 541 546 614 perfidiae
579 556 911 614 paganorum
952 540 1179 594 omnino
1209 539 1381 593 voluit
1410 540 1733 610 insurgendi
1767 538 1907 594 ﬁdu-

299 637 437 691 ciam
471 644 776 705 amputare,
835 640 1079 689 suosmet
1117 632 1373 704 praelatos
1418 633 1582 701 jussit
1622 634 1905 688 nominato

295 728 386 783 die
413 728 467 781 in
502 730 635 781 liora
673 725 970 781 constituta
1002 740 1196 780 omnes
1226 723 1279 777 in
1313 723 1621 777 meditullio
1655 724 1809 797 regni
1843 725 1911 758 ⁷⁸⁸

296 820 636 876 munitiones
675 834 1050 873 concremare.
1085 816 1242 881 Quod
1272 817 1346 869 ita
1371 815 1439 849 7‘9
1460 815 1661 870 factum
1691 816 1794 872 fuit
1820 817 1905 870 ⁷⁸0.

295 912 407 968 Nec
444 912 524 967 sic
556 917 739 966 tamen
780 926 916 982 gens
975 909 1202 964 rebellis
1240 908 1484 963 edomari
1526 908 1702 978 potuit
1778 909 1905 961 Nam

297 1022 437 1080 quos
465 1006 701 1061 Setheus
738 1004 805 1039 ⁷⁵¹
847 1003 929 1059 eis
974 1001 1297 1072 praefecerat
1341 1000 1431 1066 ⁷⁸⁸,
1480 1001 1571 1071 qui
1601 1010 1732 1054 tunc
1761 999 1911 1053 mili-

296 1097 384 1152 tiae
408 1096 664 1167 princeps
719 1101 836 1148 erat
882 1092 971 1158 ⁷⁵³,
1006 1091 1202 1161 partim
1233 1105 1330 1161 pro
1378 1106 1567 1145 eorum
1610 1105 1749 1144 noxa
1787 1105 1908 1160 per-

295 1196 573 1253 emerunt,
614 1181 919 1238 nobiliores
938 1196 1086 1239 vero.
1120 1180 1418 1233 discretius
1449 1186 1503 1233 et
1536 1178 1825 1233 honestius
1852 1192 1911 1231 se

298 1280 588 1347 habentes,
646 1278 733 1332 vix
771 1275 1071 1341 amicorum
1114 1290 1344 1327 assensu
1399 1272 1467 1307 ⁷⁵⁸
1526 1271 1787 1346 fugerunt
1820 1272 1906 1323 ⁷⁵⁸.

635 1366 690 1421 2.
724 1369 797 1420 De
827 1365 956 1418 bello
985 1378 1102 1417 cum
1138 1362 1449 1415 Pomeranis
1479 1361 1568 1414 ⁷⁸⁸.

368 1462 433 1514 At
473 1458 840 1513 Wladislavus
870 1455 999 1519 dux,
1039 1454 1201 1508 illatae
1241 1454 1308 1488 ⁷⁸⁷
1339 1454 1454 1507 suis
1501 1453 1716 1523 injuria:
1748 1455 1912 1508 remi-

298 1552 540 1615 niscens,
568 1565 690 1604 cum
722 1546 845 1601 forti
872 1562 1038 1600 manu
1062 1553 1258 1600 terram
1291 1559 1481 1599 eorum
1514 1553 1640 1599 ante
1672 1546 1912 1616 quadra-

296 1644 562 1719 gesimam
604 1641 870 1703 introivit,
915 1640 1100 1711 ibique
1143 1638 1340 1707 jejunii
1390 1639 1689 1709 plurimum
1731 1640 1909 1694 adim-

295 1734 483 1805 plevit.
510 1731 732 1802 Expleta
754 1730 939 1801 itaque
968 1728 1044 1782 ibi
1063 1727 1259 1798 jejunii
1283 1734 1436 1797 parte
1464 1744 1626 1798 quam
1651 1728 1905 1798 plurima,

294 1822 471 1878 Stetin
497 1820 589 1888 ⁷⁵⁸,
620 1821 812 1876 urbem
853 1818 921 1853 ⁷⁸⁸
949 1827 1107 1873 terrae
1146 1816 1555 1887 p0pulosiorem
1586 1817 1655 1850 ⁷⁸⁸
1686 1825 1740 1872 et
1770 1834 1914 1888 epu-

266 1915 606 1975 .lentiorem,
638 1929 703 1969 ex
734 1910 1011 1981 inproviso
1036 1908 1257 1963 intravit
1285 1911 1397 1976 (an.
1430 1908 1591 1973 1091,
1634 1912 1779 1964 Mart
1830 1911 1910 1979 2),

294 2009 536 2081 indeque
573 2008 639 2042 ⁷⁸¹
674 2006 912 2078 praedam
943 2004 1247 2058 inmensam
1282 2009 1335 2057 et
1366 2002 1614 2073 captivos
1658 2004 1913 2060 innume-

296 2100 500 2155 rabiles
553 2098 927 2171 congregavit.
973 2095 1218 2166 Cumque
1256 2094 1368 2162 jam
1409 2111 1531 2149 cum
1590 2112 1687 2149 sua
1727 2097 1910 2167 praeda

297 2187 743 2245 nichildubitans
785 2193 1073 2250 remearet,
1112 2185 1340 2254 jamque
1371 2200 1598 2237 securus
1633 2184 1714 2237 sui
1750 2185 1907 2255 regni

296 2281 503 2337 ﬁnibus
545 2278 960 2351 prepinquaret,
1001 2276 1293 2332 Pomorani
1347 2275 1529 2331 subito
1562 2276 1910 2348 subsequen-

297 2383 379 2428 tes
405 2389 529 2428 eum
570 2387 739 2442 super
784 2369 1010 2425 ﬂuvium
1058 2368 1220 2424 Nacla
1275 2368 1345 2402 ⁷⁸²
1387 2368 1529 2438 (122)
1564 2367 1906 2431 invaserunt,

294 2462 614 2533 bellumque
635 2477 759 2516 cum
792 2475 860 2514 eo
891 2457 1068 2529 pridie
1094 2458 1396 2528 palmarum
1430 2457 1500 2490 ⁷⁸⁸
1531 2463 1818 2510 cruentum
1854 2465 1911 2512 et

294 2546 1206 2619 luctuosum75‘partibusutrisque
1227 2546 1622 2601 commiserunt
1648 2549 1810 2617 (Apr.
1830 2548 1884 2617 5)

294 2644 434 2701 Illud
483 2644 630 2699 enim
683 2642 935 2713 prmlium
999 2641 1131 2696 hora
1179 2642 1334 2713 quasi
1363 2641 1473 2695 diei
1516 2642 1584 2676 ⁷⁸⁵
1616 2642 1775 2696 tertia
1824 2651 1906 2698 est

290 2736 600 2807 inceptum,
628 2731 949 2802 vespertino
977 2746 1108 2785 vero
1154 2730 1481 2801 crepusculo
1512 2730 1787 2785 ditinitum
1812 2731 1899 2787 ⁷⁸⁸.

292 2830 583 2887 Pomorani
615 2828 836 2884 tandem
862 2827 929 2862 ⁷⁸⁷
951 2842 1049 2897 pro
1076 2825 1387 2882 munitione
1405 2827 1586 2881 noctis
1609 2826 1903 2899 caliginem

292 2921 614 2986 induerunt,
648 2918 840 2975 Poloni
897 2932 1026 2973 vero
1077 2932 1332 2987 campum
1372 2917 1616 2972 victorize
1656 2919 1792 2971 Drzu
1835 2919 1903 2952 ⁷⁸⁸

291 3014 435 3084 (123)
473 3011 739 3068 vocabulo
784 3017 1098 3065 tenuerunt.
1133 3009 1191 3061 In
1214 3008 1383 3063 dubio
1434 3008 1581 3062 enim
1612 3009 1905 3079 pependit,

290 3112 471 3160 utrum
499 3102 924 3158 cbristianorum
968 3100 1089 3154 lues
1127 3099 1195 3133 ⁷⁸⁸
1249 3116 1319 3154 an
1352 3115 1692 3172 paganorum
1728 3100 1807 3156 ibi
1836 3101 1905 3135 ⁷⁷⁰

288 3192 530 3249 extiterit
550 3190 640 3245 ⁷⁷⁸.
674 3190 828 3255 Quod
868 3189 937 3223 ⁷⁷³
991 3189 1266 3263 ﬂagellum
1299 3191 1462 3256 Deus,
1505 3197 1564 3244 ut
1600 3191 1901 3256 credimus,

288 3283 644 3354 omnipotens
693 3279 747 3334 in
804 3279 1305 3352 transgressoribus
1349 3278 1716 3335 observantize
1765 3298 1899 3352 qua-

287 3372 667 3450 dragesimalis
695 3371 765 3405 ⁷⁷³
794 3371 861 3425 ad
900 3370 1301 3426 correctionem
1344 3371 1591 3427 exercuit
1628 3372 1720 3440 ⁷⁷⁸,
1760 3372 1902 3428 sicut

285 3466 617 3540 quibusdam
663 3472 856 3536 postea
886 3463 954 3518 de
980 3462 1102 3534 ipso
1135 3462 1385 3518 liberatis
1418 3464 1663 3535 periculo
1693 3465 1903 3520 releva-

283 3557 378 3611 vit.
414 3553 624 3626 thuia
655 3553 903 3609 luctuosa
933 3558 988 3607 et
1022 3552 1350 3623 dampnosa,
1383 3552 1524 3607 sicut
1553 3552 1761 3608 dictum
1792 3561 1897 3625 est,

281 3645 509 3702 victoria
540 3642 725 3699 multis
749 3648 886 3710 erat,
918 3641 1148 3713 diesque
1193 3641 1487 3697 dominicae
1538 3642 1900 3700 resurrectio-

280 3738 367 3792 nis
418 3737 489 3771 ⁷⁷⁸
534 3734 863 3791 imminebat
893 3736 1056 3806 (Apr.
1112 3734 1200 3804 13)
1241 3734 1375 3789 vicit
1425 3735 1563 3790 ratio
1624 3736 1898 3791 redeundi

279 3830 572 3888 consilium
603 3830 854 3885 dantium
883 3827 1286 3899 persequendi.

664 3922 718 3976 3.
752 3921 974 3977 Obsidio
1002 3922 1173 3974 castri
1199 3921 1396 3977 Nakiel
1423 3920 1509 3974 ⁷⁷⁸.

358 4013 606 4081 itemque
634 4008 701 4064 de
720 4006 982 4064 Bohemia
1000 4008 1067 4041 ⁷⁷⁷
1092 4008 1269 4075 tribus
1298 4009 1521 4064 aciebus
1542 4010 1598 4063 in
1630 4012 1892 4067 auxilium

2008 448 2079 501 cti
2114 449 2423 520 solempnia
2464 452 2743 509 Michaelis
2798 456 2868 490 ⁷⁷⁸
2914 455 3077 527 (Sept.
3132 458 3243 527 29).
3291 458 3485 531 ibique
3530 477 3640 515 ca-

2008 541 2174 591 strum
2243 539 2310 573 ⁷⁷⁸
2363 540 2565 611 Nakyel
2621 544 2690 577 ⁷⁸⁰
2747 545 2890 614 (124)
2937 545 3324 601 obsidentibus
3378 548 3639 603 inaudita

2010 626 2286 683 mirabilia
2331 632 2746 703 contingebant,
2780 650 2903 704 quae
2951 634 3187 709 singulis
3238 651 3337 691 eos
3368 638 3636 692 noctibus

2012 727 2248 774 armatos
2280 728 2333 775 et
2360 723 2513 793 quasi
2546 724 2599 777 in
2633 724 2697 758 ⁷⁸⁷
2733 726 2917 780 hostes
2945 735 3290 799 pugnaturos
3323 730 3636 785 terroribus

2011 813 2306 885 agitabant.
2351 815 2592 886 Cumque
2624 816 2786 870 talem
2821 817 3166 873 delusionem
3213 820 3426 875 diutius
3465 828 3634 893 pate—

2011 914 2219 970 rentur,
2279 911 2333 958 et
2364 905 2626 975 quidnam
2668 905 2802 959 illud
2831 911 2976 959 esset
3023 908 3413 963 vehementius
3453 909 3634 964 mira—

2013 999 2223 1058 rentur,
2257 1010 2366 1047 una
2398 1002 2557 1049 nocte
2598 1011 2799 1065 pavore
2824 996 2985 1051 solito
3035 998 3317 1065 concitati,
3352 998 3574 1074 longius
3595 1017 3635 1055 a

2012 1086 2204 1139 castris
2231 1085 2299 1119 ⁷⁸⁸
2352 1093 2639 1153 exeuntes,
2674 1095 2969 1143 nocturnas
2997 1090 3220 1144 umbras
3252 1091 3409 1161 quasi
3444 1092 3632 1162 palpi-

2014 1182 2189 1231 tantes
2238 1177 2327 1241 ⁷⁸⁷,
2370 1177 2546 1231 delusi
2594 1177 2662 1211 ⁷⁸⁸
2698 1178 2937 1232 hostium
2976 1180 3386 1248 vicissitudine,
3418 1198 3631 1253 seque-

2012 1268 2241 1334 bantur;
2297 1268 2513 1323 interim
2548 1268 2615 1302 ⁷⁸⁵
2665 1285 2793 1324 vero
2845 1271 3110 1341 oppidani
3167 1280 3527 1342 properanter
3555 1273 3633 1308 ⁷⁸⁸

2012 1366 2082 1419 de
2132 1365 2199 1398 ⁷⁸⁷
2260 1365 2688 1439 pr0pugnaculis
2731 1365 2800 1399 ⁷⁸⁸
2832 1366 3264 1435 descenderunt,
3312 1384 3628 1440 eorumque

2013 1460 2297 1513 machinas
2349 1468 2672 1531 partemque
2723 1460 2976 1515 stationis
3028 1461 3456 1516 combusserunt
3507 1466 3625 1527 (an.

2014 1550 2172 1618 1091)
2203 1553 2391 1622 Itaque
2423 1551 2617 1607 Poloni
2644 1568 2766 1607 cum
2798 1568 2858 1606 se
2890 1552 3057 1607 nichil
3101 1552 3401 1623 profecisse
3424 1553 3492 1587 ⁷⁸⁸
3520 1569 3630 1608 nec

2012 1658 2071 1695 se
2120 1642 2325 1696 bellum
2383 1643 2663 1698 invenisse
2722 1644 3128 1714 conspicerent,
3172 1652 3228 1699 et
3268 1661 3390 1699 cum
3426 1661 3629 1720 magna

2013 1748 2138 1801 pars
2168 1732 2464 1799 exercitus,
2496 1732 2911 1803 praesertimque
2930 1733 3179 1797 Bohemi,
3214 1733 3473 1788 victualia
3512 1750 3627 1788 non

2012 1824 2281 1878 haberent
2337 1824 2446 1891 ⁷⁸0,
2504 1823 2775 1879 incassum
2821 1825 3008 1879 labore
3063 1833 3391 1895 consumpto
3442 1825 3631 1880 redie-

2011 1925 2141 1970 runt
2170 1917 2257 1969 79‘.
2295 1916 2495 1988 Sicque
2529 1917 2816 1972 Pomorani
2871 1924 3062 1972 contra
3116 1917 3393 1972 Poloniam
3424 1918 3625 1988 paula-

2012 2005 2107 2059 tim
2140 2005 2193 2059 in
2222 2005 2482 2076 superbia
2504 2006 2572 2040 ⁷⁸⁸
2601 2013 2729 2060 sunt
2750 2007 2915 2061 erecti
2951 2022 3049 2077 per
3068 2022 3298 2077 puerum
3336 2007 3514 2061 Martis
3534 2007 3628 2074 ⁷⁸³,

2013 2110 2179 2165 quem
2219 2094 2468 2149 chalamo
2510 2094 2811 2167 pingimus,
2845 2094 3175 2165 extirpandi.
3212 2095 3318 2149 Sed
3348 2111 3416 2149 ne
3448 2094 3629 2149 laetam

2012 2191 2338 2237 exenterare
2387 2184 2672 2237 materiam
2710 2182 3020 2249 videamur,
3065 2183 3333 2238 malorum
3366 2182 3631 2238 invidiam

2012 2277 2195 2347 potius
2239 2294 2403 2349 quam
2433 2278 2793 2332 detractionis
2855 2277 3134 2332 intamiam
3173 2279 3463 2349 patiamur.
3519 2278 3636 2333 Nec

2011 2369 2311 2424 absurdum
2345 2370 2621 2426 ullatenus
2651 2370 2749 2425 ulli
2789 2370 3028 2425 discreto
3064 2369 3132 2404 ⁷⁸⁸
3172 2370 3444 2437 videatur,
3476 2370 3522 2424 si
3574 2371 3632 2424 in

2012 2460 2111 2515 hac
2143 2461 2384 2530 hystoria
2414 2477 2537 2515 cum
2587 2460 2836 2534 legitimo
2868 2460 3193 2515 concubinae
3226 2459 3371 2516 filius
3401 2460 3640 2516 induca-

2009 2557 2115 2605 tur.
2149 2551 2280 2605 Nam
2303 2551 2356 2604 in
2394 2550 2635 2621 hystoria
2675 2549 2962 2620 principali
2996 2549 3104 2604 duo
3131 2548 3227 2604 filii
3249 2550 3476 2605 Abrahze
3506 2565 3630 2603 me-

2008 2646 2312 2705 morantur,
2342 2640 2439 2694 sed
2473 2639 2541 2692 ab
2570 2640 2639 2673 ⁷⁸⁸
2671 2640 2905 2695 invicem
2952 2657 2982 2694 a
3013 2649 3166 2710 patre
3208 2656 3307 2710 pro
3347 2640 3630 2696 discordia

2002 2736 2349 2800 separantur,
2378 2729 2542 2783 ambo
2572 2728 2796 2800 quidem
2816 2729 2884 2783 de
2907 2729 3231 2799 patriarchae
3253 2730 3466 2785 semine
3497 2746 3625 2801 pro-

2006 2823 2192 2891 creati,
2225 2825 2322 2878 sed
2356 2840 2465 2879 non
2504 2823 2669 2878 ambo
2686 2824 2810 2890 jure
2834 2824 3151 2894 patrimonii
3180 2825 3473 2895 coaequati.

2430 2915 2483 2966 4.
2522 2916 2596 2967 De
2627 2914 2857 2980 Zbigneo
2887 2913 3077 2967 rebelli
3105 2913 3195 2964 ⁷⁸⁸.

2083 3003 2251 3077 Igitur
2295 3002 2362 3036 ⁷⁸⁷
2409 3000 2717 3075 Zbignevus
2756 3001 2844 3068 ⁷⁸⁸,
2905 3018 2937 3055 a
2966 3000 3301 3057 Wladislavo
3357 3001 3496 3058 duce
3551 3003 3622 3058 de

2007 3098 2319 3154 concubina
2347 3098 2688 3169 progenitus,
2730 3098 2785 3152 in
2837 3097 3181 3153 Cracoviensi
3206 3098 3423 3154 civitate
3461 3100 3618 3154 adul-

2005 3199 2091 3247 tus
2111 3192 2224 3263 jam
2265 3197 2421 3245 aetate
2451 3190 2648 3245 litteris
2684 3191 2753 3225 79°
2784 3191 2943 3245 datus
2973 3191 3096 3259 fuit,
3124 3208 3361 3264 eumque
3408 3193 3476 3227 ⁸⁰⁰
3505 3209 3619 3249 no-

2003 3297 2165 3337 verca
2203 3296 2300 3334 sua
2329 3280 2384 3333 in
2440 3279 2730 3335 Saxoniam
2772 3280 3084 3335 docendum
3124 3283 3462 3338 monasterio
3494 3297 3620 3338 mo-

2005 3373 2230 3429 nialium
2282 3373 2729 3429 transmandavit.
2792 3373 2865 3428 Eo
2934 3380 3183 3445 tempore
3245 3375 3479 3430 Setbeus
3546 3374 3617 3410 θοι

2003 3463 2279 3535 palatinus
2305 3479 2510 3527 comes,
2547 3463 2629 3517 vir
2658 3463 2727 3496 ⁸⁰²
2753 3463 2976 3534 sapiens
3002 3463 3208 3518 nobilis
3236 3471 3292 3519 et
3340 3463 3620 3521 formosus

2003 3560 2140 3621 erat,
2174 3553 2273 3607 sed
2303 3552 2526 3607 avaritia
2548 3558 2857 3618 excecatus,
2882 3553 3052 3606 multa
3069 3552 3316 3607 crudelia
3345 3562 3400 3608 et
3425 3552 3615 3624 inpor-

2002 3648 2191 3703 tabilia
2222 3646 2530 3703 exercebat.
2567 3646 2712 3701 Alios
2747 3645 2959 3701 scilicet
2985 3646 3078 3701 vili
3113 3647 3405 3703 occasione
3436 3654 3619 3702 trans-

1999 3739 2297 3806 vendebat,
2338 3739 2476 3794 alios
2540 3738 2609 3793 de
2660 3738 2836 3808 patria
2903 3738 3269 3809 propellebat,
3337 3738 3615 3812 ignobiles

1998 3845 2130 3885 vero
2160 3830 2229 3863 ⁸⁸³
2261 3827 2501 3883 nobilius
2528 3826 2887 3898 praeponebat
2913 3826 3002 3880 ⁸0⁸.

2002 3920 2155 3975 Unde
2177 3918 2330 3974 multi
2360 3918 2429 3953 ⁸⁸⁸
2448 3933 2545 3972 sua
2564 3923 2782 3988 sponte,
2819 3932 2928 3973 non
2957 3918 3130 3973 coacti
3148 3917 3453 3992 fugiebant.

1998 4012 2133 4077 Quia
2163 4011 2308 4066 idem
2340 4025 2461 4065 sese
2491 4009 2561 4044 ⁸⁰⁸
2600 4009 2711 4080 pati
2743 4010 2863 4065 sine
2893 4009 3054 4081 culpa
3084 4011 3428 4067 metuebant.

1630 4108 1851 4165 VARUE
1884 4111 2259 4167 LECTIONES.

1099 4178 1168 4213 ⁷⁸⁸
1200 4184 1344 4234 terre
1375 4180 1426 4234 3.
1516 4181 1585 4216 7‘9
1614 4182 1695 4236 sic
1725 4182 1777 4238 3.

349 4181 418 4216 ⁷⁸⁷
449 4178 939 4253 principalioribus
954 4177 1007 4234 3.

279 4327 495 4396 terjecto
522 4327 698 4394 spatio
736 4340 771 4378 a
797 4324 974 4396 capite
999 4329 1259 4396 pergunt.
1348 4323 1415 4357 ⁷⁸⁷
1449 4324 1619 4381 intale
1659 4324 1712 4380 2.

277 4394 469 4453 iisdem
498 4396 742 4451 ductibus
772 4395 1101 4449 scribuntur.
1196 4394 1265 4429 ⁷⁸⁸
1286 4397 1427 4449 deest
1458 4396 1505 4448 1.
1534 4398 1586 4450 2.

1873 4185 1942 4217 750

349 4185 418 4216 ⁷⁵⁷
449 4185 935 4253 principalioribus
954 4185 1007 4234 3.
1099 4185 1168 4213 ⁷⁸⁸
1200 4185 1344 4234 terre
1375 4185 1426 4234 3.
1516 4185 1585 4216 ⁷⁸⁸
1614 4185 1695 4236 sic
1725 4185 1777 4238 3.
1873 4185 1942 4217 ⁷⁷⁷0
1972 4190 2053 4239 est
2081 4185 2133 4237 2.
2223 4185 2289 4217 7"
2322 4185 2700 4238 Szeczecheus
2726 4185 2776 4237 3.
2873 4185 2943 4216 ⁷⁸³
2965 4185 3280 4252 preferebat
3311 4185 3361 4240 3.
3449 4185 3517 4217 ⁷⁸⁸
3545 4185 3606 4239 de

277 4258 356 4311 est
377 4252 430 4309 3.
502 4252 571 4287 7“
609 4266 886 4307 consensu
917 4250 967 4304 3.
1050 4251 1119 4286 ⁷⁵⁵
1146 4250 1471 4323 lugaverunt
1495 4253 1545 4307 3.
1625 4253 1695 4286 ⁷⁸⁸
1722 4256 2006 4326 inscriptio
2048 4256 2175 4309 edit.
2226 4256 2384 4309 Vars.
2421 4270 2479 4323 ρ.
2535 4254 2670 4316 134ς
2704 4253 2909 4307 codices
2938 4255 3143 4309 nullam
3171 4256 3379 4323 habent,
3403 4257 3492 4310 sed
3519 4259 3606 4310 in-

279 4327 495 4382 teriecto
522 4327 698 4382 spatio
736 4340 771 4378 a
797 4324 974 4382 capite
1000 4329 1249 4382 pergunt.
1348 4323 1415 4357 ⁷⁸⁷
1449 4324 1619 4381 intale
1659 4324 1712 4380 2.
1809 4327 1877 4360 ⁷⁸⁸
1917 4330 1997 4381 ita
2026 4326 2321 4381 emendavi.
2355 4324 2412 4377 P.
2455 4326 2598 4379 deest
2637 4325 2688 4381 3.
2724 4324 2923 4378 summi
2954 4329 3003 4378 1.
3039 4326 3094 4380 2.
3135 4327 3300 4381 stetin
3329 4334 3378 4382 et
3407 4329 3606 4382 summi

1816 4338 1877 4360 ’°"
1917 4338 1997 4381 ita
2026 4338 2321 4381 emendavi.
2356 4338 2412 4377 ν.
2455 4338 2598 4379 deest
2637 4338 2688 4381 3.
2724 4340 2923 4378 summi
2954 4338 3003 4378 1.
3039 4338 3094 4380 2.
3135 4338 3300 4381 stetin
3329 4338 3378 4382 et
3407 4338 3609 4383 summi

1669 4396 1739 4429 τσο
1774 4398 1918 4452 deest
1943 4399 1997 4453 2,
2032 4397 2240 4467 populo
2264 4396 2501 4465 priorem
2535 4397 2585 4450 3.

2223 4183 2289 4217 7"
2322 4181 2700 4238 Szeczecheus
2726 4181 2776 4237 3.
2873 4181 2943 4216 ⁷⁸³
2965 4181 3280 4252 preferebat
3311 4183 3361 4240 3.
3449 4184 3517 4217 ⁷⁵⁸
3545 4185 3613 4239 de

2421 4270 2479 4323 ρ.
2535 4254 2670 4316 134ς
2704 4253 2909 4307 codices
2938 4255 3143 4309 nullam
3171 4256 3379 4323 habent,
3403 4257 3492 4310 sed
3519 4259 3611 4310 in-

2680 4396 2746 4429 ⁷⁸¹
2791 4395 2979 4466 ibique
3007 4397 3036 4451 3
3140 4399 3208 4431 ⁷⁸²
3246 4400 3519 4466 quendam
3553 4401 3605 4454 3.

277 4470 427 4525 unda
466 4469 517 4523 1.
544 4468 598 4523 2.
630 4467 775 4538 quod
808 4467 1115 4538 elucidatur
1142 4467 1359 4520 lectione
1402 4468 1598 4524 Chron.
1637 4470 1815 4536 princ.
1872 4470 2213 4535 Polonorum,
2245 4468 2390 4537 quod
2418 4468 2573 4521 habet
2617 4467 2795 4521 Nacka
2826 4467 2907 4520 rel
2947 4468 3135 4521 Nakla.
3183 4467 3351 4523 Nakla
3382 4473 3608 4538 [)Iugos-

277 4557 369 4597 sus
399 4556 610 4610 quoque
635 4537 937 4610 adoptauit.
1015 4537 1083 4610 ⁷⁸³
1106 4538 1314 4610 palmas
1349 4539 1396 4592 1.
1438 4543 1489 4593 2.

276 4612 345 4647 ⁷⁸⁷
377 4608 560 4666 tamen
614 4611 663 4663 3.
749 4609 817 4643 ⁷⁸⁸
846 4609 983 4678 Drzy
1038 4608 1117 4664 3(
1174 4609 1243 4644 ⁷⁸⁸
1268 4609 1414 4663 vires
1465 4611 1516 4665 3.
1596 4610 1666 4644 ⁷⁷⁰
1700 4609 1793 4664 ubi
1839 4618 1871 4664 2

1571 4540 1638 4574 ⁷⁸⁸
1682 4539 2052 4595 inluctuosnm
2103 4556 2206 4609 pro
2236 4555 2284 4592 e.
2322 4538 2356 4591 l.
2386 4539 2438 4591 2.
2504 4539 2681 4592 7‘35die
2736 4539 2787 4591 1.
2832 4538 2885 4590 2.

2965 4538 3036 4612 ⁷⁸⁸
3052 4547 3155 4612 est
3208 4541 3519 4612 disruptum
3552 4543 3605 4597 3.

1990 4612 2055 4644 ⁷⁷⁷
2084 4610 2363 4665 extiterint
2404 4610 2436 4665 3
2535 4610 2604 4643 ⁷⁷³
2631 4610 2762 4673 Quis
2815 4609 2868 4664 2.
2958 4609 3028 4643 ⁷⁷⁸
3050 4609 3223 4664 XLme
3274 4613 3322 4666 3.
3366 4609 3380 4612 ⁷
3414 4613 3482 4646 ⁷⁷⁸
3512 4628 3611 4667 ex-

278 4682 496 4739 eruit2.
572 4681 641 4715 ⁷⁷⁸
663 4678 1065 4735 reservacionis
1091 4681 1123 4734 3
1206 4678 1356 4736 ⁷⁷⁸0.
1398 4697 1446 4736 c.
1480 4682 1522 4735 N
1572 4698 1679 4749 non
1712 4683 1909 4736 habent
1937 4684 2162 4745 codices,
2205 4685 2576 4749 argumentum
2607 4687 2684 4735 est
2705 4682 2835 4735 edit.
2874 4681 3032 4735 Vars.
3064 4696 3119 4750 p.
3148 4683 3271 4737 136.
3333 4684 3401 4716 ⁷⁷⁷
3431 4684 3615 4739 Bohe-

276 4756 384 4808 mis
412 4752 466 4808 3.
551 4752 621 4786 ⁷⁷⁸
653 4767 749 4822 pro
780 4752 793 4804 i
847 4768 899 4805 a.
923 4766 972 4807 e.
999 4752 1055 4804 P.
1093 4752 1129 4806 i.
1170 4752 1251 4806 W.
1287 4768 1335 4806 c.
1360 4767 1405 4805 s.
1433 4769 1477 4805 s.
1509 4752 1575 4806 Μ.
1615 4753 1771 4807 habet
1800 4752 1850 4809 3.
1898 4754 1942 4806 in

275 4825 345 4860 ⁷⁷⁸
378 4825 523 4879 deest
576 4821 609 4878 3
706 4822 777 4857 ⁷⁸⁰
806 4822 973 4876 Nakel
1030 4821 1082 4875 2.
1153 4822 1218 4856 ⁷⁸⁷
1255 4823 1398 4877 deest
1439 4823 1472 4876 2
1574 4824 1840 4879 7“castro
1889 4826 1942 4879 3.

314 4896 608 4966 apitantes.
703 4892 772 4927 ⁷⁸⁸
799 4894 953 4966 deest,
971 4893 1023 4966 3.
1110 4893 1179 4966 ⁷⁸⁸
1210 4894 1407 4949 iterum
1435 4894 1489 4950 2.
1567 4894 1636 4929 ⁷⁸⁸
1668 4896 2074 4966 prOperantes1

273 4912 608 5022 gapuanies.
710 4912 772 4927 ὀν
799 4912 943 4948 aeesr
971 4912 1023 4948 ό.
1210 4912 1407 4949 uerum
1435 4912 1489 4950 τ.
1519 4966 1538 4976 _
1574 4912 1636 4929 ὀυ
1668 4912 2013 4977 prOperante:

314 5009 327 5022 .
384 4967 429 5002 ⁸ο
469 4966 781 5021 habuerunt
808 4965 862 5019 2.
947 4965 1012 4998 ⁷⁸⁷
1046 4965 1350 5020 reduerunt
1380 4967 1431 5020 3.
1526 4967 1588 5001 ⁸⁸⁷
1613 4967 1929 5036 superbiam
1958 4968 2013 5022 3.

274 5040 334 5094 D.
364 5039 419 5095 Ζ.
452 5055 497 5093 r.
546 5040 734 5093 desunt
762 5040 822 5091 in
852 5037 1144 5102 codicibus,
1179 5042 1552 5103 argumentum
1605 5037 1734 5092 edit.
1786 5041 1945 5093 Vars.

1752 5109 1821 5142 ⁸⁰²
1852 5110 2075 5181 quidam
2108 5109 2268 5162 addit
2296 5110 2346 5161 1.
2383 5109 2607 5178 quidem
2639 5108 2799 5164 addit
2826 5110 2877 5165 3.
2909 5108 3015 5143 '3‘”
3041 5110 3185 5166 deest
3210 5110 3263 5167 3.
3324 5111 3391 5145 ⁸⁸⁸
3424 5111 3604 5182 prefe-

1031 5178 1101 5213 ⁸⁰⁶
1128 5194 1189 5233 se
1220 5180 1451 5234 alterum
1489 5178 1886 5251 superpositum
1907 5197 2073 5236 manu
2102 5182 2415 5235 correctoris
2443 5183 2497 5235 2

272 5110 343 5183 eoo
372 5109 693 5183 eumque},
778 5109 843 5183 ⁸⁸⁷
873 5107 1183 5183 Stephanus
1220 5109 1274 5183 2ἶ
1309 5107 1583 5164 Szeczeus
1611 5109 1661 5162 3.

272 5182 430 5239 rebat
456 5179 539 5237 3.’
597 5182 666 5217 ⁸⁸⁸
691 5179 864 5235 multa
890 5180 942 5233 3.

551 4752 621 4822 ⁷⁷⁸
653 4767 749 4822 pro
780 4751 793 4804 i
847 4768 899 4805 a.
923 4766 972 4807 e.
999 4751 1055 4822 Ρ.
1093 4751 1129 4806 i.
1170 4750 1251 4806 W.
1287 4768 1335 4806 c.
1360 4767 1405 4805 s.
1433 4769 1477 4805 s.
1509 4744 1577 4806 ΜῘ
1615 4753 1771 4807 habet
1800 4752 1850 4809 3.
1898 4744 2253 4809 inaeubilium
2276 4744 2535 4808 'evocatis
2565 4752 2647 4807 W.
2683 4753 2826 4807 circa
2856 4768 2901 4805 s.
2940 4744 3275 4822 sollempnia
3304 4754 3607 4809 Michaelis.

2584 4841 2654 4897 p_._
2672 4825 2827 4877 habet
2868 4833 3167 4897 nocturnas
3188 4826 3347 4897 quasi
3383 4826 3608 4882 umbras

2590 4895 2657 4969 is?
2680 4894 3228 4969 propuginaculurpgai
3260 4967 3269 4969 _
3313 4898 3382 4932 ⁷⁸⁸
3408 4897 3605 4953 fecisse

2578 4966 2647 4999 ⁷⁸⁸
2675 4966 2941 5021 discreeio
3006 4967 3059 5020 2.
3116 4967 3184 5001 ⁷⁸⁵
3206 4967 3272 5023 ad
3311 4969 3356 5022 1.
3400 4971 3449 5022 3.
3535 4969 3607 5003 ⁷⁸⁸

2714 5037 2782 5112 ⁷⁸⁸
2808 5038 3083 5112 Zgbigeuus
3132 5038 3185 5093 2.
3220 5110 3234 5112 _
3265 5038 3337 5112 ⁷³⁸
3354 5040 3519 5112 flectis
3540 5040 3600 5112 2.

2012 4826 2080 4857 ⁷⁸³
2107 4841 2204 4894 pro
2252 4841 2306 4878 n.
2363 4840 2396 4877 ιι
2462 4841 2516 4894 q.

2187 4895 2253 4927 ⁷⁸⁷
2280 4897 2423 4950 deest
2450 4894 2501 4949 3.

2118 4966 2187 5001 ⁷⁸³
2216 4966 2403 5020 matris
2435 4967 2486 5021 '2.

1999 5054 2057 5108 p.
2106 5036 2230 5100 138,
2307 5037 2373 5071 υτ
2396 5037 2536 5092 deest
2575 5036 2627 5091 3.

1832 5280 2038 5338 ΝΟΤΛΕ.

343 5355 489 5427 (122)
513 5353 763 5427 Przelium
801 5352 1085 5408 Wladislai
1112 5352 1331 5407 videtur
1356 5352 1579 5427 quidem
1602 5353 1654 5408 in
1688 5370 1884 5427 campo

314 5442 446 5497 rope
474 5425 836 5497 ‘Drezdenko.
881 5427 1121 5485 Driesen.
1166 5426 1542 5493 commissum,
1581 5442 1751 5497 quare
1781 5425 1885 5497 (Le-

291 5496 428 5552 ewel
476 5496 717 5553 consulit
766 5497 947 5564 legere
998 5497 1135 5549 Drzn
1189 5512 1302 5551 non
1342 5498 1511 5559 Drzu;
1548 5505 1631 5551 ast
1660 5496 1881 5564 ﬂuvius,

270 5513 428 5552 tewet
476 5513 717 5553 consulit
766 5513 813 5550 ιρ
857 5513 947 5550 ere
999 5513 1135 5549 urzn
1189 5513 1302 5551 non
1342 5513 1511 5559 urzu;
1548 5513 1631 5551 εει
1660 5513 1881 5564 ιιυνιιιε,

270 5568 365 5638 qui
394 5570 568 5623 estad
596 5513 971 5642 hancurgem,
997 5568 1193 5642 No_tec,_
1211 5570 1391 5642 Netze.
1420 5570 1530 5642 jam
1555 5568 1882 5642 a_Dlugosso

267 5645 529 5693 vocatur:
575 5638 818 5691 similius
875 5647 1023 5693 esset
1073 5638 1294 5694 lectioni
1350 5640 1472 5694 cod.
1513 5644 1559 5703 1,
1589 5640 1642 5693 2.
1679 5638 1881 5693 nomen

270 5707 421 5764 ﬂuvii
454 5708 630 5776 Drwa,
658 5712 857 5774 Drage,
889 5710 983 5780 qui
1032 5724 1204 5781 prope
1256 5711 1432 5765 Drzen
1466 5740 1531 5750 —
1562 5710 1881 5766 Drezdenko

1987 5354 2042 5407 in
2075 5352 2131 5428 ﬂ.
2164 5351 2331 5407 Notec
2353 5348 3035 5428 inciditL‘Sztlﬁpartbold
3066 5350 3243 5428 Gesch
3271 5369 3379 5428 von
3411 5354 3604 5428 Rugen

1986 5440 2041 5479 u.
2087 5424 2398 5487 Pommern,
2434 5440 2470 5488 ι,
2498 5422 2623 5476 428.
2657 5422 2723 5475 Κ.
2757 5423 2846 5476 Est
2870 5422 3036 5478 Netze
3066 5422 3285 5479 ﬂuvius.
3311 5426 3369 5483 P.

2058 5496 2197 5563 1123)
2230 5494 2593 5549 Probabiliter
2632 5493 2957 5549 hodiernum
2998 5495 3337 5564 Drezdenko,
3385 5501 3605 5553 Driesen

1986 5567 2177 5621 Drizen
2227 5566 2544 5631 Dlugossus,
2577 5582 2613 5627 ι,
2640 5566 2762 5620 321.
2797 5566 2852 5620 S.

2055 5639 2196 5706 (121)
2225 5638 2414 5702 Naklo,
2443 5638 2658 5695 Nackel.
2698 5638 2763 5692 ad
2800 5639 2857 5691 ﬂ.
2899 5638 3087 5694 Notec.
3120 5642 3295 5698 Netze.
3329 5642 3382 5696 S.
