3930 6052
349 274 446 330 881

354 399 462 454 Sed
485 399 580 470 qui
615 401 768 470 prius
797 399 1036 475 fugitivi,
1065 418 1165 473 per
1201 404 1420 460 diversa
1449 406 1812 480 vagabantur.

355 490 683 546 Brethizlavi
700 491 768 526 ⁸⁰⁷
783 492 939 548 ducis
950 493 1187 550 consilio
1203 495 1259 550 in
1272 496 1532 552 Bohemia
1545 507 1972 572 congregantur.

353 582 553 654 Sicque
597 583 666 617 ⁸0⁸
715 584 1085 640 Bohemorum
1150 587 1447 643 calliditate
1495 591 1760 660 quosdam
1795 592 1972 662 pretio

353 674 757 740 conduxerunt,
781 676 873 747 qui
903 676 1204 752 Zbigneum
1228 679 1297 713 ⁸⁰⁹
1324 679 1509 734 furtim
1540 681 1607 736 de
1635 682 1872 738 claustro
1903 683 1972 718 ⁸¹⁰

354 765 678 822 monialium
717 773 1088 823 extraxerunt.
1143 769 1384 840 Recepto
1417 788 1549 844 ergo
1601 773 1665 808 ³η
1706 773 1968 844 Zbigneo,

353 857 408 912 in
433 856 697 911 Bohemia
719 856 932 930 fugitivi
965 859 1299 932 legationem
1332 862 1401 896 ⁸¹²
1433 863 1488 917 in
1519 864 1640 919 haec
1679 865 1847 920 verba
1879 879 1975 921 co—

355 945 470 1000 miti
505 945 728 1001 mittunt
775 947 1000 1002 nomine
1030 948 1224 1021 Magno
1267 950 1336 984 ⁸¹³
1374 949 1817 1008 Wrotislavensi:
1863 957 1972 1010 Nos

353 1036 590 1107 quidem,
619 1053 788 1093 comes
840 1041 1035 1107 Magne
1073 1041 1141 1074 ⁸¹⁸
1174 1045 1541 1112 quoquomodo
1571 1046 1751 1100 Zethei
1773 1051 1968 1102 contu-

353 1129 542 1182 melias
589 1131 647 1182 in
675 1129 842 1183 emilio
877 1133 1048 1200 positi
1076 1133 1384 1199 toleramus,
1431 1135 1526 1190 sed
1563 1137 1685 1199 tibi,
1746 1137 1964 1206 Magne,

353 1221 442 1272 cui
461 1233 653 1272 nomen
682 1219 911 1273 ducatus
937 1223 1016 1273 est
1037 1221 1166 1289 plus
1197 1221 1448 1276 dedecori
1473 1224 1541 1257 ³¹⁵
1561 1241 1729 1294 quam
1754 1226 1964 1292 honori,

354 1311 763 1365 Iacrimabiliter
801 1311 872 1346 ⁸¹⁶
903 1313 1256 1380 condolemus,
1314 1331 1436 1370 cum
1467 1317 1700 1372 laborem
1729 1319 1967 1387 honoris,

354 1411 445 1456 nec
481 1401 550 1436 ⁸1⁷
603 1401 852 1458 honorem
906 1405 1124 1472 habeas,
1173 1422 1292 1461 cum
1343 1410 1640 1478 pristaldis
1682 1409 1830 1481 (125)
1875 1413 1971 1468 Ze-

353 1492 464 1546 thei
483 1491 552 1526 διδ
572 1492 848 1547 dominari
872 1509 978 1548 non
1005 1497 1238 1561 audeas;
1274 1496 1366 1550 sed
1397 1500 1446 1552 si
1459 1498 1657 1568 jugum
1687 1503 1970 1554 servitutis

354 1585 419 1638 de
456 1587 657 1640 cervice
709 1589 944 1642 volucris
995 1595 1256 1652 emcutere,
1313 1593 1518 1658 festina
1553 1607 1781 1663 puerum
1815 1611 1973 1664 quem

354 1677 607 1732 habemus
627 1679 685 1732 in
730 1680 958 1748 clipeum
986 1681 1320 1749 defensionis
1357 1687 1611 1754 recipere.
1648 1687 1711 1742 Et
1749 1688 1856 1743 hoc
1884 1695 1970 1744 to-

352 1775 468 1820 tum
501 1766 616 1821 Dux
673 1768 999 1824 Bohemicus
1051 1772 1408 1844 suggerebat,
1451 1775 1544 1846 qui
1576 1775 1813 1833 libenter
1863 1777 1973 1832 dis-

353 1854 598 1955 cordiam
646 1855 789 1955 inter
850 1859 1087 1916 Polonos
1147 1863 1472 1918 seminabat.
1549 1865 1661 1920 Hoc
1757 1867 2042 1955 audito.B

359 1946 588 2017 Magnus
636 1947 730 2002 diu
776 1949 1032 2020 inprimis
1084 1951 1370 2020 haesitavit,
1424 1955 1521 2009 sed
1561 1957 1971 2014 communicato

349 2039 588 2095 consilio
626 2041 930 2111 majoribus
957 2050 1013 2098 et
1064 2042 1312 2112 laudato,
1369 2047 1552 2102 verbis
1590 2064 1778 2104 eorum
1833 2049 1972 2105 reci-

354 2133 518 2204 piens
549 2134 846 2206 acquievit.

561 2227 663 2282 Pro
694 2243 804 2300 quo
827 2227 967 2284 facto
986 2229 1379 2298 Wladislavus,

560 2315 719 2371 Pater
746 2318 867 2386 ejus
896 2318 1273 2385 contristatur,

565 2404 672 2460 Sed
694 2406 762 2440 ⁸¹⁹
778 2406 1008 2462 Zetheus
1037 2424 1161 2462 cum
1203 2409 1395 2481 regina

565 2496 731 2552 Multo
750 2497 927 2568 magis
955 2498 1331 2554 conturbatur.

353 2587 525 2662 Igitur
556 2587 796 2662 legatum
829 2589 898 2624 ⁸²⁰
927 2589 1120 2664 Magno
1161 2590 1734 2664 Wratislaviensisque
1765 2593 1831 2628 εει
1860 2609 1968 2648 ma-

353 2676 615 2750 gnatibus
681 2678 760 2713 ⁸²ι
814 2677 1060 2753 regionis
1119 2680 1564 2749 transmiserunt,
1625 2682 1972 2738 sciscitantes

352 2770 487 2841 quid
521 2770 626 2826 hoc
678 2777 846 2835 esset,
892 2772 1042 2844 quod
1081 2772 1416 2848 Zbigncvum
1464 2775 1534 2809 ⁸³³
1562 2791 1684 2830 cum
1727 2775 1972 2849 fugitivis

349 2863 470 2916 sine
499 2863 670 2934 patris
699 2862 932 2934 imperio
987 2865 1346 2936 recepissent,
1394 2866 1441 2921 si
1473 2867 1540 2901 ⁸³⁵
1576 2867 1812 2922 rebelles
1856 2869 1972 2923 exi-

348 2963 494 3009 stere
524 2955 611 3010 vel
637 2955 866 3010 obedire
897 2955 1003 3011 sibi
1037 2958 1242 3014 vellent
1279 2958 1368 3012 ⁸²δ.
1401 2959 1477 3014 Ad
1519 2960 1640 3014 haec
1684 2960 1969 3016 Wratisla—

344 3047 563 3102 vienses
589 3048 922 3103 unanimiter
957 3049 1027 3084 ⁸³⁸
1059 3050 1484 3120 responderunt,
1515 3067 1625 3107 non
1651 3069 1711 3107 se
1735 3053 1964 3124 patriam

343 3142 657 3198 Bohemicis
683 3143 768 3198 vel
819 3144 888 3178 ⁸³⁷
919 3143 1115 3198 alienis
1157 3145 1482 3201 nationibus
1530 3147 1598 3180 ⁸³⁸
1649 3147 1964 3214 tradidisse,

345 3235 441 3289 sed
468 3235 680 3290 domini
705 3235 866 3291 ducis
899 3235 1070 3290 tilium
1089 3252 1333 3308 suosque
1373 3237 1636 3312 fugitivos
1667 3239 1965 3310 recepisse,
1996 3255 2044 3322 ρ

345 3342 579 3398 seseque
607 3327 678 3362 ⁸³⁸
697 3327 1024 3382 veldomino
1057 3327 1182 3382 duci
1221 3328 1583 3402 legitimoque
1614 3329 1728 3385 filio
1756 3346 1857 3385 suo
1897 3329 1966 3364 ⁸³⁰

347 3415 633 3470 Bolezlavo
682 3415 740 3468 in
794 3415 1055 3470 omnibus
1101 3422 1155 3470 et
1195 3432 1296 3486 per
1340 3416 1528 3470 omnia
1567 3416 1808 3471 fideliter
1862 3417 1968 3472 ob-

345 3502 524 3568 edire,
564 3503 662 3557 sed
718 3502 922 3557 Setheo
970 3503 1198 3574 suisque
1253 3503 1411 3558 malis
1461 3504 1726 3575 operibus
1787 3504 1967 3560 modis

345 3591 607 3646 omnibus
637 3589 931 3644 contraire.
992 3589 1234 3661 P0pulus
1278 3599 1462 3646 autem
1497 3591 1740 3665 legatum
1773 3593 1839 3628 ⁸³¹
1891 3592 1967 3648 la-

352 3685 542 3755 pidare
583 3683 803 3739 volebat
858 3684 948 3752 33’,
1003 3684 1134 3756 quia
1185 3685 1372 3740 Sethei
1421 3695 1606 3756 partes
1654 3685 1809 3741 falsis
1845 3703 1965 3742 am-

350 3777 587 3852 bagibus
615 3777 976 3832 defendebat.

421 3869 574 3924 Unde
601 3868 832 3924 multum
858 3869 1226 3924 Wladislavus
1254 3869 1325 3905 ⁸³³
1355 3869 1694 3942 indignatus,

423 3961 485 4016 Et
513 3961 750 4016 Setheus
769 3961 847 4016 ira
879 3960 1044 4015 nimis
1071 3960 1466 4026 inﬂammatus,

349 4055 737 4110 Wladislavum
779 4055 1029 4129 Ungarize
1081 4071 1267 4128 regem
1328 4063 1383 4110 et
1443 4055 1844 4110 Brethislavum
1899 4056 1968 4090 ⁸³⁸

351 4143 629 4200 Βοιιθιηίεε
669 4143 867 4198 ducem
913 4143 970 4196 in
1013 4142 1276 4198 auxilium
1318 4143 1425 4198 sibi
1471 4150 1663 4199 contra
1707 4145 1777 4178 ⁸⁸⁵
1805 4142 1966 4199 Wra-

351 4235 736 4290 thislavienses
764 4234 1296 4301 mandaverunt(an.
1334 4236 1513 4304 1093),
1546 4235 1693 4290 unde
1741 4235 1865 4306 plus
1899 4234 1970 4270 ⁸³⁸

354 4327 644 4382 dedecoris
669 4334 724 4381 et
751 4325 978 4396 dampni
1028 4341 1191 4396 quam
1227 4326 1456 4381 honoris
1493 4334 1548 4382 et
1596 4325 1828 4398 proficui
1869 4327 1968 4381 ha-

350 4421 588 4476 buerunt
628 4419 788 4489 (126).
815 4419 945 4473 Nam
980 4419 1242 4474 Setbeum
1275 4420 1342 4454 ⁸³⁷
1374 4436 1466 4474 rex
1497 4420 1858 4476 Wladislavus
1899 4418 1968 4455 ⁸³⁸

349 4509 592 4565 vinctum
629 4525 814 4564 secum
857 4525 914 4564 in
946 4508 1235 4581 Ungariam
1281 4515 1712 4580 transportasset
1768 4509 1859 4576 33°,
1910 4507 1964 4562 ni

1709 282 1896 337 LIBER
1937 283 2291 340 SECUNDUS.

3583 285 3691 340 88?.

1995 416 2049 482 Α
2078 411 2322 482 Cumque
2359 410 2529 466 nichil
2585 410 2650 445 3“
2678 409 2876 465 virtute
2921 415 3112 465 contra
3166 407 3690 465 Wrathislavienses

2075 499 2385 570 potuissent
2423 497 2715 570 proficere,
2767 497 2899 570 quia
2944 497 3028 552 sui
3070 504 3262 552 contra
3301 513 3433 552 suos
3479 496 3691 553 bellum

2073 606 2266 663 gerere
2305 589 2633 655 noluissent,
2665 605 2858 660 pacem
2905 587 3110 642 invitus
3139 589 3209 623 ⁸⁸³
3237 603 3360 642 cum
3391 586 3503 642 ﬁlio
3538 593 3693 658 pater

2074 683 2223 749 fecit,
2257 699 2494 754 eumque
2531 688 2660 736 tunc
2692 682 2926 752 primum
2960 697 3122 735 suum
3157 679 3332 736 ﬁlium
3363 679 3685 750 appellavit.

2077 771 2346 827 Reversus
2383 771 2601 826 interim
2642 771 2713 826 de
2763 770 2990 826 Polonia
3029 769 3119 836 “3,
3176 783 3285 840 quo
3327 767 3546 842 fugerat
3585 767 3685 823 Se-

2071 861 2254 928 theus,
2280 861 2517 929 majores
2544 861 2686 915 inter
2729 875 2827 916 eos
2861 859 3063 915 callide
3098 859 3384 930 promissis
3413 866 3468 914 et
3492 874 3688 914 mune-

2074 951 2227 1006 ribus
2255 951 2636 1023 attemptabat,
2669 967 2877 1024 eosque
2922 952 3012 1019 ⁸⁵⁸,
3058 950 3323 1022 paulatim
3381 949 3436 1004 in
3476 957 3687 1022 partem

2071 1039 2391 1094 inflectebat
2439 1040 2514 1094 Ad
2548 1047 2854 1095 extremum
2878 1054 3007 1095 vero
3032 1038 3286 1110 pluribus
3317 1037 3534 1093 inﬂexis
3562 1055 3688 1094 cum

2070 1129 2312 1185 exercitu
2342 1130 2449 1185 dux
2481 1131 2845 1186 Wladislavus
2897 1131 2967 1186 ad
3021 1129 3214 1186 urbem
3272 1129 3692 1185 Wratislavien-

2069 1238 2185 1276 sem
2217 1222 2517 1277 accedebat
2547 1223 2634 1288 3‘5,
2664 1223 2892 1294 jamque
2913 1225 2982 1258 ⁸⁵⁵
3012 1229 3189 1278 castra
3211 1221 3317 1276 sibi
3347 1221 3564 1277 reddita
3591 1237 3692 1294 per

2071 1314 2360 1370 circuitum
2385 1315 2703 1383 obtinebat;
2731 1315 3010 1389 Zbigncus
3027 1314 3484 1370 verovidenssibi
3501 1329 3691 1385 proce-

2071 1425 2158 1465 res
2184 1409 2334 1465 intus
2371 1418 2426 1466 et
2459 1417 2612 1466 extra
2651 1409 2948 1477 defecisse,
2979 1411 3179 1465 durum
3208 1409 3610 1484 8“intelligens
3629 1426 3688 1466 se

2072 1507 2261 1556 contra
2315 1500 2598 1556 stimulum
2651 1500 2987 1564 calcitrasse,
3049 1499 3197 1572 vulgi
3257 1498 3386 1554 ﬁdei
3450 1501 3688 1572 vitaeque

2071 1604 2185 1643 suae
2220 1587 2504 1656 diffidens,
2547 1589 2616 1643 de
2661 1596 2824 1644 nocte
2873 1587 3033 1663 fugit,
3065 1588 3394 1662 fugiensque
3451 1596 3686 1644 castrum

2074 1679 2324 1735 Crusvicz
2357 1681 2448 1747 ⁸⁵⁸,
2477 1679 2746 1735 militibus
2772 1681 3124 1751 opulentum,
3174 1678 3243 1734 ab
3279 1679 3576 1750 oppidanis
3606 1695 3688 1734 re-

2072 1782 2266 1844 ceptus
2290 1773 2556 1830 introivit.

2213 1866 2266 1921 5.
2302 1867 2493 1922 Castra
2530 1865 2802 1920 Cruszwic
2830 1871 3143 1936 expugnato
3175 1871 3226 1920 et
3253 1866 3424 1921 deleto
3451 1867 3540 1922 8".

2141 1961 2206 2012 At
2237 1964 2390 2027 pater
2433 1957 2630 2012 dolens
2667 1973 2792 2011 eum
2851 1958 3082 2028 impune
3131 1957 3214 2012 sic
3251 1957 3516 2025 evasisse,
3554 1957 3686 2013 Cru-

2071 2053 2376 2108 svicienses
2411 2067 2648 2123 eumque
2706 2057 2894 2107 contra
2925 2067 2985 2106 se
3011 2051 3193 2122 ipsum
3219 2053 3522 2124 recepisse,
3561 2069 3685 2110 cum

2072 2145 2267 2201 eodem
2299 2144 2541 2200 exercitu
2572 2143 2911 2218 Zbignevum
2946 2143 3250 2219 fugientem
3295 2145 3366 2180 ⁸⁵⁰
3393 2147 3685 2218 prosequi-

2071 2243 2178 2302 tur,
2212 2235 2452 2306 totisque
2491 2234 2701 2291 viribus
2732 2235 3116 2291 Crusviciense
3150 2243 3390 2290 castrum
3423 2237 3681 2310 aggredi-

2069 2337 2174 2386 tur.
2209 2329 2517 2404 Zbignevus
2544 2343 2674 2384 vero
2705 2337 3008 2384 convocata
3033 2328 3100 2362 ⁸⁵ι
3132 2326 3488 2382 multitudine
3515 2343 3685 2402 paga-

2069 2434 2284 2484 norum,
2354 2417 2675 2488 habensque
2718 2423 2928 2487 septem
2979 2415 3129 2470 acies
3191 2413 3681 2485 Crusviciensium,

2067 2509 2260 2563 exiens
2284 2508 2354 2563 de
2375 2515 2553 2563 castro
2579 2524 2701 2563 cum
2737 2514 2892 2578 patre
2938 2507 3007 2542 ⁸⁵³
3049 2506 3350 2574 dimicavit,
3377 2507 3476 2562 sed
3500 2507 3684 2576 justus

2065 2600 2238 2670 judex
2270 2600 2412 2654 inter
2442 2610 2651 2672 patrem
2683 2606 2738 2655 et
2785 2598 2957 2655 filium
2993 2599 3281 2670 judicavit.
3326 2598 3405 2652 lbi
3443 2613 3684 2670 namque

2073 2689 2278 2744 bellum
2311 2689 2434 2760 plus
2462 2705 2625 2761 quam
2659 2689 2819 2745 civile
2849 2689 2990 2760 (127)
3010 2689 3212 2746 factum
3252 2689 3376 2757 fuit,
3398 2687 3496 2743 ubi
3535 2687 3685 2744 filius

2072 2785 2337 2840 adversus
2366 2793 2596 2856 patrem,
2641 2791 2696 2840 et
2727 2785 2896 2840 frater
2927 2794 3119 2840 contra
3158 2783 3381 2841 fratrem
3408 2800 3560 2838 arma
3584 2799 3685 2838 ne-

2073 2875 2238 2931 fanda
2263 2876 2407 2932 tulit.
2444 2877 2542 2943 lbi,
2563 2892 2748 2948 spero,
2781 2876 2948 2931 miser
2973 2875 3282 2948 Zbignevus
3311 2885 3538 2947 paterna
3565 2891 3687 2931 ma-

2071 2968 2370 3024 ledictione
2409 2968 2557 3040 quod
2598 2969 2842 3024 futurum
2881 2975 2997 3024 erat
3051 2969 3386 3041 promeruit;
3421 2967 3498 3022 ibi
3549 2983 3683 3024 vero

2071 3057 2215 3112 Deus
2261 3059 2618 3129 omnipotens
2675 3057 3010 3113 Wladislavo
3058 3057 3184 3113 duci
3242 3055 3684 3113 misericordiam

2069 3155 2272 3205 tantam
2304 3150 2453 3217 fecit,
2479 3149 2628 3222 quod
2661 3149 3121 3206 innumerabilem
3155 3150 3224 3206 de
3257 3149 3512 3206 hostibus
3541 3149 3685 3204 mul-

2069 3238 2357 3294 titudinem
2392 3237 2687 3303 interfecit,
2717 3246 2771 3294 et
2796 3239 2866 3294 de
2880 3239 3113 3294 suissibi
3143 3238 3506 3310 paucissimos
3527 3251 3676 3292 mors

2066 3327 2290 3381 ademit.
2333 3327 2562 3381 Tantum
2594 3327 2743 3382 enim
2776 3325 3005 3381 humani
3036 3326 3252 3382 cruoris
3294 3343 3546 3396 sparsum
3577 3324 3680 3382 fuit

2069 3427 2392 3492 tantumque
2425 3421 2751 3475 cadaverum
2806 3421 3072 3476 inlacum
3125 3421 3194 3456 "3
3217 3420 3443 3476 castello
3499 3420 3681 3476 conti-

2066 3525 2234 3582 guum
2271 3508 2496 3578 corruit,
2534 3509 2680 3580 quod
2730 3525 2795 3564 ex
2851 3525 2918 3565 eo
2971 3517 3220 3580 tempore
3275 3509 3484 3580 piscem
3533 3508 3683 3564 illius

2065 3615 2225 3670 aquae
2241 3599 2532 3656 comedere
2555 3598 2792 3670 quisque
2822 3599 3005 3655 bonus
3019 3597 3355 3654 christianus
3371 3597 3677 3654 exhorruit.

2064 3692 2262 3763 Sicque
2293 3689 2568 3756 Crusvicz,
2599 3689 2809 3744 divitiis
2840 3689 2995 3761 prius
3025 3688 3094 3723 '5‘
3130 3694 3187 3743 et
3223 3687 3498 3743 militibus
3538 3703 3683 3758 opu-

2064 3783 2294 3848 lentum,
2325 3781 2393 3836 ad
2417 3781 2586 3836 instar
2607 3779 3178 3851 piene-desolationis
3225 3786 3309 3835 est
3366 3780 3677 3836 redactum.

2068 3871 2240 3946 Igitur
2275 3870 2549 3945 Zbigneus
2587 3871 2642 3924 in
2673 3877 2910 3925 castrum
2967 3869 3188 3944 fugiens
3215 3885 3338 3926 cum
3395 3868 3677 3942 paucissi-

2067 3963 2172 4018 mis
2200 3962 2270 3997 ⁸⁵⁵
2301 3961 2586 4028 liberatus,
2640 3968 2821 4016 utrum
2853 3961 2924 3996 ⁸⁸⁸
2953 3961 3120 4016 vitam
3173 3961 3370 4032 perdat
3397 3976 3466 4014 an
3505 3971 3684 4014 mem-

2069 4055 2292 4110 brorum
2323 4053 2545 4126 aliquod
2601 4061 2688 4108 est
2730 4052 2992 4109 incertus.
3043 4054 3108 4108 At
3171 4059 3327 4124 pater
3375 4051 3684 4123 juventutis

2069 4147 2351 4202 stultitiam
2403 4161 2512 4202 non
2558 4146 2855 4213 ulciscens,
2904 4161 2973 4201 ne
3013 4145 3243 4219 paganis
3295 4145 3558 4200 dubitans
3595 4145 3682 4200 vel

2069 4240 2268 4295 alienis
2284 4239 2545 4313 gentibus
2557 4239 2888 4303 adhaereret,
2913 4238 3064 4292 unde
3086 4238 3153 4272 ⁸⁵⁷
3177 4237 3355 4312 magis
3372 4236 3680 4308 periculum

2069 4331 2385 4386 immineret
2413 4346 2510 4402 pro
2552 4331 2676 4385 vitze
2709 4329 3196 4400 membrorumque
3247 4329 3424 4382 salute
3453 4328 3682 4398 quaesita

2070 4419 2179 4474 fide
2209 4435 2476 4476 concessa
2505 4419 2596 4484 ⁸⁸⁸,
2631 4433 2812 4472 secum
2862 4416 3013 4472 illum
3069 4415 3125 4469 in
3156 4414 3450 4470 Mazoviam
3493 4424 3677 4469 trans-

2073 4512 2326 4584 portavit,
2354 4526 2594 4581 eumque
2625 4525 2847 4564 carcere
2875 4508 2931 4562 in
2963 4515 3143 4563 castro
3170 4506 3357 4562 Scthei
3379 4506 3679 4578 aliquando

351 4613 450 4669 pro
479 4597 549 4632 ⁸⁴⁰
577 4598 751 4653 salute
777 4614 900 4654 cum
949 4599 1176 4669 parvulo
1227 4599 1510 4654 Bolezlavo
1555 4575 2042 4674 transtgisset.D
2069 4575 2317 4670 tempore
2365 4597 2679 4653 maceravit.
2739 4597 2930 4652 Postea
2994 4610 3122 4650 vero
3157 4595 3214 4649 in
3263 4593 3678 4650 consecratione

1687 4701 1906 4756 VARUS
1937 4701 2310 4757 LECTIONES.

424 4796 491 4831 ⁸⁰⁷
533 4796 803 4851 Brzeczlai
833 4797 884 4851 3.
964 4796 1034 4831 ⁸ο·
1060 4796 1302 4852 ideoaue
1327 4798 1378 4852 3.

1471 4797 1540 4872 3°_°
1572 4797 1873 4872 S_bigneum
1903 4799 1957 4853 2.
2017 4800 2110 4872 ί⁸¹⁰
2149 4795 2567 4872 monasterio}.

2662 4795 2727 4829 3“
2761 4795 2906 4850 deest
2948 4793 3000 4850 3.
3089 4794 3159 4828 ⁸³³
3182 4793 3584 4864 letagacionem
3615 4793 3673 4848 2-

351 4867 421 4902 ⁸¹³
450 4868 686 4934 Quorum
706 4868 757 4921 3.
825 4868 895 4903 ⁸³⁸
920 4868 1062 4923 deest
1091 4866 1144 4924 3.
1185 4865 1255 4903 ⁸1⁸
1286 4867 1474 4924 decori
1505 4868 1555 4922 1.
1590 4870 1642 4922 2.
1672 4865 1730 4924 3.
1764 4869 2026 4926 dedecori
2061 4874 2260 4924 rectius
2290 4870 2449 4924 habet
2470 4869 2666 4924 Chron.
2696 4868 2872 4936 princ.
2901 4867 3084 4920 Polon.
3119 4867 3202 4920 ed.
3249 4866 3457 4921 Stenzel
3492 4882 3548 4934 p.
3581 4865 3670 4920 65-

355 4939 425 4973 ⁸³⁸
465 4938 887 4994 lacrimabilitus
909 4939 964 4992 2.

357 5011 728 5080 gnatibusque
756 5011 808 5064 3.

355 5081 424 5115 ³²⁹
444 5098 617 5152 seque
655 5083 708 5134 3.
777 5081 848 5115 ⁸³⁰
869 5080 993 5150 ejus
1019 5081 1071 5136 3.
1104 5080 1129 5083 ”“
1155 5080 1220 5116 ³³¹
1243 5081 1474 5137 obedire
1505 5083 1664 5139 addit
1701 5099 1913 5139 erronee
1941 5084 1975 5138 ‘2
2027 5084 2120 5136 sed
2159 5089 2283 5152 post
2307 5081 2516 5136 deterit.
2603 5081 2672 5114 ⁸³³
2703 5081 2847 5136 deest
2876 5081 2910 5133 3
3011 5080 3082 5113 ⁸³³
3103 5080 3268 5134 nimis
3306 5080 3670 5132 Wladislavus

355 5168 558 5237 pro’m.
705 5151 903 5237 3.“.33‘
936 5153 1354 5237 Brzeczltaumn3;
1379 5224 1389 5234 ο
1441 5153 1515 5237 ξδδ
1546 5155 1600 5237 in
1629 5157 1757 5237 3.”
1787 5155 1856 5237 *ξπ
1876 5155 2020 5237 deest
2186 5153 2252 5237 337.
2282 5153 2550 5236 Zecheum
2595 5153 2639 5237 εξ
2681 5224 2693 5237 _
2731 5151 2799 5186 ⁸³⁸
2821 5169 2864 5206 r.
2889 5151 3209 5237 ’Wg‘desunt
3229 5151 3282 5205 3.
3307 5148 3433 5237 Mm
3457 5149 3602 5237 deest

768 5223 836 5258 9“
870 5237 980 5278 nou
1014 5224 1098 5278 vel
1150 5224 1203 5278 3.
1282 5225 1352 5258 3"
1378 5224 1526 5278 intus
1561 5225 1596 5278 2
1689 5226 1758 5260 ⁸⁸³
1783 5225 1851 5280 de
1882 5226 2006 5280 loco
2052 5227 2348 5279 Chronico»
2384 5227 2564 5293 princ.
2598 5224 2779 5278 Polon.
2839 5223 2922 5277 ed.
2958 5223 3170 5278 Stonzrl
3199 5237 3256 5291 p.
3305 5223 3375 5275 66
3482 5223 3551 5254 ³⁴⁴
3579 5235 3674 5274 eos

768 5293 908 5350 :edat
935 5294 989 5349 3.
1064 5295 1134 5328 ⁸⁵⁸
1154 5296 1266 5364 jam
1313 5293 1366 5350 3.
1466 5296 1533 5330 “7
1565 5296 1744 5351 dirum
1797 5297 1849 5352 2.
1931 5297 1999 5332 ⁸⁴⁸
2021 5295 2316 5351 Cruszwicz
2361 5297 2393 5348 3
2446 5310 2755 5365 semperque
2783 5296 2921 5349 hanc
2946 5293 3390 5362 orthographiam
3414 5293 3674 5365 observat.

355 5168 456 5222 pro
488 5151 558 5207 [ιι.
591 5152 672 5205 W.
705 5152 758 5206 3.
835 5151 903 5186 ⁸³⁴
936 5153 1279 5207 Brzeczlaum
1302 5153 1354 5206 3.
1445 5153 1515 5188 ⁸³⁵
1546 5155 1600 5207 in
1629 5157 1680 5210 3.

355 5223 425 5258 °‘°
450 5224 594 5279 deest
625 5224 680 5278 2.

357 5297 406 5350 1.
439 5295 492 5349 2.
581 5294 651 5329 ⁸³⁸
681 5293 908 5350 accedat
935 5294 989 5349 3.
1064 5295 1134 5328 ⁸⁵⁸
1154 5296 1266 5364 jam
1313 5293 1366 5350 3.

1053 4939 1120 4974 ⁸1⁷
1143 4954 1252 4994 non
1303 4939 1355 4995 3.
1432 4939 1502 4974 ⁸¹⁸
1527 4939 1760 4996 Zetheus
1789 4942 1840 4994 1.
1889 4942 1943 4996 2.
1983 4942 2034 4996 3.

905 5009 975 5083 1’3
1003 5009 1306 5083 Sbigneum
1356 5011 1410 5083 2.
1453 5011 1506 5066 3.
1578 5011 1646 5045 ⁸²⁶
1675 5012 1772 5067 sed
1803 5013 1856 5067 1.
1889 5013 1942 5066 2.
1975 5011 2025 5069 3.
2112 5012 2182 5046 ⁸³³
2208 5010 2414 5083 vellent
2456 5012 2504 5064 1.

2131 4943 2200 4976 ⁸¹⁹
2226 4949 2281 4995 οι
2318 4941 2371 4993 2.
2449 4938 2520 4972 ⁸²⁰
2548 4939 2726 4995 legato
2748 4937 2801 4994 3.
2885 4937 2950 4972 ⁸²¹
2988 4937 3274 4992 Wratislao
3294 4936 3345 4990 3.
3457 4938 3528 4971 m
3547 4951 3672 4990 ma-

2625 5007 2672 5044 :s
2697 5009 2839 5063 άεεει
2869 5008 2920 5064 3,
3002 5008 3070 5042 ⁸³⁷
3097 5017 3153 5064 et
3205 5009 3256 5064 3.
3330 5007 3398 5042 ⁸³⁸
3425 5007 3570 5061 deest
3618 5008 3672 5062 3.

2159 5089 2283 5152 post
2307 5081 2516 5136 deterit.
2603 5081 2672 5114 ⁸³³
2703 5081 2847 5152 deest
2876 5081 2958 5152 3W
3011 5079 3082 5152 δῗε
3103 5079 3268 5152 nimis
3306 5077 3675 5152 Wladislavus

3199 5237 3256 5291 p.
3305 5220 3375 5275 66
3482 5219 3551 5254 3“
3579 5235 3676 5274 eos

351 5365 419 5401 “'
447 5369 790 5433 argumentat
814 5366 1096 5420 edit.Vars
1147 5383 1202 5434 p.
1242 5365 1363 5432 14-1,
1392 5367 1597 5421 codices
1623 5385 1727 5423 non
1758 5369 1932 5435 habet,
1962 5384 2064 5422 sec.
2099 5371 2147 5423 1.
2180 5367 2216 5420 2
2279 5369 2624 5435 interponunt
2638 5364 2880 5436 spacium
2909 5380 3035 5419 vero
3063 5380 3168 5418 uno
3210 5365 3420 5436 habitu,
3447 5377 3556 5416 non
3584 5364 3676 5436 in-

346 5438 554 5510 cipiens
583 5438 815 5510 aAcapite
837 5440 1034 5510 pergit.
1098 5435 1496 5510 3‘°ﬁfugien_s_3.
1565 5439 1634 5474 ⁸⁵¹
1663 5440 1956 5495 commixta
1991 5441 2042 5494 3.
2121 5439 2190 5474 ⁸⁵³
2221 5453 2354 5508 pace
2384 5437 2435 5492 2.
2479 5439 2530 5492 3.
2607 5437 2677 5472 ⁸⁵³
2702 5437 2755 5510 i.
2790 5439 2825 5492 l.
2867 5437 3062 5510 desunt
3089 5436 3140 5489 3.

1377 5508 1444 5543 “7
1475 5525 1646 5564 unum
1680 5512 1730 5564 1.
1755 5511 1792 5564 2
1845 5511 1897 5568 3.
1938 5505 2234 5581 recepimus
2257 5510 2530 5565 lectionem
2557 5509 2838 5564 Bandtkii.
2923 5507 2992 5542 ⁸⁵⁸
3017 5519 3281 5562 concesse
3301 5505 3354 5560 3.

349 5507 420 5542 ⁸⁵⁵
449 5517 536 5562 est
557 5506 717 5561 addit
746 5507 800 5563 3.
884 5507 956 5541 ⁸⁵⁸
983 5508 1128 5562 deest
1157 5509 1183 5561 1
1241 5506 1296 5563 2".

3229 5434 3299 5469 ⁸⁵⁸
3333 5434 3572 5504 primum
3615 5432 3671 5487 3.

1910 5609 2119 5666 ΝΟΤᾹΞ.

423 5676 570 5746 (125)
603 5675 643 5729 Ι.
678 5691 728 5730 c.
763 5677 1199 5732 exsecutoribus.
1227 5677 1286 5730 K.

429 5747 572 5816 (I26)
605 5747 774 5802 Aliter
789 5746 1032 5816 Cosmas,
1065 5765 1144 5815 ιιι,
1180 5748 1228 5802 1.
1273 5749 1329 5802 Κ.

2143 5679 2284 5749 (I27)
2316 5678 2493 5734 Lucan
2553 5678 2789 5734 Pharsal.
2827 5697 2865 5744 ι,
2896 5677 2944 5729 1.
2981 5676 3040 5732 K.
