3948 6044
193 227 308 281 885

1579 225 1770 282 LIBER
1809 223 2164 281 SECUNDUS.

3429 228 3536 286 886

190 351 292 406 illa
318 351 440 407 vice
492 353 706 422 partem
761 349 1014 407 Moraviaa
1053 351 1348 407 maximam
1399 351 1810 418 destruxerunt,
1838 354 1890 422 Α
1914 367 2039 406 eum
2070 349 2262 422 paucis
2289 357 2459 407 teram
2494 351 2736 408 hostium
2770 351 3057 420 introibat,
3101 352 3356 426 villisque
3380 371 3533 412 com-

193 445 443 518 indeque
465 445 710 516 praedam
737 445 966 502 multam
989 454 1045 502 et
1073 447 1319 518 captivos
1349 447 1698 504 adduxerunt
1721 448 1812 518 9“,

193 555 263 594 ac
281 538 403 594 sine
433 537 567 592 belli
598 537 919 592 discrimine
940 537 1029 592 vel
1063 537 1278 592 itineris
1307 539 1610 596 redierunt.

377 631 462 687 11.
495 631 805 686 Botezlauus
846 645 986 700 puer
1021 632 1296 698 interfecit
1321 647 1520 702 aprum
1547 631 1638 686 ⁹¹⁸.

192 720 362 776 Multa
394 735 612 792 possem
645 721 716 774 de
753 719 986 776 audacia
1014 721 1179 790 hujus
1204 721 1358 792 pueri
1395 722 1735 794 scriptitare.

193 811 310 866 Nisi
339 815 557 882 tempus
580 811 694 880 jam
730 810 960 866 instaret
999 811 1068 866 ad
1114 827 1385 867 summam
1443 813 1630 884 operis
1678 829 1816 886 pro;

1511 905 1748 978 [perare.

192 992 400 1047 Tamen
411 991 482 1027 9“
497 990 778 1064 quoddam
803 991 860 1046 in
880 992 1097 1048 occulto
1119 1009 1228 1049 non
1247 994 1559 1065 permittam
1583 994 1816 1063 latitare,

191 1085 329 1141 Cum
359 1085 434 1140 sit
459 1085 689 1160 dignum
719 1087 789 1140 ad
819 1086 1132 1157 exemplum
1166 1086 1458 1158 probitatis
1482 1089 1726 1144 rutilare.

195 1177 442 1242 Quadam
470 1179 592 1233 vice
624 1193 764 1248 puer
792 1177 979 1233 Martis
1007 1178 1077 1232 ad
1101 1179 1454 1252 gentaculum
1480 1181 1550 1216 ⁹¹⁶
1577 1181 1634 1234 in
1677 1179 1817 1235 silva

197 1272 479 1340 residens,
507 1288 704 1344 aprum
731 1273 1030 1328 immanem
1063 1281 1439 1328 transeuntem
1479 1289 1543 1330 ae
1569 1274 1815 1330 densita-

194 1369 304 1418 tem
349 1361 502 1418 silvae
529 1361 862 1416 subeuntem
895 1359 1054 1425 vidit,
1101 1377 1271 1432 quem
1298 1362 1482 1417 statim
1510 1363 1580 1418 de
1623 1379 1818 1420 mensa

1919 444 2095 500 bustis
2149 445 2396 516 captivos
2443 449 2498 499 et
2539 445 2779 516 pmdam
2831 445 3156 502 adducebat.
3217 447 3334 502 Jam
3385 448 3536 504 enim

1919 533 2180 590 ducatum
2211 533 2718 590 Wratislaveusem.
2765 549 2904 604 puer
2930 541 3113 602 aetate,
3144 550 3316 590 senex
3347 537 3536 607 probi-

1919 633 2029 680 tate
2053 625 2348 693 retinebat,
2383 625 2620 681 necdum
2661 630 2844 680 tamen
2896 625 3133 682 militare
3163 627 3232 661 ⁰²⁹
3273 627 3535 702 gaudium

1919 719 2242 792 attingebat.
2280 718 2433 774 Unde
2464 718 2594 790 quia
2611 734 2741 790 spes
2767 717 2821 772 in
2853 733 2918 774 eo
2933 718 3156 787 juvenis
3179 719 3340 775 bonae
3367 720 3534 778 indo-

1922 810 1990 864 lis
2020 809 2324 881 pullulabat
2360 809 2451 876 θδο,
2475 809 2704 882 jamque
2741 825 3004 882 magnum
3046 808 3112 844 93‘
3159 809 3216 864 in
3249 826 3317 866 eo
3342 811 3534 884 gloria:

1923 902 2140 976 signum
2189 901 2445 958 militaris
2501 902 2820 973 apparebat,
2863 917 3058 958 omnes
3096 917 3222 958 eum
3255 902 3537 975 principes

1923 994 2230 1068 diligebant
2251 995 2380 1067 quia
2415 994 2656 1051 futurum
2687 994 2746 1049 in
2791 1009 2858 1050 eo
2883 1009 3144 1068 magnum
3175 993 3385 1066 aliquid
3407 1011 3532 1066 per-

1921 1083 2240 1156 pendebant

2119 1174 2200 1229 14.
2241 1174 2550 1229 Boleslavus
2597 1178 2920 1229 Pomoranos
2948 1180 3220 1244 appugnat
3246 1173 3336 1228 ’3’.

1991 1262 2140 1316 Idem
2174 1276 2303 1318 vero
2335 1262 2618 1332 puerulus.
2651 1261 2832 1317 Martis
2884 1262 2954 1297 933
3000 1265 3156 1334 prole
3187 1263 3531 1337 progenitus,

1917 1356 2153 1428 quadam
2184 1355 2304 1410 vice
2333 1370 2502 1424 super
2531 1353 2912 1410 Pomoraniam
2955 1355 3242 1426 equitavit,
3290 1357 3384 1410 ubi
3417 1357 3530 1425 jam

192 1465 450 1524 surgens,
493 1458 778 1521 assumpto
815 1449 1089 1505 venabulo
1146 1450 1496 1518 subsecutus,
1549 1451 1669 1507 sine
1725 1468 1818 1509 co.
1917 1444 2234 1500 evidentius
2264 1443 2466 1498 famam
2507 1443 2591 1497 sui
2631 1443 2876 1498 nominis
2919 1444 3244 1515 propalavit.
3285 1446 3532 1518 Namque

190 1539 325 1594 mite
355 1539 443 1594 vel
469 1554 606 1595 cane
647 1548 1118 1610 pmsumptuosus
1141 1539 1362 1596 invasit.
1414 1540 1657 1615 Cumque
1687 1543 1816 1598 ferae
1917 1545 2152 1593 castrum
2184 1537 2521 1608 Mezyrtecze
2564 1536 2634 1570 93‘
2661 1535 2798 1606 (130)
2830 1537 2994 1591 tantis
3047 1536 3259 1592 viribus
3286 1537 3529 1606 obsedit,

187 1625 433 1682 silvestri
467 1627 920 1699 prOpinquasset,
952 1634 1006 1682 et
1025 1627 1139 1696 jam
1167 1628 1336 1684 ictum
1357 1629 1414 1684 in
1445 1630 1566 1702 ejus
1591 1639 1814 1705 gutture
1841 1679 1887 1705 η
1917 1634 2181 1698 tantoque
2205 1626 2412 1697 impetu
2451 1623 2822 1680 assultavitW5
2849 1624 2997 1696 quod
3028 1624 3098 1659 93°
3122 1626 3315 1696 paucis
3334 1625 3532 1682 diebus

467 1679 920 1699 τ--τ---τν-η--τ
1448 1679 1564 1702 -.π
1635 1679 1812 1687 mm-
1920 1679 2173 1698 ~~-—--.777
2283 1679 2342 1697 .7
2388 1679 2393 1680 7
2458 1679 2461 1680 7
2865 1679 2884 1696 ι
2940 1679 2946 1680 7
3123 1679 3138 1696 .
3207 1679 3254 1682 η
3300 1679 3307 1681 ~
3346 1679 3527 1682 η

188 1718 408 1774 vibrare
437 1718 725 1786 voluisset,
767 1735 832 1773 ex
864 1719 1096 1776 adverso
1126 1721 1352 1792 quidam
1383 1722 1544 1777 miles
1571 1679 1692 1791 e'jus
1718 1738 1812 1778 oc-
1840 1679 1891 1747 B
1915 1715 2228 1788 oppidanos
2265 1713 2332 1749 937
2387 1713 2730 1769 deditionem
2771 1711 2951 1768 facere
2993 1714 3257 1770 coartavit
3305 1715 3395 1770 938.
3447 1715 3530 1770 lbi

187 1811 383 1878 currit,
411 1811 508 1883 qui
553 1811 832 1867 vibratum
882 1813 1050 1868 ictum
1091 1814 1338 1881 retinuit,
1384 1823 1440 1871 et
1481 1817 1803 1871 venabulum

1917 1823 2137 1881 quoque
2165 1805 2467 1877 93°dapifer
2491 1805 2817 1876 Woyslavus
2847 1805 2902 1860 in
2935 1805 3140 1862 vertice
3169 1806 3278 1862 tale
3306 1806 3528 1882 signum

187 1902 241 1958 ei
271 1901 491 1956 auferre
522 1901 716 1958 voluit.
749 1901 882 1957 Tum
913 1903 985 1937 9'5
1025 1917 1158 1958 vero
1191 1903 1508 1960 Boleslavus
1555 1905 1657 1974 ira,
1709 1905 1814 1960 im-
1913 1899 2159 1958 audacia
2189 1898 2547 1970 comparavit,
2580 1913 2689 1970 quo
2725 1899 2814 1954 vix
2844 1915 2970 1954 eum
3009 1901 3270 1956 extractis
3312 1901 3529 1957 ossibus

185 2008 278 2048 mo
308 1993 540 2048 audacia
567 1993 903 2062 stimulatus,
931 1995 1214 2067 geminum
1245 1995 1492 2052 duellum
1536 1998 1810 2053 mirabili-

179 2093 291 2153 ter,
325 2087 624 2141 humanum
654 2087 871 2144 scilicet
909 2095 964 2144 et
999 2088 1260 2155 ferinum,
1309 2089 1666 2164 singulariter
1707 2108 1806 2146 su-

177 2177 411 2249 peravit.
463 2177 596 2232 Nam
631 2185 686 2234 et
724 2179 804 2233 illi
838 2179 1174 2236 venabulum
1206 2179 1454 2246 abstulit,
1512 2187 1568 2236 et
1610 2198 1802 2254 aprum

175 2266 399 2322 occidit.
437 2266 528 2321 Ille
557 2283 690 2322 vero
721 2267 879 2324 miles
913 2276 1104 2338 postea
1135 2285 1233 2324 cur
1267 2270 1372 2326 hoc
1392 2269 1585 2326 fecerit
1616 2272 1805 2344 requi-

177 2354 348 2422 situs,
379 2371 440 2411 se
462 2355 763 2410 nescivisse
796 2356 928 2427 quid
969 2357 1147 2432 egerit
1193 2365 1278 2413 est
1311 2357 1616 2430 professus,
1648 2368 1704 2415 et
1731 2360 1804 2416 ob

175 2448 286 2502 hoc
315 2455 495 2502 tamen
525 2455 608 2502 est
638 2447 707 2501 ab
735 2447 856 2517 ejus
892 2448 1069 2520 gratia
1099 2449 1268 2520 longo
1325 2458 1574 2521 tempore
1611 2466 1807 2524 seque-

177 2543 402 2592 stratus.
434 2537 530 2592 llle
562 2553 692 2594 vero
730 2553 870 2608 puer
917 2538 1050 2606 inde
1088 2539 1259 2594 rediit
1312 2537 1591 2615 fatigatus,
1623 2550 1678 2597 et
1720 2541 1804 2598 vix

181 2635 373 2684 tamen
410 2628 552 2684 vires
589 2629 657 2664 9”
690 2630 930 2686 obtinuit
968 2631 1267 2686 ventilatus
1291 2631 1388 2686 ³³1⁸.

465 2721 551 2776 12.
582 2723 893 2778 Boleti/Janus
922 2738 1116 2780 ursum
1141 2727 1416 2793 interfecit
1443 2724 1532 2779 9".

261 2813 420 2869 Aliud
452 2829 674 2886 quoque
700 2815 902 2870 factum
933 2816 1055 2884 ejus
1083 2817 1301 2888 puerile
1330 2818 1460 2874 huic
1485 2817 1664 2874 simile
1695 2834 1806 2875 non

185 2907 406 2976 tacebo,
457 2908 710 2980 quamvis
741 2909 992 2966 noverim
1046 2911 1178 2982 quia
1207 2911 1422 2966 aemulis
1451 2912 1522 2947 ⁹²⁰
1551 2927 1664 2968 non
1708 2927 1810 2984 per

187 2999 378 3056 omnia
408 3001 769 3072 complacebo
795 3002 884 3056 9“.
915 3002 1066 3056 ldem
1097 2999 1168 3038 9”
1197 3020 1336 3074 puer
1361 3019 1486 3060 cum
1527 3005 1721 3076 paucis
1750 3004 1806 3059 in

202 3055 207 3056 ,
294 3055 299 3056 ,
420 3055 457 3056 η
535 3055 551 3072 ,
640 3055 649 3056 ,
714 3055 758 3058 νὴ
876 3055 1065 3056 ν
1198 3055 1324 3074 τῇ--
1367 3055 1486 3060 _____
1528 3055 1717 3076 νη---
1750 3055 1806 3059 __

181 3087 323 3144 silva
337 3087 731 3160 deambulans,
763 3089 818 3144 in
840 3090 1196 3147 eminentiori
1215 3093 1338 3148 loco
1367 3093 1509 3149 forte
1534 3093 1805 3163 constitit,
1831 3055 1880 3124 θ

180 3199 247 3240 ac
277 3183 534 3240 deorsum
555 3185 661 3240 huc
678 3183 920 3256 illucque
946 3187 1354 3258 contemplans,
1382 3205 1569 3244 ursum
1606 3189 1807 3263 ingen-

187 3282 301 3329 tem
333 3291 458 3330 eum
490 3290 619 3330 ursa
643 3273 1020 3330 colludentem
1058 3277 1129 3311 "3
1167 3279 1464 3349 pr03pexit.
1517 3277 1634 3342 Quo
1662 3279 1803 3346 viso,

179 3363 366 3418 statim
394 3362 520 3418 aliis
548 3362 841 3434 prohibitis
867 3363 923 3418 in
959 3363 1239 3434 planitiem
1265 3365 1577 3434 descendit,
1619 3382 1684 3422 ac
1711 3381 1807 3422 so-

179 3457 268 3510 lus
286 3463 342 3510 et
381 3453 691 3526 intrepidus
723 3471 871 3528 equo
901 3457 1106 3512 sedens
1127 3464 1383 3513 cruentas
1427 3457 1574 3514 feras
1602 3457 1671 3492 “5
1698 3457 1804 3512 ad-

181 3547 303 3610 ivit.
345 3563 646 3618 ursumque
665 3554 858 3604 contra
886 3563 944 3603 se
972 3563 1301 3604 conversum
1333 3549 1577 3605 brachiis
1607 3550 1808 3605 erectis

181 3636 460 3693 venabulo
520 3636 832 3708 perforavit.
893 3636 1049 3700 Quod
1095 3637 1292 3693 factum
1343 3638 1478 3694 satis
1537 3637 1640 3694 fuit
1691 3637 1806 3694 illic

187 3729 496 3784 astantibus
522 3729 951 3798 ammirandum,
980 3737 1036 3785 et
1056 3745 1167 3785 non
1187 3730 1506 3786 videntibus
1523 3747 1624 3803 pro
1650 3739 1805 3789 tanta

185 3820 421 3875 audacia
448 3819 604 3892 pueri
633 3819 1003 3875 recitandum.

381 3909 470 3964 13.
503 3910 813 3964 Boleslavus
837 3912 900 3964 in
927 3911 1192 3966 hosticum
1215 3912 1488 3980 procurrit
1511 3911 1602 3945 "‘-

258 4000 475 4055 lnterea
495 4000 838 4066 Boleslavus,
871 4000 1140 4056 martialis
1156 4017 1315 4072 puer,
1337 3999 1549 4056 viribus
1565 4007 1620 4056 et
1647 4007 1809 4056 aetate

182 4091 484 4159 crescebat,
514 4108 639 4158 nec,
671 4099 731 4148 ut
769 4092 978 4148 assolet
1006 4100 1140 4147 mtas
1167 4093 1238 4127 ⁹²⁶
1258 4093 1511 4164 puerilis,
1551 4093 1702 4148 luxui
1724 4093 1810 4149 vel

182 4179 522 4236 vanitatibus
553 4180 880 4236 intendebat
908 4179 1078 4252 (129),
1108 4181 1208 4235 sed
1259 4181 1592 4253 ubicumque
1623 4181 1809 4238 hostes

185 4271 402 4343 praedas
430 4288 592 4346 agere
625 4272 920 4340 sentiebat,
951 4273 1082 4328 illuc
1112 4273 1348 4346 impiger
1375 4288 1499 4328 eum
1530 4288 1806 4345 coaequan-

1886 1995 2161 2070 '0peratio
2193 2011 2357 2068 sagax
2388 1993 2589 2050 medici
2619 1993 2900 2050 liberavit.

1975 2085 2065 2142 15.
2096 2085 2356 2150 Quomodo
2399 2083 2598 2138 bellum
2631 2086 2849 2152 gesserit
2877 2085 2938 2137 in
2981 2087 3306 2140 Pomorania
3359 2085 3454 2142 ο⁸ο.

1974 2177 2111 2233 Inde
2141 2190 2426 2248 regressus
2457 2174 2629 2245 quieti
2653 2173 2889 2228 militum
2914 2173 3312 2244 aliquantulum
3339 2173 3524 2230 indul-

1903 2271 1994 2337 sit,
2047 2284 2255 2341 eosque
2311 2266 2493 2322 statim
2553 2266 2682 2320 illuc
2738 2281 2877 2337 puer
2931 2264 3242 2321 laboriosus
3279 2265 3519 2322 reduxit.

1909 2363 2010 2428 Qui
2041 2361 2326 2436 regionem
2373 2359 2728 2414 barbarorum
2761 2357 3058 2428 subjugare
3099 2356 3520 2427 concupiscens,

1907 2451 2124 2522 praedas
2151 2463 2314 2523 agere
2345 2447 2498 2518 prius
2527 2447 2610 2502 vel
2642 2446 2897 2502 incendia
2925 2445 3104 2500 facere
3127 2460 3238 2500 non
3269 2451 3520 2512 conatur,

1907 2543 2004 2598 sed
2063 2556 2254 2597 eorum
2299 2539 2640 2594 munitiones
2695 2537 2781 2593 vel
2820 2537 3072 2592 civitates
3127 2536 3377 2593 obtinere
3435 2537 3522 2594 vel

1908 2635 2192 2690 destruere
2223 2631 2526 2688 meditatur
2553 2631 2643 2685 πί.
2677 2631 2851 2708 Igitur
2881 2646 3075 2706 gressu
3095 2631 3314 2688 concito
3341 2631 3525 2703 quod-

1909 2726 2036 2782 dam
2067 2725 2138 2762 9“
2169 2723 2356 2780 nobile
2381 2722 2515 2779 satis
2543 2739 2607 2779 ac
2643 2723 2714 2758 9‘3
2743 2722 2884 2779 forte
2907 2729 3148 2780 castrum
3175 2723 3244 2758 9“
3269 2723 3523 2780 obsessu-

1909 2833 2003 2872 rus
2035 2815 2254 2879 invasit,
2290 2813 2439 2886 quod
2467 2822 2654 2868 tamen
2692 2813 2814 2884 ejus
2844 2812 3082 2884 primum
3111 2813 3379 2884 impetum
3409 2829 3521 2870 non

1907 2910 2105 2976 evasit,
2127 2909 2279 2964 unde
2296 2907 2534 2979 praedam
2549 2906 2778 2961 multam
2802 2906 3112 2977 etcaptivos
3133 2905 3268 2978 egit,
3283 2904 3523 2985 bellato-

1908 3019 2000 3058 res
2017 3015 2149 3056 vero
2162 2999 2449 3056 sententiae
2465 2997 2677 3052 bellicae
2702 2996 2917 3072 redegit
2945 2996 3014 3032 "5
3040 2997 3101 3052 Et
3125 3011 3234 3068 quo
3252 2995 3430 3070 magis
3452 2997 3524 3032 “6

1906 3091 2078 3148 amari
2101 3091 2313 3158 debuit,
2347 3105 2413 3146 eo
2434 3089 2542 3145 sibi
2567 3088 2832 3158 majorem
2854 3087 3119 3143 invidiam
3146 3087 3445 3144 cumulavit
3468 3095 3524 3142 et

1908 3181 2260 3236 inimicorum
2293 3179 2529 3234 insidias
2558 3179 2626 3233 ad
2655 3193 2814 3232 suum
2855 3177 3136 3232 interitum
3181 3176 3518 3248 provocavit.

2229 3268 2296 3324 16
2347 3267 2414 3303 “7
2446 3269 2864 3322 Machinationes
2899 3269 3079 3322 Zethei
3105 3266 3194 3321 9".

1980 3361 2195 3415 Interea
2233 3371 2471 3428 namque
2518 3355 2755 3410 Zetheus
2786 3352 3007 3422 multas,
3045 3361 3106 3408 ut
3145 3353 3520 3426 ferunt,-ipsis

1908 3448 2096 3520 pueris
2134 3445 2366 3500 insidias
2401 3442 2802 3514 praetendebat,
2839 3457 2904 3497 ac
2939 3448 3232 3512 paternum
3271 3442 3518 3498 animum

1906 3541 1976 3595 ab
2015 3537 2216 3595 affectu
2263 3535 2499 3590 filiorum
2531 3535 2716 3590 multis
2755 3533 3260 3590 machinationibus
3291 3545 3520 3593 averte-

1905 3632 2019 3686 bat.
2049 3631 2105 3684 ln
2135 3626 2372 3684 castellis
2401 3624 2564 3680 etiam
2625 3639 2922 3696 puerorum
2956 3624 3204 3695 partibus
3243 3625 3522 3698 deputatis

1907 3733 2002 3781 aut
2027 3725 2112 3780 sui
2141 3722 2362 3798 generis
2382 3727 2477 3776 aut
2506 3717 2810 3785 inferioris,
2843 3719 3051 3792 quibus
3077 3718 3518 3788 dominarentur,

1907 3815 2139 3873 comites
2173 3815 2259 3870 vel
2300 3813 2596 3885 pristaldos
2633 3809 3016 3884 praeponebat.
3073 3827 3281 3884 eosque
3335 3814 3522 3884 pueris

1911 3905 2300 3962 inobedientes
2327 3903 2560 3958 existere
2589 3911 2812 3957 versuta
2849 3900 3152 3956 calliditate
3197 3916 3518 3959 commove-

1910 3997 2022 4054 bat.
2066 3996 2343 4052 Ambobus
2367 3993 2643 4066 siquidem
2673 3993 2936 4049 fratribus
2966 3992 3199 4049 infestus
3234 3993 3523 4052 insidiator

1911 4095 2202 4157 existebat,
2233 4091 2331 4148 sed
2364 4091 2539 4165 magis
2576 4097 2761 4146 tamen
2823 4089 3164 4146 Bolezlavum
3213 4089 3518 4161 legitimum

1911 4189 1966 4238 et
1995 4197 2175 4238 acrem
2233 4179 2442 4247 animo,
2485 4188 2607 4251 post
2648 4188 2855 4252 patrem
2893 4186 3276 4253 regnaturum,
3303 4194 3402 4234 suo
3433 4179 3520 4233 in-

1911 4273 2154 4329 fortunio
2179 4270 2461 4327 metuebat
2511 4269 2620 4340 lpsi
2676 4285 2807 4324 vero
2849 4269 3041 4323 fratres
3079 4267 3410 4337 jusjurando
3458 4284 3520 4322 se

183 4367 270 4424 vis
294 4367 368 4404 ⁰²⁷
388 4367 692 4437 juvenibus
713 4367 1065 4439 properabat,
1089 4375 1144 4424 et
1174 4368 1502 4440 plerumque
1523 4367 1592 4404 ⁸³⁸
1614 4367 1802 4424 furtim
1828 4349 1886 4418 D
1910 4365 2312 4434 eonjunxerant
2367 4361 2437 4396 9‘9
2479 4368 2534 4416 et
2581 4359 2726 4415 inter
2767 4374 2826 4413 se
2868 4358 3083 4433 signum
3133 4356 3376 4412 fecerant
3427 4355 3517 4411 95°.

1528 4527 1750 4584 VARl/E
1792 4527 2169 4584 LECTIONES.

255 4652 328 4687 ⁹¹²
353 4653 706 4709 abduxerunt
749 4655 801 4710 3.
878 4655 948 4690 "3
975 4662 1364 4724 argumentum
1400 4657 1527 4712 edit.
1558 4658 1680 4712 Ged.

255 4655 328 4687 ⁹¹²
353 4655 706 4709 abduxerunt
749 4655 801 4710 3.
878 4655 948 4690 "3
975 4662 1364 4724 argumentum
1400 4657 1527 4712 edit.
1558 4658 1680 4712 Ged.
1710 4675 1764 4727 p.
1799 4658 1888 4712 83.
1935 4659 2076 4713 deest
2106 4658 2155 4712 1.
2185 4656 2239 4709 2.
2274 4655 2326 4710 3.
2421 4655 2490 4688 ⁹¹⁴
2515 4667 2640 4706 cum
2683 4655 2738 4706 2.
2813 4655 2882 4684 ’³³⁵
2907 4663 3006 4721 gen

185 4723 318 4778 Cum
357 4725 410 4780 3.
492 4725 560 4759 ⁰¹⁷
590 4727 733 4781 deest
759 4726 812 4780 3.
871 4726 942 4760 ⁰¹⁸
963 4733 1069 4782 etc.
1115 4729 1264 4781 addit
1294 4727 1344 4782 3.
1419 4728 1488 4761 9'9
1527 4736 1911 4796 argumentum
1960 4731 2083 4784 edit.
2141 4733 2284 4782 Vars.
2338 4742 2392 4796 ρ.
2436 4723 2540 4796 156
2576 4721 2807 4796 deestd.
2857 4721 2918 4796 2.
2953 4721 3006 4796 3Ζ

2421 4654 2490 4688 ⁹¹⁴
2515 4667 2640 4706 cum
2683 4651 2738 4706 2.
2813 4649 2882 4684 ⁸³⁵
2907 4647 3246 4721 genticulum
3294 4647 3374 4721 2._
3448 4647 3520 4721 9}“

3101 4719 3170 4754 ⁸²⁰
3200 4719 3410 4773 exaulis
3458 4717 3514 4771 2.

185 4795 256 4871 ξξξ
287 4797 540 4866 quamvis
578 4796 823 4871 noverim
879 4829 950 4838 ——
978 4798 1334 4869 complacebo
1381 4788 1677 4871 desunti'3.
1763 4799 2310 4871 “ﬁlumquegaddit
2338 4788 2374 4851 Β
2461 4795 2532 4828 ⁹²³
2560 4792 2845 4871 colludere
3114 4790 3196 4871 “91‘
3222 4788 3513 4871 bestias

187 4867 258 4900 “5
294 4875 683 4936 argumentum
723 4869 850 4922 edit.
886 4875 1027 4924 Vars.

189 4937 260 5011 9η
282 4937 573 5011 militarem
615 4939 667 4992 1.
708 4939 764 4992 2.
838 4940 908 4974 θδο
936 4937 1224 5011 pullulavit
1253 4941 1305 4997 3.
1383 4942 1450 4976 οειι
1481 4943 1624 4997 deest
1647 4941 1696 4998 3.

193 5080 362 5153 addit.
416 5081 452 5136 3
548 5081 905 5152 938compulit
952 5099 1050 5153 pro
1086 5083 1125 5137 ι’.
1176 5099 1223 5138 c.
1276 5085 1325 5137 3.

1057 4886 1113 4938 p.
1165 4871 1266 4924 157
1305 4871 1444 4926 deest
1483 4871 1535 4924 1.
1585 4870 1639 4925 2.
1677 4871 1729 4927 3.
1810 4871 1882 4905 ¹³²⁶
1903 4869 2048 4926 cstas
2090 4869 2141 4923 2.
2241 4869 2310 4902 ⁹²⁷
2343 4881 2527 4937 coequ:

1057 4941 1224 4993 ulavit
1253 4941 1305 4993 3.
1383 4942 1450 4976 ⁰³ι
1481 4943 1624 4993 deest
1647 4941 1696 4993 3.
1789 4943 1859 4977 9³³
1884 4947 2274 4993 argumentum
2323 4939 2450 4993 edit.
2491 4943 2527 4992 ν

189 4947 260 4972 νιν
282 4947 573 4993 militarem
615 4947 667 4992 1.
708 4947 764 4992 2.
838 4947 908 4974 ³³³
936 4947 1224 5011 pullulavit
1253 4947 1305 4997 3.
1383 4947 1450 4976 ⁰³¹
1481 4947 1624 4997 deest
1647 4947 1696 4998 3.
1789 4947 1859 4977 93’
1884 4947 2274 5011 argumentum
2323 4947 2450 4993 edit.
2491 4947 2616 4992 Vars
2659 4955 2666 5006 λ

186 5008 726 5093 inartisnnonntgene
749 5011 804 5064 2.
843 5013 960 5093 μέν
991 5012 1410 5093 Meezirzieczye
1428 5014 1512 5093 ΔΞ.
1539 5012 1923 5093 __rnedzyrzecz
1960 5014 2012 5067 3.
2111 5011 2188 5093 935‘
2213 5010 2322 5093 Lai.
2356 5025 2405 5062 a.
2435 5009 2666 5093 desunt"

1428 5084 1497 5118 939
1536 5084 1615 5137 lbi
1643 5078 1864 5156 quoque
1903 5099 2070 5153 usque
2119 5083 2188 5156 ad
2233 5083 2402 5156 ﬁnem
2437 5081 2672 5156 capituli
2686 5081 2882 5156 desunt
2893 5078 3113 5156 33f“)
3132 5079 3519 5146 argumentum

2241 4867 2310 4902 ⁹²⁷
2343 4865 2642 4937 coequanis
2689 4864 2741 4918 3.
2776 4866 2962 4937 coevis
2983 4863 3038 4916 2.
3114 4861 3184 4937 9³⁸
3211 4860 3513 4937 plerumg.

2659 4952 2712 5006 p.
2777 4935 2892 4990 153.
2925 4936 3067 4990 deest
3112 4935 3158 4988 1.
3203 4931 3258 5006 2.
3315 4933 3417 5006 3._
3447 4931 3518 5006 ’δεῇ

2111 5011 2180 5046 ³⁸⁸
2213 5020 2250 5064 t.
2285 5010 2322 5064 i.
2356 5025 2405 5062 a.
2435 5009 2628 5064 desunt
2659 5001 2737 5063 '3.
2821 5007 2892 5041 ⁰³⁶
2920 5006 2978 5060 in
3026 5007 3177 5060 addit
3205 5005 3258 5060 3.
3350 5002 3417 5036 93"
3447 5001 3516 5055 ad

191 5151 300 5225 edit
345 5157 471 5208 γαν-δ
496 5169 556 5224 p.
589 5153 710 5208 159.
739 5147 882 5210 deest
920 5147 970 5208 1'.
1019 5155 1071 5210 2.
1111 5154 1144 5208 3
1247 5155 1313 5188 9“
1347 5157 1572 5208 initium
1607 5147 1836 5225 capituli
1872 5147 2038 5225 usque
2089 5154 2158 5208 ad
2183 5153 2468 5225 rmediatur
2495 5147 2802 5225 ὸηιίιιίιβζ
2863 5150 2933 5185 ⁹⁸²
2952 5147 3112 5204 Aliud
3157 5161 3390 5225 quoque.
3422 5159 3518 5213 Ρνο

193 5222 237 5276 Ῑ·
264 5239 320 5298 ἕξ
349 5238 403 5298 οε
443 5221 512 5298 (ΙῘ
545 5225 596 5278 3-
675 5225 755 5298 _"‘3
785 5225 920 5298 et3,
1008 5225 1078 5259 9“
1107 5225 1280 5298 gradu
1329 5226 1548 5280 concito
1588 5221 1736 5282 addit
1773 5230 1869 5283 hoc
1905 5221 2013 5282 loco
2042 5226 2095 5282 3.
2175 5224 2244 5258 9³⁵
2277 5221 2488 5298 redagit
2537 5225 2587 5278 1.
2667 5223 2738 5258 ⁹⁴⁶
2767 5221 2825 5298 Ε..

819 5297 886 5331 ⁹⁴⁷
917 5303 1090 5368 totum
1109 5291 1212 5353 7200
1236 5297 1540 5367 capitulum
1556 5298 1764 5354 deest3.
1851 5298 1920 5332 ⁹⁴⁸
1955 5301 2340 5368 argumentum
2371 5291 2497 5350 edit.
2537 5301 2682 5350 Vars.
2707 5311 2762 5364 ρ.
2795 5291 2906 5348 160'
2923 5295 3132 5349 deest1.
3165 5293 3219 5346 2.
3295 5291 3364 5327 9‘9
3392 5302 3521 5343 con-

193 5296 426 5362 capituli
452 5297 646 5351 desunt
669 5295 722 5352 3.

180 5363 471 5431 junxarint
497 5367 552 5422 2.
641 5367 712 5401 95°
736 5366 968 5423 fecerint
995 5366 1048 5422 2.

2874 5238 2928 5293 q.
2964 5237 3037 5275 m.
3067 5217 3232 5291 usque
3256 5217 3326 5293 ad
3348 5217 3521 5293 finem

1761 5439 1954 5494 NOTAE

261 5566 406 5642 (129)
435 5567 711 5642 S_all._Jug.
743 5567 833 5624 61.
869 5568 928 5624 S.

264 5636 411 5707 (130)
451 5636 841 5710 Miedzy'rzecz,
887 5641 1201 5716 germanice
1235 5645 1447 5696 Mesene
1488 5641 1542 5694 in
1607 5657 1806 5713 magno

1909 5571 2110 5626 ducatu
2140 5569 2524 5625 Poznanicnsi.
2565 5569 2620 5624 S.
2654 5568 2824 5623 Aliam
2873 5565 3200 5622 sententiam
3234 5565 3400 5621 tuitus
3437 5570 3524 5620 est

1911 5641 2270 5697 Giesebrecht
2299 5640 2634 5696 Wendische
2668 5640 2860 5707 Gcch.,
2892 5655 2951 5704 η,
2992 5637 3142 5704 165.,
3176 5636 3236 5694 Κ.
