3948 6044
409 196 514 252 887

1667 188 2012 244 ΟΙΙΒΟΝΙΟᾹΞ
2056 188 2475 243 POLONORUM.

3630 190 3735 245 888

411 324 561 399 quod
598 325 644 379 si
673 323 907 378 Zetheus
932 337 1125 377 eorum
1158 320 1315 376 altari
1346 319 2023 389 machinareturinsidias,
2051 324 2100 392 Α
2127 325 2254 374 strce
2289 319 2415 384 ﬁdei
2451 317 2621 389 (131),
2675 319 2834 385 cives,
2872 316 3143 372 stabilitas
3190 317 3511 373 inviolabilis
3540 322 3738 374 nostris

412 420 548 475 alter
576 416 735 472 alteri
766 414 1062 470 subvenire
1104 430 1227 470 cum
1258 413 1386 469 totis
1423 413 1634 468 viribus
1671 413 1787 467 suis
1822 412 2026 468 nullius

413 525 579 566 mora:
605 514 884 580 pateretur
912 506 1180 561 inducias.
1214 505 1452 579 Contigit
1479 514 1686 573 autem,
1720 506 1907 560 nescio
1939 505 2023 560 vel

411 598 708 654 calliditate
748 597 830 651 vel
865 596 944 651 rei
974 596 1225 664 veritate,
1259 596 1457 650 ducem
1486 596 1879 649 Wladislavum
1919 595 2017 650 Bo-

410 687 619 742 lezlavo
648 699 821 756 puero
851 685 1221 749 mandavissc,
1255 701 1315 738 se
1352 685 1627 740 Bohemos
1658 685 1713 739 in
1741 684 2023 739 Poloniam

414 777 733 833 introituros
784 776 873 841 95‘,
915 775 1155 846 praedam
1189 776 1427 831 facturos
1466 776 1533 829 ab
1587 774 2025 845 exploratoibus

414 866 714 932 audivisse,
748 874 1087 936 quapropter
1105 871 1383 936 Oporterct
1413 880 1537 919 eum
1568 864 1635 918 ad
1663 864 1844 919 locum
1877 863 2027 918 citis-

414 960 552 1016 sime
583 959 1008 1015 determinatum
1048 974 1363 1029 properare,
1394 965 1448 1013 et
1476 957 1708 1013 comites
1736 958 1819 1012 sui
1853 958 2023 1012 duca-

416 1062 527 1118 tus,
564 1065 702 1121 quos
734 1050 966 1103 Zetheus
998 1046 1321 1125 praefecerat
1342 1054 1396 1101 et
1429 1047 1482 1100 in
1512 1047 1713 1118 quibus
1744 1062 1880 1118 puer
1906 1047 2029 1100 nul-

418 1144 634 1197 latenus
658 1140 995 1206 conﬁdebat,
1022 1141 1078 1194 in
1116 1140 1381 1196 auxilium
1410 1140 1701 1196 advocare.
1730 1140 1871 1199 Puer
1897 1155 2025 1195 vero

418 1235 663 1309 paternis
687 1235 1033 1304 jussionibus
1062 1234 1343 1301 credulus,
1376 1234 1441 1289 ad
1467 1233 1646 1288 locum
1667 1233 2023 1288 constitutum

417 1344 540 1384 cum
579 1327 696 1382 suis
726 1325 1138 1381 collateralibus
1166 1325 1236 1359 95’
1250 1324 1484 1379 festinus
1508 1324 1577 1359 953
1606 1322 1891 1394 nichilque
1922 1324 2028 1377 du-

422 1420 602 1475 bitans
638 1418 953 1484 incedebat,
985 1418 1081 1473 sed
1109 1434 1231 1472 cum
1255 1433 1323 1473 eo
1356 1426 1535 1472 tamen
1566 1433 1752 1472 comes
1780 1417 2028 1488 Woysla-

2126 410 2544 467 antecessoribus
2570 409 2840 478 nobisque,
2861 409 2984 462 licet
3016 408 3279 477 parvulis,
3310 415 3439 463 nota
3466 411 3662 475 fuisse!
3693 419 3741 467 et

2124 510 2343 573 experta
2373 547 2390 569 ,
2435 517 2778 572 nequaquam
2838 502 3063 571 puerilis
3115 503 3290 554 aztatis
3347 502 3694 558 imbeci'litas
3720 548 3738 570 ,

2126 601 2293 652 tantis
2317 596 2722 652 calamitatibus
2751 601 3043 661 attentata,
3065 600 3238 663 totque
3275 596 3602 662 factionibus
3630 600 3744 651 ini-

2122 690 2389 743 micorum
2418 690 2648 756 agitata,
2681 692 2850 741 totam
2868 687 3069 752 refugii
3102 699 3249 754 spem
3290 702 3351 739 in
3380 686 3584 741 vobiset
3612 702 3745 742 oon-

2124 778 2234 832 silii
2257 780 2533 847 posuisset.
2574 777 2671 831 Sed
2703 782 2893 832 notum
2939 781 3148 831 constat
3179 779 3374 831 exteris
3426 778 3744 831 nationibus

2125 873 2175 922 et
2197 869 2531 936 propinquis,
2584 880 2671 920 vos
2715 866 2892 920 multa
2927 879 3191 933 perpessos
3234 880 3328 934 pro
3381 866 3591 919 insidiis
3621 874 3747 919 υιιίε

2125 965 2320 1015 nostrae
2348 959 2417 993 96‘
2444 959 2939 1014 machinationibus
2978 956 3045 1011 ab
3081 959 3204 1023 hiis,
3231 960 3326 1026 qui
3349 960 3744 1013 successz

2125 1055 2295 1108 nostri
2322 1054 2529 1121 generis
2554 1054 2816 1105 nituntur
2834 1052 3049 1119 penitus
3070 1050 3277 1105 abolere
3300 1051 3748 1119 dominorumque

2124 1143 2471 1198 naturalium
2493 1142 2841 1196 hereditatem
2853 1142 3038 1196 ordine
3055 1148 3371 1210 praepostero
3393 1142 3744 1210 distorquere.

2125 1238 2471 1303 Quapropter,
2504 1236 2632 1302 quia
2656 1236 2803 1287 senio
2814 1236 2938 1302 jam
2965 1236 3238 1300 confectus
3262 1236 3470 1303 genitor
3495 1240 3677 1289 noster
3697 1241 3751 1288 et

2128 1325 2468 1390 inﬁrmitate,
2508 1322 2611 1378 sibi
2646 1322 2898 1391 nobisque
2923 1322 3003 1376 vel
3041 1325 3238 1391 patrio:
3263 1326 3448 1376 minus
3488 1325 3751 1392 prmualet

2125 1415 2434 1485 praevidere,
2464 1416 2829 1470 necessarium
2876 1420 2972 1480 est,
3002 1429 3098 1468 nos
3156 1418 3217 1469 in
3244 1421 3424 1470 nostro
3465 1418 3631 1481 fretos
3677 1414 3751 1448 9“

420 1528 541 1578 vus,
575 1511 661 1567 cui
703 1517 821 1566 erat
844 1510 1195 1575 commissus,
1225 1525 1333 1565 non
1368 1510 1653 1584 pergebat.
1706 1510 1859 1565 Unde
1892 1526 2036 1565 unus
2135 1506 2379 1575 prasidio
2408 1506 2621 1574 gaudiis
2659 1506 3063 1560 ambitiosorum
3094 1506 3178 1560 vel
3202 1507 3481 1570 maleﬁciis
3501 1508 3747 1561 interire.

421 1605 491 1659 ad
511 1603 676 1658 alium
700 1603 937 1658 invicem
959 1609 1323 1670 susurrantes,
1364 1610 1555 1673 utpote
1585 1603 1801 1677 signum
1864 1602 2032 1657 tradi-
2067 1635 2112 1702 Β
2133 1602 2214 1654 vel
2238 1603 2298 1654 in
2320 1601 2548 1654 exilium
2571 1602 2837 1668 fugientes
2849 1601 2985 1665 ﬁnes
3013 1600 3243 1655 Poloniw
3260 1600 3535 1654 transilire
3556 1616 3571 1666 ;
3606 1601 3755 1654 unde

426 1693 592 1749 tionis
618 1692 997 1763 suspicantes:
1052 1693 1175 1748 Non
1211 1706 1285 1759 es,
1328 1691 1665 1763 inquientes,
1715 1694 1832 1746 sine
1867 1707 2035 1746 causa
2067 1691 2110 1702 “’
2135 1701 2373 1750 vestrum
2397 1695 2697 1764 dignem-ini
2724 1695 2874 1749 nobis
2904 1697 3157 1749 animum
3184 1698 3411 1765 aperire,
3444 1698 3493 1749 si
3527 1711 3759 1749 manere

417 1783 666 1852 1ericuli,
698 1782 836 1851 quod
853 1787 1013 1850 pater
1041 1787 1167 1836 tuus
1197 1787 1247 1836 te
1270 1785 1522 1851 prwcepit
1550 1783 1620 1835 ad
1648 1784 1823 1837 locum
1848 1782 2035 1837 solitu-

421 1875 565 1929 dinis
588 1873 889 1940 ambulare,
920 1880 973 1928 et
1000 1874 1319 1928 insidiantes
1346 1876 1474 1928 vita
1504 1880 1612 1929 tua:
1656 1876 1834 1929 Zethei
1857 1876 2031 1941 fami-

423 1967 582 2021 liares
612 1971 663 2020 et
690 1967 888 2021 amicos
933 1967 1064 2020 illuc
1114 1966 1173 2019 in
1203 1965 1477 2020 auxilium
1515 1966 1789 2021 advocare.
1828 1968 2037 2022 Scimus

423 2065 571 2117 enim
606 2067 659 2115 et
695 2063 828 2115 certi
868 2075 1077 2128 sumus,
1108 2063 1237 2130 quia
1280 2063 1500 2115 Zetheus
1548 2066 1713 2115 totam
1733 2064 2042 2131 progeniem

427 2161 579 2223 teque
615 2152 684 2186 ⁹⁶⁴
723 2155 963 2207 maxime
998 2155 1218 2219 nititur,
1258 2159 1319 2206 ut
1374 2153 1617 2208 heredem
1652 2156 1826 2222 regni,
1871 2155 2041 2209 modis

424 2242 672 2299 omnibus
718 2242 946 2309 abolere,
976 2243 1220 2311 solusque
1250 2247 1417 2297 totam
1443 2242 1543 2297 sub
1579 2258 1753 2297 manu
1781 2258 1884 2297 sua
1920 2259 2042 2312 cap-

428 2341 542 2390 tam
571 2335 848 2389 Poloniam
874 2336 1125 2400 retinere,
1166 2336 1386 2403 insuper
1428 2334 1496 2368 955
1544 2337 1709 2388 etiam
1743 2336 2040 2404 Woyslavus

424 2428 727 2496 comes,‘cui
743 2429 1012 2482 commissi
1034 2443 1244 2493 sumus,
1271 2430 1366 2497 qui
1374 2429 1706 2497 propinquus
1731 2434 1809 2482 est
1831 2430 2036 2493 Zetheo,

425 2518 705 2573 nobiscum
726 2518 915 2586 procul
939 2517 1098 2572 dubio
1127 2518 1444 2585 ademisset,
1462 2520 1524 2572 ni
1542 2517 1612 2551 9⁵⁸
1635 2520 2042 2573 machinamen-

430 2616 549 2663 tum
585 2609 799 2678 aliquod
824 2608 972 2663 nobis
1004 2609 1125 2674 ﬁeri
1150 2612 1488 2677 cognovisset.
1546 2611 1687 2664 Unde
1712 2624 1920 2665 necesse
1942 2616 2038 2679 est,

429 2708 683 2761 citissime
700 2720 796 2759 nos
815 2705 1101 2760 consilium
1130 2705 1344 2774 aliquod
1360 2708 1625 2774 invenire,
1657 2721 1759 2776 quo
1782 2710 2043 2775 possimus

430 2796 575 2850 istud
595 2795 901 2865 periculum
929 2795 1080 2849 nobis
1107 2797 1398 2851 imminens
1419 2799 1712 2865 praeterire.
1749 2796 1838 2849 llis
1860 2796 2040 2864 dictis,

430 2906 571 2961 puer
603 2889 920 2944 Bolezlavus
940 2890 1420 2945 vehementissime
1451 2891 1758 2958 metuebat,
1789 2898 2043 2964 totusque

2135 1786 2293 1839 liceat
2306 1786 2399 1859 uel
2426 1785 2490 1838 de
2514 1787 2699 1854 patria
2727 1799 2821 1839 nos
2850 1786 3016 1838 exire.
3050 1783 3129 1837 Ad
3163 1784 3280 1837 haec
3310 1783 3604 1838 multitudo
3640 1790 3756 1838 tota

2135 1872 2687 1940 Wratislaviensium,
2742 1872 2931 1927 dolore
2967 1871 3150 1928 cordis
3202 1871 3540 1927 intrinsecus
3587 1879 3757 1927 tacta.

2140 1967 2425 2038 paulisper
2479 1966 2796 2038 conquievit
2848 1966 2937 2030 967,
3006 1981 3417 2037 erumpensque
3461 1965 3645 2019 statim
3697 1965 3757 2019 in

2141 2072 2353 2123 vocem,
2409 2057 2772 2112 intentionem
2818 2064 3004 2111 mente
3042 2062 3365 2128 conceptam
3419 2057 3762 2112 unanimiter

2141 2164 2265 2204 cum
2284 2146 2476 2203 affectu
2503 2149 2738 2221 pyetatis
2759 2149 2977 2220 aperuit
2998 2167 3010 2202 :
3035 2156 3129 2205 Nos
3150 2151 3381 2218 quidem,
3412 2148 3758 2219 inquieutes,

2137 2240 2295 2304 ﬁdem
2306 2254 2520 2295 servare
2537 2241 2782 2295 uolumus
2792 2241 3005 2295 domino
3018 2247 3198 2295 nostro
3222 2241 3488 2305 naturali,
3496 2241 3647 2308 patri
3668 2254 3761 2293 ve-

2137 2336 2266 2398 stro,
2281 2332 2718 2400 dumvixerit°53,
2733 2348 2831 2388 nec
2839 2336 2891 2403 ej
2899 2348 2956 2388 us
2971 2334 3132 2388 soboli
3139 2334 3463 2399 deﬁeiemus,
3490 2334 3762 2402 quamdiu

2138 2426 2287 2480 nobis
2312 2431 2488 2480 status
2536 2426 2719 2481 vitalis
2766 2428 2984 2495 affuerit
3035 2427 3210 2494 Igitur
3244 2427 3308 2480 de
3353 2426 3501 2480 nobis
3542 2424 3761 2480 nullam

2140 2521 2502 2587 difﬁdentiam
2526 2522 2783 2587 habetote,
2813 2522 2903 2576 sed
2929 2524 3169 2577 exercitu
3194 2528 3530 2591 congregato,
3559 2522 3630 2575 ad
3654 2536 3761 2575 cu-

2140 2613 2286 2664 riam
2307 2612 2481 2678 patris
2515 2612 2720 2664 armati
2744 2616 3043 2679 properate.
3082 2610 3261 2679 ibique
3281 2611 3431 2665 salva
3455 2613 3761 2664 reverentia

2139 2705 2396 2769 paterna,
2428 2705 2662 2753 vestram
2684 2702 2951 2758 iniuriam
2968 2700 3254 2754 uindicate.
3282 2697 3411 2762 Quae
3441 2698 3570 2752 dum
3602 2698 3763 2754 dice-

2144 2788 2369 2853 bautur,
2399 2796 2453 2843 et
2475 2787 2836 2856 jurejurando
2865 2803 2896 2841 a
2916 2786 3130 2842 civibus
3152 2786 3530 2853 firmabantur,
3562 2786 3760 2858 Woys—

2144 2882 2518 2947 lavuscomes,
2538 2879 2632 2951 qui
2650 2896 2878 2950 puerum
2899 2879 3244 2935 Bolezlavum
3258 2879 3555 2944 nutriebat,
3573 2879 3639 2933 de
3650 2894 3769 2933 ser-

429 2980 634 3035 sudore
663 2980 1013 3035 manantibus
1039 2979 1320 3035 afﬂuebat.
1351 2984 1586 3052 Accepto
1620 2982 1809 3053 itaque
1839 2999 2043 3038 conve-
2067 3009 2115 3077 C
2143 2973 2278 3027 vitio
2294 2988 2394 3027 suo
2424 2970 2702 3070 veniebat:
2733 2977 2787 3025 et
2808 2986 2930 3077 quae
2951 2968 3156 3077 ﬁfbant
3180 2969 3489 3069 ignorabat.
3521 2968 3623 3032 Qui
3656 2985 3769 3023 su-

432 3071 605 3126 nicnti
636 3071 769 3126 satis
821 3071 1077 3139 consilio,
1131 3073 1435 3128 secundum
1492 3073 1778 3149 ingenium
1829 3076 2042 3146 puerile

430 3163 697 3219 velucitus
733 3163 799 3218 ad
829 3163 1188 3239 Zbiguevum,
1213 3172 1269 3221 ut
1310 3165 1377 3220 ad
1416 3182 1475 3221 se
1497 3182 1620 3221 cum
1651 3167 1769 3222 suis
1799 3177 2042 3239 quanto-

431 3255 593 3311 citius
628 3255 681 3310 in
707 3256 971 3311 auxilium
1013 3265 1358 3328 prOperaret‘,
1400 3274 1521 3313 cum
1557 3259 1717 3331 signo
1749 3260 2045 3316 constituto

434 3344 877 3412 transmiserunt,
930 3345 1149 3418 ipsique
1200 3347 1382 3402 statim
1431 3347 1499 3402 ad
1532 3349 1722 3404 urbem
1763 3348 2048 3403 Wratisla-

430 3438 680 3493 viensem
715 3438 805 3505 '57,
862 3454 930 3493 ne
975 3447 1450 3511 pneoccuparetur
1507 3441 1573 3495 ab
1634 3442 2048 3500 insidiatoribus

431 3527 610 3582 aamuli
645 3527 944 3582 redierunt.
968 3528 1270 3601 Regressus
1297 3545 1429 3603 ergo
1457 3531 1526 3565 958
1553 3547 1690 3601 puer
1706 3531 2043 3599 Boleslavus,

431 3619 707 3691 imprimis
746 3620 987 3688 majores
1036 3626 1090 3674 et
1137 3620 1388 3675 seniores
1432 3621 1669 3676 civitatis
1717 3623 1786 3657 9⁵9
1837 3621 2043 3678 deinde

430 3715 599 3763 totum
648 3709 915 3779 populum
975 3708 1029 3761 in
1087 3708 1414 3764 concionem
1471 3710 1777 3777 advocavit,
1827 3712 2042 3782 eisque,

426 3818 564 3873 quas
594 3817 624 3856 a
668 3800 890 3855 Zetheio
918 3799 1234 3869 patiebatur
1277 3801 1506 3856 insidias
1558 3818 1624 3856 ex
1671 3803 1865 3858 ordine
1903 3804 2045 3859 sicut

426 3909 566 3962 puer
621 3907 744 3947 cum
786 3891 1041 3961 lacrymis
1094 3892 1393 3947 enarravit.
1441 3893 1556 3947 lllis
1609 3909 1639 3948 e
1694 3901 1882 3949 contra
1930 3911 2042 3964 prie

428 3987 645 4052 pyetate
689 3978 845 4049 pueri
895 3979 1331 4049 lacrimantibus,
1365 3989 1418 4035 et
1477 3982 1610 4036 iram
1644 3983 2046 4056 indignationis

428 4071 485 4125 in
527 4069 786 4124 Zetheum
827 4067 1116 4122 absentem
1171 4070 1356 4125 verbis
1406 4070 1477 4106 95°
1526 4070 1912 4144 ignominiosis
1961 4072 2045 4144 ja—

425 4160 725 4228 ctantibus,
758 4160 1067 4234 Zbignevus
1096 4176 1221 4217 cum
1259 4162 1469 4232 paucis,
1527 4162 1771 4217 nondum
1813 4164 1878 4197 9‘“
1931 4164 2048 4218 col-

427 4255 567 4310 lecta
605 4252 981 4322 multitudine,
1039 4255 1391 4326 prOperaudo
1445 4256 1515 4289 ⁹⁶²
1553 4255 1876 4322 adveniens,
1919 4271 2044 4310 ora-

2145 3068 2368 3133 spcctus
2406 3059 2737 3132 proditionis
2784 3059 2855 3115 ob
2886 3059 3073 3114 Zethei
3118 3059 3655 3132 consauguinitatem
3681 3065 3771 3111 est

2146 3151 2388 3219 habitus,
2420 3156 2474 3204 et
2494 3148 2770 3204 civitatem
2802 3148 3030 3203 introire
3058 3148 3332 3219 rebusque
3378 3148 3533 3218 pueri
3576 3149 3769 3217 provi-

2147 3243 2278 3298 dere
2310 3242 2638 3312 prohibitus.
2674 3240 2771 3296 lllo
2794 3248 2975 3295 autem
3007 3239 3437 3296 satisfactionem
3470 3239 3767 3310 proferen—

2150 3343 2222 3401 te,
2255 3350 2336 3399 se,
2376 3334 2420 3389 si
2450 3334 2584 3406 quid
2643 3332 3032 3389 controversiae
3086 3333 3403 3408 contigerit,
3434 3332 3765 3395 nescivisse,

2148 3429 2465 3486 satisfacere
2504 3429 2780 3484 volentem
2822 3444 3029 3501 eosque
3080 3428 3519 3501 subsequentem
3548 3444 3766 3499 nequa-

2149 3539 2311 3594 quam
2345 3522 2501 3593 pueri
2546 3529 2675 3575 tunc
2731 3522 2998 3592 temporis
3027 3521 3095 3555 ⁹⁶⁹
3151 3527 3506 3591 receperunt,
3539 3520 3635 3575 sed
3661 3519 3774 3574 ob-

2150 3615 2289 3670 viam
2321 3614 2460 3685 patri
2491 3614 2719 3669 collecta
2752 3613 3103 3669 multitudine
3150 3618 3553 3684 processerunt.
3592 3610 3772 3685 lgitur

2148 3707 2255 3761 dux
2290 3704 2656 3760 Wladislavus
2708 3704 2942 3776 ejusque
2996 3703 3090 3758 filii
3149 3704 3203 3758 in
3260 3705 3380 3759 loco
3413 3703 3507 3775 qui
3564 3702 3773 3757 dicitur

2145 3799 2505 3869 Zarnowyecz
2531 3797 2601 3831 97°
2653 3798 2821 3867 (132),
2867 3797 3135 3866 scjunctis
3174 3795 3303 3852 ﬁliis
3353 3813 3383 3850 a
3423 3802 3596 3866 patre,
3633 3812 3762 3850 cum

2146 3891 2480 3947 exercitibus
2513 3891 2904 3957 consederunt,
2932 3890 3121 3962 ibique
3170 3889 3380 3944 diutius
3409 3888 3555 3943 inter
3572 3904 3633 3943 se
3672 3888 3765 3942 le-

2147 3983 2467 4058 gationibus
2499 3983 2848 4048 altercantes,
2880 3982 2968 4037 vix
3010 3982 3229 4038 tandem
3262 3982 3329 4017 9'”
3360 3981 3607 4037 consiliis
3634 3996 3765 4051 pro-

2148 4094 2333 4133 cerum
2360 4076 2637 4149 minisque
2662 4078 2929 4149 juvcnum
2955 4079 3213 4133 Zetheum
3251 4078 3527 4133 dimittere
3571 4091 3764 4131 senem

2147 4167 2303 4238 pueri
2355 4173 2675 4239 coegerunt.
2715 4167 2880 4221 Aiunt
2930 4167 3092 4221 etiam
3136 4173 3349 4237 patrem
3386 4166 3460 4219 ibi
3496 4164 3625 4220 filiis
3664 4166 3763 4233 ju-

2146 4279 2296 4318 rasse
2343 4279 2625 4334 nunquam
2658 4279 2718 4319 se
2750 4262 3015 4333 deinceps
3042 4278 3164 4317 eum
3200 4263 3266 4316 ad
3319 4263 3584 4316 honorem
3633 4259 3760 4331 pri-

427 4346 631 4402 tionem
665 4345 867 4413 fratris,
909 4354 969 4402 ut
1007 4347 1282 4402 litteratus
1335 4355 1391 4402 et
1428 4347 1606 4416 major
1652 4354 1829 4411 aetate,
1860 4333 2345 4407 retho-Dstinum
2381 4333 2656 4407 revocare.
2715 4352 2790 4406 Ad
2848 4357 3085 4407 castrum
3140 4353 3324 4422 itaque
3370 4350 3453 4405 sui
3511 4347 3761 4404 nominis

424 4437 538 4494 rice
576 4438 858 4506 coloravit,
919 4454 983 4494 ac
1035 4439 1104 4474 9⁸³
1158 4439 1423 4510 populum
1484 4440 1910 4495 tumultuantem
1971 4440 2039 4495 ad

427 4530 746 4585 fidelitatem
786 4529 970 4585 fratris
998 4538 1053 4586 et
1083 4533 1526 4588 contrarietatem
1556 4534 1741 4588 Zethei
1764 4534 2042 4590 loculenta

428 4623 675 4680 oratione
695 4625 766 4660 9“
805 4626 1060 4697 sequenti
1090 4627 1452 4683 vehementer
1489 4628 1788 4685 animavit:
1845 4631 1921 4683 Ni
1953 4645 2041 4686 ve-

2142 4447 2341 4503 Zetheo
2382 4446 2647 4519 fugiente,
2679 4447 2746 4501 ad
2781 4456 2989 4517 patrem
3035 4444 3227 4499 fratres
3275 4444 3562 4499 humiliter
3608 4443 3761 4497 iner-

2142 4553 2261 4591 mes
2283 4544 2336 4592 ct
2354 4536 2566 4608 pacifici
2591 4543 2970 4606 perrexerunt,
3002 4534 3165 4605 eique
3195 4550 3306 4589 non
3326 4541 3385 4589 ut
3406 4533 3637 4599 domini,
3660 4534 3759 4586 sed

2144 4636 2204 4684 ut
2234 4629 2439 4684 milites
2469 4629 2555 4683 vel
2585 4626 2726 4683 servi
2758 4643 2916 4682 suum
2956 4626 3289 4699 obsequium
3320 4625 3511 4697 pronis
3555 4623 3759 4679 menti-

1778 4782 1998 4837 VARIIE
2047 4783 2405 4840 LECTIONES

498 4902 565 4937 951
599 4900 936 4961 introaturos
995 4907 1042 4959 1.
1154 4906 1605 4964 οδεοοΙΙειῑθτίὺιιε
1659 4910 1713 4964 2.

1825 4910 1895 4944 9⁵³
1925 4909 2197 4966 festinans
2270 4912 2324 4966 2.

2443 4911 2513 4946 95"
2539 4918 2593 4966 te
2634 4910 2685 4965 2.
2796 4911 2865 4945 ’³⁵⁵
2891 4916 2945 4965 et
2997 4913 3275 4979 anteponit
3336 4907 3390 4961 2.
3491 4909 3562 4944 ⁸⁵⁸
3593 4909 3647 4963 in
3698 4910 3753 4963 1.

425 4972 694 5052 °_5"_uerba
733 4978 886 5052 infra
913 4978 983 5052 de
1007 4977 1542 5036 Wratislaviensibus
1566 4982 1711 5037 dicta
1731 4981 1785 5034 2.
1816 4997 1993 5037 errore
2022 4984 2202 5052 lapsus
2232 4986 2326 5038 hoc
2353 4986 2462 5039 loco
2496 4985 2694 5052 posuit,
2741 4982 2831 5037 sed
2858 4983 2979 5037 dein
3018 4972 3163 5036 linea
3194 4988 3501 5036 transversa
3528 4982 3755 5048 delevit;

426 5044 620 5127 dolore
650 5047 832 5127 cordis
860 5047 1192 5127 intrinsecus
1223 5056 1384 5113 tacta,
1440 5052 1722 5127 paulisper
1748 5054 2030 5116 convenit,
2074 5044 2509 5127 erumpensque
2538 5053 2719 5127 statim
2788 5053 2873 5127 ff?”
2903 5053 3068 5127 igitur
3094 5053 3147 5106 2.

426 5126 495 5150 W’
516 5126 711 5172 urbem
764 5126 813 5173 1.
878 5126 931 5172 2.
1050 5126 1115 5154 νδι
1148 5136 1257 5175 non
1301 5138 1422 5177 cum
1477 5126 1530 5176 2.
1642 5126 1712 5158 9“
1753 5134 2113 5194 prOperantes
2167 5126 2219 5180 2.
2315 5126 2460 5181 963st
2520 5127 2566 5179 1.
2635 5126 2686 5179 2.
2785 5126 2953 5179 9“ita
3004 5128 3360 5187 correximus;
3418 5126 3454 5178 Ιι

426 5187 649 5243 racionc
688 5189 739 5244 1.
776 5188 829 5243 2.
905 5189 974 5224 985
1001 5197 1180 5245 vestra
1224 5193 1277 5247 1.
1334 5194 1387 5247 2.
1456 5194 1526 5228 9°“
1545 5194 1666 5249 freti
1716 5198 1762 5250 1.
1821 5196 1874 5250 2.
1952 5197 2019 5231 ⁹⁶⁷
2051 5197 2311 5251 convenit
2362 5198 2409 5251 1.
2458 5198 2511 5250 2.
2594 5196 2664 5231 953
2693 5195 2902 5250 vixitl.
2954 5196 3006 5248 2.
3059 5202 3143 5250 ast
3168 5211 3355 5251 sensus
3402 5202 3454 5250 et

425 5116 495 5150 95°
516 5117 711 5172 urbem
764 5120 813 5173 1.
878 5118 931 5172 2.
1050 5120 1115 5154 ⁹⁶¹
1148 5136 1257 5175 non
1301 5116 1530 5177 οιιῐη’2.
1625 5116 1712 5158 ’9⁸³

422 5257 617 5315 vixerit
648 5261 944 5330 postulant.
1021 5262 1090 5296 ⁰⁶⁹
1131 5270 1351 5334 tempus
1376 5265 1429 5319 2.

3237 5052 3305 5086 959
3333 5051 3579 5107 civitates
3614 5055 3659 5107 1.
3688 5053 3742 5107 2.

2315 5122 2460 5181 seu
2520 5127 2566 5179 1.
2635 5126 2686 5179 2.
2785 5122 2953 5179 9“ita
3004 5128 3360 5187 correximus;
3418 5122 3749 5179 luculentam

3506 5197 3755 5264 rythmus

1521 5266 1591 5301 ’⁷ο
1616 5266 1960 5323 Sarnovuecz
1991 5268 2042 5322 1.
2079 5267 2472 5339 Czarnowyecz
2508 5274 2677 5338 potest
2728 5282 2931 5339 quoque
2968 5269 3071 5337 legi
3104 5268 3159 5321 2.
3240 5266 3309 5302 ⁹⁷¹
3343 5266 3663 5322 tantundem
3686 5267 3743 5322 2.

1984 5425 2197 5482 NOTAE.

498 5545 634 5611 1131)
666 5547 794 5601 Sall.
827 5547 919 5604 Cat
937 5548 1036 5605 20.
1077 5551 1131 5605 8.

494 5615 640 5686 (132)
669 5618 746 5671 Ad
787 5618 1008 5676 ﬂuvium
1060 5622 1252 5691 Notec,
1298 5629 1471 5691 Netse,
1520 5639 1633 5681 non
1690 5623 2028 5695 Czarnikow,

2133 5562 2192 5610 ut
2229 5556 2346 5610 vult
2400 5555 2616 5612 Stenzel
2693 5553 2892 5613 Chron.
2966 5552 3145 5624 princ.
3209 5550 3328 5607 Pol.
3373 5567 3429 5622 p.
3491 5548 3579 5605 68.
3644 5563 3745 5605 no-

2134 5628 2252 5682 tai.
2284 5627 2337 5683 S.
