3948 6044
285 230 394 287 889
1578 253 1583 257 -
1627 216 1631 225 '
1654 226 1846 282 LIBER
1888 225 2249 285 SECUNDUS.
3517 238 3626 295 390

291 357 396 412 bus
425 362 481 412 et
508 354 821 411 cervicibus
876 355 1220 411 obtulerunt.
1282 354 1485 428 Sicque
1528 360 1689 427 pater
1724 362 1779 411 et
1808 353 1909 411 ﬁlii
1936 360 1983 428 Α
2012 356 2264 422 exivisse,
2300 374 2510 433 eosque
2535 369 2726 417 contra
2750 364 2919 420 Zutok
2944 366 3101 433 (135),
3137 369 3290 442 regni
3322 370 3624 425 custodiam

291 446 588 518 cunctique
620 460 880 517 proceres
912 444 1145 509 couniti,
1176 445 1438 501 Zetheum
1488 444 1787 519 fugientem
1838 445 1907 499 ad
2016 455 2070 501 et
2100 448 2305 505 clavem
2328 450 2419 517 ³³⁸⁵,
2443 456 2680 506 castrum
2721 452 2793 487 9“
2819 455 3136 525 oppositum
3194 457 3460 512 erexisse.
3505 459 3630 514 Erat

292 536 580 592 castellum
604 535 755 609 quod
786 533 991 590 fecerat
1029 551 1151 590 cum
1181 542 1295 591 toto
1323 534 1568 590 exercitu
1600 543 1728 591 sunt
1754 550 1915 590 secu-
2014 538 2161 592 enim
2210 545 2449 595 castrum
2508 556 2708 596 novum
2742 542 2815 597 ita
2854 544 3021 599 altum
3084 558 3136 601 et
3188 546 3263 602 ita
3319 548 3625 618 proximum

293 633 351 687 ti.
396 630 568 695 Quem
617 630 748 685 dum
781 630 1044 702 persequi
1086 640 1141 685 et
1183 638 1331 687 extra
1379 637 1578 685 terram
1632 630 1909 701 eXpellere
2014 627 2353 695 cbristianis,
2386 630 2535 700 quod
2575 647 2642 686 ea
2670 647 2794 703 quas
2825 633 3154 690 dicebantur
3205 645 3259 691 et
3307 635 3513 693 fiebant
3569 639 3624 693 in

291 727 646 785 conorentur,
680 720 799 791 ipse
831 719 939 773 dux
981 728 1169 787 noctu,
1204 737 1326 776 cum
1352 720 1555 776 lectulo
1582 735 1684 775 suo
1714 720 1906 792 requi-
2009 719 2178 774 Zutok
2222 726 2277 774 et
2327 721 2510 776 audiri
2567 729 2621 777 et
2659 722 2831 779 videri
2874 725 3017 781 bene
3048 733 3303 797 poterant
3335 745 3363 783 a
3398 731 3629 804 paganis

294 828 485 867 escere
508 818 815 883 putaretur,
850 812 1072 866 nemine
1104 829 1329 868 suorum
1358 812 1604 880 conscio,
1637 828 1760 867 cum
1804 813 1904 867 tri-
2008 807 2096 861 ⁸⁸⁷.
2130 808 2300 883 Igitur
2318 810 2646 882 Zbignevus,
2671 829 2842 884 quum
2872 814 2942 849 933
2970 824 3128 870 aetate.
3172 817 3347 884 major
3389 825 3508 873 erat
3533 818 3625 885 πθ,

292 902 397 957 bus
438 901 685 972 exceptis
716 901 1077 957 familiaribus
1106 903 1404 959 exercitum
1451 904 1685 958 latenter
1722 902 1915 958 exiens
2016 909 2340 974 partemque
2371 904 2527 976 regni
2558 905 2883 961 Pomoranis
2922 908 3176 980 patrique
3206 909 3509 980 proximam
3540 926 3627 966 re-

294 991 386 1055 m,
424 1006 449 1045 1
487 990 743 1045 Zetheum
776 1006 844 1044 ex
883 990 1057 1046 altera
1085 997 1240 1061 parte
1279 992 1476 1063 \Vyslae
1516 991 1759 1047 ﬂuminis
1787 1007 1910 1047 cum
2015 990 2248 1057 tinebat,
2298 1007 2421 1046 cum
2478 994 2717 1049 exercitu
2763 997 2931 1066 patris
2961 1005 3128 1070 atque
3181 1013 3282 1053 suo
3316 998 3385 1032 99°
3439 1006 3628 1054 contra

295 1085 547 1141 navicula
597 1085 971 1141 transmeavit.
1020 1085 1176 1141 Unde
1233 1087 1418 1142 cuncti
1455 1103 1711 1157 proceres
1762 1087 1909 1142 indi-
2012 1082 2349 1139 Pomoranos
2386 1086 2505 1140 sine
2537 1085 2702 1141 fratre
2752 1090 2979 1158 parvulo
3027 1090 3361 1161 preparavit,
3419 1091 3631 1146 minus-

294 1174 445 1247 gnati
473 1174 814 1241 asserebant,
846 1174 978 1246 quia
998 1174 1069 1209 ⁵³⁷³
1098 1175 1358 1230 deserere
1385 1174 1528 1231 filios
1549 1183 1737 1247 totque
1756 1176 1909 1248 prin-
2011 1187 2119 1242 que
2147 1178 2260 1226 tum
2296 1173 2476 1227 laudis
2502 1174 2679 1242 major
2698 1190 2821 1229 cum
2850 1177 3035 1231 multis
3064 1177 3424 1245 antecedens,
3464 1194 3626 1249 quam

293 1267 448 1338 cipes
477 1281 600 1321 cum
631 1265 872 1321 excrcitu
912 1283 1024 1322 non
1061 1273 1142 1321 est
1190 1267 1458 1338 sapientis
1486 1269 1586 1323 sed
1618 1268 1908 1324 consilium
2012 1263 2178 1319 frater
2211 1264 2400 1336 junior
2427 1280 2553 1320 cum
2584 1267 2649 1301 θυι
2695 1267 2887 1337 paucis
2914 1269 3268 1342 subsequens
3313 1271 3627 1342 acquisivit.

295 1356 607 1424 delirantis,
635 1357 931 1429 statimque
956 1357 1104 1414 facto
1153 1359 1391 1415 consilio
1422 1360 1491 1395 9'”
1523 1360 1907 1420 decreverunt.
2012 1357 2144 1411 Nam
2179 1358 2356 1426 major
2380 1356 2511 1412 illuc
2540 1373 2844 1429 prOperans
2882 1362 2972 1427 θη,
3006 1378 3189 1433 neque
3220 1369 3454 1417 castrum
3492 1364 3627 1419 illud

298 1453 572 1517 quatenus
596 1445 916 1501 Bolezlavus
960 1447 1219 1502 Sudomir
1245 1448 1397 1518 (133)
1429 1455 1483 1503 et
1540 1446 1778 1510 Cracow,
1829 1462 1911 1501 se-
2013 1463 2215 1504 novum
2263 1448 2498 1504 viriliter
2539 1451 2842 1517 assultavit,
2894 1467 2997 1506 nec
3066 1453 3251 1508 hostes
3290 1470 3416 1509 cum
3475 1463 3628 1515 tanta

295 1536 397 1589 des
420 1535 575 1608 regni
609 1536 943 1608 principales
973 1544 1028 1593 et
1057 1537 1332 1607 proximas
1357 1544 1677 1609 occuparet,
1705 1553 1910 1609 easque
2013 1537 2362 1593 multitudine
2388 1538 2443 1592 in
2474 1538 2722 1610 praelium
2759 1540 3010 1605 irritavit,
3043 1542 3140 1596 sed
3176 1543 3376 1598 timens
3406 1543 3535 1599 inde
3558 1546 3628 1580 993

297 1626 563 1683 ﬁdelitate
595 1635 815 1700 recepta
854 1629 910 1682 in
958 1630 1267 1685 dominium
1314 1631 1645 1701 possideret,
1676 1630 1912 1703 Zbigne-
1938 1686 1983 1704 ἢ
2016 1626 2190 1700 magis
2219 1643 2381 1698 quam
2421 1627 2705 1683 timendus
2736 1637 2796 1685 ut
2832 1631 2988 1685 aiunt
3018 1632 3107 1699 99‘,
3160 1633 3228 1686 ad
3269 1634 3491 1704 prepria
3527 1650 3622 1689 re-

297 1736 399 1775 vus
435 1726 616 1775 autem
648 1728 842 1776 contra
888 1721 1180 1777 Mazoviam
1234 1722 1304 1757 ⁸⁷⁵
1356 1729 1695 1793 properaret,
1736 1728 1792 1777 et
1822 1738 1914 1776 ur-
1938 1686 1988 1754 Β
2017 1721 2233 1776 meavit.
2264 1723 2331 1776 At
2362 1740 2500 1793 puer
2532 1724 2869 1793 Bolezlavus,
2897 1726 3083 1781 Martis
3131 1727 3297 1793 filius,
3330 1728 3493 1784 fratre
3518 1745 3630 1785 ma-

300 1813 424 1868 bem
446 1814 765 1869 Plocensem
806 1813 1070 1886 illamque
1098 1814 1313 1887 plagam
1354 1815 1670 1888 contiguam
1699 1815 1915 1870 obtine-
2009 1814 2129 1882 jore
2173 1814 2497 1870 discedente
2529 1823 2587 1871 ut
2636 1817 2876 1883 advenit,
2911 1819 3167 1889 quamvis
3223 1820 3467 1875 nondum
3509 1820 3624 1875 cin-

301 1912 383 1961 ret
456 1906 773 1981 Bolezlavus
821 1906 1046 1978 quidem
1084 1906 1247 1961 sedes
1290 1907 1581 1978 prazdictas
1628 1907 1916 1979 occupavit
2015 1910 2137 1958 ctus
2170 1903 2376 1976 gladio,
2408 1904 2533 1975 plus
2557 1906 2889 1977 praecipiens
2927 1923 3090 1978 quam
3146 1907 3312 1963 frater
3351 1909 3525 1980 major
3569 1916 3625 1967 te

300 2005 357 2051 et
378 1996 574 2063 tenuit,
615 1996 923 2071 Zbignevus
943 2011 1094 2062 vero,
1127 2003 1443 2066 praeventus
1472 2013 1504 2051 a
1546 2004 1723 2067 patre,
1750 2012 1911 2051 suum
2017 2011 2158 2050 nens
2186 1995 2430 2070 gladium
2461 1996 2541 2052 ibi
2567 1996 2715 2053 fecit.

300 2094 543 2157 caaptum
571 2086 847 2157 explicare
892 2103 1003 2144 non
1061 2089 1254 2160 potuit.
1292 2086 1398 2142 Sed
1425 2086 1557 2158 quid
1599 2092 1705 2140 tam
1739 2085 1831 2140 diu
1858 2084 1917 2139 ti-
2230 2086 2362 2141 Nam
2395 2095 2449 2141 et
2481 2094 2704 2157 pontem
2729 2087 2798 2123 993
2826 2086 3142 2143 invadendo

298 2179 478 2234 nalem
506 2195 724 2235 causam
755 2180 940 2236 Zethei
973 2179 1231 2236 factionis
1271 2177 1709 2253 prolongamus?
1750 2176 1806 2231 Si
1833 2176 1917 2230 lz.-
2300 2177 2624 2234 Castellanis
2652 2179 2895 2245 abstulit,

299 2268 463 2323 bores
480 2269 730 2343 singulos
749 2269 803 2324 in
821 2269 1166 2325 dissensione
1196 2270 1267 2305 97°
1290 2267 1475 2323 Zethei
1509 2266 1909 2331 describamus,
2233 2271 2293 2325 Et
2322 2270 2378 2324 in
2403 2279 2611 2340 portam
2637 2273 3022 2343 prosequendo

297 2368 451 2434 gesta
499 2360 685 2415 Zethei
724 2361 914 2431 procul
971 2360 1142 2417 dubio
1193 2360 1483 2435 Jugurtino
1533 2359 1601 2396 9'”
1645 2359 1911 2416 volumini
2206 2369 2212 2377 '
2296 2362 2435 2418 Suos
2465 2378 2627 2417 enses
2656 2362 2856 2419 intulit.

295 2468 670 2525 coaequamus.
700 2452 765 2507 Et
790 2468 861 2507 ne
891 2461 1073 2507 tamen
1094 2452 1287 2507 insulsi
1310 2452 1397 2507 vel
1426 2451 1695 2507 desidiosi
1719 2451 1907 2507 videa-
2088 2451 2200 2507 Hoc
2231 2449 2448 2505 initium
2480 2452 2693 2506 militiae
2719 2452 2989 2509 Bolezlavi
3023 2470 3238 2527 magna:
3269 2454 3470 2510 futurae
3505 2470 3629 2526 pro-

295 2563 435 2614 mur,
474 2554 717 2617 ereptum
752 2546 857 2601 iter
898 2546 1079 2601 adhuc
1128 2547 1529 2619 aliquantulum
1568 2546 1904 2621 gradiamur.
2012 2545 2198 2600 bitatis
2227 2544 2494 2600 indicium
2526 2544 2701 2598 extitit
2742 2546 3077 2613 christianis,
3139 2564 3515 2619 magnumque
3554 2546 3632 2602 si-

295 2638 426 2691 ltem
456 2636 566 2691 alio
588 2645 836 2708 tempore
867 2637 1026 2705 pueri
1059 2637 1339 2708 principes
1368 2645 1423 2692 et
1446 2637 1742 2692 exercitum
1767 2636 1910 2692 asci-
2010 2652 2179 2708 gnum
2229 2650 2340 2690 suae
2371 2634 2762 2689 destructionis
2805 2636 2895 2702 9”,
2932 2652 3188 2708 magnum
3254 2646 3517 2692 terrorem
3574 2636 3626 2691 in

293 2733 508 2793 verunt,
534 2733 590 2782 et
618 2736 809 2782 contra
857 2726 1179 2782 Plocensem
1228 2726 1421 2781 urbem
1453 2743 1520 2781 ex
1547 2726 1720 2783 altera
1753 2734 1906 2797 parte
2010 2728 2136 2783 tulit
2167 2726 2305 2798 ipsis
2353 2726 2518 2781 etiam
2569 2726 2908 2782 Pomoranis.
2975 2728 3215 2802 Zbigneo
3271 2735 3454 2784 autem
3503 2744 3625 2782 cum

292 2816 492 2888 Wyslaa
520 2816 763 2872 fluminis
796 2823 973 2872 castra
1008 2816 1218 2871 militiae
1248 2825 1572 2887 posuerunt,
1615 2816 1709 2871 ubi
1737 2815 1904 2871 etiam
2011 2818 2364 2874 multitudine
2420 2819 2671 2874 venienti
2720 2820 2787 2855 99"
2847 2820 3128 2891 nichilque
3186 2819 3346 2876 virile
3397 2819 3626 2875 facienti

288 2907 555 2963 Martinus
583 2908 1055 2980 archiepiscopus,
1074 2924 1244 2963 senex
1265 2908 1687 2982 ﬁdelis,magno
1719 2907 1908 2962 labore
2010 2911 2343 2966 insultantes
2371 2911 2645 2984 ignaviam
2670 2910 3054 2977 ascribebant;
3115 2911 3457 2967 Bolezlavum
3500 2925 3629 2965 vero

287 3017 596 3075 magnaque
617 3001 978 3056 cautelairam
1006 3006 1063 3055 et
1082 2998 1413 3054 discordiam
1434 2997 1579 3052 inter
1604 3004 1813 3068 patrem
1847 3006 1903 3053 et
1933 3046 1979 3075 η
2011 3018 2133 3057 cum
2166 3000 2355 3072 paucis
2383 3002 2575 3071 pestea
2603 3001 2942 3065 venientem,
2994 3010 3048 3055 et
3078 3003 3339 3056 audacter
3367 3015 3495 3056 suos
3527 2999 3629 3054 ho-

291 3046 433 3145 ﬁligs
452 3046 744 3164 mitigavit.
770 3089 847 3144 lbi
871 3104 1094 3161 quoque
1117 3088 1226 3142 dux
1242 3046 1704 3155 Wladislavusjut
1726 3087 1900 3148 aiunt.
1932 3046 1982 3114 C
2011 3103 2123 3149 stes
2152 3046 2328 3167 iisque
2357 3046 2426 3148 ait
2459 3102 2646 3165 portas
2674 3093 2743 3128 993
2779 3093 3154 3159 invadentem,
3188 3093 3299 3165 lupi
3338 3092 3512 3146 ﬁlium
3535 3108 3630 3161 ap-

283 3182 640 3253 jerejurando
668 3197 726 3236 se
756 3182 1016 3237 Zetheum
1058 3187 1402 3237 retenturum
1444 3197 1731 3253 nunquam
1783 3197 1899 3236 am-
2003 3184 2286 3258 pellabant
2329 3184 2612 3251 Zbigneus,
2672 3182 3015 3253 inquientcs,
3080 3184 3230 3238 debet
3296 3189 3357 3237 ut
3400 3184 3626 3237 clericus

294 3278 440 3349 plius
468 3276 830 3334 confirmavit.
881 3276 1034 3332 Tunc
1083 3276 1404 3333 Bolezlavus
1436 3277 1574 3347 patri
1615 3277 1780 3332 sedes
1810 3292 1904 3332 oc-
2005 3279 2281 3335 ecclesiam
2305 3276 2626 3344 gubernare,
2658 3278 2825 3329 istum
2872 3290 2993 3329 vero
3034 3276 3180 3330 decet
3204 3275 3519 3344 puerulum,
3565 3280 3627 3327 ut

290 3379 516 3442 cupatas
570 3372 831 3438 restituit,
890 3388 997 3427 nec
1035 3381 1190 3443 pater
1219 3388 1344 3428 cum
1401 3370 1532 3426 filiis
1590 3372 1903 3443 pactionem
2007 3373 2251 3437 apparet,
2292 3368 2568 3421 strennuis
2596 3365 2665 3398 9”
2686 3364 2894 3419 actibus
2919 3365 3175 3419 militare.
3207 3363 3407 3433 Sicque
3433 3361 3626 3433 junior

290 3461 485 3516 factam
516 3461 778 3518 obtinuit.
808 3461 885 3515 Ad
925 3467 1225 3516 extremum
1254 3460 1475 3515 interim
1529 3475 1719 3514 senem
1749 3459 1904 3530 pueri
2008 3459 2179 3514 frater
2221 3474 2343 3513 cum
2388 3456 2578 3527 paucis
2620 3455 2880 3526 paulatim
2923 3454 3204 3518 incedens,
3240 3454 3364 3524 plus
3394 3454 3622 3508 honoris

293 3556 618 3624 coegerunt,
645 3549 790 3620 quod
823 3549 894 3584 978
923 3550 1183 3605 Zetheum
1231 3549 1301 3603 de
1328 3548 1560 3604 Polonia
1592 3548 1910 3619 prepellen-
2009 3554 2065 3603 et
2095 3547 2275 3602 laudis
2305 3545 2599 3617 acquisivit
2636 3559 2798 3615 quam
2866 3544 3060 3612 major,
3113 3543 3206 3615 qui
3239 3559 3362 3598 cum
3425 3558 3626 3617 magno

290 3642 362 3697 do
391 3643 462 3677 97°
489 3658 650 3697 suum
680 3642 1016 3697 desiderium
1049 3639 1619 3712 impleverunt.(l34).
2012 3636 2222 3706 impetu
2255 3641 2310 3689 et
2348 3649 2469 3688 cum
2501 3648 2699 3707 magna
2743 3631 3094 3687 multitudine
3143 3631 3477 3703 preperavit.
3538 3631 3632 3686 Vi-

366 3734 609 3798 Qualiter
659 3742 841 3788 autem
887 3733 994 3788 hoc
1048 3732 1359 3807 contigerit,
1418 3732 1508 3786 vel
1547 3730 1786 3802 qualiter
1838 3729 1911 3786 de
2012 3726 2209 3780 dentes
2239 3737 2370 3798 ergo
2428 3721 2519 3756 ¹⁰⁰⁰
2557 3721 2757 3796 pagani
2808 3736 3064 3792 puerum,
3110 3720 3238 3792 quia
3293 3735 3502 3792 paucos
3541 3720 3634 3775 ha-

295 3825 461 3881 exilio
496 3824 746 3891 redierit,
780 3823 1052 3895 prolixum
1085 3830 1140 3877 et
1180 3822 1470 3878 taediosum
1525 3828 1608 3876 est
1638 3823 1910 3888 educere;
2015 3821 2202 3887 bebat,
2256 3828 2644 3884 revertentem,
2690 3823 2999 3872 metuentes
3070 3816 3371 3881 interitum,
3420 3815 3466 3868 si
3505 3831 3629 3870 cum

290 3917 389 3971 sed
447 3917 553 3971 hoc
582 3914 787 3969 dixisse
821 3913 1074 3981 suﬂiciat,
1108 3912 1257 3984 quod
1297 3913 1367 3947 ⁰⁸⁰
1410 3919 1605 3983 postea
1659 3927 1772 3968 non
1804 3913 1913 3968 sibi
2017 3907 2198 3963 multis
2229 3907 2476 3975 redierit,
2510 3907 2910 3969 imminentem,
2966 3906 3249 3962 castellum
3282 3920 3443 3959 suum
3479 3905 3625 3977 quod

291 4005 444 4061 licuit
482 4003 654 4059 ullum
685 4002 994 4058 dominium
1027 4017 1310 4058 exercere.
2016 4003 2262 4058 fecerant
2308 4003 2533 4075 ipsimet
2581 4003 2991 4070 destruxerunt,
3029 4018 3297 4075 cassoque
3327 4001 3520 4057 labore
3547 4016 3631 4057 se-

401 4120 488 4177 17.
515 4126 586 4176 De
608 4123 1014 4192 propugnaculo
1030 4122 1472 4184 {Pomoranorum
1498 4136 1601 4177 sua
1629 4124 1815 4189 sponte

1283 4136 1472 4177 norum
1498 4136 1601 4177 sua
1629 4124 1815 4189 εροηεε
2017 4092 2266 4148 curitatis
2292 4092 2519 4148 latibula
2545 4094 2842 4165 petierunt.

902 4194 1168 4310 destructo
1218 4193 1311 4245 ⁹⁸¹ο
1420 4282 1449 4310 Α
1749 4279 1803 4310 m
2017 4205 2105 4262 18.
2147 4210 2218 4261 De
2240 4207 2411 4263 balteo
2429 4209 2662 4263 militari
2686 4207 2954 4310 Bolez'tpvp
3000 4212 3215 4310 domum
3264 4206 3483 4259 devictis
3533 4206 3632 4259 Po-

951 4297 1013 4310 ΛΑ
1072 4291 1121 4310 ρ..
1169 4281 1356 4310 ..Ακζ-ςη
1458 4282 1622 4310 ζυζροιι.
1679 4297 1741 4310 ιη.
1811 4281 1913 4310 ,εἷηο
2513 4282 2755 4310 ,νων-..ει
2794 4293 2822 4310 Λ
2879 4294 2907 4310 n
2939 4293 2967 4310 η

373 4284 645 4339 llactenus
701 4283 770 4337 de
815 4283 1015 4338 Zetheo
1070 4291 1126 4338 et
1169 4281 1362 4357 regina
1418 4282 1623 4337 dixisse
1679 4279 1918 4337 sufficiat
2513 4282 2755 4333 momnis
2793 4279 2967 4333 oblato
3016 4278 3125 4330 ¹⁰⁰¹.

297 4396 445 4436 nunc
482 4393 613 4434 vero
647 4393 831 4447 penna
859 4383 1162 4448 temperata
1182 4377 1252 4431 de
1292 4391 1466 4448 puero
1517 4376 1671 4431 Marti
1711 4375 1783 4411 ⁹⁸²
1817 4375 1991 4486 de—D
2089 4373 2292 4428 Videns
2323 4387 2456 4446 ergo
2495 4370 2887 4436 Wladizlavus,
2925 4368 3053 4440 quia
3097 4383 3235 4439 puer
3267 4373 3427 4422 aetate
3468 4366 3630 4423 ﬂore-

309 4470 363 4486 ι’.
384 4484 391 4486 .
566 4475 625 4486 .-ξ
656 4468 725 4486 mm
760 4466 991 4486 ..__.n___-
1030 4466 1359 4486 2--.‘;.:-A3_
1394 4465 1641 4486 _---nx:_.
1675 4466 1745 4486 ou
1800 4464 1910 4486 ηεξ-
2017 4464 2107 4486 ι.-.
2131 4463 2403 4486 ---ηπ-.-Α
2429 4459 2756 4486 ,κηποι-ειη...
2782 4456 3140 4486 ..-ω-..Λιιηιιηο
3184 4457 3510 4486 Διεηηίξσηιοιι
3538 4473 3595 4486 ..ι-ι

290 4470 405 4524 dito
436 4475 632 4538 emptae
656 4468 726 4503 933
755 4466 998 4521 studium
1029 4466 1362 4522 intentionis
1393 4465 1646 4537 proficiat
1675 4466 1766 4521 ’3‘.
1800 4464 1913 4519 Hiis
1934 4456 1991 4486 υ
2016 4464 2111 4518 bat
2126 4463 2407 4537 gestisque
2429 4459 2759 4515 militaribus
2782 4456 3164 4530 praepollebat,
3182 4457 3510 4528 cunctisque
3538 4473 3629 4511 re-

297 4561 371 4617 ita
412 4561 671 4631 peractis,
717 4575 867 4627 ecce,
928 4559 1247 4614 nunciatum
1310 4564 1393 4613 est
1438 4558 1520 4613 eis
1576 4558 1914 4614 Pomoranos
2014 4556 2108 4630 gni
2140 4554 2487 4626 sapientibus
2524 4551 2931 4622 complacebat,
2962 4565 3087 4604 eum
3136 4549 3230 4584 ¹⁰⁰²
3260 4549 3475 4624 accingi
3507 4550 3633 4621 gla-

1646 4663 1869 4718 VARLE
1893 4662 2272 4718 LECTIONES.

369 4763 439 4798 9"
466 4779 597 4818 exre
629 4761 813 4835 oriens
840 4763 895 4817 2.
948 4762 1057 4835 ‘9'"?
1069 4761 1221 4835 quod
1248 4765 1296 4816 1.
1325 4832 1333 4835 _
1364 4761 1433 4796 97"
1455 4760 1693 4835 consilio
1722 4761 2022 4835 deest1._2_.
2049 4760 2101 4815 3.
2126 4759 2231 4835 sed
2248 4763 2402 4835 recte
2415 4757 2573 4813 addit
2601 4757 2724 4835 Qhr.
2741 4756 2934 4835 ρι’..Ρἒ
3162 4752 3232 4835 ⁹ς¹⁶
3251 4752 3542 4835 yoraviam
3572 4756 3631 4808 2.

305 4836 377 4870 97°
408 4834 800 4910 dispen_s_ion_es
839 4834 889 4887 1.
937 4825 1111 4910 2.177
1191 4832 1415 4910 gu‘rtino
1446 4833 1501 4910 1ἐ
1571 4832 1901 4910 i_gur_'t_ino_2._
1946 4832 2028 4910 9]:
2044 4832 2176 4910 quia
2315 4825 2796 4910 _°"9_propellando
2830 4827 2879 4880 1.
2903 4825 3075 4910 2."?
3105 4825 3309 4910 quia
3367 4825 3630 4910 "inargu-

306 4849 377 4870 νιυ
408 4849 800 4903 uispensiones
839 4849 889 4887 ιι.
937 4849 990 4887 x.
1044 4849 1107 4867 ’σε
1144 4850 1159 4887 ι
1191 4849 1415 4908 gurtino
1446 4849 1499 4889 1.
1571 4849 1892 4938 igurunog.
1947 4849 2016 4867 ’ὀ
2044 4849 2176 4915 quia
2202 4849 2257 4915 ξ.
2431 4849 2796 4900 propeuanuu
2830 4849 2879 4880 ι.
2903 4849 3074 4907 2.."-
3105 4849 3235 4907 qura
3255 4849 3309 4905 ῃ.
3369 4849 3434 4859 -ν-
3456 4849 3630 4910 ἀτρα-

304 4906 686 4982 mentumcdit:
717 4904 1272 4982 Vars‘.p.1t_38,_derst
1304 4906 1354 4959 1.
1385 4903 1436 4982 2:
1473 4903 1539 4982 3_
1577 4905 1648 4982 ’f
1676 4904 1843 4959 Maron
1871 4904 1925 4957 2.
1957 4903 2037 4982 2⁸³.
2064 4907 2146 4958 ιτα
2179 4902 2398 4982 videtur
2417 4900 2704 4982 legendum
2730 4914 2839 4969 qua
2863 4899 3300 4982 udAintent‘ioms
3325 4905 3632 4982 pertinenti;

296 4984 456 5047 cepto
486 4978 511 5030 1
571 4978 623 5031 2.
659 4977 711 5031 3.
818 4968 1375 5031 9M7verba’llactenus
1403 4975 1472 5029 de
1508 4975 1712 5031 Zetheo
1749 5005 1816 5015 ——-
1848 4972 2097 5045 proficiat
2125 4973 2330 5053 omittit
2368 4972 2418 5026 3.
2514 4971 2584 5005 θθδ
2611 4968 2823 5051 clavum
2855 4971 2907 5024 1.
2938 4969 3006 5051 2..
3028 4977 3083 5023 et
3111 4968 3318 5023 clavem
3349 4968 3548 5022 desunt
3576 4969 3629 5023 3.

298 5049 369 5083 93°
390 5049 535 5101 deest
583 5048 635 5101 3.
710 5047 779 5081 99"
807 5047 927 5101 Erat
963 5047 1111 5101 enim
1147 5078 1217 5087 —
1247 5064 1278 5101 a
1317 5047 1548 5101 paeanis
1576 5048 1768 5101 desunt
1816 5046 1869 5101 3.
1951 5045 2303 5101 "Bononiam
2330 5042 2365 5096 2
2460 5042 2530 5076 “9
2557 5058 2655 5101 pro
2710 5043 2879 5101 igitur
2917 5041 3225 5101 Zbignevus
3264 5054 3435 5101 quum
3475 5046 3629 5095 aetate

304 5049 369 5083 ³⁸⁸
390 5049 535 5103 deest
583 5048 635 5102 3.
710 5047 779 5081 99"
807 5047 927 5101 Erat
963 5047 1111 5102 enim
1147 5078 1217 5087 —
1247 5064 1278 5102 a
1317 5047 1548 5120 paganis
1576 5048 1768 5102 desunt
1816 5047 1869 5101 3.
1951 5047 2303 5116 "squoniam
2330 5047 2365 5096 2
2460 5047 2530 5076 πθ
2554 5058 2655 5113 pro
2710 5047 2879 5116 [gitur
2917 5047 3225 5120 Zbignevus
3264 5054 3435 5109 quum
3475 5047 3634 5095 aetate

304 5119 479 5198 major
508 5127 627 5174 erat
652 5118 1140 5198 [tabethigneus
1170 5127 1349 5198 autem
1391 5118 1652 5189 quoniam
1667 5118 2021 5198 patunmajor
2036 5116 2267 5198 Aerati)»:
2342 5114 2413 5147 99°
2432 5130 2534 5198 suo
2564 5113 2978 5198 patrisque-pro
3028 5118 3199 5198 patris
3226 5116 3406 5198 atqpe
3431 5124 3535 5198 suo

301 5191 364 5225 ’9'
391 5180 420 5244 ὲ
447 5222 499 5229 -
531 5199 615 5245 est
645 5191 842 5245 habent
864 5180 1000 5245 mede
1026 5192 1076 5245 1.
1107 5188 1160 5244 2.
1233 5190 1302 5224 9”
1329 5180 1636 5295 prdparens
1664 5191 1717 5243 2.
1790 5188 1861 5224 9’3
1892 5180 2006 5243 illic
2034 5186 2068 5244 3
2185 5187 2253 5220 99‘
2278 5202 2329 5239 ιι.
2374 5201 2423 5239 a.
2457 5180 2651 5240 desunt
2676 5184 2709 5240 3
2755 5180 2769 5185 ’
2804 5180 2975 5256 995'po
3030 5180 3099 5238 oe
3127 5181 3180 5237 3.
3268 5180 3339 5214 ⁹⁹⁶
3363 5197 3627 5261 magnum

304 5261 495 5295 rum...m
527 5290 594 5295 _.
636 5261 1025 5295 δηρινηηηηηςε
1054 5262 1249 5295 Αοημηι
1278 5260 1308 5295 a
1452 5261 1495 5294 91
1515 5261 1774 5295 ..οηςοηθο
1809 5261 1828 5295 4
1907 5260 1942 5295 ο
2019 5259 2051 5295 2
2169 5257 2238 5292 m
2270 5262 2481 5295 nnrlnm
2531 5257 2564 5295 2
2674 5257 2744 5292 999
2773 5263 3029 5295 «ιι-ρηιιιια
3072 5254 3096 5295 4
3236 5249 3328 5285 1000
3362 5251 3528 5295 mimr
3574 5252 3608 5295 3

304 5261 495 5316 futurae
526 5290 594 5301 —-
636 5261 1029 5317 destructionis
1054 5262 1249 5316 desunt
1278 5249 1343 5316 3.’
1427 5249 1495 5295 59"
1515 5261 1776 5317 veniente
1809 5261 1857 5315 1.
1907 5260 1962 5314 2.
2018 5259 2071 5315 3.
2169 5257 2238 5292 ⁹⁹⁸
2270 5262 2482 5327 portam
2531 5257 2582 5311 3.
2674 5257 2744 5292 99°
2772 5249 3029 5312 strenuus
3072 5254 3126 5309 1.
3236 5249 3528 5325 1000igitur
3574 5252 3627 5308 3.

305 5332 391 5367 ¹⁰⁰¹
424 5338 800 5401 argumentum
822 5334 953 5388 edit.
1003 5334 1161 5388 Vars.
1188 5347 1248 5401 ι).
1284 5331 1411 5399 172,
1439 5333 1583 5387 deest
1618 5344 1663 5386 ι.
1694 5332 1748 5386 2.
1782 5330 1835 5388 3.
1958 5330 2049 5366 ¹⁰⁰²
2079 5344 2324 5400 eumque
2356 5328 2412 5383 2.

1863 5428 2072 5486 ΝΟΤᾸΕ.

376 5531 524 5601 (133)
556 5532 868 5604 sandomrir,
900 5534 1034 5588 urbs
1079 5531 1331 5604 capitalis
1384 5531 1729 5604 principatus
1780 5532 1924 5604 ejus-
2100 5528 2253 5604 (135)
2278 5529 2522 5604 Zantbok
2567 5528 2646 5604 ad_
2674 5526 2953 5582 Wartbam
3000 5523 3227 5580 ﬂuvium
3279 5521 3423 5580 inter
3474 5523 3635 5581 Drie-

306 5598 432 5657 dem
464 5598 709 5658 nominis
737 5603 804 5657 ad
845 5604 1055 5659 ﬂumen
1077 5598 1341 5660 Vistulam
1374 5598 1496 5658 sita.
1541 5598 1594 5658 ς.
1810 5598 1825 5604 ⁷
2021 5598 2122 5655 seu
2147 5605 2203 5655 et
2232 5600 2572 5672 Landsberg.
2614 5598 2669 5652 S.

383 5675 536 5745 (134)
576 5674 709 5729 Scil.
740 5674 843 5744 ipsi
871 5675 1029 5746 pueri
1054 5675 1112 5731 K.
