3930 6052
294 192 392 246 891
1559 169 1903 227 CHRONICIE
1943 168 2361 224 POLONORUM.
3521 167 3640 224 892

295 323 387 377 dio
428 320 486 374 in
543 315 924 386 assumptione
973 318 1175 367 sanctae
1226 309 1407 365 Mariae
1465 305 1738 377 disposuit
1785 305 1900 374 (an.
1930 304 1982 374 Α
2008 303 2243 368 calcata,
2271 301 2360 356 scd
2379 315 2476 370 per
2495 303 2641 356 hunc
2668 299 2755 334 ¹⁰²¹
2783 300 3079 369 puerulum
3106 301 3211 353 erit
3241 302 3640 369 utantiquitus

295 415 454 477 1099,
487 416 620 479 Aug.
657 409 766 474 12D,
809 413 1244 477 apparatumque
1276 399 1628 474 magniﬁcum
1672 398 1728 452 in
1769 397 1908 452 civi-
2005 401 2336 450 restaurata.
2381 393 2458 447 Ad
2490 394 2608 447 haec
2655 392 2824 448 verba
2869 407 3063 446 omnes
3095 391 3188 463 qui
3221 392 3453 447 aderant
3511 401 3639 448 stu-

296 512 405 558 tate
438 499 686 555 Plocensi
720 496 1047 568 praeparavit
1077 494 1245 565 (136).
1289 493 1404 547 Jam
1449 490 1594 545 enim
1640 494 1796 542 aetate
1853 494 1908 543 et
2011 489 2269 554 puerunt,
2295 491 2348 538 et
2374 491 2434 538 ut
2463 482 2653 536 sileret
2671 497 2770 552 pro
2792 480 3100 536 reverentia
3122 480 3636 536 ducisinnuerunt.

297 592 614 646 infirmitate
642 587 905 643 continua
953 582 1300 648 senescebat,
1357 590 1412 635 et
1465 580 1520 633 in
1581 577 1676 633 illo
1735 591 1908 647 puero
2008 580 2118 634 Nos
2165 589 2346 634 tamen
2375 595 2484 634 non
2529 578 2808 633 credimus
2851 578 2956 632 hoc
2991 576 3220 631 verbum
3274 575 3340 630 de
3386 577 3638 633 vanitate

298 682 664 741 successionis
724 679 982 735 fiduciam
1027 676 1370 748 expectabat.
1437 675 1570 729 Dum
1615 687 1673 727 se
1717 669 1902 726 cuncti
2011 669 2364 738 processisse,
2410 667 2508 721 sed
2564 664 2869 736 preplietiae
2904 663 3100 734 spiritu
3131 663 3445 731 advenisse,
3497 667 3640 736 quia

295 779 670 845 praepararent
713 778 769 824 et
803 769 872 824 ad
919 767 1116 822 festum
1152 768 1532 836 pr0perarent,
1593 759 1901 815 nuntiatum
2003 761 2118 829 jam
2157 761 2214 814 in
2274 759 2431 814 factis
2467 759 2586 826 ejus
2635 757 2946 828 puerilibus
3004 756 3414 826 comprobatur,
3476 758 3636 828 quod

297 881 382 926 cst
413 871 750 926 Pomoranos
806 864 1010 919 Zantok
1048 861 1139 897 ¹⁰⁰³
1175 867 1411 917 castrum
1465 856 1770 921 obsedisse,
1807 871 1910 910 nec
2009 850 2233 904 Polonia
2274 848 2610 921 quandoque
2637 863 2737 919 per
2793 862 2919 901 eum
2975 846 3028 900 in
3073 853 3219 901 statu
3275 846 3508 916 pristino
3539 862 3633 902 re-

298 963 534 1018 audebat
561 961 652 996 ¹⁰⁰⁵
697 958 984 1030 quisquam
1018 955 1100 1010 eis
1130 954 1198 1008 de
1236 949 1587 1024 principibus
1615 947 1905 1003 contraire.

300 1055 470 1125 Igitur
502 1052 673 1106 invito
722 1058 876 1120 patre
930 1046 1230 1117 multisque
1286 1040 1730 1115 prohibentibus,
1776 1053 1913 1108 puer

299 1145 481 1201 Martis
518 1143 652 1198 illuc
690 1142 910 1196 irruens
940 1140 1007 1194 de
1038 1136 1362 1194 Pomoranis
1397 1131 1774 1203 triumphavit,
1803 1129 1908 1184 sic-

2014 950 2310 1000 stauratur.

2374 1036 2464 1090 21.
2509 1041 2579 1089 De
2606 1040 2777 1090 morte
2809 1034 3113 1088 ινιαάἰείαυὶ
3144 1035 3255 1088 ¹⁰²².

2085 1129 2192 1183 Sed
2259 1129 2327 1182 ad
2383 1142 2628 1198 praesens
2683 1142 2744 1180 se
2811 1141 2950 1196 puer
2985 1126 3388 1197 aliquantulum
3444 1129 3536 1164 ¹⁰²³
3602 1147 3636 1183 a

299 1251 406 1307 que
437 1233 660 1288 rediens
714 1230 951 1301 armiger
977 1227 1172 1293 victor,
1205 1241 1235 1280 a
1275 1231 1430 1296 patre
1461 1221 1643 1293 gladio
1675 1219 1910 1290 praecin-
2012 1218 2200 1273 labore
2257 1215 2488 1278 reﬁciat,
2533 1214 2660 1268 dum
2687 1212 2884 1266 ducem
2915 1211 3334 1276 Wladislavum,
3380 1228 3543 1282 pyum
3580 1219 3640 1265 et

299 1331 438 1390 ctus,
472 1339 592 1378 cum
629 1320 841 1394 ingenti
871 1317 1114 1388 tripudio
1161 1314 1604 1383 solempnitatem
1661 1310 1906 1366 celebra-

298 1421 392 1475 vit.
419 1418 608 1489 Neque
640 1416 792 1470 solus
827 1413 914 1468 illa
936 1412 1027 1466 die
1054 1411 1238 1464 balteo
1266 1408 1490 1462 militari
1531 1406 1744 1461 cinctus
1784 1403 1906 1471 luit,

302 1508 398 1562 sed
427 1507 496 1563 ob
528 1519 771 1560 amorem
799 1508 854 1557 et
879 1503 1147 1556 honorem
1182 1496 1280 1552 filii
1312 1496 1498 1550 multis
1528 1503 1682 1567 pater
1711 1502 1912 1550 coaeta-

302 1600 422 1654 neis
452 1613 601 1652 arma
632 1595 804 1650 dedit.

629 1686 690 1738 19
734 1690 804 1738 De
830 1684 1041 1737 Plaucis
1065 1680 1209 1751 (137)
1243 1681 1458 1734 devictis
1481 1677 1592 1730 1°05.

376 1779 678 1834 Bolezlawo
706 1778 890 1847 itaque
921 1774 1014 1808 ¹⁰⁰⁶
1038 1772 1210 1828 milite
1255 1771 1470 1826 noviter
1505 1769 1827 1835 constituto,
1860 1767 1916 1821 in

305 1872 519 1927 Plaucis
549 1871 692 1925 Deus
723 1867 1001 1931 revelavit,
1033 1871 1240 1937 quanta
1281 1880 1379 1934 per
1409 1879 1532 1918 eum
1566 1860 1781 1932 Operari
1810 1860 1916 1914 de-

306 1963 431 2017 beat
464 1962 519 2015 in
555 1960 756 2014 futuro.
789 1956 1031 2030 Contigit
1072 1969 1310 2025 namque
1356 1953 1570 2008 noviter
1597 1967 1663 2007 eo
1694 1949 1918 2005 militari

312 2050 491 2104 balteo
537 2049 852 2119 praecincto,
899 2045 1128 2100 Plaucos
1159 2044 1212 2096 in
1246 2058 1416 2096 unum
1475 2040 1563 2075 ¹⁰⁰⁷
1597 2040 1919 2094 innumera-

311 2139 451 2192 biles
472 2137 821 2198 convenisse,
854 2150 1092 2204 seseque
1131 2147 1284 2187 more
1314 2130 1478 2185 solito
1507 2146 1604 2200 per
1637 2128 1918 2184 Poloniam

313 2228 680 2292 discursuros,
743 2225 798 2278 in
854 2231 1040 2294 partes
1091 2221 1491 2292 1°°3sejunctos
1550 2218 1639 2252 ¹⁰⁰⁹
1683 2227 1791 2272 tres
1837 2218 1920 2272 vel

315 2327 551 2390 quatuor
578 2318 646 2372 ab
672 2317 903 2371 invisem
941 2313 1230 2377 remotius,
1278 2311 1519 2383 Wyslam
1555 2309 1782 2364 fluvium
1813 2325 1921 2364 no-

315 2423 511 2470 cturno
539 2420 786 2482 tempore
816 2409 1108 2463 natavisse.
1145 2405 1244 2470 Qui
1275 2404 1560 2476 sequentis
1586 2403 1676 2437 ¹⁰¹⁰
1698 2403 1806 2457 diei
1835 2401 1922 2436 1°“

317 2501 560 2556 diluculo
585 2517 744 2557 cursu
777 2500 970 2571 rapido
1000 2500 1091 2534 ¹⁰¹²
1135 2500 1533 2566 discurrentes,
1585 2505 1640 2554 et
1680 2499 1922 2569 praedam

317 2591 778 2645 innumerabilem
810 2590 1117 2660 capientes,
1163 2589 1376 2645 onerati
1407 2589 1601 2660 spoliis
1648 2588 1795 2643 circa
1838 2603 1928 2643 ve-

317 2697 532 2751 speram
561 2680 702 2735 ultra
741 2686 884 2734 retro
927 2678 1150 2734 fluvium
1185 2678 1493 2746 redierunt,
1529 2677 1716 2750 ibique
1746 2678 1924 2733 securi

318 2789 382 2827 ac
410 2773 498 2806 ί⁰¹³
528 2772 735 2848 fatigati
767 2779 1044 2828 nocturnae
1090 2771 1292 2842 quietis
1332 2771 1423 2804 ¹⁰¹⁴
1454 2770 1671 2842 tuguria
1721 2785 1927 2840 posue-

321 2870 465 2928 runt,
497 2863 595 2917 sed
624 2877 735 2916 non
768 2862 842 2916 ita
880 2861 1059 2916 securi
1101 2861 1456 2930 quieverunt,
1511 2860 1656 2913 sicut
1686 2860 1928 2930 antiqui-

2010 1317 2358 1366 mansuetum
2399 1309 2597 1373 virum,
2650 1308 2706 1361 in
2747 1323 2881 1377 pace
2934 1312 3117 1362 nostra
3149 1323 3334 1376 penna
3370 1306 3636 1376 sepeliet.

2015 1402 2127 1454 Dux
2173 1414 2306 1472 ergo
2354 1397 2723 1451 Wladislavus
2771 1394 3017 1465 pristinae
3061 1394 3355 1449 seditionis
3403 1393 3639 1448 remini-

2013 1510 2195 1560 scens,
2227 1508 2397 1564 quum
2425 1491 2685 1545 Zetheum
2717 1489 2786 1544 de
2817 1488 3042 1543 Polonia
3074 1487 3408 1562 profugavit,
3437 1504 3634 1559 quam-

1945 1619 1992 1686 Β
2016 1588 2095 1643 vis
2125 1593 2283 1642 aetate
2316 1585 2521 1640 debilis
2552 1590 2606 1639 et
2637 1582 2958 1691 infirmitate
2982 1581 3164 1691 fuerit,
3197 1581 3406 1683 nullum
3447 1589 3638 1636 tamen

2020 1681 2075 1734 in
2115 1679 2268 1734 curia
2305 1693 2405 1732 sua
2452 1676 2756 1747 palatinum
2797 1674 2884 1729 vel
2917 1673 3143 1744 palatini
3184 1673 3448 1728 vicarium
3493 1690 3639 1744 prae-

2018 1775 2167 1840 fecit,
2193 1773 2379 1829 omnia
2409 1787 2650 1842 namque
2682 1785 2779 1840 per
2817 1785 2877 1823 se
2910 1769 3089 1839 ipsum
3120 1768 3205 1823 vel
3245 1783 3351 1823 suo
3403 1768 3640 1823 consilio

2019 1863 2290 1935 sagaciter
2319 1860 2634 1926 ordinabat,
2664 1859 2749 1914 vel
2791 1858 3016 1912 cuilibet
3063 1856 3271 1924 comiti,
3307 1858 3466 1928 cujus
3511 1872 3646 1927 pro-

2019 1951 2253 2007 vinciam
2285 1948 2558 2013 visitabat,
2601 1947 2765 2002 curias
2811 1946 3234 2015 ι’θενοιιεὶοιιθιῐι
3277 1951 3333 2000 et
3370 1945 3646 2000 sollicitu-

2022 2046 2209 2100 dinem
2247 2041 2694 2100 commendabat.
2752 2041 2814 2094 Et
2858 2041 2940 2095 sic
2995 2057 3098 2111 per
3130 2058 3194 2095 se
3234 2042 3466 2112 patriam
3510 2039 3636 2094 sine

2023 2139 2266 2210 palatino
2297 2138 2499 2193 comite
2548 2135 2710 2202 rexit,
2753 2135 2933 2190 donec
2964 2135 3190 2206 spiritus
3219 2135 3339 2204 ejus
3369 2136 3458 2170 ¹⁰²³
3512 2150 3644 2190 cor-

2026 2249 2195 2305 porea
2247 2232 2392 2287 mole
2433 2231 2667 2294 solutus,
2709 2229 2777 2282 ad
2834 2228 3013 2283 locum
3073 2229 3279 2284 debitae
3336 2228 3645 2284 mansionis

2027 2327 2266 2398 perrexit
2302 2325 2409 2378 1°".
2449 2325 2570 2396 (An.
2617 2323 2770 2390 1102)
2807 2323 3048 2378 Mortuus
3075 2332 3158 2378 est
3196 2339 3329 2396 ergo
3357 2323 3647 2378 dux'Wla-

2027 2417 2270 2472 dislavus
2297 2415 2390 2449 ¹⁰²⁶
2437 2420 2600 2468 astate
2651 2413 2850 2484 plenus
2880 2418 2935 2466 et
2981 2411 3072 2447 ¹⁰¹⁷
3118 2411 3434 2467 infirmitate
3478 2412 3647 2485 longa

2025 2509 2283 2563 detentus
2325 2505 2496 2577 (138),
2541 2504 2700 2572 cujus
2739 2503 3003 2574 exequias
3047 2503 3293 2574 quinque
3339 2503 3540 2558 diebus
3585 2505 3643 2557 in

2025 2599 2164 2654 urbe
2195 2597 2444 2653 Plocensi
2478 2611 2605 2651 cum
2637 2593 2940 2665 capellanis
2969 2593 3327 2661 celebrando,
3381 2594 3646 2649 Martinus

2027 2690 2476 2761 archiepiscopus
2532 2686 2878 2758 expectando
2927 2685 3041 2740 filio
3093 2685 3333 2756 sepelire
3387 2701 3497 2740 non
3558 2692 3646 2740 est

2030 2797 2216 2836 ausus.
2283 2779 2658 2834 Advenientes
2720 2783 2905 2832 autem
2973 2776 3137 2832 ambo
3203 2775 3398 2831 fratres
3462 2777 3648 2832 adhuc

2030 2869 2304 2941 insepulto
2327 2875 2503 2939 patre,
2527 2883 2787 2940 magnum
2819 2866 3036 2920 interse
3063 2881 3220 2936 paene
3247 2865 3317 2920 de
3371 2865 3648 2922 divisione

325 2958 412 3005 tus
449 2954 860 3005 consueverunt
906 2948 1016 2998 1°15.
1061 2947 1308 3018 Namque
1351 2947 1442 2981 ίοίθ
1479 2947 1642 3015 Deus,
1675 2947 1921 3003 christia-

325 3054 510 3060 _.._-_._
570 3046 915 3060 -....--__.-n....
948 3053 1166 3060 ..-υ-...αλ
1199 3036 1396 3060 -.Σηζιέηη
1434 3036 1742 3060 --Σ-...Ιῖιιιιοιι-
1794 3054 1897 3060 ..---

2031 2964 2416 3018 thezaurorum
2447 2960 2537 2994 ’0³⁸
2568 2969 2624 3014 et
2648 2959 2805 3031 regni
2847 2958 3142 3014 discidium
3186 2958 3519 3026 habuerunt,
3545 2957 3647 3012 sed

321 3054 514 3093 norum
561 3046 915 3093 conservator
946 3053 1168 3107 suaaque
1199 3036 1398 3108 vigilia:
1434 3036 1760 3105 vindicator,
1794 3054 1929 3109 pau-

319 3143 508 3183 corum
560 3127 800 3181 fidelium
842 3127 1128 3181 audaciam
1178 3125 1234 3180 in
1273 3126 1566 3182 multorum
1625 3128 1929 3198 perniciem

323 3233 659 3292 paganorum
691 3219 992 3286 suscitavit,
1018 3218 1221 3289 quibus
1245 3218 1602 3274 irruentibus
1640 3221 1930 3276 dominicae

323 3307 505 3361 dieiin
534 3307 708 3378 gloria
750 3307 837 3341 ¹⁰¹⁷
879 3322 991 3362 sum
1027 3306 1287 3376 potentiae
1338 3308 1564 3363 brachio
1617 3309 1930 3380 triumpha-

322 3400 417 3454 vit.
470 3400 543 3453 Ex
590 3416 657 3455 eo
706 3408 954 3470 tempore
1015 3399 1198 3454 Plauci
1248 3400 1388 3457 adeo
1428 3409 1558 3456 sunt
1612 3402 1929 3474 stupefacti,

223 3507 232 3515 '
322 3497 468 3567 quod
491 3505 756 3570 regnante
788 3495 1074 3552 Bolezlavo
1099 3496 1287 3550 videre
1335 3496 1620 3553 Poloniam
1659 3513 1769 3552 non
1803 3506 1933 3553 sunt

319 3607 460 3646 81151.

605 3680 694 3736 20.
728 3680 819 3715 ¹⁰¹⁸
844 3681 1125 3750 Prophetia
1148 3680 1212 3734 de
1238 3679 1510 3735 Bolezlavo
1531 3679 1641 3732 1°”.

394 3772 630 3846 Contigit
653 3787 873 3843 quoque
904 3771 1183 3841 quoddam
1213 3786 1245 3825 a
1275 3771 1514 3841 quodam
1549 3768 1668 3824 fieri
1700 3770 1928 3826 verbum

324 3865 414 3898 ¹⁰²⁰
471 3865 525 3918 in
575 3864 824 3918 militaris
874 3863 1106 3918 consilio
1152 3862 1466 3930 cinctionis,
1512 3863 1660 3934 quod
1700 3864 1928 3936 dignum

323 3966 407 4014 est
435 3959 598 4012 inseri
626 3965 828 4012 nostrae
859 3958 1031 4029 tytulo
1070 3957 1384 4013 mentionis.
1417 3962 1636 4014 Domine
1661 3961 1794 4026 dux,
1835 3960 1926 4014 in-

321 4049 444 4121 quit
481 4049 575 4103 ille
623 4050 868 4120 quidam,
919 4051 1253 4117 Wladislave,
1290 4066 1425 4119 pyus
1464 4056 1597 4105 Deus
1656 4052 1806 4106 hodie
1852 4067 1932 4108 re-

317 4159 489 4212 gnum
518 4145 746 4198 Polonia:
772 4146 1028 4206 uisitauit,
1074 4151 1333 4212 tuamque
1377 4150 1706 4198 senectutem
1753 4150 1805 4199 et
1843 4149 1931 4199 in-

2032 3054 2223 3108 divina
2246 3053 2422 3127 gratia
2462 3051 2794 3122 inspirante,
2824 3058 2895 3121 ;et
2936 3051 3026 3085 ¹⁰²⁹
3057 3050 3476 3122 archiepiscopo
3511 3065 3648 3104 sene

2033 3146 2124 3181 ¹⁰³⁰
2152 3145 2300 3200 fideli
2321 3144 2977 3214 mediante,prieceptum
3009 3143 3246 3199 viventis
3279 3143 3335 3197 in
3355 3142 3649 3213 praesentia

2033 3237 2232 3292 mortui
2283 3242 2600 3290 tenuerunt.
2680 3234 2982 3290 Wladislao
3050 3251 3182 3308 ergo
3248 3234 3336 3270 ¹⁰³¹
3393 3235 3534 3290 duce
3591 3235 3646 3288 in

2032 3327 2267 3383 ecclesia
2321 3325 2578 3404 Plocensi,
2649 3324 2952 3380 honorifice
3025 3326 3156 3380 satis
3216 3341 3280 3380 ac
3355 3325 3648 3401 magniﬁce

2029 3418 2322 3484 tumulato,
2380 3418 2884 3488 thezaurorumque
2938 3417 3108 3488 patris
3156 3417 3300 3472 intra
3355 3417 3498 3472 filios
3556 3418 3648 3452 ¹⁰³²

2032 3507 2436 3582 regnoqne1033
2475 3507 2716 3563 Polonia:
2749 3507 2966 3561 vivente
3008 3515 3162 3578 patre
3201 3507 3339 3563 facta
3371 3508 3645 3563 divisione

2031 3599 2339 3669 designato,
2386 3603 2590 3652 sortem
2644 3603 2876 3666 uterque
2931 3611 3042 3650 sua:
3092 3596 3383 3651 divisionis
3425 3597 3643 3652 habuit.

2032 3687 2348 3742 Bolezlavus
2373 3693 2556 3740 tamen
2604 3684 2885 3757 legitimus
2917 3685 3054 3740 duas
3091 3685 3254 3740 sedes
3294 3687 3449 3759 regni
3491 3687 3644 3757 prin-

2030 3779 2240 3851 cipales
2305 3786 2629 3849 partemque
2681 3785 2841 3833 terra:
2907 3776 3325 3848 populosiorem
3383 3779 3642 3833 obtinuit.

2031 3873 2173 3928 Puer
2228 3878 2411 3926 autem
2464 3871 2784 3927 Bolezlavus
2836 3871 3034 3940 adepta
3099 3879 3253 3940 parte
3309 3871 3648 3940 patrimonii,

2031 3965 2302 4021 militibus
2357 3971 2412 4018 et
2479 3963 2714 4019 consilio
2780 3962 3163 4029 confortatus,
3245 3963 3414 4034 coepit
3481 3962 3650 4019 animi

2031 4055 2290 4112 virtutem
2351 4053 2610 4124 viresque
2657 4052 2908 4122 corporis
2984 4067 3295 4119 exercere,
3369 4053 3648 4123 coapitque

2032 4144 2175 4199 fama
2219 4143 2384 4197 simul
2442 4148 2497 4196 et
2525 4141 2935 4211 aetatejuvenis
2987 4140 3149 4196 bonae
3196 4141 3404 4198 indolis
3451 4143 3647 4198 adole-

321 4237 639 4300 ﬁrmitatem
681 4242 950 4306 totamque
969 4239 1212 4306 patriam
1237 4253 1332 4306 per
1368 4239 1515 4292 hunc
1540 4238 1690 4292 hodie
1718 4239 1930 4304 factum
1958 4278 2014 4345 D
2032 4253 2187 4292 scere
2219 4235 2328 4290 “’3‘.

321 4326 550 4380 militem
587 4327 864 4381 exaltavit.
925 4332 1091 4382 Beata
1117 4333 1313 4395 mater,
1356 4341 1474 4396 quae
1511 4327 1674 4380 talem
1699 4343 1933 4395 puerum
1959 4326 2012 4345 ν
2033 4329 2123 4384 22.
2157 4329 2465 4383 Bolezlavus
2495 4331 2825 4397 expugnavit
2854 4328 3045 4381 Albam
3081 4327 3268 4382 urbem
3303 4330 3509 4396 regiam
3537 4327 3646 4382 ³0³⁵.

319 4414 600 4471 educavit!
629 4421 791 4486 Usque
835 4417 987 4472 modo
1022 4417 1242 4472 Polonia
1271 4419 1382 4483 fuit
1410 4416 1476 4470 ab
1515 4417 1750 4471 hostibus
1800 4431 1926 4471 con-

2109 4417 2290 4472 Novus
2331 4431 2463 4492 ergo
2491 4415 2582 4450 ¹⁰³⁶
2615 4432 2756 4472 nova
2794 4416 2940 4470 bella
2969 4415 3128 4470 miles
3149 4415 3237 4450 “’37
3273 4415 3469 4486 incipit
3494 4431 3654 4472 reno-

1661 4517 1880 4571 VARl/E
1923 4517 2196 4574 LECTION
2205 4519 2300 4573 ES.

396 4616 682 4671 10°3Zutok
739 4619 788 4671 1.
855 4617 910 4669 2.

1007 4617 1096 4651 “’0‘
1125 4616 1387 4672 audiebat
1439 4619 1490 4674 1.
1551 4618 1606 4674 2.
1685 4616 1776 4653 ¹⁰⁰δ
1803 4625 2176 4686 argumentum
2223 4620 2352 4675 edit.
2409 4621 2566 4676 Vars.

2599 4636 2657 4689 p.
2699 4619 2803 4675 173
2830 4620 2975 4674 deest
3013 4620 3062 4674 1.
3089 4619 3125 4672 2
3188 4619 3245 4675 3.
3272 4618 3364 4653 ¹⁰⁰⁶
3394 4620 3557 4689 igitur
3594 4621 3644 4676 3.

325 4687 723 4761 10“convenire
773 4689 938 4761 addit
963 4704 1178 4743 errones
1203 4689 1257 4742 2.
1299 4691 1389 4761 sed
1418 4689 1642 4758 Tpunctis
1682 4694 1976 4760 suppositis
2021 4695 2228 4746 notavit
2314 4691 2405 4726 ¹⁰⁰⁸
2431 4687 2686 4761 parte—1.
2731 4692 2784 4745 2.
2833 4691 2884 4745 3.
2966 4689 3056 4724 ¹⁰⁰⁹
3087 4690 3365 4758 sejunctas
3414 4687 3467 4745 ἶ.
3563 4692 3651 4726 ιοιο

323 4759 728 4845 sequentiesmif.
753 4831 765 4845 ‘
786 4758 879 4840 ‘0“.
905 4760 1130 4845 deest
1159 4761 1213 4814 2.
1258 4760 1367 4845 "0‘?
1391 4761 1637 4845 velocius
1666 4758 1822 4845 addit
1843 4761 1936 4845 3.__
1966 4763 2058 4845 1.0“:
2087 4773 2252 4845 atque
2291 4763 2384 4845 3.“
2431 4758 2520 4796 ἰοιι

1656 4833 1832 4904 gloria
1885 4833 1996 4888 diei
2028 4833 2310 4889 dominice
2352 4833 2405 4890 3.

1258 4831 1395 4885 loria
1438 4833 1491 4884 2.
1547 4831 1602 4884 in

1256 4904 1324 4957 75
1380 4904 1524 4956 deest
1565 4904 1616 4957 1.
1675 4905 1730 4957 2.

324 4831 455 4883 Nam
481 4830 534 4885 3.
621 4830 707 4864 ¹⁰¹⁷
735 4831 1012 4885 dominice
1046 4831 1190 4886 diem

324 4905 700 4970 argumentum
750 4904 875 4956 edit.
925 4904 1088 4958 Vars.
1127 4917 1185 4972 ρ.

324 5046 381 5099 1.
422 5046 476 5098 2.
582 5045 672 5078 ¹⁰²²
697 5050 1071 5112 argumentum
1106 5046 1234 5099 edit.
1306 5047 1461 5099 Vars.

325 5116 556 5171 ditionis
584 5147 654 5155 —
698 5115 924 5186 spiritus
967 5116 1088 5184 ejus
1135 5117 1326 5170 desunt
1365 5115 1415 5170 3.

329 5187 417 5221 ¹⁰²⁷
459 5188 516 5242 in
547 5189 705 5242 addit
735 5188 786 5242 3.
902 5187 992 5220 ¹⁰²⁸
1020 5186 1351 5242 divisionem
1387 5188 1770 5243 thezaurorum

328 5257 419 5293 ¹⁰³⁰
443 5267 498 5314 et
536 5259 694 5313 addit
717 5258 770 5314 3.
855 5257 941 5292 ¹⁰⁸¹
971 5257 1136 5314 igitur
1171 5259 1226 5312 2.

326 5331 442 5384 cod.
473 5330 523 5385 3.
568 5330 711 5384 deest
739 5331 787 5383 1.
819 5329 874 5382 2.

1332 5258 1424 5293 ¹⁰³²
1455 5259 1491 5314 i.
1523 5259 1559 5312 ι.
1595 5261 1785 5315 desunt
1809 5258 1866 5318 ’3.

1998 5135 2392 5190 pcrmansurus
2443 5120 2599 5173 addit
2622 5118 2672 5174 3.

2591 4762 2723 4816 uicti
2749 4761 2795 4816 3.
2884 4761 2975 4796 ¹⁰¹⁵
3005 4761 3374 4816 svcverunt1.
3415 4763 3469 4817 2.
3558 4762 3647 4797 ¹⁰¹⁶

2502 4833 2787 4888 1mtotum
2827 4834 2920 4888 hoc
2966 4838 3129 4902 caput
3182 4835 3380 4887 omittit
3422 4835 3475 4889 3.
3558 4833 3647 4867 ¹⁰¹⁹

1804 4904 2006 4959 1°'°vm
2055 4907 2258 4960 codices
2287 4907 2454 4960 lineas
2503 4905 2716 4960 duabus
2745 4907 3100 4974 superpositis
3151 4906 3465 4974 Proferunt,
3509 4905 3650 4973 quod

324 4976 516 5041 forsan
547 4973 895 5046 proverbium
943 4976 1051 5040 legi
1074 4978 1268 5043 potest,
1299 4977 1373 5027 sic
1403 4977 1543 5027 enim
1569 4980 1755 5029 auctor
1802 4976 1952 5030 dicta
1987 4981 2247 5031 memoria
2285 4978 2457 5044 digna
2510 4978 2766 5046 appellat.

1511 5061 1572 5115 p.
1626 5046 1728 5102 176
1781 5047 1925 5103 deest
1966 5049 2015 5102 1.
2057 5048 2110 5102 2.
2144 5049 2194 5103 3.

1517 5117 1607 5150 ¹⁰²⁵
1639 5118 1958 5174 eternaliter

1807 5205 1912 5259 pro
1941 5191 1995 5244 d.

2889 4976 2976 5010 ¹⁰²¹
3011 4976 3172 5029 istum
3221 4991 3324 5046 pro
3366 4993 3461 5046 per
3509 4977 3652 5030 hunc

2289 5048 2381 5081 ¹⁰²³
2420 5047 2739 5102 Bolezlavus
2768 5047 2820 5110 3,
2922 5046 3011 5080 ¹⁰²⁴
3049 5048 3212 5101 verba
3234 5063 3268 5100 a
3293 5049 3537 5116 pristinae
3564 5063 3653 5100 se-

2289 5135 2392 5172 ll‘llS
2443 5120 2599 5172 addit
2622 5118 2672 5172 3.
2799 5117 2890 5153 ¹⁰²⁶
2910 5127 3092 5172 autem
3147 5134 3246 5172 pro
3293 5134 3341 5171 e.
3378 5120 3430 5172 d.
3465 5119 3548 5170 \V.
3601 5119 3647 5172 3.

2910 5134 3092 5172 autem
3143 5134 3246 5188 pro
3293 5134 3341 5171 e.
3378 5134 3430 5172 (ι.
3475 5134 3548 5170 w.
3601 5134 3647 5172 ό.

2051 5191 2103 5245 d.
2166 5199 2205 5245 t.
2261 5194 2303 5244 1.
2365 5190 2419 5245 2.
2481 5190 2550 5244 de
2598 5189 2874 5244 divisione
2926 5190 3186 5244 thezauro
3213 5191 3265 5244 3.
3383 5191 3472 5224 "’29
3505 5190 3557 5243 in
3595 5189 3649 5244 2.

1092 5260 1226 5339 ir_2.
1289 5260 1424 5339 “1°32
1455 5260 1785 5339 i._[:_desunt
1813 5261 1866 5318 3.
1965 5261 2150 5339 φειδ-βο
2168 5276 2347 5339 regno
2374 5262 2441 5339 3.Δ
2489 5261 2580 5339 ξ⁰³⁴
2620 5261 2846 5316 adolere
2887 5262 2938 5315 1.
2981 5261 3104 5316 2.3.
3163 5260 3254 5294 ¹⁰³⁵
3279 5264 3652 5330 argumentum

981 5329 1073 5363 “’33
1091 5329 1255 5404 igitur
1287 5329 1340 5384 2.
1371 5329 1423 5384 3.
1504 5330 1594 5364 ¹⁰³⁷
1626 5331 1786 5387 miles
1813 5347 1952 5388 nova
1983 5333 2127 5388 bella
2156 5329 2464 5402 transponit
2492 5332 2543 5386 3.

1879 5433 2087 5489 NOTAE.

403 5528 565 5600 (136),
600 5531 674 5584 De
723 5547 868 5585 anno
925 5532 1050 5587 vide
1095 5532 1362 5597 Cosmam,
1412 5550 1492 5600 ιιι,
1547 5536 1600 5600 9,
1648 5541 1703 5588 et
1757 5534 1940 5590 Giese-

330 5597 525 5653 brecht
551 5599 751 5655 Wend.
793 5602 990 5659 Gesch.
1029 5621 1087 5670 ιι,
1120 5603 1240 5660 166.
1284 5604 1344 5657 K.

2115 5535 2257 5601 (137l
2286 5537 2324 5589 l.
2358 5551 2407 5590 e.
2434 5535 2756 5590 Patzinacis.

2113 5607 2260 5678 (138)
2285 5606 2360 5661 Cf.
2405 5606 2647 5674 Cosmas,
2678 5623 2760 5673 ιιι,
2792 5607 2881 5674 16,
2913 5606 2975 5660 K.
