3948 6044
104 233 240 287 893

1500 223 1695 281 LIBER
1736 221 2098 278 SECUNDUS.

3359 213 3467 267 894

106 378 287 425 vare,
312 358 979 433 hostesquesuoscogitat
1005 357 1186 413 acrius
1213 364 1267 412 et
1295 355 1384 391 ι⁰³⁸
1407 354 1754 426 frequentius
1778 357 1828 426 Α
1856 351 2198 407 fraternitate
2245 365 2408 422 quam
2466 349 2535 403 de
2593 346 2748 419 regni
2804 344 3163 417 populatione
3210 342 3469 410 doluerit,

111 469 456 523 provocare.
481 452 785 508 Convocata
806 451 992 522 itaque
1015 449 1368 505 multitudine
1398 448 1749 513 bellatorum,

108 561 260 600 cum
307 545 499 617 paucis
538 545 730 599 electis
787 542 1100 614 penetravit
1128 541 1504 609 meditullium
1563 539 1751 610 patriae

110 649 499 706 paganorum.
534 633 775 704 Cumque
807 632 876 686 ad
909 632 1102 686 urbem
1139 630 1344 702 regiam
1378 635 1432 684 et
1470 629 1749 702 egregiam

110 722 328 777 Albam
370 721 512 793 (139)
546 721 772 776 nomine
817 719 1157 791 pervenisset
1188 723 1303 786 (an.
1335 717 1510 784 1102),
1567 730 1748 787 neque

114 821 351 884 partem
371 813 587 868 tertiam
606 811 977 866 suiexercitus
998 811 1304 874 habuisset,
1332 824 1477 880 equo
1509 808 1747 863 descen-

110 905 293 971 dens,
325 905 534 959 nullum
565 904 987 958 instrumentum
1021 901 1375 973 expugnandi
1415 899 1500 955 vel
1531 899 1746 955 machi-

112 1001 452 1048 namentum
495 991 792 1062 adaptavit,
849 991 943 1046 sed
997 990 1272 1045 violenter
1322 1005 1387 1044 ac
1425 988 1751 1043 mirabiliter

114 1086 330 1140 urbem
371 1085 690 1155 opulentam
746 1090 801 1138 et
853 1082 1182 1154 populosam
1237 1082 1326 1136 die
1368 1097 1478 1153 qua
1527 1086 1752 1136 venerat

114 1178 486 1253 expugnavit.
553 1177 751 1232 Dicunt
823 1176 989 1231 etiam
1045 1175 1269 1247 quidam
1328 1191 1454 1230 eum
1512 1173 1748 1245 primum

119 1270 424 1336 invasisse,
458 1286 697 1340 eumque
739 1269 974 1339 primum
1032 1267 1445 1341 prOpugnacula
1481 1281 1752 1321 conscen-

117 1363 301 1417 disse.
362 1361 432 1416 Ex
486 1377 594 1433 quo
645 1361 785 1416 facto
826 1360 1092 1415 terribilis
1137 1376 1236 1430 per
1287 1359 1518 1412 nimium
1576 1358 1754 1412 extitit

121 1452 457 1508 Pomoranis
498 1451 722 1523 suisque
778 1449 1072 1503 laudabilis
1101 1455 1154 1503 et
1193 1447 1447 1502 amabilis
1494 1447 1754 1502 omnibus

1854 443 2007 498 misit
2043 449 2229 497 tamen
2275 439 2610 513 legationem
2645 437 2822 504 fratri,
2853 452 2952 490 cur
2981 435 3086 490 hoc
3123 433 3228 489 sibi
3258 432 3470 498 fecerit,

1851 534 1938 591 vel
1991 533 2044 588 in
2079 533 2284 605 quibus
2324 548 2448 586 eum
2481 528 2796 586 offenderit.
2836 527 3144 600 Zbignevus
3184 533 3374 580 contra
3411 539 3474 578 se

1853 624 1961 680 tale
1994 625 2128 696 quid
2183 623 2490 679 nescivisse
2531 620 2931 692 respondebat,
2973 633 3144 688 seque
3185 616 3469 670 innoxium

1853 714 1976 768 talis
1997 713 2188 788 ﬂagitii
2207 712 2536 783 quibusdam
2558 707 3144 764 circumlocutionibus
3167 703 3468 758 asserebat.

1852 806 2094 878 Cumque
2125 806 2445 861 Bolezlavus
2475 804 2699 858 assidue
2731 819 2853 857 cum
2894 799 3147 856 hostibus
3179 808 3233 852 et
3284 797 3468 852 Bohe-

1850 898 1956 952 mis
2003 907 2059 952 et
2111 896 2429 953 Pomoranis
2485 894 2813 958 dimicaret,
2901 905 3126 961 suaeque
3184 885 3474 942 divisionis

1851 990 2161 1062 portionem
2194 988 2260 1043 ab
2294 987 2642 1043 invasoribus
2678 985 2913 1039 viriliter
2953 984 3314 1053 expugnaret,
3345 978 3472 1032 Zbi-

1850 1105 2060 1163 gnevus
2101 1088 2255 1143 fratri
2302 1103 2402 1142 suo
2433 1085 2701 1142 laboranti
2758 1101 2862 1140 nec
2899 1083 3162 1137 invitatus
3208 1078 3468 1134 auxilium

1852 1184 2233 1256 impendebat,
2293 1183 2524 1253 insuper
2571 1181 2738 1236 etiam
2801 1195 2926 1234 cum
2995 1176 3244 1233 hostibus
3291 1173 3472 1228 fratris

1851 1270 2068 1326 occulte
2100 1269 2281 1326 foedus
2325 1275 2379 1322 et
2427 1268 2724 1324 amicitiam
2773 1265 3163 1338 conjungebat,
3213 1273 3267 1317 et
3298 1277 3472 1333 pecu-

1857 1363 2003 1416 niam
2040 1361 2149 1416 illis
2177 1376 2276 1431 pro
2326 1359 2596 1414 militibus
2634 1360 2689 1412 in
2722 1359 2813 1394 ¹⁰⁸²
2851 1356 3158 1411 subsidium
3193 1353 3472 1409 transmit-

1855 1453 2026 1508 tebat.
2065 1453 2124 1506 Et
2167 1467 2290 1507 cum
2343 1450 2665 1520 frequenter
2711 1464 2836 1501 eum
2877 1446 3108 1516 belliger
3153 1442 3471 1498 Bolezlavus

116 1541 464 1597 christianis.
509 1541 584 1595 De
643 1539 866 1594 civitate
909 1545 1091 1593 autem
1133 1537 1377 1608 praedam
1438 1538 1748 1591 innumera-

1857 1549 1911 1597 et
1941 1542 2137 1615 legatis
2164 1548 2217 1595 et
2244 1539 2538 1610 colloquiis
2583 1535 2921 1600 conveniret,
2961 1535 3196 1588 fraterna
3243 1531 3470 1584 karitate

116 1631 298 1685 bilem
348 1629 644 1700 asportavi't
683 1627 793 1695 1°39,
851 1627 1217 1682 munitionem
1277 1642 1406 1682 vero
1474 1625 1753 1697 planiciei,

121 1721 446 1794 coaequavit
476 1720 584 1773 '0‘“.

515 1816 603 1870 23.
636 1820 704 1870 De
732 1817 938 1884 nuptiis
965 1815 1229 1869 Bolezlavi
1256 1813 1366 1866 1°“.

205 1913 316 1968 Sed
357 1911 738 1984 praetermissis
768 1910 1018 1981 pluribus
1044 1925 1144 1964 suo
1184 1909 1305 1964 loco
1362 1907 1751 1976 retractandis,

118 2008 196 2061 de
246 2006 461 2077 nuptiis
501 2005 806 2061 referamus
862 2004 1093 2076 ejusque
1138 2003 1300 2058 donis
1341 2003 1434 2038 ¹⁰⁴²
1484 2002 1752 2057 Bolezlavi

118 2099 314 2172 magni
372 2098 518 2172 regis
576 2097 902 2152 muneribus
955 2095 1344 2166 comparandis
1406 2095 1541 2160 (An.
1595 2094 1752 2167 1103)

119 2191 373 2254 Qualiter
400 2191 504 2244 hoc
532 2195 715 2244 autem
767 2204 796 2242 a
849 2187 1095 2242 Paschali
1139 2203 1282 2258 papa
1335 2187 1578 2241 secundo
1618 2201 1752 2240 con-

113 2295 344 2334 cessum
373 2278 558 2344 fuerit,
617 2277 766 2348 quod
799 2277 1018 2347 nuptias
1047 2276 1214 2330 initas
1265 2274 1356 2309 ¹⁰⁴³
1395 2275 1465 2330 de
1513 2290 1744 2329 consan-

116 2366 650 2440 guinitatelicuerit,
705 2365 1010 2420 Balduinus
1063 2365 1153 2399 1°“
1185 2362 1560 2419 Cracoviensis
1625 2361 1744 2431 epi-

116 2476 352 2530 scopus,
384 2459 452 2514 ab
500 2458 696 2514 eodem
752 2473 894 2528 papa
942 2457 1128 2512 Romae
1182 2464 1558 2521 consecratus,
1615 2453 1744 2507 fidei

117 2549 419 2603 ruditatem
461 2554 515 2602 et
555 2547 744 2618 patriae
783 2546 1176 2600 necessitatem
1227 2545 1517 2611 intimavit,
1553 2544 1744 2614 sicque

122 2644 388 2696 Romamn
419 2640 568 2694 sedis
597 2639 914 2702 auctoritas,
957 2644 1016 2693 ut
1055 2637 1227 2692 fertur
1270 2637 1375 2693 hoc
1423 2636 1742 2710 conjugium

120 2732 216 2766 10""
247 2729 702 2795 misericorditer,
744 2744 853 2783 non
888 2727 1152 2783 canonice
1194 2742 1297 2782 nec
1326 2725 1612 2791 usualiter,
1646 2725 1745 2778 sed

115 2819 477 2891 singulariter
506 2818 839 2874 collaudavit
872 2819 1014 2888 (140)
1069 2819 1177 2873 Nos
1207 2825 1388 2873 autem
1422 2818 1493 2872 de
1521 2825 1746 2887 peccato

117 2919 354 2966 tractare
386 2911 472 2966 vel
519 2911 736 2979 justitia
783 2911 1068 2964 materiam
1122 2927 1231 2964 non
1302 2909 1590 2976 habemus,
1649 2909 1742 2963 sed

1857 1635 2265 1691 commonendo
2325 1649 2394 1688 ne
2427 1632 2850 1687 familiaritatem
2892 1637 2947 1684 et
2991 1626 3287 1683 amicitiam
3345 1640 3468 1679 cum

1775 1707 2104 1778 Bhostibus
2160 1730 2400 1794 paternae
2446 1718 2772 1775 hereditatis
2842 1718 3019 1790 palam
3079 1715 3166 1771 vel
3211 1711 3471 1778 ,clanculo

1853 1814 2046 1881 iniret,
2086 1815 2233 1870 unde
2263 1832 2519 1890 magnum
2549 1831 2719 1888 regno
2751 1812 2988 1868 Poloniaa
3019 1807 3311 1863 discidium
3344 1819 3474 1858 eve-

1855 1909 2020 1972 niret,
2058 1909 2150 1963 ille
2182 1925 2212 1963 e
2238 1917 2431 1965 contra
2459 1910 2743 1980 sapienter
2772 1915 2826 1962 et
2846 1905 3071 1978 pacifice
3101 1899 3476 1972 respondebat

1856 2003 1910 2052 et
1951 1997 2031 2052 sic
2063 1996 2247 2052 fratris
2274 1998 2411 2052 iram
2459 1997 2550 2032 1°53
2601 2003 2655 2052 et
2685 1995 2997 2067 principum
3037 1990 3297 2046 invidiam
3329 1995 3472 2041 tem-

1855 2089 2102 2160 perabat.
2147 2089 2254 2143 Sed
2277 2089 2345 2143 de
2377 2089 2481 2144 hoc
2509 2088 2736 2159 plenius
2767 2085 2857 2121 105‘
2888 2085 2944 2139 in
2975 2084 3083 2138 alio
3113 2084 3235 2138 loco
3265 2079 3467 2135 subse-

1854 2190 2092 2254 quenter
2133 2183 2495 2248 disseramus,
2564 2191 2618 2237 et
2673 2179 2889 2236 interim
2963 2177 3136 2252 gestis
3201 2171 3470 2229 Bolezlavi

1854 2274 2180 2329 militaribus
2219 2274 2547 2328 alludamus.

2059 2365 2131 2420 25
2184 2367 2374 2420 Polam‘
2417 2371 2769 2420 vastaverunt
2796 2365 3106 2418 Moraviam.
3143 2358 3252 2413 1°“.

1919 2455 2088 2528 Igitur
2147 2455 2380 2530 belliger
2442 2456 2760 2511 Bolezlavus
2818 2453 3036 2522 injuriae
3105 2449 3468 2504 Bohemorum

1844 2543 2158 2598 vindicator
2201 2550 2312 2598 tres
2361 2545 2508 2598 acies
2557 2543 2791 2598 militum
2846 2543 2901 2596 in
2941 2539 3235 2596 Moraviam
3291 2545 3472 2590 trans-

1849 2636 2017 2704 misit,
2067 2637 2162 2707 qui
2205 2636 2260 2691 in
2304 2637 2420 2707 ipsa
2449 2637 2760 2692 ebdomada
2808 2634 3101 2690 dominicae
3145 2632 3237 2666 ¹⁰⁵⁶
3290 2645 3472 2683 resur-

1849 2731 2112 2786 rcctionfs
2158 2739 2355 2787 euntes
2385 2734 2499 2803 (an.
2545 2732 2705 2798 1104,
2742 2736 2869 2800 Apr.
2927 2731 3028 2796 t7),
3061 2734 3114 2782 et
3143 2724 3383 2797 praedam
3417 2731 3474 2776 et

1848 2824 2109 2880 incendia
2149 2823 2418 2879 facientes
2449 2823 2672 2898 dignam
2716 2823 2805 2858 ¹⁰⁵⁷
2839 2837 2995 2893 paene
3036 2819 3149 2874 suis
3194 2815 3350 2871 factis
3382 2814 3471 2848 ¹⁰⁵⁸

1850 2920 2424 2990 recompensationem
2462 2919 2814 2985 invenerunt,
2851 2917 3176 2988 quiatantze
3209 2912 3474 2980 sollemp-

119 3021 210 3058 res
237 3011 418 3076 gestas
446 3019 636 3076 regum
665 3002 981 3073 ducumque
1025 3002 1269 3058 Poloniae
1306 3017 1563 3057 sermone
1591 3000 1744 3056 tenui
1771 3048 1819 3115 Ο
1850 3011 2039 3066 uitatis
2098 3013 2467 3067 reverentiam
2530 3011 2873 3085 infregemm
2921 3009 3030 3062 ιοεςθ⁸
3077 3007 3206 3060 Nam
3267 3003 3468 3057 suam-

121 3094 416 3115 __-!I.__..---
467 3093 560 3115 MILA
624 3093 748 3115 Α-.-
797 3093 1071 3115 -ἲ..--2.1-...
1131 3093 1324 3115 Δε-ι..-,.
1365 3100 1490 3115 -..ιιμ
1525 3091 1743 3115 ...η-ιζ-..
1927 3103 1940 3115 ι
2022 3103 2113 3115 ,Λιυι
2187 3105 2200 3115 ι
2337 3104 2381 3115 --
2527 3105 2537 3115 .
2650 3104 2660 3113 ο
2751 3103 2835 3115 Anan
3127 3114 3130 3115 ,
3173 3097 3184 3107 ⁸
3238 3095 3464 3115 ᾉ-811ι--...

120 3094 419 3149 recitamus
467 3093 578 3146 ωδε.
623 3093 752 3148 Octo
796 3093 1074 3164 siquidem
1128 3093 1326 3146 diebus
1363 3100 1494 3146 ante
1525 3091 1819 3160 nuptias”
1851 3103 1977 3173 ροιε
2022 3103 2114 3138 1060
2170 3105 2278 3158 dux
2337 3104 2695 3159 Moraviensis
2751 3103 2838 3137 ιοσι
2900 3117 3022 3155 cum
3078 3097 3189 3152 acri
3237 3095 3467 3149 militum

122 3185 473 3256 totidemque
529 3191 651 3256 post
702 3184 1020 3255 nuptiarum
1085 3185 1175 3218 “"7
1236 3191 1456 3240 octavas
1516 3183 1750 3257 belliger
1849 3193 1965 3248 acie
1989 3203 2310 3264 persecutus
2344 3202 2426 3248 est
2453 3210 2549 3249 eos
2599 3210 2723 3249 cum
2768 3192 3036 3257 redirent,
3067 3195 3122 3244 et
3155 3185 3473 3242 abstulisset

119 3277 443 3332 Bolezlavus
483 3278 614 3331 dare
655 3293 887 3332 munera
947 3292 1055 3332 non
1111 3276 1346 3348 quievit,
1380 3276 1503 3330 aliis
1535 3275 1749 3330 scilicet
1852 3285 1942 3320 ωδε
2001 3285 2082 3340 eis
2131 3285 2393 3356 praedam,
2453 3292 2515 3340 ιη
2595 3285 2770 3349 aiunt,
2840 3283 2896 3336 ni
2955 3297 3078 3336 cum
3128 3295 3193 3333 ea
3248 3277 3469 3348 pedites

119 3385 366 3425 renones
416 3372 556 3438 (141)
600 3381 654 3426 et
686 3372 858 3442 pelles
903 3372 1085 3443 palliis
1117 3380 1407 3442 coopertas
1435 3377 1491 3424 et
1521 3369 1745 3424 aurifri-

1854 3379 2142 3434 anteirent.
2203 3378 2466 3433 Videntes
2509 3385 2693 3433 autem
2728 3376 2919 3431 Poloni
2973 3372 3347 3429 Moravienses
3381 3369 3473 3404 ¹⁰⁶³

120 3461 223 3515 siis
253 3461 581 3516 delimbatas
622 3463 733 3531 ³0³³,
768 3463 1115 3535 principibus
1170 3463 1355 3535 pallia,
1406 3478 1534 3517 vasa
1583 3477 1748 3516 aurea

1854 3469 1918 3524 ad
1948 3469 2156 3524 bellum
2194 3476 2528 3539 praeparatos
2559 3466 2893 3521 fiducialiter
2915 3463 3310 3535 prepinquare,
3360 3473 3470 3512 non

123 3564 180 3608 et
227 3562 508 3626 argentea,
571 3555 696 3610 aliis
735 3556 986 3612 civitates
1018 3565 1071 3611 et
1123 3556 1364 3624 castella,
1414 3555 1536 3612 aliis
1592 3557 1748 3613 villas
1849 3558 2090 3629 cogitant
2119 3557 2175 3611 in
2207 3557 2336 3627 fuga
2369 3557 2464 3611 sed
2519 3557 2576 3610 in
2618 3554 2786 3609 armis
2818 3570 2971 3608 suam
3004 3551 3262 3605 fiduciam
3296 3548 3472 3602 collo-

124 3653 181 3700 et
205 3645 294 3680 ¹⁰⁵⁰
326 3645 549 3715 praedia.

1854 3661 1995 3700 care.
2035 3645 2208 3720 Igitur
2237 3646 2498 3717 utrinque
2536 3644 2742 3699 bellum
2781 3642 3107 3696 acerrimum
3159 3639 3470 3716 inchoatur,

300 3736 392 3790 24.
433 3737 650 3790 Insidice
680 3737 900 3802 Zbignet'
939 3738 1223 3791 imitantis
1253 3736 1421 3790 hostes
1454 3735 1564 3788 ¹⁰⁵⁰.
1850 3734 1999 3806 quod
2032 3749 2142 3789 non
2166 3734 2288 3788 sine
2319 3734 2560 3805 dampno
2592 3732 2918 3808 gravissimo
2963 3729 3209 3802 partibus
3239 3725 3472 3797 singulis

203 3826 418 3881 Interea
463 3824 774 3898 Zbignevus
845 3824 1011 3879 frater
1065 3824 1204 3893 ejus,
1259 3823 1352 3895 qui
1408 3831 1633 3879 vocatus
1689 3827 1748 3881 ad

1860 3830 2207 3885 terminatur.
2258 3831 2317 3884 In
2376 3830 2554 3901 primo
2594 3844 2835 3900 namque
2879 3826 3136 3883 conflictu
3177 3821 3474 3893 Suatopolc

127 3919 350 3990 nuptias
392 3918 572 3972 fratris
615 3918 804 3973 venire
836 3917 1122 3985 refutavit,
1156 3933 1281 3972 cum
1335 3916 1658 3973 Pomoranis
1705 3926 1760 3976 et
1862 3919 1953 3953 ¹⁰⁶⁴
1983 3919 2091 3973 dux
2123 3919 2479 3974 Moraviensis
2533 3919 2645 3985 1°55,
2675 3921 2817 3974 sicut
2843 3934 2976 3989 aper
3004 3913 3261 3971 molossis
3315 3911 3474 3966 inda-

133 4009 388 4064 ltohemis
438 4008 524 4043 ¹⁰⁵¹
575 4007 852 4062 amicitias
893 4006 1206 4073 foederavit,
1261 4011 1316 4060 et
1365 4005 1496 4060 dum
1547 4008 1757 4078 nuptiae
1859 4011 2538 4086 gatus,scilicetnndique
2569 4027 2735 4066 curvo
2767 4011 2934 4066 dente
2959 4007 3294 4080 percutiens,
3335 4003 3474 4059 alios

127 4095 344 4160 fierent,
379 4104 438 4151 ut
468 4096 675 4163 ferunt,
731 4097 934 4151 intrare
987 4095 1274 4150 Poloniam
1307 4095 1584 4151 Bohemos
1626 4097 1754 4152 ani-
1860 4100 2107 4172 perimit,
2149 4101 2274 4156 aliis
2298 4105 2512 4157 viscera
2543 4101 2744 4168 fundit,
2769 4117 2872 4155 nec
2900 4115 3056 4170 prius
3095 4097 3326 4171 gradum
3355 4092 3474 4168 figit

123 4190 291 4244 mavit
346 4192 462 4254 (an.
532 4189 711 4260 1103).
795 4189 893 4252 Qui
975 4187 1199 4242 Bohemi
1252 4204 1353 4258 per
1417 4189 1756 4258 provinciam
1857 4192 1945 4248 vel
1988 4192 2165 4248 facere
2195 4194 2495 4265 dampnum
2531 4194 2762 4257 desistit,
2792 4193 2969 4246 donec
2989 4195 3218 4244 venator
3245 4185 3474 4240 anhelus

127 4279 634 4335 Wratislaviensem
657 4281 1057 4345 discurrentes,
1083 4287 1136 4334 et
1162 4280 1374 4349 praedas
1394 4281 1754 4352 captivosque
1777 4329 1827 4352 η
1858 4299 1982 4338 cum
2001 4283 2109 4339 alia
2141 4285 2298 4338 turba
2327 4300 2525 4339 canum
2566 4284 2680 4338 suis
2706 4281 3090 4336 laborantibus
3128 4277 3366 4333 occurrit
3407 4305 3473 4315 —

147 4329 174 4331 ,_
200 4329 634 4335 _w-___ﬁ______-___
661 4329 1057 4345 ---ηψπ-Ψ,
1088 4329 1134 4334 ,τ
1162 4329 1371 4349 ru”---
1400 4329 1751 4352 __,______1_-
1861 4329 2109 4339 ____,“____
2142 4329 2298 4338 mm.
2329 4329 2525 4339 ηψπ,
2566 4329 2679 4338 πη
2708 4329 3088 4336 η

123 4369 452 4442 colligentes
506 4377 561 4424 et
619 4368 879 4424 incendia
937 4368 1224 4434 facientes,
1278 4368 1534 4439 pluribus
1589 4329 1944 4429 annithic
1983 4376 2221 4445 primum
2254 4376 2551 4446 Suatopolc
2582 4374 2817 4430 Polonos
2865 4378 3097 4428 onustos
3149 4362 3475 4439 praeda‘cir-

122 4457 422 4526 dampnum
455 4457 529 4510 illi
564 4456 779 4529 regioni
811 4471 1049 4510 nocuum
1085 4456 1392 4511 intulerunt
1433 4458 1601 4529 (142).
1633 4459 1748 4522 Quo
1853 4462 2149 4518 cumflexto
2181 4463 2398 4518 tramite
2427 4463 2734 4532 praecidens
2766 4461 2859 4496 ¹⁰⁶⁶
2887 4475 3045 4531 paene
3067 4455 3476 4526 triumpltaliter

127 4551 338 4619 audito,
375 4551 612 4622 impiger
651 4549 993 4617 Bolezlavus,
1031 4549 1159 4605 licet
1214 4550 1390 4623 magis
1447 4551 1515 4604 de
1545 4551 1751 4606 violata
1852 4553 2245 4623 oppressisset,
2309 4552 2365 4606 ni
2421 4551 2679 4606 militaris
2728 4550 2878 4605 acies
2941 4547 3074 4604 totis
3125 4545 3212 4581 ¹⁰⁶τ
3265 4542 3476 4599 viribus

1487 4656 1707 4720 VAKIAS
1735 4657 2107 4713 LECTIONES.

212 4755 299 4791 ¹⁰³³
329 4773 392 4811 ac
430 4757 482 4810 2.
516 4761 844 4826 superposito
865 4764 936 4812 et.
1029 4757 1118 4792 ¹⁰³⁹
1144 4756 1451 4811 mirabilem
1477 4757 1783 4827 apportavit
1806 4773 1904 4826 pro
1937 4758 1972 4811 i.
2003 4775 2049 4812 a.
2108 4757 2160 4812 3.

147 4833 268 4882 Vars
331 4846 385 4897 ρ.
424 4830 522 4884 180
553 4831 692 4883 deest
725 4829 777 4896 1,
824 4829 877 4882 2.
916 4827 966 4883 3.
1079 4827 1168 4861 ‘0"
1207 4828 1368 4882 (lictis
1397 4829 1449 4883 3.
1535 4827 1626 4862 ¹⁰⁴³
1657 4827 1786 4881 istas
1827 4828 1879 4882 3.

137 4899 304 4954 mus3
409 4899 496 4933 ¹⁰⁴⁷
530 4900 761 4968 nupcias
791 4899 839 4954 3.
947 4899 1036 4933 ¹⁰⁴³
1064 4898 1335 4954 delibutas
1372 4898 1424 4955 3.
1523 4898 1612 4934 ¹⁰⁴⁹
1637 4900 1777 4954 deest
1815 4897 1868 4954 3.

260 4970 406 5048 ltohe
707 4973 833 5025 et3.
930 4970 1020 5005 ¹⁰⁵³
1048 4971 1188 5048 deest
1208 4972 1259 5024 3.
1359 4971 1449 5006 “’5‘
1473 4971 1755 5048 plenarius
1786 4973 1833 5025 1.
2013 4972 2103 5048 ¹⁰⁵Δ⁵
2232 4988 2282 5048 -v
2357 4972 2425 5025 M.
2470 4974 2664 5048 desunt
2722 4975 2797 5048 1.Δ
2827 4966 2878 5027 2.
2948 4967 3380 5048 __‘f’j"55dominica

137 5039 226 5073 ¹⁰⁵⁷
257 5043 396 5096 deest
438 5043 489 5095 3.
595 5042 810 5096 10“’sue
865 5056 1007 5111 pene
1066 5040 1257 5096 factam
1304 5058 1401 5111 pro
1559 5059 1603 5096 s.
1648 5041 1685 5096 f.
1727 5042 1778 5096 3.
1889 5043 2126 5148 “unia
2166 5041 2509 5114 infregerunt
2558 5043 2824 5098 desunt3.
2945 5042 3035 5077 ¹⁰⁶⁰
3062 5039 3377 5108 SwaCOpole
3414 5037 3471 5089 2.

145 5110 494 5148 ςωοηιιωηηι
530 5112 560 5148 ρ
669 5113 754 5147 tom
788 5113 1024 5148 Μηροιιίιι
1073 5112 1103 5148 ρ
1209 5114 1299 5147 1062
1328 5114 1616 5148 οιιειηιςρρο
1646 5114 1668 5148 4
1738 5113 1772 5148 ο)
1856 5111 1887 5148 9
1986 5114 2000 5148 ι
2032 5113 2077 5148 63
2108 5112 2349 5148 MAI-nunc
2385 5116 2418 5148 ἢ
2522 5116 2613 5148 1065
2644 5114 2999 5148 ριιτοηιηηηιο
3028 5114 3062 5148 0
3117 5107 3470 5148 Qumnlhnnnl

145 5110 496 5185 Swanithopol
529 5112 581 5168 3.
667 5113 754 5185 ἕοσί
788 5107 1024 5168 Μοῖοθνὶθ
1071 5112 1118 5185 3Δ
1209 5107 1616 5185 10f‘falistiilisse
1646 5114 1698 5169 1.
1733 5113 1792 5185 2.
1854 5111 1908 5169 3.
1986 5107 2077 5148 ¹σ⁶³
2108 5107 2352 5169 Moravos
2385 5116 2436 5168 3.
2522 5116 2613 5150 ¹⁰⁶⁵
2643 5114 3000 5185 Swantopole
3028 5114 3082 5168 2.
3117 5107 3474 5178 Swanthopol

141 5183 190 5236 3.
277 5184 366 5219 ¹⁰⁶⁵
392 5181 630 5239 Moravie
653 5184 704 5241 3.
791 5185 883 5219 ιοθδ
911 5184 1219 5256 precedens
1245 5184 1298 5237 2.
1381 5181 1470 5219 ¹⁰⁶⁷
1493 5191 1684 5256 totque
1719 5184 1772 5241 3.

1701 5290 1915 5346 NOTAE.

219 5389 367 5465 (139)
396 5390 712 5465 Bialogrod,
770 5394 996 5465 Belgam!
1041 5392 1109 5465 ad
1157 5392 1496 5465 Persantaim.
1557 5391 1758 5465 S.‘_De
1857 5390 2081 5465 2313K».

146 5463 249 5517 alia
290 5462 428 5516 urbe
450 5461 619 5531 hujus
642 5464 882 5518 nominis
909 5464 974 5517 ad
1008 5463 1232 5529 Lebam,
1255 5463 1381 5518 vide
1413 5461 1690 5529 Barthold,
1717 5479 1755 5529 ι,

2246 4757 2337 4792 ¹⁰⁶⁰
2367 4764 2470 4812 etc.
2507 4759 2656 4812 addit
2676 4758 2728 4811 3.
2813 4756 2901 4790 ¹⁰⁴¹
2929 4761 3316 4824 argumentum
3344 4753 3470 4807 θάέίο

1967 4829 2057 4864 ¹⁰⁴δ
2089 4827 2337 4899 Balduiq.
2401 4829 2453 4883 3.
2543 4829 2634 4863 ¹⁰⁴⁵
2662 4827 2972 4883 convivium
3003 4829 3054 4881 3.
3152 4825 3245 4860 ¹⁰⁴⁶
3275 4825 3475 4899 recite-

1977 4899 2068 4934 ¹⁰⁵⁰
2098 4895 2488 4968 argumentum
2516 4901 2624 4955 edit
2656 4905 2800 4956 Vars.
2831 4918 2886 4971 ρ.
2921 4899 3022 4971 182
3052 4901 3194 4954 deest
3225 4899 3275 4971 1.
3299 4897 3371 4971 _2.

2125 5462 2300 5516 Vestis
2350 5479 2417 5517 ex
2483 5464 2725 5517 nellibus
2791 5462 2950 5517 facta.
3014 5459 3073 5514 K.
3131 5458 3209 5514 Cf.
3279 5457 3470 5514 Caesar.

147 5533 365 5674 433.413).
419 5605 480 5658 In
560 5605 967 5660 matrimonium
1050 5606 1203 5660 duxit
1265 5605 1550 5661 Boleslaus
1623 5605 1760 5676 Zby-

153 5676 377 5744 slavam,
435 5677 732 5732 Russorum
785 5685 950 5750 gente
1026 5677 1341 5734 oriundam.
1408 5676 1659 5750 Roepell,
1719 5695 1757 5744 ι,

1932 5463 2074 5531 (141)
2125 5462 2300 5516 Vestis
2350 5479 2417 5517 ex
2483 5464 2725 5533 pellibus
2791 5459 3073 5533 facta._K.

1860 5533 1991 5608 bell.
2025 5529 2171 5608 _Gall.
2204 5551 2276 5600 vi,
2319 5534 2409 5588 2'1.
2444 5529 2663 5591 Sallust.
2697 5536 2889 5608 fragm.
2933 5531 3107 5587 histor
3159 5547 3215 5602 p.
3245 5530 3353 5583 264
3381 5529 3470 5584 ed.

1860 5605 1981 5676 Bip,
2015 5604 2351 5676 Gnoreretvn.

1932 5674 2078 5747 (142)
2107 5674 2346 5745 Cosmas,
2380 5694 2415 5732 ι.
2464 5679 2510 5735 1.
2547 5677 2604 5731 Κ.
