3912 6044
451 202 556 256 895

1621 230 1623 234 ·
1704 207 2051 263 (ZHRONlC/E
2090 208 2508 264 POLONORUM.

3667 212 3770 267 8‘36

448 321 770 393 glomerata,
792 326 923 380 iram
949 327 1203 384 instantis
1223 331 1427 395 pariter
1452 341 1506 387 et
1531 335 1815 389 audaciam
1841 351 2060 406 repres-
2085 344 2134 410 Α
2163 336 2412 408 quinque
2441 335 2636 389 diebus
2675 334 3019 390 sufficienter
3058 337 3303 391 indulsit.
3343 338 3505 392 Sexta
3539 339 3634 394 die
3665 347 3782 394 tan-

447 411 628 468 sisset.
663 414 811 471 Tunc
841 418 1064 489 quidem
1099 421 1330 476 tinnitus
1364 424 1450 457 ¹⁰⁶⁸
1479 425 1546 479 de
1575 426 1751 498 galeis
1784 426 2060 497 percussis

447 519 546 572 per
594 521 834 562 concava
895 509 984 545 ¹⁰⁶⁹
1024 513 1289 567 montium
1344 516 1740 589 condensaque
1800 519 2058 572 silvarum

447 608 708 654 resonant
763 601 872 669 1°70,
939 603 1085 678 ignis
1139 607 1388 662 scintillae
1455 609 1524 663 de
1587 611 1730 666 ferro
1780 627 1878 681 per
1931 627 2059 666 aera

449 689 674 758 micant,
711 693 876 748 hastae
925 695 1120 766 clipeis
1151 699 1357 754 collisae
1387 709 1636 772 crepant,
1671 710 1891 772 pectora
1918 703 2060 758 scin-

447 777 673 846 duntur,
707 801 901 840 manus
938 796 991 840 et
1022 789 1264 844 cervices
1293 807 1635 864 corporaque
1685 801 1934 849 truncata
1961 811 2060 866 per

446 885 700 942 campum
729 877 1016 947 palpitant.
1041 880 1116 933 {bi
1151 897 1377 952 campus
1416 885 1698 952 martialis,
1734 885 1808 939 ibi
1843 885 2060 942 fortuna

447 960 587 1015 ludit
643 964 719 1017 Ad
766 975 1070 1022 extremum
1111 970 1251 1025 adeo
1282 980 1409 1027 sunt
1447 973 1710 1044 utrinque
1767 973 1976 1046 fatigati
2005 983 2060 1031 et

367 1066 378 1078 κ
446 1053 500 1105 in
547 1054 788 1125 dampno
821 1069 1230 1130 peremptorum
1292 1063 1524 1118 militum
1584 1067 1875 1136 coaequati,
1909 1069 2055 1137 quod

446 1157 546 1195 nec
604 1143 973 1202 Moravienses
1015 1149 1100 1184 ¹⁰⁷¹
1164 1151 1338 1205 laetam
1391 1153 1674 1207 victoriam
1721 1154 2054 1223 habuerunt,

448 1249 549 1287 nec
576 1234 766 1290 Poloni
803 1247 985 1293 notam
1020 1240 1259 1296 infamia:
1315 1243 1678 1302 incurrerunt.
1725 1246 1801 1299 lbi
1835 1262 2058 1318 quoque

446 1326 743 1382 Zelislavus
773 1347 963 1386 comes
1003 1333 1094 1367 “’7’
1121 1351 1341 1389 manum
1375 1353 1482 1407 qua
1511 1338 1602 1372 ³0⁷³
1632 1339 1826 1409 clypeo
1858 1356 2058 1410 corpus

447 1419 666 1490 tegebat
725 1423 927 1489 amisit,
1006 1441 1168 1495 quam
1264 1429 1520 1482 amissam
1589 1431 1770 1484 statim
1829 1431 2059 1486 viriliter

445 1506 779 1563 abscisorem
837 1513 1158 1568 interimens
1197 1516 1514 1572 vindicavit.
1547 1519 1661 1572 Dux
1699 1535 1832 1574 vero
1866 1521 2058 1574 Bolez-

445 1597 599 1652 lavus
627 1600 698 1654 ob
752 1602 1016 1658 honorem
1050 1605 1152 1659 sibi
1185 1623 1278 1677 pro
1309 1625 1510 1664 carnea
1561 1628 1780 1666 manum
1835 1629 2052 1668 auream

447 1689 786 1744 restauravit.

586 1777 674 1831 26.
707 1781 821 1848 Ipse
859 1783 1166 1839 Boleslavus
1203 1789 1495 1840 Moraviam
1531 1789 1774 1844 devastat
1806 1789 1915 1842 ‘0'“.

521 1864 650 1920 Item
711 1869 827 1939 ipse
882 1871 972 1905 ¹⁰⁷⁵
1032 1874 1321 1930 Moraviam
1371 1877 1616 1945 intravit,
1683 1881 1780 1935 sed
1848 1881 2063 1935 cunctis

450 1957 668 2012 rusticis
745 1961 935 2016 audita
996 1963 1139 2019 fama
1217 1965 1270 2019 in
1329 1967 1419 2000 ¹⁰τ⁶
1474 1969 1881 2026 munitionibus
1938 1987 2063 2026 cum

434 2051 638 2118 praeda
669 2055 924 2124 receptis,
957 2057 1086 2112 licet
1118 2059 1375 2114 Bohemis
1405 2070 1460 2116 et
1507 2062 1947 2118 Moratiensibus
1975 2064 2063 2097 ¹⁰⁷⁷

450 2145 816 2216 congregatis,
851 2147 1110 2204 incendio
1146 2152 1339 2222 majori
1382 2170 1544 2224 quam
1578 2153 1686 2209 alio
1721 2155 1961 2225 dampno
1993 2155 2070 2210 ibi

451 2231 594 2288 facto
646 2241 827 2290 tamen
878 2238 1231 2314 impugnatus
1302 2245 1585 2310 remeavit,
1642 2247 1697 2299 in
1752 2262 1860 2317 quo
1929 2246 2070 2302 facto

452 2327 635 2376 tamen
690 2323 780 2358 ¹⁰⁷⁸
829 2326 1154 2384 difﬁcultate
1212 2331 1290 2385 rei
1343 2347 1616 2402 perpensa
1674 2349 1784 2388 non
1846 2350 2068 2404 parvam

452 2409 680 2481 gloriam
711 2413 1020 2485 acquisivit.
1051 2417 1185 2472 Nam
1230 2419 1297 2473 de
1350 2427 1502 2490 parte
1536 2421 1777 2476 Poloniae
1834 2420 2072 2477 Moravia

455 2501 724 2558 arduitate
778 2508 1044 2562 montium
1092 2525 1153 2564 ac
1195 2511 1466 2566 densitate
1495 2513 1754 2568 silvarum
1807 2514 1946 2568 adeo
1986 2521 2073 2568 est

457 2592 731 2662 obstrusa,
755 2599 902 2666 quod
925 2607 979 2653 et
1002 2599 1247 2670 pacificis
1268 2603 1573 2659 viatoribus
1595 2621 1658 2660 ac
1679 2605 1772 2640 1°79
1792 2605 2071 2675 peditibus

462 2682 550 2716 ¹⁰⁸⁰
595 2688 869 2756 expeditis
923 2692 1231 2760 periculosa
1284 2695 1544 2750 videntur
1593 2713 1656 2752 ac
1695 2714 1794 2767 per
1835 2697 2066 2751 nimium

458 2793 709 2835 onerosa.
743 2783 850 2853 Ipsi
879 2786 1040 2840 etiam
1075 2787 1442 2845 Moravienses
1483 2791 1568 2826 ¹⁰⁸¹
1621 2792 1917 2846 adventum
1949 2791 2070 2860 ejus

433 2869 626 2955 longe
653 2884 779 2929 ante
813 2879 1186 2946 pi'azscientcs,
1218 2897 1325 2935 non
1359 2890 1490 2936 sunt
1518 2883 1638 2937 ausi
1672 2899 1796 2937 cum
1829 2899 1894 2938 eo
1927 2900 2070 2954 prae-

2161 425 2287 480 dem
2334 431 2600 495 sextaque
2650 423 2784 478 feria
2826 424 3215 480 communicati
3261 432 3388 479 sunt
3423 427 3780 493 eucharistia,

2160 516 2349 572 refeCti
2406 515 2612 586 pariter
2657 515 2797 570 victu
2830 531 3134 586 ,corporeo,
3196 515 3488 587 Cliolbreg,
3547 519 3782 572 veniunt

2160 609 2326 664 ductu
2359 609 2596 664 sidereo.
2627 607 2963 662 Praecedenti
2999 617 3162 662 nocte
3186 608 3504 662 Bolezlavus
3535 609 3780 664 ofﬁcium

2161 700 2502 755 ﬁerisanctze
2534 700 2713 754 Mariae
2765 699 2854 733 ¹⁰⁸⁹
2893 698 3178 754 constituit
3220 699 3330 763 ¹⁰⁹⁰,
3390 700 3538 770 quod
3588 710 3785 770 postea

2161 809 2262 846 usu
2291 808 2388 862 pro
2419 791 2717 847 devotione
2749 789 2992 844 retinuit.
3042 789 3137 844 Die
3176 790 3428 857 sabbato,
3459 807 3664 846 aurora
3697 793 3784 846 lu-

2159 891 2438 950 cescente,
2480 884 2544 938 ad
2606 883 2802 938 urbem
2862 881 3132 954 Cholbreg
3165 882 3628 953 prOpinquantes,
3680 885 3784 938 ﬂu-

2159 974 2420 1046 viumque
2453 974 2761 1045 proximum
2794 973 2916 1028 sine
2953 982 3120 1043 ponte
3153 973 3236 1026 vel
3262 973 3420 1037 vado,
3451 989 3519 1027 ne
3555 975 3787 1044 przesci-

2159 1072 2348 1118 rentur
2385 1080 2414 1117 a
2448 1063 2699 1136 paganis,
2732 1079 2852 1117 cum
2901 1062 3147 1132 periculo
3178 1070 3550 1129 transeuntes,
3592 1065 3780 1138 agmi-

2159 1156 2324 1209 nibus
2346 1155 2632 1220 ordinatis,
2661 1154 2998 1224 aciebusque
3029 1159 3173 1208 retro
3201 1154 3416 1208 duabus
3441 1155 3496 1208 in
3525 1156 3783 1211 subsidio

2157 1243 2456 1309 collocatis,
2500 1259 2568 1296 ne
2627 1242 2762 1297 forte
2818 1242 3105 1296 Pomorani
3158 1241 3260 1295 hoc
3320 1243 3406 1276 ¹⁰⁹¹
3459 1243 3791 1312 pnescircnt

2159 1352 2365 1407 eosque
2407 1336 2661 1391 incautos
2697 1336 2932 1398 adirent,
2985 1334 3176 1388 urbem
3211 1336 3525 1405 Opulentam
3571 1337 3788 1390 divitiis

2158 1427 2540 1498 munitamque
2574 1427 2842 1497 praasidiis
2887 1425 3224 1480 unanimiter
3265 1426 3525 1480 invadere
3571 1444 3787 1482 conru-

2161 1517 2395 1585 piscunt.
2432 1515 2582 1570 Tunc
2620 1514 2841 1586 quidam
2875 1529 3060 1568 comes
3110 1513 3176 1566 ad
3211 1513 3556 1568 Bolezlavum
3591 1530 3783 1570 acces-

2159 1610 2247 1673 sit,
2299 1609 2539 1680 datoque
2587 1609 2820 1663 consilio
2863 1607 3148 1662 reticendo
3183 1624 3308 1662 cum
3365 1608 3648 1663 derisione
3696 1627 3788 1663 re-

2085 1665 2136 1732 Β
2164 1702 2351 1756 cessit.
2391 1665 2464 1755 At.
2506 1701 2595 1734 “’9’
2628 1699 2945 1754 Bolezlavus
2977 1715 3106 1753 suos
3146 1699 3390 1754 breviter
3431 1700 3779 1767 adhortatur,

2162 1790 2312 1844 unde
2367 1789 2601 1860 quisque
2651 1788 2786 1842 satis
2835 1788 2904 1842 ad
2957 1787 3242 1842 audaciam
3289 1798 3638 1857 provocatur.
3716 1792 3779 1840 Ni

2161 1892 2416 1950 vestram,
2477 1883 2678 1953 inquit,
2744 1884 2961 1949 milites,
3021 1888 3296 1951 expertam
3357 1882 3684 1950 probitatem
3741 1890 3789 1935 et

2166 1974 2454 2028 audaciam
2479 1972 2802 2037 habuissem,
2835 1985 3177 2039 nequaquam
3216 1975 3358 2024 retro
3387 1977 3604 2024 tantam

2164 2080 2287 2119 rum
2340 2063 2430 2096 ¹⁰⁰³
2459 2063 2866 2116 multitudinem
2893 2063 3232 2125 dimisissem,
3273 2077 3371 2115 nec
3415 2076 3540 2116 cum
3584 2064 3784 2130 paucis

2172 2170 2338 2224 usque
2367 2155 2437 2207 ad
2460 2157 2745 2207 maritima
2767 2156 3142 2222 peruenissem.

2242 2253 2394 2300 Nune
2413 2261 2533 2300 vero
2559 2246 2623 2300 de
2651 2248 2845 2300 nostris
2861 2247 3137 2300 auxilium
3161 2260 3271 2299 non
3298 2259 3604 2314 speramus,

2246 2344 2421 2393 Hostes
2451 2345 2612 2404 retro,
2639 2340 2772 2406 fuga
2803 2341 2981 2406 longa,
3014 2339 3154 2407 si~de
3177 2340 3312 2405 fuga
3332 2341 3652 2405 cogitamus.

2247 2433 2308 2486 ιη
2327 2436 2426 2485 Deo
2453 2437 2670 2484 tantum
2701 2437 2752 2484 et
2781 2433 2839 2484 in
2869 2433 3036 2483 armis
3059 2433 3184 2498 jam
3219 2432 3397 2484 securi
3432 2430 3796 2493 conﬁdamus.

2174 2521 2286 2574 Hiis
2324 2519 2507 2584 dictis,
2541 2518 2608 2572 ad
2642 2517 2831 2572 urbem
2882 2517 3064 2588 potius
3102 2517 3288 2572 volare
3335 2533 3499 2588 quam
3558 2533 3792 2571 currere

2172 2608 2520 2662 videbantur.
2567 2607 2794 2670 Quidam
2829 2613 3034 2660 tantum
3055 2606 3318 2675 praedam,
3343 2607 3570 2677 quidam
3593 2605 3793 2659 urbem

2170 2717 2370 2771 capere
2391 2699 2745 2754 meditantur.
2781 2700 2843 2752 Et
2871 2700 2912 2752 si
2946 2699 3128 2754 cuncti
3157 2700 3300 2754 sicut
3329 2699 3548 2770 quidam
3583 2699 3800 2753 unani-

2170 2793 2334 2847 miter
2359 2792 2714 2860 invasissent,
2772 2791 2863 2845 ilia
2894 2790 2984 2846 die
3033 2791 3224 2862 procul
3273 2791 3443 2846 dubio
3493 2791 3806 2865 gloriosam

2172 2881 2600 2936 Pomoranorum
2630 2880 2823 2934 urbem
2857 2887 2911 2934 et
2944 2881 3272 2950 pi'zecipuam
3311 2879 3670 2942 habuissent;
3704 2879 3804 2932 sed

459 2963 591 3018 lium
625 2981 930 3038 campestre
964 2973 1055 3006 ¹⁰⁸²
1072 2976 1438 3042 committere,
1474 2992 1577 3031 nec
1607 2977 1663 3030 in
1694 2977 1904 3031 itineris
1925 2976 2071 3031 diffi-
2097 2991 2145 3057 ρ
2173 2973 2330 3044 copia
2357 2973 2669 3026 divitiarum
2705 2973 2998 3043 prmdaque
3031 2971 3281 3026 suburbii
3341 2971 3576 3026 militum
3621 2972 3804 3026 auda-

461 3057 663 3112 cultate
707 3061 884 3116 saltim
930 3064 1020 3098 ¹⁰⁸⁸
1047 3065 1264 3120 insidiis
1306 3067 1394 3102 ¹⁰⁸⁸
1435 3068 1660 3123 intranti
1715 3070 1797 3124 vel
1848 3071 2071 3125 exeunti

461 3148 738 3204 resistere.

673 3238 761 3293 27.
798 3240 908 3296 ³0⁸⁵.
940 3248 1163 3313 Legatus
1186 3248 1454 3316 pontiﬁcis
1483 3250 1716 3303 maximi
1746 3248 1854 3298 ωδε.

533 3327 604 3382 Eo
632 3329 814 3402 itaque
855 3333 923 3388 de
955 3334 1191 3392 Moravia
1248 3338 1378 3393 satis
1428 3339 1728 3410 glorianter
1783 3339 2070 3406 redeunte,

462 3419 717 3477 Romanae
739 3425 887 3478 sedis
913 3427 1144 3501 legatus,
1176 3430 1326 3485 Walo
1359 3431 1585 3485 nomine
1615 3432 1962 3487 Belvacensis
1984 3431 2071 3466 ¹⁰⁸⁷

459 3512 779 3582 epiSCOpus,
825 3515 1107 3571 Poloniam
1141 3519 1386 3586 advenit,
1417 3520 1508 3591 qui
1567 3537 1694 3575 cum
1727 3521 1925 3576 virtute
1960 3522 2070 3575 Bo-

459 3601 674 3668 lezlavi,
709 3607 828 3661 zelo
866 3609 1096 3677 justitiae
1130 3617 1336 3666 tantum
1375 3613 1656 3667 canonica:
1711 3613 2074 3670 districtionis

459 3694 698 3768 rigorem
731 3701 997 3767 exercuit,
1025 3703 1172 3772 quod
1204 3705 1346 3757 duos
1376 3704 1670 3774 episcopos
1697 3704 1771 3757 ibi
1806 3704 1957 3760 nullo
1988 3705 2071 3759 vel

461 3804 626 3856 prece
661 3791 742 3844 vel
773 3799 945 3860 pretio
976 3795 1344 3850 subveniente
1375 3795 1651 3866 deposuit.
1687 3795 1846 3850 Sedis
1886 3797 2071 3869 itaque

461 3877 720 3935 Romanae
772 3881 953 3956 legato
1013 3897 1330 3941 reverenter
1377 3888 1665 3952 honorato,
1723 3889 2072 3960 concilioque

460 3969 725 4023 canonice
755 3970 1058 4041 celebrato,
1091 3974 1295 4028 missus
1335 3974 1638 4044 apostolica
1676 3975 1798 4030 data
1838 3976 2070 4032 benedi-

459 4055 641 4110 ctione
672 4058 895 4113 Romam
926 4062 1108 4128 rediit,
1134 4062 1365 4138 belliger
1387 4079 1516 4118 vero
1543 4064 1860 4120 Bolezlavus
1887 4067 2073 4122 hostes

457 4158 587 4198 suos
615 4143 1040 4220 impugnaturus
1066 4150 1233 4220 |adiit.

455 4231 545 4286 28.
577 4238 650 4288 De
672 4237 1002 4304 expeditione
1031 4241 1090 4292 in
1116 4241 1301 4294 urbem
1332 4241 1572 4310 Cotobreg
1603 4241 1746 4308 (1431
1773 4243 1923 4310 facta
1953 4243 2064 4298 1°”.

528 4322 654 4392 (An.
695 4325 872 4397 1107.)
919 4328 1090 4400 Igitur
1129 4330 1180 4383 in
1235 4332 1445 4406 Glogou
1499 4332 1742 4387 exercitu
1802 4348 2067 4388 convoca-

457 4423 510 4471 to
542 4417 706 4488 (144),
745 4420 954 4476 nullum
991 4424 1232 4494 peditem
1265 4427 1362 4480 sed
1396 4427 1597 4480 milites
1623 4433 1830 4481 tantum
1861 4427 2066 4482 electos

456 4526 740 4584 equosque
775 4516 1084 4588 pracipuos
1143 4519 1294 4574 duxit
1343 4536 1551 4588 secum,
1585 4536 1688 4576 nec
1741 4521 1926 4576 eundo
1971 4538 2068 4591 per

455 4603 672 4660 deserta
716 4608 808 4663 die
861 4617 1138 4684 noctuque
1181 4613 1352 4668 labori
1411 4613 1495 4669 vel
1545 4615 1748 4670 esuriei
1788 4617 2069 4671 continuis

2173 3064 2311 3118 ciam
2371 3061 2670 3128 excecavit,
2727 3060 2919 3132 sicque
2963 3061 3182 3115 fortuna
3221 3061 3493 3114 civitatem
3544 3077 3708 3114 suam
3772 3077 3799 3112 a

2173 3151 2683 3206 Polonisliberavit.
2720 3151 2875 3206 Pauci
2901 3160 3111 3204 tantum
3147 3151 3530 3222 probimilites
3560 3150 3797 3222 gloriam

2174 3245 2380 3302 divitiis
2412 3246 2796 3317 praeferentes,
2829 3245 3048 3300 emissis
3088 3245 3314 3311 lanceis,
3359 3251 3583 3315 pontem
3616 3253 3801 3298 extra-

2173 3335 2275 3390 ctis
2303 3334 2502 3406 gladiis
2529 3334 2858 3388 transierunt
2902 3342 3224 3404 portamque
3268 3333 3502 3386 civitatis
3555 3333 3804 3385 intrave-

2175 3435 2321 3494 runt,
2349 3429 2446 3483 sed
2465 3444 2494 3481 a
2525 3428 2724 3483 civium
2759 3428 3114 3482 multitudine
3139 3427 3423 3493 coarctati,
3456 3427 3543 3480 vix
3571 3427 3800 3481 tandem

2174 3521 2518 3576 retrocedere
2545 3528 2672 3576 sunt
2702 3521 2873 3576 coacti
2935 3521 3055 3591 Ipse
3097 3521 3207 3574 dux
3238 3521 3402 3575 etiam
3451 3520 3805 3574 Pomoranns

2175 3611 2285 3664 illis
2309 3611 2735 3666 advenientibus
2759 3611 2903 3666 intus
2925 3619 3058 3678 erat,
3095 3612 3406 3683 timensque
3432 3619 3604 3666 totum
3636 3628 3801 3664 exer-

2172 3699 2338 3754 citum
2407 3700 2688 3766 advenire,
2750 3717 2848 3771 per
2897 3701 3058 3756 aliam
3112 3709 3322 3772 portam
3386 3699 3671 3770 effugerat.
3735 3703 3802 3753 At

2177 3791 2496 3845 Bolezlavus
2538 3789 2797 3863 impiger,
2854 3807 2963 3846 non
3001 3791 3055 3844 in
3111 3807 3222 3846 uno
3279 3791 3401 3845 loco
3440 3788 3801 3852 consistebat,

2171 3883 2268 3936 sed
2297 3881 2538 3937 officium
2571 3899 2732 3937 suum
2766 3883 2934 3953 'probi
2991 3883 3202 3948 militis,
3255 3898 3320 3936 ac
3372 3880 3580 3935 strenui
3634 3881 3797 3934 ducis

2172 3978 2494 4042 exercebat;
2538 3977 2653 4032 suis
2703 3978 2963 4033 videlicet
3011 3978 3389 4034 laborantibus
3446 3976 3792 4035 occurrebat.

2171 4074 2449 4144 simulque
2484 4075 2733 4128 nocitura
2755 4073 2838 4128 vel
2883 4073 3166 4144 profutura
3197 4071 3541 4144 providebat.
3575 4073 3794 4125 Interea

2172 4165 2265 4219 alii
2323 4165 2482 4219 aliam
2545 4172 2756 4235 portam
2810 4171 2863 4220 et
2931 4164 3022 4218 alii
3065 4165 3224 4218 aliam
3287 4163 3641 4227 invadebant,
3699 4163 3789 4216 alii

2091 4287 2148 4355 D
2169 4257 2412 4327 captivos
2444 4256 2713 4331 ligabant,
2742 4256 2835 4311 alii
2886 4257 3128 4311 marinas
3167 4255 3390 4310 divitias
3421 4254 3783 4355 colligebant.

2168 4345 2259 4399 alii
2313 4359 2513 4414 pueros
2540 4351 2593 4398 et
2625 4344 2840 4414 puellas
2877 4343 3208 4397 educebant.
3256 4343 3426 4416 Igitur
3470 4341 3789 4396 Bolezlavus

2167 4437 2370 4490 milites
2397 4451 2545 4500 suos,
2580 4435 2832 4506 quamvis
2875 4442 2984 4490 tota
3013 4435 3103 4489 die
3143 4435 3397 4506 fatigatos
3438 4434 3789 4500 assultando,

2167 4525 2255 4579 vix
2299 4525 2519 4579 tandem
2576 4539 2671 4579 eos
2735 4524 2880 4579 circa
2945 4540 3233 4594 vesperem
3288 4539 3545 4578 revocare
3614 4524 3791 4593 potuit

2168 4617 2581 4673 commorando.
2607 4616 2871 4670 Militibus
2901 4616 3088 4688 itaque
3127 4617 3398 4672 revocatis
3428 4633 3491 4671 ac
3521 4615 3790 4670 suburbio

1795 4755 2015 4811 VARI/1'1
2056 4757 2442 4812 LECTIONES.

531 4865 620 4900 ¹⁰⁶⁸
655 4868 887 4927 tinnitus
936 4874 985 4927 1.
1026 4873 1079 4927 2.

457 4944 646 4993 contra
684 4944 736 4994 3.

1180 4875 1272 4909 ¹⁰⁶⁹
1301 4890 1544 4931 concova
1597 4876 1652 4929 2.
1703 4891 1832 4932 cava
1880 4876 1914 4932 3

459 5009 548 5043 ³0⁷⁷
581 5009 816 5066 Moravis
853 5014 906 5068 3.
998 5009 1088 5049 Ῑοτδ
1116 5033 1236 5070 cum
1275 5017 1327 5070 2.
1383 5018 1436 5071 in
1467 5017 1520 5074 3.

459 5083 508 5136 1.
567 5081 618 5135 2.
721 5083 812 5117 ¹⁰⁸³
837 5085 890 5138 d.
949 5102 996 5140 s.
1051 5088 1243 5142 desunt
1288 5089 1321 5142 3
1441 5089 1534 5123 ¹⁰⁸⁶
1561 5089 1751 5144 saltem
1799 5091 1948 5145 addit
2002 5091 2054 5144 3.

455 5153 647 5226 desunt
671 5153 722 5207 3.
819 5156 910 5189 ¹⁰⁸⁶
947 5165 1333 5226 argumentum
1362 5161 1488 5214 edit.
1524 5166 1667 5215 Vars.

450 5240 506 5292 ρ.
547 5224 652 5278 189
688 5227 829 5280 deest
861 5227 910 5280 1.
947 5228 1000 5282 2.

453 5294 507 5348 2.
592 5296 684 5330 ¹⁰⁹²
713 5297 791 5350 Ad
820 5298 871 5352 1.
896 5299 949 5352 2.

1610 5018 1700 5052 1079
1726 5026 1780 5072 ει
1824 5018 1875 5074 3.
1974 5020 2064 5054 1080

1045 5300 1135 5334 ¹⁰⁹³
1171 5302 1312 5356 deest
1335 5300 1390 5356 2.

2047 4879 2140 4913 ¹⁰⁷⁰
2158 4881 2307 4935 velut
2353 4882 2504 4935 addit
2542 4880 2595 4934 2.

823 4942 913 5016 ‘°_7‘
931 4953 1316 5013 argumentum
1343 4949 1467 5002 edit.
1509 4953 1633 5002 Vars
1662 4965 1712 5016 p.
1753 4948 1854 5003 187
1882 4949 2021 5004 deest
2055 4953 2100 5004 1.
2137 4952 2190 5005 2.
2229 4951 2283 5006 3.

2094 5023 2328 5091 pedibus
2393 5023 2410 5075 1
2480 5023 2532 5075 2.

1703 5178 1758 5230 p.
1795 5162 1918 5216 188.
1944 5163 2085 5217 deest
2109 5164 2158 5217 1.
2186 5163 2244 5218 2.

1090 5229 1180 5302 t9”
1203 5236 1389 5302 sancte
1429 5231 1592 5285 Maria
1623 5229 1742 5286 fieri
1782 5231 1956 5302 prof.
1998 5250 2042 5286 8.
2086 5234 2155 5288 Μο
2215 5235 2269 5290 2-

2705 4879 2793 4915 ¹⁰⁷¹
2835 4881 3037 4935 Moravi
3097 4881 3146 4936 3.

2402 4951 2490 4986 ³0⁷⁵
2525 4952 2838 5006 Boleslavus
2895 4954 3044 5006 addit
3091 4953 3142 5008 3.

2610 5024 2698 5057 ¹⁰⁸¹
2735 5023 2932 5077 Moravi
2994 5025 3046 5076 3.
3132 5024 3222 5058 ¹⁰⁸²
3254 5023 3426 5093 prelio
3485 5023 3781 5089 campestri

2170 5093 2260 5164 1955
2288 5110 2405 5163 quae
2435 5095 2558 5148 inde
2581 5101 2844 5162 sequntur
2863 5097 3103 5163 capitula
3137 5111 3300 5164 usque
3336 5096 3406 5148 ad
3432 5111 3558 5162 cap.
3593 5100 3789 5148 XXXIV

2316 5165 2404 5198 "’3"
2437 5165 2787 5219 Belnacensis
2803 5165 2856 5218 2.
2942 5166 3029 5200 ³0⁸⁸
3051 5172 3435 5234 argumentum
3461 5167 3568 5220 edit
3633 5171 3760 5219 Vars

2351 5236 2442 5270 ¹⁰⁹⁰
2475 5236 2714 5290 instituit
2751 5235 2784 5290 2
2883 5237 2968 5270 ¹⁰⁹¹
3002 5237 3107 5292 hoc
3154 5236 3443 5292 Pomorani
3491 5253 3587 5306 pro
3622 5236 3675 5289 P.
3731 5238 3782 5290 h.

3233 4880 3481 4935 ιοτςάεεδε
3536 4880 3587 4936 3.
3685 4881 3779 4915 ποτε

3250 4951 3340 4986 ¹⁰⁷⁶
3363 4960 3417 5005 et
3453 4953 3504 5005 1.
3558 4953 3699 5006 deest
3731 4953 3784 5006 2.

2015 5407 2056 5461 Ν
2062 5407 2225 5463 ΟΤᾹΞ.

527 5508 673 5587 (1:13)
702 5508 1047 5630 Kodobrzegg,
1076 5512 1308 5582 Kotberg,
1343 5513 1399 5568 in
1443 5514 1768 5570 Pomerania
1798 5515 1865 5570 ad
1919 5532 2068 5572 mare

527 5577 722 5630 .Itlcum
755 5587 939 5630 sutum.
974 5619 983 5630 .
1016 5621 1027 5630 .

459 5575 722 5632 BalticUm
755 5579 939 5634 situm.
973 5575 1027 5634 ἐξ

2243 5518 2515 5594 (τιμε,οε
2542 5520 2799 5594 sequenti
2827 5520 3070 5594 auctoris
3100 5519 3456 5594 chronologia
3494 5517 3563 5573 cf.
3600 5518 3780 5572 Giese-

2171 5589 2577 5645 brechtWend.
2619 5589 2815 5646 Gesch.
2852 5609 2911 5657 ιι,
2942 5592 3072 5658 167,
3102 5607 3155 5645 n.
3187 5592 3331 5646 1.'K.
