3912 6044
74 233 195 289 897
244 221 249 228 ’

1457 227 1648 282 LIBER
1690 226 2047 282 SECUNDUS.

3318 231 3425 288 898

63 355 346 424 spoliato,
399 352 631 408 recessit
661 352 790 408 inde
841 353 1160 409 Bolezlavus
1191 354 1376 428 magni
1425 354 1708 410 Michaelis
1732 363 1784 427 Α
1811 353 1950 408 vatis
1974 353 2281 424 eductaque
2303 353 2490 424 praeda
2517 361 2714 422 totum,
2734 356 2999 412 radicitus
3027 361 3426 416 concremavit.

68 446 323 500 consilio
383 452 536 500 extra
567 460 772 514 muros,
806 445 953 499 omni
983 445 1135 514 prius
1186 443 1422 501 aediﬁcio
1472 461 1707 500 concre-

71 542 254 589 mato.
293 534 362 587 Ex
391 550 500 604 quo
533 533 678 588 facto
711 534 859 588 natio
893 540 1001 587 tota
1034 533 1391 589 barbarorum
1441 550 1710 589 concussa

70 627 443 680 vehementer
473 626 777 689 exhorruit,
830 625 1080 696 famaque
1115 626 1386 680 Bolezlavi
1441 627 1600 699 longe
1632 626 1711 680 la-

72 723 250 787 teque
287 716 512 769 dilatata
544 714 877 786 procrebuit.
913 714 1067 768 Unde
1092 715 1256 769 etiam
1299 714 1710 784 inproverbium

69 803 362 858 cantilena
392 803 743 873 componitur
775 807 868 869 (an
911 803 1100 871 1107);
1127 803 1219 856 ubi
1251 805 1384 857 satis
1411 803 1500 856 illa
1529 803 1714 874 probi-

76 900 170 946 tas
200 900 257 946 et
285 892 518 946 audacia
547 891 942 946 convenienter
958 891 1240 946 extollitur
1270 893 1324 946 in
1358 894 1476 948 hec
1511 893 1712 948 verba:

163 985 351 1038 Pisces
389 984 564 1038 salsos
593 990 647 1037 et
674 982 931 1037 foetentes
961 983 1333 1054 apportabant
1364 985 1477 1051 alii,

165 1057 502 1142 Palpitantes
535 1079 588 1126 et
623 1079 874 1126 recentes
906 1088 1052 1126 nunc
1091 1080 1388 1142 apportant
1414 1072 1533 1126 ﬁlii.

172 1163 431 1218 Civitates
473 1163 808 1218 invadebant
837 1171 1022 1234 patres
1053 1164 1224 1218 nostri
1257 1165 1530 1235 primitus,

169 1253 252 1305 Ilii
285 1253 558 1322 procellas
591 1268 701 1307 non
728 1261 989 1306 verentur
1012 1269 1195 1324 neque
1211 1253 1377 1307 maris
1408 1253 1647 1306 sonitus.

168 1343 465 1417 Agitabant
498 1353 680 1414 patres
720 1343 892 1398 nostri
928 1359 1140 1408 cervos,
1175 1360 1361 1415 apros,
1397 1359 1644 1414 capreas,

168 1435 254 1489 Hii
274 1443 548 1490 venantur
575 1442 822 1490 monstra
851 1433 1092 1489 maris'et
1113 1451 1248 1505 Opes
1273 1451 1580 1506 azquoreas.

83 1547 188 1603 29.
223 1550 290 1600 De
319 1562 456 1601 nova
492 1549 552 1600 in
601 1547 924 1599 Pomoranos
996 1544 1329 1612 expeditione
1364 1551 1414 1599 et
1469 1545 1722 1612 colloquio

519 1633 645 1671 cum
667 1617 967 1671 Cottomano
987 1616 1168 1669 habito
1198 1615 1306 1668 “’9‘.

187 1712 401 1768 Labore
433 1717 582 1766 tanto
609 1710 876 1765 militibus
904 1726 967 1764 ex
1009 1709 1205 1764 itinere
1243 1708 1500 1782 fatigatis,
1531 1715 1586 1763 et
1611 1708 1721 1776 jam

91 1804 444 1875 aliquantula
475 1802 658 1872 quiete
691 1816 953 1855 concessa
998 1798 1281 1859 recreatis,
1313 1799 1381 1851 ad
1415 1797 1727 1868 expeditio-

97 1912 230 1950 nem
267 1894 583 1948 Bolezlavus
629 1893 884 1948 cohortes
924 1891 1121 1946 iterum
1173 1891 1471 1955 revocavit,
1523 1897 1578 1944 et
1624 1889 1725 1944 Po-

99 2003 366 2043 moranos
397 1986 463 2040 ad
509 1985 714 2038 bellum
767 1985 950 2038 denuo
995 1983 1330 2054 provocavit.
1391 1982 1559 2052 Hujus
1588 1996 1721 2036 vero

102 2080 483 2153 expeditionis
538 2079 822 2134 Swatobor
875 2079 995 2147 ejus
1075 2077 1526 2152 consanguineus
1574 2078 1726 2147 (145)

104 2190 328 2228 causam
360 2171 636 2236 excitavit,
660 2169 821 2237 cujus
852 2168 1146 2240 progenies
1186 2184 1464 2239 nunquam
1495 2167 1726 2224 fidelita-

110 2273 221 2319 tem
287 2263 506 2318 Polonis
565 2260 806 2316 dominis
851 2259 1180 2314 observavit.
1244 2259 1368 2314 Erat
1425 2261 1571 2315 enim
1613 2261 1731 2330 ipse

109 2353 397 2408 Swatobor
444 2353 554 2418 “‘95,
601 2352 654 2404 in
697 2350 1026 2405 Pomorania
1057 2357 1388 2416 carceratus,
1425 2360 1484 2405 et
1539 2368 1570 2406 a
1611 2351 1732 2423 qui-

109 2445 347 2500 husdam
416 2461 446 2498 a
495 2459 665 2516 regno
738 2458 839 2497 suo
909 2441 1264 2496 traditoribus
1329 2442 1732 2514 subplantatus.

114 2538 358 2610 Impiger
396 2537 541 2590 enim
580 2535 901 2590 Bolezlavus
933 2551 1093 2589 suum
1141 2535 1376 2604 cupiens
1401 2538 1736 2610 consangui-

121 2645 287 2682 neum
341 2628 597 2695 liberare,
682 2634 878 2681 terram
943 2627 1376 2681 Pomoranorum
1443 2628 1740 2684 meditatur

119 2719 246 2774 totis
295 2718 506 2773 viribus
543 2734 878 2789 expugnare.
931 2717 1038 2772 Sed
1085 2718 1375 2774 Pomorani
1428 2728 1740 2775 metuentes

120 2812 406 2866 audaciam
459 2813 750 2878 Bolezlavi,
805 2813 1062 2867 callidum
1115 2813 1410 2867 consilium
1474 2814 1736 2876 inierunt,

121 2922 359 2976 namque
410 2905 514 2959 sibi
566 2905 1042 2979 consanguineum
1098 2904 1462 2960 reddiderunt
1514 2906 1626 2974 “’9‘,
1686 2915 1740 2962 et

2061 440 2146 497 31.
2183 446 2355 497 Bitom
2383 449 2625 498 castrum
2654 452 3030 514 expugnatum
3058 447 3168 501 “0‘.

1883 529 2000 583 Alia
2040 529 2158 585 vice
2197 530 2452 585 similiter
2491 533 2640 586 aliud
2699 541 2938 588 castrum
2986 536 3210 589 nomine
3255 537 3427 592 Bitom

1813 620 1957 688 (147)
1983 622 2331 694 expugnavit,
2358 623 2506 677 unde
2539 640 2646 678 non
2679 625 2861 680 minus
2891 626 3071 680 laudis
3097 635 3150 682 et
3180 628 3430 683 utilitatis

1815 724 1978 778 quam
2019 726 2083 764 ex
2109 710 2215 765 alio
2243 712 2562 781 reportavit.
2592 712 2719 766 Nam
2766 713 2894 768 inde
2920 716 3158 785 prardam
3194 718 3420 772 multam

1817 807 1871 854 et
1909 802 2156 871 captivos
2194 803 2423 873 expulit,
2478 813 2532 858 et
2574 803 2752 859 locum
2812 806 2964 860 illum
3008 807 3098 840 ¹¹⁰²
3147 808 3215 862 ad
3257 809 3431 865 instar

1818 889 2181 946 dcsolationis
2211 892 2415 946 retulit.
2452 892 2558 946 Sed
2589 894 2688 948 hoc
2712 910 2820 948 non
2853 895 2976 950 ideo
3004 896 3074 949 de
3095 896 3428 954 Scarbimiro

1820 983 2135 1049 recitamus,
2168 993 2226 1037 ut
2271 1001 2396 1038 eum
2432 985 2485 1038 in
2525 985 2708 1056 aliquo
2753 1001 2853 1041 suo
2903 987 3130 1042 domino
3171 989 3426 1045 confera-

1822 1094 1963 1145 mus,
1985 1079 2083 1132 sed
2112 1085 2170 1132 ut
2198 1079 2483 1133 veritatem
2513 1080 3092 1150 hystoriaeleneamus.

1818 1187 1905 1240 32.
1941 1189 2126 1241 nudus
2155 1203 2280 1242 cum
2319 1191 2780 1295 Zbigneginiggtm
2806 1199 2858 1246 et
2893 1194 3213 1262 subsequens
3258 1197 3431 1250 tradi-

2518 1265 2590 1315 tio
2623 1265 2728 1315 ιιοδ.

1895 1349 2126 1422 Belliger
2149 1349 2334 1421 itaque
2364 1350 2698 1412 Bolezlavus.
2734 1361 3020 1425 postquam
3045 1356 3114 1410 de
3146 1357 3427 1430 colloquio

1821 1438 2160 1512 Ungarorum
2202 1449 2286 1496 est
2325 1459 2598 1507 reversus,
2645 1461 2768 1498 cum
2826 1447 3066 1518 Zbigneo
3109 1448 3274 1504 fratre
3334 1467 3435 1506 suo

1820 1531 2156 1603 colloquium
2190 1533 2336 1586 aliud
2375 1534 2668 1601 ordinavit,
2701 1537 2793 1589 ubi
2841 1537 3002 1591 simul
3045 1539 3209 1595 ambo
3244 1540 3437 1596 fratres

1752 1646 1802 1713 Β
1827 1621 1882 1675 in
1906 1622 2024 1678 haec
2053 1624 2219 1678 verba
2244 1624 2383 1678 alter
2402 1625 2558 1679 alteri
2591 1627 2916 1695 conjuravit,
2945 1631 3090 1700 quod
3125 1631 3281 1685 alteri
3307 1648 3435 1687 con-

1820 1713 2214 1785 juravit,quod
2247 1714 2384 1769 alter
2422 1716 2635 1770 scilicet
2666 1732 2774 1771 non
2823 1717 2943 1771 sine
2975 1719 3145 1773 altero
3187 1719 3255 1773 de
3307 1737 3439 1791 pace

1826 1802 1910 1856 vel
1941 1803 2084 1857 bello
2111 1819 2235 1858 cum
2267 1803 2521 1858 hostibus
2550 1806 2889 1869 conveniret,
2934 1822 3034 1862 nec
3061 1807 3230 1862 ullum
3268 1809 3440 1865 foedus

1828 1891 1966 1946 alter
1985 1892 2104 1947 sine
2134 1892 2308 1947 altero
2338 1909 2462 1947 cum
2487 1893 2762 1964 aliquibus
2793 1896 3180 1962 communiret,
3210 1905 3264 1952 et
3291 1899 3440 1969 quod

1825 1982 1961 2037 alter
1989 1982 2145 2036 alteri
2177 1998 2348 2053 super
2378 1983 2564 2038 hostes
2604 1990 2658 2038 et
2698 1984 2751 2037 in
2791 1986 3053 2040 omnibus
3109 1989 3443 2044 necessariis

1827 2075 2168 2131 subveniret.
2202 2075 2313 2129 Hiis
2343 2076 2528 2146 itaque
2558 2075 2911 2140 conﬁrmatis,
2938 2079 3040 2133 sub
3075 2080 3443 2152 eodemjura-

1832 2173 2020 2221 mento
2051 2166 2196 2220 diem
2239 2167 2294 2220 in
2326 2167 2506 2222 locum
2538 2167 2630 2221 ubi
2671 2184 2792 2222 cum
2821 2170 3156 2225 exercitibus
3185 2174 3447 2227 conveni-

1833 2266 1955 2312 rent
2009 2257 2347 2326 indixerunt,
2404 2267 2458 2313 et
2515 2259 2597 2313 sic
2651 2277 2681 2313 a
2722 2261 2996 2332 colloquio
3053 2263 3447 2319 discesserunt.

1836 2349 2058 2422 lnpiger
2102 2359 2284 2406 autem
2343 2351 2660 2406 Bolezlavus
2723 2369 2843 2407 cum
2907 2356 3095 2423 paucis
3155 2357 3222 2410 ad
3265 2357 3444 2412 locum

1835 2442 2026 2497 venire
2055 2443 2474 2498 determinatum
2496 2443 2550 2496 in
2575 2443 2666 2497 die
2681 2444 2983 2511 nominato,
3007 2445 3172 2502 fidem
3203 2457 3450 2504 servatu-

1838 2551 1953 2603 rus,
1977 2536 2281 2600 festinavit;
2315 2537 2626 2611 Zbignevus
2658 2553 2810 2603 vero,
2843 2555 2955 2594 non
2987 2541 3164 2595 solum
3195 2541 3360 2597 fidem
3391 2551 3445 2598 et

1832 2629 2214 2700 jusjurandum
2249 2643 2358 2683 non
2399 2629 2682 2684 veniendo
2732 2630 2975 2696 violavit,
3033 2647 3220 2686 verum
3285 2634 3449 2688 etiam

1839 2718 2021 2772 fratris
2050 2718 2348 2773 exercitum
2382 2719 2450 2773 ad
2489 2735 2548 2773 se
2576 2720 2950 2774 declinantem
2983 2721 3049 2774 ab
3075 2722 3267 2776 itinere
3295 2739 3454 2778 revo-

1840 2811 1998 2865 cavit.
2037 2810 2190 2865 Unde
2223 2827 2380 2881 paene
2410 2827 2582 2885 regno
2614 2812 2854 2866 Poloniae
2887 2814 2993 2867 tale
3024 2813 3216 2867 debuit
3255 2814 3452 2884 damp-

1840 2919 1969 2957 num
1999 2911 2052 2958 et
2080 2903 2324 2958 dedecus
2346 2904 2591 2971 evenire,
2615 2905 2761 2975 quod
2791 2921 2894 2960 nec
2917 2905 3226 2980 Zbignevus
3247 2906 3458 2975 potuis-

121 2998 200 3053 sic
230 2999 348 3068 ejus
381 2998 514 3052 iram
569 3008 622 3052 et
655 2997 918 3068 impetum
961 2997 1392 3052 intollerandum
1446 3006 1740 3054 evaserunt
1767 3028 1816 3096 Ο
1841 3002 1926 3048 set
1959 3011 2062 3049 nec
2091 2994 2232 3049 alius
2259 3002 2452 3066 postea
2487 2995 2807 3050 subvenire.
2842 2996 3016 3061 Nunc,
3067 2995 3306 3066 qualiter
3343 2996 3456 3050 Deo

125 3089 238 3156 (an.
266 3086 418 3154 1107)
477 3086 609 3140 lnde
642 3085 861 3140 rediens
895 3085 1214 3140 Bolezlavus
1240 3103 1362 3141 cum
1399 3103 1529 3159 rege
1563 3088 1741 3162 Unga-

126 3192 309 3231 rorum
352 3174 706 3239 Colomanno,
737 3190 906 3244 super
933 3189 1093 3244 rcges
1136 3174 1426 3229 universos
1465 3190 1566 3230 suo
1600 3182 1743 3228 tem-

126 3279 258 3334 pore
305 3263 573 3335 degentes
620 3263 842 3317 litterali
898 3262 1131 3317 scientia
1190 3263 1430 3330 erudito,
1491 3263 1636 3317 diem
1689 3271 1744 3318 et

124 3353 303 3408 locum
337 3352 593 3423 colloquii
623 3351 931 3418 collocavit,
973 3351 1042 3405 ad
1074 3367 1236 3422 quem
1272 3367 1366 3405 rex
1400 3350 1740 3423 Ungarorum

125 3442 336 3510 venire,
369 3442 572 3496 timens
602 3442 852 3507 insidias,
883 3441 1176 3496 dubitavit.
1205 3441 1329 3495 Erat
1359 3441 1506 3496 enim
1536 3442 1742 3508 Almus,

1837 3083 2063 3152 juvante
2088 3083 2402 3139 Bolezlavus
2428 3083 2562 3137 illud
2582 3083 2914 3154 petriculum
2933 3085 3236 3152 evitaverit,
3263 3084 3460 3139 subsc-

1844 3189 2021 3242 quens
2047 3173 2227 3228 statim
2260 3174 2460 3247 pagina
2490 3172 2825 3245 prOpalabit.

1950 3282 2018 3339 33
2059 3283 2168 3335 “0‘.
2221 3284 2526 3338 Bolezlavus
2574 3286 2636 3337 in
2664 3287 3084 3338 Pomoranorum
3128 3285 3352 3339 insidias

2514 3356 2660 3409 cadit
2691 3355 2804 3407 “05.

1915 3445 2070 3499 Sorte
2099 3444 2322 3517 quidam
2365 3442 2570 3499 nobilis
2610 3444 2663 3496 in
2695 3441 2936 3497 confinio
2970 3450 3125 3496 terra“:
3154 3441 3460 3504 .ecclesiam

133 3539 468 3614 Ungarorum
503 3540 629 3605 dux,
661 3547 791 3594 tunc
819 3538 1085 3609 temporis
1114 3539 1184 3593 de
1221 3539 1454 3613 Ungaria
1485 3537 1746 3612 profuga-
1847 3535 2168 3598 construxit,
2236 3533 2305 3587 ad
2355 3532 2512 3600 cujus
2577 3530 3051 3586 consecrationem
3113 3530 3457 3584 Bolezlavum

129 3639 213 3686 tus
270 3632 432 3702 (146),
484 3638 539 3686 et
597 3648 627 3685 a
672 3632 812 3686 duce
857 3632 1143 3687 Bolezlavo
1217 3631 1306 3665 ¹⁰⁹⁷
1355 3629 1749 3700 hospitalitatis
1848 3627 2046 3682 ducem
2086 3627 2266 3681 adhuc
2293 3625 2425 3680 satis
2468 3640 2698 3694 puerum
2735 3639 2854 3678 cum
2884 3621 3328 3689 suisjuvenibus
3376 3622 3465 3675 in-

131 3724 302 3800 gratia
334 3732 691 3791 sustentatus,
729 3725 928 3780 Postea
956 3732 1138 3779 tamen
1165 3724 1289 3779 aliis
1322 3723 1465 3778 inter
1497 3740 1559 3778 se
1591 3724 1745 3799 lega-
1849 3719 2058 3774 vitavit.
2093 3719 2317 3789 Expleta
2357 3724 2438 3772 est
2472 3717 2654 3787 itaque
2707 3713 3048 3769 consecratio
3085 3712 3369 3783 spiritalis,
3411 3720 3466 3768 et

133 3815 378 3870 tionibus
432 3817 884 3882 transmandatis,
947 3817 1167 3872 insimul
1228 3822 1632 3884 convenerunt,
1693 3823 1747 3872 et
1847 3808 2253 3878 subsequentcr
2285 3805 2538 3860 adhibita
2596 3803 2949 3874 desponsatio
3015 3802 3296 3856 ῐηδτίῐδιίει
3355 3801 3462 3856 sed

132 3909 364 3982 invicem
417 3908 816 3974 discesserunt,
867 3909 1151 3979 perpetuis
1205 3908 1642 3964 fraternitatibus
1692 3918 1747 3964 et
1847 3909 2026 3956 utrum
2061 3900 2172 3954 Deo
2203 3897 2552 3969 displicuerit
2590 3912 2712 3950 cum
2745 3895 2948 3950 divinis
2978 3895 3184 3965 nuptiis
3214 3894 3468 3949 carnales

132 4000 389 4054 amicitiis
415 3997 777 4054 confirmatis.

200 4089 286 4144 30.
319 4095 388 4143 De
415 4091 746 4158 expeditione
774 4091 1088 4144 Scarbi-miri
1124 4094 1182 4144 in
1210 4095 1529 4146 Pomoranos
1564 4090 1672 4143 1°93.

1848 3991 2140 4058 celebrari,
2171 3991 2326 4045 facile
2360 3995 2538 4061 potest
2576 4004 2675 4058 per
2728 3987 3049 4042 discrimina
3090 4003 3212 4058 quae
3267 3986 3469 4058 saepius

1849 4083 1981 4137 inde
2009 4081 2339 4152 contingunt
2379 4077 2752 4149 comprobari;
2796 4093 2945 4147 saepe
2993 4093 3234 4147 namque
3285 4075 3471 4130 cerni-

201 4181 419 4235 Interea
486 4181 857 4236 Scarbimirus
932 4199 1118 4237 comes
1179 4182 1423 4258 Poloniae
1475 4182 1752 4252 palatinus
1849 4194 1991 4244 mus,
2043 4176 2137 4230 ubi
2179 4175 2344 4230 simul
2402 4173 2652 4228 ecclesiae
2715 4170 3059 4226 consecratio
3089 4186 3152 4258 ac
3202 4169 3466 4258 nuptialis

131 4294 253 4332 cum
286 4276 402 4331 suis
432 4279 904 4332 commilitonibus
935 4278 1314 4334 Pomoraniam
1350 4277 1614 4343 introivit,
1655 4277 1748 4332 ubi

1852 4265 2210 4336 desponsatio
2241 4264 2397 4328 fiunt,
2429 4262 2730 4317 seditiones
2761 4266 2816 4314 et
2846 4257 3148 4314 homicidia
3193 4257 3462 4317 comitari.

134 4384 242 4423 non
282 4383 503 4437 parvam
534 4368 762 4439 gloriam
794 4369 1016 4423 Polonis
1048 4370 1360 4441 acquisivit,
1391 4369 1728 4440 ὴοεῑὶὺυεᾳυι

1852 4360 1998 4414 unde
2018 4366 2253 4424 constat,
2278 4357 2405 4428 quia
2436 4371 2542 4410 nec
2571 4354 2779 4410 bonum
2810 4362 2893 4406 est
2922 4367 3024 4406 nec
3055 4353 3353 4404 honestum
3386 4356 3467 4403 ta-

133 4455 248 4509 suis
278 4456 578 4526 dampnum
611 4466 665 4510 et
702 4458 1091 4512 contumeliam
1140 4457 1456 4528 dereliquit.
1506 4456 1603 4521 Qui
1660 4457 1749 4490 ‘099

131 4547 477 4602 castellorum
505 4548 591 4601 vel
636 4547 918 4602 civitatum
959 4547 1234 4602 nominari
1265 4547 1440 4602 voluit
1472 4563 1750 4619 expugna-

136 4643 237 4703 tor,
269 4653 433 4707 quam
478 4636 728 4690 villarum
771 4636 1064 4691 multarum
1097 4636 1313 4691 scilicet
1350 4635 1436 4690 vel
1469 4641 1748 4690 armento-

138 4742 252 4780 rum
282 4725 645 4797 depraedator.
696 4725 868 4799 Igitur
916 4725 1112 4780 audaci
1156 4724 1246 4758 “0°
1275 4723 1539 4778 violentia
1576 4739 1745 4778 unum

137 4820 420 4874 castellum
459 4819 813 4891 expugnavit,
851 4819 998 4873 unde
1030 4817 1362 4890 quibusdam
1394 4831 1526 4872 vero
1573 4816 1751 4886 capti-

1851 4453 1956 4507 lem
1975 4450 2433 4507 consuetudinem
2462 4446 2685 4500 imitari.
2711 4443 2980 4498 Necistud
2995 4441 3234 4496 dicimus
3259 4448 3467 4505 tamen,

1850 4547 1909 4596 ut
1933 4539 2156 4610 nuptias
2178 4537 2675 4606 condempnemus,
2717 4532 2815 4586 sed
2847 4537 2905 4584 ut
2931 4528 3148 4599 singula
3177 4527 3294 4581 suis
3323 4526 3460 4582 locis

1849 4631 2074 4701 suisque
2108 4625 2448 4697 temporibus
2488 4636 2852 4678 reservemus.
2896 4618 3062 4686 Cujus
3093 4615 3171 4671 rei
3231 4615 3470 4670 manife-

1850 4732 1992 4780 stum
2041 4721 2305 4776 indicium
2363 4717 2417 4772 in
2477 4712 2894 4772 consecratione
2953 4708 3225 4765 Rudensis
3277 4709 3455 4763 eccle-

1850 4815 1945 4869 siae
1973 4813 2118 4883 (-148)
2147 4811 2288 4864 Deus
2318 4805 2672 4876 omnipotens
2711 4799 2992 4867 revelavit,
3027 4815 3154 4854 nam
3201 4805 3257 4853 et
3292 4799 3469 4854 homi-

1487 4915 1712 4972 VAerE
1737 4912 2119 4971 LECTIONES.

215 5017 302 5050 ¹⁰⁹⁵
335 5023 719 5086 argumentum
747 5017 872 5070 edit.
913 5021 1062 5070 Vars.
1087 5032 1141 5084 p.
1182 5015 1297 5070 193.
1332 5017 1473 5070 deest
1510 5015 1559 5070 1.
1605 5016 1656 5068 2.

143 5087 485 5142 Bolezlavum
519 5092 565 5142 1.
620 5089 654 5141 2
765 5089 854 5121 ¹⁰⁹⁸
871 5094 1258 5154 argumentum
1286 5088 1410 5141 edit.
1448 5093 1590 5144 Vars.

143 5167 525 5226 argumentum
552 5161 675 5213 edit.
717 5165 860 5214 Vars.
895 5176 952 5228 ρ.
991 5160 1110 5214 193.
1139 5161 1279 5212 deest
1304 5159 1351 5210 l.
1387 5160 1446 5212 2.

1759 5014 1850 5048 1°95
1880 5009 2220 5065 SWantobor
2273 5007 2326 5060 2.

1625 5105 1676 5156 p.
1712 5086 1835 5139 194.
1864 5084 2100 5156 deestg_1_
2128 5079 2162 5134 2

1565 5159 1655 5191 1101

147 5167 525 5226 argumentum
552 5161 675 5213 edit.
717 5165 860 5214 Vars.
895 5176 952 5228 p.
991 5160 1110 5214 193.
1139 5161 1279 5212 deest
1304 5159 1351 5210 l.
1387 5160 1446 5212 2.
1565 5155 1655 5191 ¹¹⁰²
1685 5173 1809 5211 eum
1851 5155 1906 5209 2.

147 5230 234 5263 “0"
263 5234 665 5300 inscriptionem
694 5234 836 5285 hanc
863 5231 1084 5284 rubrica
1108 5233 1314 5298 pictam
1341 5232 1484 5284 sistit
1526 5231 1572 5283 1.
1627 5230 1768 5283 deest
1789 5229 1842 5281 2.

2432 5003 2523 5036 ¹⁰⁹⁶
2555 5000 2857 5056 redderunt
2909 4998 2962 5053 2.
3061 4998 3148 5033 ¹⁰⁹⁷
3182 4997 3248 5051 ad
3280 4997 3475 5052 ducem

2275 5078 2364 5111 ¹⁰⁹⁹
2395 5074 2549 5139 Quod
2583 5074 2635 5125 1.
2711 5072 2801 5106 ¹¹⁰⁰
2853 5070 3070 5126 audacti
3120 5071 3170 5123 1.
3229 5067 3282 5122 2.
3389 5068 3474 5139 “P1

2013 5152 2102 5186 ¹¹⁰³
2132 5137 2516 5219 argumentum
2541 5146 2679 5219 edit.
2719 5148 2862 5197 ναν-δ.
2905 5141 3126 5219 p._1§6.
3158 5141 3297 5219 deest
3332 5139 3380 5219 1_.

1936 5224 2025 5260 ιιοδ
2047 5209 2433 5292 argumentum
2485 5218 2613 5273 edit.
2677 5220 2820 5271 Vars.
2866 5209 2919 5283 p'.
2963 5213 3087 5267 197.
3147 5213 3285 5265 deest
3338 5211 3388 5262 1.
3421 5209 3477 5278 2.

1708 5331 1746 5383 Ν
1755 5327 1914 5384 ΟΤίΕ.

216 5434 358 5498 (H5)
413 5435 668 5488 Barthold
719 5435 916 5491 Gesch.
971 5451 1018 5484 v.
1083 5433 1268 5504 Riigen
1329 5447 1384 5485 u.
1444 5430 1758 5497 Pommern,

150 5523 186 5572 ι,
217 5506 339 5557 436.
375 5505 430 5558 Κ.

219 5576 356 5644 (116)
383 5577 595 5658 .Almus,
627 5577 770 5658 filius
807 5575 1105 5641 Lamberti,
1160 5574 1326 5629 frater
1367 5571 1634 5644 patruelis
1664 5572 1758 5626 (.0-

151 5647 393 5702 lomanni
431 5649 446 5702 l
483 5649 653 5721 regis.
700 5649 757 5701 K.

1936 5428 2080 5497 (υτ)
2109 5427 2322 5496 Βνιοιη»
2352 5421 2606 5497 Beatam,
2625 5416 3056 5497 ρερρρβιρεοενν
3082 5413 3302 5497 Ειοσαα-
3326 5411 3380 5491 8.·
3411 5411 3482 5497 ΕΞΞ

1863 5483 2239 5553 Οίὲεοὺῖνοέιηὶ
2267 5483 2539 5566 sententia
2570 5483 2743 5555 1,170:
2763 5483 3052 5566 Biithonvvin
3085 5483 3426 5566 Romerania.
3444 5483 3481 5537 ll

1869 5641 1902 5693 Ρ
1936 5570 2083 5692 ῼκίὶξ)
2119 5568 2294 5691 Βιὲάδ,
2336 5567 2402 5622 ad
2451 5561 2689 5618 Wartam
2722 5575 2892 5632 prepe
2933 5556 3158 5611 Sieradz
3198 5556 3254 5608 in
3305 5570 3476 5632 regno

1910 5655 2136 5696 οοηιω.
2213 5679 2224 5692 .
