3930 6052
486 232 593 288 899

1679 248 1682 252 η
1743 203 2092 263 CHRONlC/E
2131 195 2550 256 POLONORUM.

3724 183 3844 239 900

487 356 690 412 cidium
748 350 845 414 ibi,
897 353 950 401 et
1003 359 1174 399 unum
1233 341 1302 396 de
1361 337 1628 394 ministris
1709 333 1776 387 ad
1830 329 2099 385 insaniam
2126 322 2411 398 Abuisse.
2440 325 2582 389 Quis,
2615 317 2958 391 inquientes,
2994 331 3128 387 puer
3157 318 3255 371 iste
3281 317 3406 381 erit,
3454 318 3502 368 si
3530 316 3686 368 enim
3740 315 3840 366 diu

488 443 768 498 redactum
792 440 1006 492 constat
1019 432 1292 493 evenisse,
1314 435 1368 483 et
1385 429 1537 498 ipsos
1549 425 1714 480 etiam
1738 423 2104 492 desponsatos

487 531 693 589 infelici
725 526 1024 590 connubio,
1057 524 1198 577 sicut
1231 527 1420 584 notum
1463 525 1572 584 est,
1620 513 1968 577 convenisse,
2001 524 2105 563 nec

489 619 923 682 anniversarium
978 612 1424 685 desponsationis
1488 607 1824 679 implevisse.
1877 603 1985 658 Sed
2034 601 2104 655 de

490 715 768 773 miraculis
788 712 1070 773 sileamus,
1093 712 1447 775 nostramque
1478 701 1760 756 materiam
1794 707 2102 753 teneamus.

493 810 662 884 Igitur
707 803 942 877 belliger
974 798 1313 861 Bolezlavus,
1385 793 1635 850 convivio
1703 789 1791 847 vel
1836 783 2102 859 potationi

491 874 739 952 militiam
771 874 868 947 vel
886 888 1234 945 venationem
1272 883 1363 918 ¹¹⁰⁸
1383 889 1752 952 anteponens,
1787 874 2105 932 senioribus

493 1006 616 1046 cum
658 994 771 1042 tota
802 981 1152 1039 multitudine
1181 981 1237 1033 in
1279 976 1532 1033 convivio
1571 971 1873 1034 derelictis,
1912 966 2102 1040 paucis

493 1077 886 1137 comitantibus
933 1073 1098 1129 silvas
1135 1081 1434 1126 venaturus
1479 1067 1670 1132 adivit,
1729 1063 1827 1118 sed
1883 1067 2106 1117 contra-

497 1173 609 1227 rius
656 1167 744 1203 ¹¹⁰⁷
791 1162 1148 1220 venatoribus
1208 1157 1470 1214 obviavit.
1522 1151 1811 1210 Pomorani
1867 1160 2105 1218 namque

494 1269 595 1332 p’er
623 1255 907 1312 Poloniam
941 1252 1332 1313 discurrentes,
1365 1245 1579 1317 praedas
1615 1249 1669 1298 et
1701 1239 1946 1311 captivos
1975 1251 2106 1311 age-

494 1328 628 1406 bant
671 1357 726 1403 ct
766 1344 1022 1400 incendia
1051 1339 1345 1396 faciebant.
1380 1339 1445 1392 At
1485 1333 1805 1391 Bolezlavus
1856 1328 2105 1400 belliger,

494 1444 638 1499 sicut
665 1441 752 1494 leo
784 1436 971 1493 caudae
997 1433 1254 1498 stimulis,
1308 1428 1592 1485 iracundia
1643 1423 1968 1487 concitatus,
2004 1433 2109 1473 nec

399 1539 404 1543 “
498 1533 776 1607 principes
843 1544 944 1583 nec
1018 1525 1319 1581 exercitum
1402 1517 1747 1592 expectavit,
1807 1514 1906 1570 sed
1964 1511 2108 1567 sicut

495 1605 673 1680 leaena
704 1621 794 1656 ¹¹⁰⁸
835 1617 1004 1688 raptis
1029 1615 1229 1670 catulis
1257 1610 1539 1667 sitibunda
1563 1605 1852 1679 sanguinis
1877 1605 2104 1674 deprae-

2203 421 2401 474 vixerit
2425 419 2451 471 ?
2480 423 2529 471 et
2554 420 2601 470 si
2631 417 2810 484 plures
2838 429 3019 469 secum
3055 413 3324 477 habuerit,
3344 413 3462 478 quis
3491 412 3541 462 ei
3569 410 3709 462 bello
3751 423 3840 459 re-

2203 510 2389 561 sistere
2408 509 2602 574 poterit
2629 505 2654 556 ?
2706 502 2905 572 Sicque
2935 499 3134 574 pagani
3181 499 3249 552 de
3290 499 3531 566 dampno
3565 498 3838 567 praesenti

2207 606 2632 672 conquerentes,
2683 596 2960 667 simulque
3006 595 3205 648 timore
3253 591 3545 664 probitatis
3581 598 3838 660 expertae

2207 671 2634 753 murmurantes,
2677 686 2800 756 plus
2857 681 3109 738 honerati
3149 680 3371 735 tristitia
3409 695 3577 750 quam
3612 678 3841 748 praeda,

2209 781 2511 850 redierunt.
2557 779 2628 833 De
2655 777 2770 832 suis
2799 791 2927 830 vero
2960 773 3244 830 Bolezlavo
3276 771 3531 842 sequenti
3579 770 3675 824 die
3709 770 3839 839 plu-

2207 876 2330 932 rimi
2361 875 2556 931 solatio
2567 874 2680 943 jam
2699 871 2874 946 magis
2905 871 2995 905 “1‘
3023 885 3186 940 quam
3211 868 3412 923 auxilio
3440 874 3836 922 occurrerunt.

2206 968 2771 1024 Advenientesautcm
2800 964 3199 1033 illucproceres
3223 959 3468 1014 dolorem
3489 958 3558 1011 de
3578 957 3838 1026 dampno

2206 1069 2370 1116 tanta
2399 1059 2702 1115 nobilitatis
2741 1057 3078 1121 habuerunt,
3111 1061 3165 1108 et
3213 1051 3560 1108 Bolezlavum
3621 1050 3694 1102 de
3724 1064 3838 1102 au-

2207 1149 2364 1204 dacia
2395 1154 2556 1202 tantae
2589 1143 3034 1217 prtesumptionis
3058 1149 3378 1197 reverenter
3398 1141 3837 1210 increpuerunt.

2209 1239 2380 1294 Filius
2407 1254 2538 1294 vero
2561 1237 2743 1292 Martis
2765 1235 3085 1291 Bolezlavus
3115 1249 3228 1289 non
3267 1233 3444 1288 solum
3477 1246 3669 1285 aurem
3702 1243 3838 1282 cor-

2211 1329 2520 1386 rectoribus
2552 1344 2662 1384 non
2691 1327 2967 1390 adhibuit,
2994 1342 3097 1381 nec
3129 1341 3187 1379 se
3238 1323 3368 1378 talia
3399 1319 3837 1394 praesumpsisse

2210 1423 2490 1495 paenituit,
2525 1423 2623 1477 sed
2658 1438 2757 1492 per
2785 1436 2881 1476 eos
2925 1436 2985 1475 se
3011 1418 3316 1488 juvandum
3361 1424 3414 1472 et
3465 1416 3533 1470 de
3568 1413 3840 1469 hostibus

2207 1513 2598 1568 vindicandum
2631 1511 2733 1566 sub
2767 1510 3064 1565 testatione
3087 1506 3368 1563 ﬁdelitatis
3387 1504 3717 1560 ammonuit.
3755 1502 3840 1555 lbi

2205 1619 2338 1659 vero
2369 1602 2685 1658 Bolezlavus
2716 1608 2794 1656 tot
2824 1601 2965 1655 ictus
2994 1615 3162 1669 super
3196 1597 3418 1654 loricam
3451 1594 3646 1650 habuit
3672 1600 3727 1647 et
3744 1609 3842 1660 ga-

495 1665 673 1680 ηοω...
837 1665 1002 1688 ..τ---
1667 1665 1700 1679 .,
1953 1665 1968 1674 .
3065 1665 3078 1669 -

495 1716 712 1771 datores
749 1725 963 1775 eorum,
1013 1715 1068 1761 et
1097 1719 1352 1760 cursores
1387 1702 1442 1756 in
1494 1716 1587 1756 ore
1646 1699 1736 1732 ¹¹⁰⁰
1783 1694 2100 1771 gladiimo-
2130 1665 2346 1745 Bleam
2397 1690 2605 1744 lanceis
2642 1689 2953 1764 gladiisque
3001 1686 3280 1752 sustinuit,
3332 1685 3480 1757 quod
3528 1698 3657 1738 caro
3709 1683 3842 1750 ejus

494 1815 790 1862 mentaneo
821 1799 1128 1870 dissipavit.
1168 1797 1409 1867 Cumque
1450 1793 1626 1867 magis
1677 1805 1774 1846 eos
1818 1787 2102 1862 magisque

493 1874 753 1968 persequi
775 1900 830 1947 et
853 1889 1043 1962 patriae
1061 1888 1184 1942 dam
1196 1902 1362 1956 puum
1382 1883 1571 1939 ulcisci
1600 1880 1886 1943 niteretur,
1909 1874 2103 1931 incidit

490 1967 701 2041 inscius
724 1983 779 2036 in
809 1980 1059 2043 insidias,
1091 1975 1184 2032 ubi
1217 1977 1517 2045 dampnum
1542 1967 1977 2040 irrecuperabile
2008 1981 2106 2037 pa-

491 2079 675 2133 tietur.
721 2075 842 2144 Ipse
897 2079 1107 2135 tamen,
1151 2067 1279 2121 licet
1311 2079 1537 2136 paucos,
1596 2063 1664 2117 80
1703 2060 1916 2116 scilicet
1968 2059 2112 2112 inter

491 2181 694 2239 pueros
723 2173 778 2218 et
801 2163 1056 2231 juvenes,
1086 2157 1392 2223 habuisset,
1417 2153 1493 2208 llli
1514 2169 1645 2208 vero
1673 2152 1774 2206 tria
1802 2149 1973 2215 milla,
1999 2161 2110 2203 non

491 2258 674 2333 fugam
718 2254 911 2326 petivit
955 2251 1045 2286 ¹¹¹⁰
1086 2265 1192 2304 nec
1244 2255 1450 2303 tantam
1499 2243 1906 2300 multitudinem
1949 2239 2113 2294 dubi-

491 2331 624 2404 tavit
650 2347 761 2411 “1‘,
796 2345 891 2399 sed
922 2342 1101 2414 prima
1127 2339 1245 2394 vice
1277 2354 1398 2392 cum
1442 2352 1539 2391 sua
1571 2350 1736 2406 parva
1767 2331 1885 2386 acie
1907 2335 2111 2384 tantam

491 2439 729 2514 pestium
773 2435 1090 2508 congeriem
1137 2429 1465 2503 penetravit,
1526 2428 1659 2482 Mira
1707 2426 1955 2480 dicturus
1986 2438 2105 2476 sum

490 2511 791 2599 multisque
818 2525 1050 2580 forsitan
1078 2519 1455 2586 incredibilia,
1480 2525 1660 2573 utrum
1694 2511 2109 2587 praesumptioni

489 2620 576 2674 vel
607 2616 851 2673 audaciae
880 2613 1067 2669 nescio
1099 2613 1145 2666 si
1170 2611 1375 2666 fuerint
1404 2607 1794 2672 asscribenda;
1827 2619 1949 2659 cum
1979 2615 2110 2656 suos

492 2726 651 2784 paene
704 2705 1062 2779 perdidisset,
1105 2703 1226 2758 aliis
1257 2699 1629 2770 interemptis,
1665 2697 1788 2752 aliis
1818 2693 2106 2765 dispersis,

489 2781 546 2856 se
578 2798 772 2871 quinto
803 2792 1150 2850 solummodo
1180 2788 1558 2855 remansisset,
1587 2788 1775 2841 hostes
1814 2781 2105 2839 confertis-

489 2892 658 2947 simos
706 2889 826 2945 vice
871 2885 1115 2942 secunda
1169 2880 1541 2946 transforavit,
1582 2891 1819 2948 cumque
1863 2873 2104 2930 ternario

491 2983 733 3057 regirare
765 2980 856 3014 ιη’
884 2977 1166 3042 voluisset,
1206 2973 1430 3045 quidam
1472 2971 1540 3025 de
1572 2969 1708 3037 suis,
1737 2968 1950 3023 viscera
1977 2965 2104 3038 equi

489 3075 575 3130 sui
609 3089 708 3144 per
767 3078 965 3125 terram
997 3067 1198 3123 cadere
1254 3079 1513 3128 cernens,
1564 3060 1916 3117 exclamavit:
1973 3059 2105 3126 Noli,

490 3168 693 3240 inquit,
719 3169 951 3232 domine,
983 3164 1095 3219 noti
1130 3165 1330 3216 iterum
1354 3160 1608 3230 prcelium
1634 3156 1896 3213 introire!
1947 3160 2113 3210 Parce

499 3259 619 3326 tibi,
646 3271 811 3327 parce
834 3257 1049 3324 patriae,
1082 3267 1280 3322 equum
1309 3249 1533 3305 ascende
1559 3263 1761 3313 meum,
1792 3246 1985 3301 melius
2036 3250 2112 3299 est

493 3356 581 3410 hic
601 3368 688 3408 me
711 3355 869 3420 mori,
892 3366 1057 3420 quam
1087 3354 1135 3404 te
1154 3350 1331 3416 ipsum
1353 3346 1582 3402 Polonice
1608 3345 1837 3400 salutem
1865 3343 2102 3397 interire.

493 3447 604 3502 Hoc
633 3445 844 3510 audito,
874 3443 987 3509 vix,
1026 3456 1170 3512 equo
1228 3439 1482 3504 cadente,
1530 3437 1762 3493 consilio
1801 3433 1991 3489 militis
2017 3449 2106 3488 ac-

490 3535 721 3608 quievit,
754 3540 808 3589 et
837 3533 915 3588 sic
944 3531 1165 3587 tandem
1199 3526 1600 3600 aliquantulum
1639 3542 1671 3580 a
1702 3538 1896 3595 campo
1927 3529 2109 3578 certa-

492 3631 660 3687 minis
699 3628 1013 3684 declinavit.
1045 3626 1361 3695 Vidensque
1390 3639 1448 3677 se
1477 3621 1708 3676 multum
1743 3626 2108 3685 attenuatum,

491 3735 595 3774 nec
625 3717 1036 3780 Scarbimirum,
1067 3712 1278 3766 militiw
1304 3710 1634 3780 principem,
1669 3707 1905 3762 residuis
1932 3706 2110 3760 inter-

491 3822 635 3873 esse,
685 3805 799 3873 jam
848 3816 1179 3871 recuperare
1243 3797 1526 3853 victoriam
1605 3795 1938 3866 desperavit.
1991 3795 2116 3848 Erat

494 3895 641 3950 enim
675 3890 1043 3946 Scarbimirus
1074 3902 1323 3941 seorsum
1369 3884 1500 3938 alibi
1530 3883 1680 3955 gravi
1722 3883 1948 3938 vulnere
1978 3897 2112 3938 sau-

494 3983 685 4044 ciatus,
707 3987 762 4035 et
780 3979 928 4051 quod
958 3993 1062 4032 nec
1083 3976 1248 4032 siccis
1275 3975 1453 4031 oculis
1475 3983 1558 4030 est
1577 3973 1897 4042 dicendum,
1926 3974 2116 4029 dextro

495 4073 704 4128 lumine
732 4070 1032 4125 mutilatus.
1067 4068 1148 4123 llli
1181 4075 1365 4122 autem
1405 4067 1499 4138 qui
1533 4067 1588 4120 in
1619 4065 1872 4122 convivio
1901 4065 2111 4120 reside-

494 4166 650 4236 bant,
681 4163 870 4219 audito
902 4161 1053 4234 quod
1085 4160 1418 4235 contigerat,
1448 4168 1834 4233 exsurgentes,
1862 4158 2110 4214 subsidio

493 4258 610 4314 suis
667 4254 1050 4311 laborantibus
1108 4253 1500 4323 properabant.
1557 4251 1927 4307 Advenientes
1979 4264 2110 4306 vero

496 4347 839 4407 Bolezlavum
898 4346 1234 4401 invenerunt
1271 4360 1396 4399 cum
1435 4343 1626 4414 paucis
1667 4343 1966 4398 admodum
2017 4340 2106 4408 30,

2205 1780 2331 1835 trita
2363 1779 2549 1835 multis
2601 1778 2800 1833 diebus
2844 1776 3223 1832 testimonium
3285 1774 3524 1830 laesionis
3577 1771 3841 1826 exhibuit

2205 1876 2320 1945 (an.
2355 1873 2535 1939 1107).
2572 1872 2705 1927 lude
2734 1886 2956 1943 quoque
2988 1870 3057 1924 de
3089 1868 3498 1938 suajuventute
3523 1866 3713 1920 minus
3742 1867 3835 1899 ἠδ

2204 1961 2604 2034 aliquantulum
2664 1968 2774 2015 tam
2834 1960 3136 2032 glorianter
3189 1963 3475 2028 perempta
3513 1954 3835 2016 condoluit,

2212 2050 2342 2121 quia
2369 2057 2573 2105 tantam
2604 2055 2841 2120 stragem
2875 2047 3117 2102 hostium
3149 2045 3256 2100 sibi
3295 2060 3394 2116 pro
3427 2043 3579 2099 lucro
3620 2058 3837 2114 propo-

2211 2142 2336 2195 suit.
2374 2141 2586 2196 Etenim
2619 2157 2718 2211 pro
2747 2155 2857 2195 uno
2887 2141 2957 2194 de
2984 2137 3286 2210 peremptis
3311 2135 3397 2192 vel
3426 2135 3695 2190 sauciatis
3729 2135 3842 2188 Bo.

2213 2237 2425 2304 lezlavi,
2458 2237 2526 2291 de
2568 2235 2895 2291 Pomoranis
2937 2241 3192 2306 poterant
3229 2233 3416 2304 plures
3444 2231 3651 2286 mortui
3685 2244 3846 2285 com-

2215 2325 2414 2396 putari.

2285 2432 2374 2486 34.
2408 2432 2712 2488 Bolezlavus
2746 2431 2993 2484 Bohemos
3011 2431 3323 2498 profugavit
3352 2434 3401 2482 et
3444 2432 3775 2481 Pomm-anas

2782 2503 3094 2571 subjugavit
3150 2501 3259 2553 “‘6.

2287 2593 2399 2648 Hoc
2454 2601 2652 2647 eventu
2684 2592 3006 2647 Bolezlavus
3050 2606 3174 2645 cum
3229 2589 3428 2645 eodem
3479 2588 3732 2643 exercitu
3777 2587 3844 2640 de

2215 2687 2536 2744 Pomoranis
2558 2703 2616 2741 se
2645 2685 2926 2741 vindicare
2955 2685 3252 2755 disposuit,
3269 2685 3496 2755 jamque
3521 2693 3708 2753 empta
3731 2682 3850 2746 via,

2214 2780 2484 2835 Bohemos
2514 2779 2567 2834 in
2600 2778 2884 2834 Poloniam
2913 2777 3064 2833 exire
3093 2777 3240 2831 fama
3286 2791 3629 2846 praecurrens
3660 2774 3850 2829 inno-

2207 2859 2324 2923 tuit.
2355 2869 2489 2923 Tum
2522 2883 2650 2922 vero
2678 2867 3002 2922 Bolezlavus
3024 2866 3078 2920 in
3108 2866 3280 2921 dubio
3311 2880 3510 2937 magno
3542 2865 3853 2934 pependit,

2207 2964 2388 3011 utrum
2411 2955 2565 3027 prius
2593 2955 2663 3010 de
2692 2955 2900 3010 recenti
2925 2954 3262 3010 contumelia
3293 2969 3352 3008 se
3379 2952 3686 3007 debeat1m
3715 2953 3850 3005 vin-

2212 3044 2421 3111 dicare,
2477 3060 2544 3098 an
2576 3044 2645 3098 ab
2701 3043 3046 3098 invasoribus
3076 3059 3228 3098 suam
3294 3042 3522 3113 patriam
3565 3041 3848 3096 liberare.

2212 3133 2456 3187 Tandem
2497 3133 2642 3187 sicut
2679 3131 3098 3187 Machabeorum
3139 3131 3401 3196 imitator,
3447 3129 3624 3185 diviso
3687 3147 3853 3185 exer-

2214 3224 2348 3288 citu,
2388 3231 2443 3278 et
2471 3223 2659 3294 patriae
2691 3221 2953 3276 defensor
2972 3221 3148 3276 extitit
3168 3229 3222 3276 et
3252 3221 3469 3289 injuriae
3502 3219 3842 3275 vindicator.

2213 3316 2348 3370 Nam
2404 3324 2615 3386 partem
2675 3315 2950 3369 exercitus
2989 3314 3046 3367 in
3101 3313 3482 3368 Pomoraniam
3534 3312 3848 3385 delegavit,

2208 3419 2329 3476 qua:
2359 3403 2730 3474 depraedando
2757 3409 2811 3458 et
2855 3403 2943 3436 “‘3
2975 3402 3356 3457 comburendo
3395 3402 3529 3456 satis
3570 3417 3673 3456 eos
3719 3411 3845 3456 tur-

2207 3493 2353 3566 piter
2381 3491 2744 3560 conculcavit,
2791 3492 2906 3562 ipse
2936 3507 3065 3546 vero
3095 3508 3218 3546 cum
3251 3491 3527 3562 expeditis
3557 3491 3844 3546 militibus

2212 3583 2469 3640 Bohemis
2499 3581 2717 3638 obviam
2750 3579 3085 3652 preparavit,
3119 3595 3325 3651 eosque
3357 3580 3425 3634 de
3465 3579 3620 3633 silvis
3653 3581 3843 3634 exitu—

2211 3695 2302 3737 ros
2322 3678 2535 3734 diutius
2564 3677 2890 3749 expectavit,
2924 3677 3024 3731 sed
3053 3691 3151 3732 eos
3175 3676 3362 3731 audita
3389 3675 3530 3730 fama
3559 3676 3844 3731 Bolezlavi

2216 3776 2380 3831 timor
2409 3773 2578 3829 animi
2613 3772 2912 3828 revocavit.

2288 3889 2376 3943 35.
2416 3888 2678 3956 sz’gneus
2727 3888 2868 3953 fovet
2896 3891 3086 3940 contra
3114 3887 3346 3953 fratrem
3375 3887 3628 3938 animum
3663 3887 3775 3938 mi-

2854 3961 3059 4012 micum
3083 3958 3118 3991 “
3133 3959 3190 4010 '9.

2289 4052 2408 4109 Non
2437 4051 2612 4108 solum
2643 4057 2826 4105 autem
2860 4056 3171 4105 exterorum
3198 4048 3474 4104 discordia
3504 4047 3593 4103 vel
3627 4047 3838 4103 bellum

2213 4143 2452 4199 hostium
2487 4141 2832 4197 Bolezlavum
2873 4141 3221 4216 aggravabat,
3257 4156 3447 4196 verum
3480 4139 3652 4194 etiam
3691 4140 3837 4194 sedi-

2211 4237 2289 4293 tio
2342 4235 2545 4302 civilis,
2576 4250 2761 4308 ymmo
2813 4235 3053 4290 fraterna
3096 4233 3304 4288 invidia
3343 4232 3524 4288 modis
3571 4232 3837 4288 omnibus

2215 4337 2534 4393 infestabat.
2565 4337 2638 4392 Eo
2670 4336 2815 4408 (149)
2841 4351 3080 4408 namque
3106 4335 3254 4390 bello
3277 4333 3550 4405 superiori
3577 4334 3837 4406 aliquan-

494 4454 603 4496 non
635 4445 820 4492 tamen
852 4436 922 4490 de
953 4436 1073 4489 loco
1105 4433 1423 4489 certaminis
1437 4405 1780 4505 fugientem,
1830 4431 1928 4485 sed
1970 4405 2107 4501 pau;
2133 4405 2192 4474 D
2217 4429 2390 4485 tulum
2419 4405 2684 4483 inclinato
2715 4427 2840 4499 plus
2867 4405 3146 4502 gaudebat
3188 4427 3518 4500 Zbignevus,
3561 4405 3737 4498 quam
3772 4441 3836 4480 eo

496 4531 647 4586 latim
695 4529 936 4584 hostium
995 4525 1320 4599 fugientium
1367 4523 1600 4597 vestigia
1651 4523 2110 4594 subsequentem.

495 4619 603 4674 Sed
631 4633 735 4672 nec
752 4617 940 4672 hostes
957 4614 1312 4669 subsistendo
1341 4611 1855 4688 pugnandicOpiam
1883 4610 2111 4677 dabant,

494 4726 600 4766 nec
638 4709 811 4766 nostri
851 4707 1057 4780 fatigati
1118 4721 1216 4762 eos
1263 4705 1501 4776 amplius
1556 4704 1908 4760 infestabant.
1952 4704 2116 4760 Erant

495 4805 644 4862 enim
694 4803 892 4878 pagani
926 4803 996 4858 de
1044 4810 1198 4857 tanta
1239 4801 1472 4856 audacia
1521 4800 1742 4869 juvenis
1790 4798 2104 4870 stupefacti,

492 4898 641 4971 quod
673 4897 796 4969 plus
834 4895 1131 4950 laudabant
1160 4911 1284 4950 eum
1319 4901 1426 4948 tam
1469 4909 1634 4964 parva
1662 4908 1826 4947 manu
1857 4891 1985 4946 talia
2017 4892 2109 4927 ¹¹ί³

493 4989 914 5064 ρηθδιιῐηρεὶεεθ
946 4988 1139 5059 sicque
1172 4985 1501 5042 mordaciter
1535 4984 1820 5051 institisse,
1854 5000 2017 5056 quam
2048 4999 2108 5039 se

494 5084 644 5156 ipsos
689 5087 840 5138 tanto
872 5079 1062 5136 mortis
1101 5078 1394 5149 dispendio
1436 5078 1644 5132 tristem
1691 5076 1973 5132 victoriam
2015 5077 2110 5131 ha-

2214 4518 2443 4576 victoria
2472 4517 2796 4573 multotiens
2849 4517 3101 4571 exaltato.
3139 4515 3305 4585 Cujus
3355 4515 3435 4570 rei
3476 4515 3838 4570 manifestum

2217 4615 2482 4671 indicium
2515 4613 2834 4684 apparebat,
2869 4629 2989 4667 cum
3026 4629 3056 4666 a
3087 4611 3317 4686 paganis
3347 4610 3415 4665 de
3453 4610 3695 4665 victoria
3736 4627 3842 4681 pro

2215 4707 2375 4783 signo
2405 4707 2731 4761 munuscula
2754 4703 3037 4775 capiebat,
3060 4711 3115 4758 et
3140 4703 3334 4774 legatis
3357 4717 3557 4774 magna
3583 4718 3687 4772 pro
3721 4720 3848 4772 par-

2207 4804 2292 4858 vis
2314 4817 2544 4858 munera
2570 4800 2932 4872 rependebat.
2959 4800 3019 4853 Et
3049 4799 3094 4853 si
3118 4798 3406 4853 Poloniam
3437 4797 3847 4868 depraedantes

2209 4893 2277 4948 de
2306 4901 2453 4949 sorte
2485 4891 2755 4946 Bolezlavi
2797 4889 3044 4960 captivos
3085 4888 3451 4953 adducebant,
3503 4887 3694 4941 statim
3742 4903 3845 4944 eos

2208 4981 2506 5037 venundan
2517 4980 2617 5034 dos
2637 4979 2705 5034 ad
2728 4978 3089 5034 barbarorum
3107 4977 3319 5031 insulas
3342 4975 3806 5046 transportabant
3827 4995 3839 5039 ;

2209 5075 2255 5129 si
2289 5073 2422 5145 quid
2448 5087 2598 5139 vero,
2624 5072 2708 5126 vel
2736 5071 2974 5142 praedam
2995 5070 3082 5126 vel
3110 5069 3384 5136 homines,
3417 5068 3747 5143 ignoranter
3775 5070 3843 5123 de

1841 5177 2064 5231 vitam
2092 5173 2467 5230 LECTIONES.
2858 5237 2865 5248 ,

565 5282 655 5319 ¹¹⁰⁶
681 5279 970 5337 venacioni
1007 5279 1055 5333 1.
1127 5274 1216 5311 ¹¹⁰⁷
1250 5275 1583 5332 contrarium
1608 5277 1665 5330 3.
1735 5274 1824 5310 ¹¹⁰⁸
1858 5276 2055 5330 lenena
2086 5275 2107 5328 1

2227 5274 2285 5308 ιοθ
2314 5288 2473 5327 more
2499 5273 2646 5328 codd.
2711 5271 2800 5306 ¹¹¹⁰
2833 5269 3058 5342 peciunt
3087 5270 3138 5324 1.
3172 5269 3226 5325 2.
3287 5269 3374 5342 mf
3409 5267 3669 5342 dubitari}
3700 5268 3756 5322 1-
3789 5271 3840 5323 Ξ.

492 5355 673 5409 ¹¹¹¹ἰια
714 5355 918 5408 rectius
949 5352 1142 5403 Chron.
1174 5352 1354 5417 princ,
1387 5349 1568 5403 Paton.
1600 5349 1810 5402 διεπαιθί
1836 5352 1878 5414 I,
1910 5349 2000 5400 75.
2038 5361 2270 5419 regnare
2301 5346 2352 5399 1.
2383 5345 2437 5399 2.

492 5426 584 5461 ιιη
607 5425 772 5473 nimis
812 5423 875 5473 2.
961 5421 1053 5454 ¹¹¹⁰
1083 5423 1489 5473 inscriptionem
1535 5422 1678 5473 hanc
1714 5433 1833 5473 aute
1881 5420 2021 5473 deest
2082 5419 2130 5472 1.
2194 5418 2246 5472 2.
2298 5419 2437 5472 sistit

1714 5433 1833 5488 quae
1881 5426 2021 5474 deest
2082 5426 2130 5472 ι.

492 5426 584 5461 ¹¹¹⁶
607 5425 772 5478 nimis
812 5423 875 5475 2.
961 5421 1053 5454 ¹¹¹⁰
1083 5423 1489 5490 inscriptzonem
1535 5422 1678 5474 hanc

493 5497 586 5530 ¹¹¹⁹
616 5492 1132 5564 argumentumedit
1158 5496 1283 5547 Vars
1330 5509 1386 5561 p.
1409 5491 1537 5559 203,
1561 5491 1701 5545 deest
1731 5491 1781 5544 1.
1815 5490 1850 5544 2
1893 5490 1945 5544 3.

2194 5418 2246 5472 2.
2298 5419 2441 5472 sistit
2478 5415 2530 5472 3.

3496 5340 3586 5373 ¹¹¹⁴
3616 5340 3768 5395 deest
3795 5342 3841 5394 2.

3413 5412 3501 5446 ¹¹¹⁸
3528 5412 3676 5466 deest
3707 5412 3764 5466 2.
3796 5413 3828 5467 3

2523 5344 2614 5378 ¹¹¹³
2656 5344 2783 5398 talia
2818 5341 2895 5398 bis
2949 5348 3200 5411 repetunt
3243 5344 3288 5395 1.
3342 5341 3398 5395 2.

2615 5415 2704 5450 ¹¹¹τ
2737 5414 3002 5470 continuo
3056 5415 3206 5468 addit
3264 5413 3318 5467 3.

2060 5558 2267 5614 NOTAE.

566 5635 712 5704 (149)
740 5634 873 5704 Seil,
915 5632 1222 5688 Boleslavo.
1257 5631 1315 5687 Κ.
