3912 6044
274 204 375 260 901

1646 200 1841 257 LIBER
1881 198 2236 257 SECUNDUS.

3497 209 3605 264 902

276 341 433 404 parte
462 330 721 405 Zbignevi
749 329 1062 401 capiebant,
1088 328 1225 384 illud
1254 327 1377 383 sine
1394 326 1574 399 pretio
1614 326 1702 383 vel
1747 327 1889 381 dila-
1916 332 1966 398 Α
1993 322 2391 394 subsequentia
2435 321 2737 397 delegaVIt:
2794 325 3060 387 Quoniam
3106 325 3341 395 quidem,
3409 329 3605 398 frater,

273 425 428 480 tione
458 422 828 479 remittebant.
860 422 1015 478 Unde
1042 421 1227 477 cuncti
1241 420 1482 476 Poloniae
1509 420 1789 491 sapientes
1810 419 1892 473 in-

274 517 506 590 dignati,
535 517 603 571 ad
634 517 823 572 odium
856 515 1115 590 Zbignevi
1147 531 1214 569 ex
1227 515 1469 570 amicitia
1497 520 1626 569 sunt
1654 512 1887 578 redacti,

272 609 352 665 sic
376 609 444 664 ad
480 608 715 665 invicem
748 608 1089 680 inquientes,
1122 608 1192 662 de
1225 607 1317 663 tali
1344 606 1637 663 consilium
1668 604 1890 676 capien-

274 710 389 757 tes:
436 707 600 772 Usque
624 704 780 757 modo
811 705 1004 772 patria:
1032 707 1230 757 nostra:
1268 701 1555 756 discidium
1590 705 1641 754 et
1672 696 1764 733 ¹¹²⁰
1799 699 1891 752 de-

273 797 592 850 trimentum
639 796 723 849 vel
766 796 1091 865 negligentes
1118 795 1200 849 vel
1229 794 1317 829 ¹¹²¹
1352 793 1751 849 dissimulantes
1796 805 1891 860 per

270 886 510 939 nimium
548 887 912 939 sustinuimus
936 887 1226 954 patienter,
1248 899 1400 940 nunc
1429 883 1521 919 ¹¹²²
1556 898 1678 938 vero
1721 885 1888 939 hostes

270 976 495 1030 latentes
531 977 866 1042 manifestos,
905 981 958 1030 et
988 976 1210 1030 insidias
1248 976 1481 1030 occultas
1509 975 1737 1030 detectas
1762 988 1883 1028 cer-

265 1068 450 1121 nimus
500 1067 787 1122 evidenter.
818 1070 1026 1123 Scimus
1055 1070 1203 1122 enim
1256 1072 1308 1121 et
1357 1069 1489 1121 certi
1515 1079 1725 1132 sumus,
1756 1067 1886 1134 quia

264 1162 574 1229 frequenter
632 1161 926 1229 Zbignevus
999 1161 1272 1216 Bolezlavo
1332 1161 1481 1215 nobis
1531 1160 1882 1229 praesentibus

270 1250 367 1304 hoc
396 1248 488 1283 “'3
503 1252 739 1319 juravit.
761 1251 905 1304 unde
930 1249 1022 1284 ¹¹²⁶
1048 1265 1160 1306 non
1185 1249 1346 1305 semel
1371 1250 1454 1303 vel
1484 1252 1656 1317 tertio,
1681 1250 1771 1305 sed
1791 1247 1883 1284 ¹¹²⁶

274 1341 587 1396 multotiens
626 1345 904 1412 pejeravit.
946 1344 1209 1406 Quoniam
1246 1356 1346 1396 nec
1398 1341 1489 1375 ¹¹²⁶
1524 1357 1650 1396 eum
1694 1342 1883 1396 amicis

267 1433 463 1498 fratris
491 1435 795 1487 amicitiam
822 1434 1109 1499 retinebat,
1148 1448 1248 1487 nec
1275 1449 1402 1489 cum
1430 1436 1666 1488 inimicis
1692 1436 1881 1488 inimi-

268 1524 459 1577 citiam
486 1522 574 1557 ¹¹²¹¹
621 1524 919 1592 exercebat,
949 1540 1129 1594 gmmo
1151 1540 1250 1595 per
1271 1528 1609 1581 contrarium
1651 1528 1883 1582 hostium

270 1612 464 1679 fratris
516 1616 725 1668 amicus
794 1619 845 1668 et
928 1617 1230 1670 amicorum
1296 1618 1552 1671 inimicus
1601 1617 1876 1671 existebat.

1989 411 2189 483 inquit,
2229 427 2353 467 cum
2389 414 2461 466 sis
2484 414 2663 481 major
2697 417 2855 467 aetate
2903 427 3109 482 parque
3145 412 3397 477 beneﬁcio
3423 420 3606 484 regni-

1987 520 2089 574 que
2107 506 2198 541 ““
2216 507 2490 573 divisione,
2517 520 2604 561 me
2625 506 2800 561 solum
2831 509 3111 576 juniorem
3142 507 3383 563 laborem
3434 516 3607 565 totum

1986 600 2169 656 subire
2190 603 2477 669 permittis,
2507 615 2608 655 nec
2636 601 2765 655 tede
2789 600 2935 655 bellis
2959 602 3040 655 vel
3066 603 3224 671 regni
3249 604 3485 659 consiliis
3506 606 3604 659 in-

1990 693 2264 758 tromittis,
2283 696 2383 745 aut
2402 697 2569 746 totam
2588 694 2745 760 regni
2763 707 2956 747 curam
2972 707 3038 747 ac
3054 692 3145 727 ³³⁸⁵
3161 694 3601 763 sollicitudinem,

1987 786 2130 839 sicut
2159 783 2251 818 ί¹⁴⁶
2287 787 2462 853 major
2497 799 2606 839 esse
2640 787 2741 852 vis,
2788 784 3029 840 obtinens
3068 784 3180 854 “‘7,
3233 792 3334 841 aut
3371 787 3605 856 legitimo

1986 880 2170 946 michi,
2215 879 2339 934 licet
2382 885 2543 934 aetate
2566 882 2788 946 minori,
2838 895 2975 935 onus
3015 886 3172 935 terrae
3212 883 3497 950 sufferenti
3527 889 3605 939 to-

1987 976 2207 1039 tumque
2230 970 2322 1005 “‘3
2354 969 2587 1027 laborem
2613 974 2852 1041 patienti
2890 971 3001 1039 ¹¹⁴⁹,
3029 975 3078 1027 si
3104 988 3214 1027 non
3260 976 3451 1043 prosis,
3501 976 3606 1031 sal-

1986 1066 2094 1116 tem
2116 1076 2228 1117 non
2255 1076 2462 1117 noceas.
2500 1063 2693 1125 Quodsi
2717 1078 2911 1118 curam
2940 1066 3104 1118 istam
3122 1067 3435 1133 susceperis,
3465 1071 3516 1121 et
3543 1069 3604 1121 in

1982 1167 2111 1206 vera
2130 1154 2485 1219 fraternitate
2519 1152 2612 1187 "5°
2632 1156 2949 1223 persisteris,
2998 1168 3331 1223 quocumque
3384 1170 3474 1210 me
3505 1172 3603 1225 pro

1981 1244 2258 1296 communi
2304 1243 2522 1296 consilio
2567 1243 2650 1297 vel
2689 1244 2927 1297 utilitate
2966 1245 3122 1310 regni
3175 1246 3464 1311 vocaveris,
3512 1260 3601 1299 me

1978 1334 2256 1397 promtum
2280 1329 2355 1383 ibi
2379 1336 2771 1399 cooperatorem
2798 1330 3049 1384 habueris
3078 1330 3186 1385 ιίδί.
3230 1334 3341 1385 Aut
3367 1334 3416 1386 si
3465 1333 3604 1398 forte

1980 1422 2159 1489 quiete
2179 1424 2356 1476 vivere
2373 1437 2539 1491 quam
2567 1422 2801 1477 laborem
2826 1427 3046 1476 tantum
3063 1422 3246 1477 subire
3265 1423 3357 1456 ¹¹δ²
3382 1424 3599 1479 malue-

1982 1515 2078 1580 ris,
2105 1514 2244 1567 mihi
2268 1519 2452 1583 totum
2488 1516 2778 1581 committe,
2831 1520 2885 1567 et
2936 1516 3015 1567 sic
3042 1518 3143 1569 Deo
3178 1517 3407 1584 propitio
3444 1520 3596 1570 tutus

1983 1604 2104 1657 eris.
2141 1600 2222 1655 Ad
2268 1601 2387 1656 hanc
2423 1600 2734 1674 Zbignevus
2772 1601 3198 1657 convenientem
3244 1618 3594 1674 nequaquam

268 1702 380 1757 Nec
412 1703 503 1737 im
530 1718 651 1759 vero
677 1705 852 1759 solum
888 1704 1049 1770 ﬁdem
1070 1707 1391 1774 promissam
1412 1706 1633 1772 violare,
1685 1707 1766 1761 υθι
1782 1706 1881 1775 ju-
1911 1666 1959 1733 Β
1986 1693 2404 1763 responsionem
2423 1692 2783 1759 remandavit,
2810 1694 2907 1749 sed
2941 1695 3032 1729 “53
3063 1695 3273 1768 legatos
3297 1711 3455 1766 paene
3476 1695 3604 1750 vin-

262 1800 453 1849 ratum
476 1797 752 1851 auxilium
788 1810 900 1851 non
933 1801 1209 1866 praestare,
1234 1812 1425 1852 verum
1452 1800 1642 1865 etiam,
1675 1801 1723 1852 si
1757 1799 1881 1866 fra-

265 1892 403 1941 trem
438 1890 519 1943 ire
543 1904 705 1958 super
728 1891 898 1945 hostes
922 1891 1206 1957 sentiebat,
1246 1905 1315 1945 ea:
1353 1891 1525 1945 altera
1547 1896 1705 1959 parte
1735 1891 1879 1947 Polo-

263 1978 421 2030 niam
464 1979 675 2031 intrare
703 1979 871 2032 hostes
910 1978 1041 2033 alios
1071 1979 1356 2044 incitabat,
1387 1985 1441 2034 et
1474 1981 1553 2034 sic
1575 1994 1702 2034 eum
1728 1995 1762 2033 a
1790 1979 1882 2014 “’9

263 2068 525 2135 proposito
560 2066 858 2121 revocabat.
903 2066 1003 2131 Qui
1042 2067 1174 2122 satis
1207 2067 1419 2138 puerile
1476 2068 1770 2124 consilium
1827 2078 1881 2125 et

266 2160 578 2216 nociturum
633 2160 919 2230 audiebat,
977 2178 1098 2217 cum
1155 2169 1381 2234 pr0pter
1435 2163 1528 2197 ¹¹³⁰
1579 2178 1877 2235 paucorum

267 2250 454 2306 odium
485 2257 657 2307 totam
669 2251 900 2322 patriam
927 2249 1264 2317 offendebat,
1288 2268 1351 2308 ac
1378 2252 1465 2288 ¹¹³¹
1492 2252 1881 2323 paternam”n

267 2341 631 2396 hereditatem
673 2340 1104 2396 conculcandam
1136 2340 1394 2397 hostibus
1424 2341 1516 2376 ¹¹³³
1545 2341 1873 2413 exponebat.

265 2431 328 2486 Et
367 2432 626 2505 quoniam
684 2432 989 2506 Zbignevus
1043 2432 1188 2487 malo
1254 2432 1485 2488 consilio
1539 2432 1876 2507 subgerente

263 2537 448 2594 neque
483 2521 646 2578 fidem
706 2524 858 2578 fratri
900 2539 1082 2595 neque
1107 2523 1493 2593 jusjurandum
1525 2524 1875 2591 ohservabat,

262 2628 369 2669 nec
397 2614 665 2670 honorem
696 2615 888 2687 patriae
916 2631 1021 2670 nec
1061 2622 1344 2686 paternam
1377 2616 1743 2671 hereditatem
1771 2617 1871 2672 de-

260 2706 544 2776 fendebat,
568 2724 752 2781 neque
778 2709 869 2743 “3‘
898 2708 1199 2779 dampnum
1231 2708 1314 2762 vel
1344 2708 1738 2764 detrimentum
1772 2708 1875 2763 im-

262 2797 899 2871 minensperpendebat,
928 2798 1067 2854 heu!
1097 2798 1296 2854 cecidit
1324 2798 1453 2853 inde
1478 2800 1701 2874 gravius
1726 2799 1873 2854 unde

264 2889 433 2946 voluit
453 2891 545 2927 “3‘
564 2892 811 2960 exaltari,
843 2890 1064 2947 etunde
1090 2891 1184 2925 ¹¹³⁶
1202 2906 1313 2947 non
1347 2891 1548 2962 poterit
1572 2891 1811 2963 amplius
1843 2907 1875 2945 a

1983 1785 2123 1840 culis
2151 1794 2208 1841 et
2235 1785 2442 1841 carceri
2492 1786 2586 1821 “5‘
2640 1786 2993 1856 mancipavit.
3056 1786 3177 1843 Jam
3229 1788 3377 1843 enim
3420 1794 3595 1845 totum

1981 1888 2141 1929 suum
2174 1874 2471 1930 exercitum
2492 1874 2712 1931 fratrem
2744 1876 3035 1932 invasurus
3060 1878 3378 1953 collegerat,
3407 1880 3603 1935 simul-

1982 1980 2092 2035 que
2124 1979 2461 2036 pomoranos
2491 1982 2555 2020 ac
2574 1965 2849 2022 Bohemos
2871 1966 2938 2021 ad
2971 1982 3098 2022 eum
3125 1967 3194 2022 de
3216 1968 3443 2024 Polonia
3472 1985 3601 2039 pro-

1984 2054 2304 2127 pellendum
2346 2056 2437 2091 ¹¹⁶⁶
2467 2055 2772 2111 adsciverat
2804 2056 2917 2112 “‘6.
2969 2058 3034 2110 At
3072 2056 3392 2113 Bolezlavus
3420 2066 3599 2115 castro

1982 2146 2219 2212 munito,
2278 2147 2469 2202 horum
2550 2147 2759 2202 inscius
2832 2147 2885 2200 in
2954 2146 3076 2202 loco
3151 2147 3424 2204 vocabulo
3497 2148 3600 2203 La-

1983 2240 2113 2312 pide
2139 2240 2230 2277 ¹¹⁸⁷
2255 2242 2404 2311 (151)
2444 2241 2743 2309 residebat,
2779 2241 2970 2313 ibique
3010 2242 3205 2312 jacens
3243 2257 3397 2297 more
3435 2241 3600 2298 solito

1980 2332 2197 2388 vicinus
2227 2340 2282 2387 et
2335 2348 2585 2388 rumores
2614 2339 2669 2387 et
2713 2332 3020 2406 legationes
3059 2331 3343 2400 audiebat,
3405 2348 3468 2389 ac
3508 2332 3598 2368 “‘3

1976 2428 2223 2485 velocius
2252 2444 2320 2483 ex
2348 2427 2645 2499 improviso
2676 2428 2792 2483 suis
2832 2428 3083 2483 hostibus
3115 2427 3463 2483 occurrebat.
3494 2427 3596 2483 Le-

1977 2525 2090 2600 gati
2126 2522 2348 2579 tandem
2411 2524 2499 2580 vix
2551 2523 2851 2579 amicorum
2910 2522 3164 2579 subsidio
3223 2522 3466 2589 liberati,
3523 2522 3592 2578 ad

1976 2619 2323 2676 Bolezlavum
2383 2620 2706 2676 nuntiantes
2753 2635 2876 2692 quae
2918 2619 3176 2675 viderunt
3218 2626 3273 2675 et
3300 2618 3596 2674 audierunt

1975 2716 2104 2765 sunt
2126 2710 2353 2767 reversi.
2401 2709 2516 2774 Quo
2543 2710 2754 2773 audito,
2785 2709 3106 2765 Bolezlavus
3156 2724 3226 2763 an
3253 2708 3491 2775 resistat,
3522 2723 3590 2762 an

1975 2798 2207 2854 desistat
2236 2799 2332 2854 diu
2364 2798 2625 2854 dubitans
2654 2799 2744 2833 ¹¹⁸⁰
2777 2797 3067 2864 haesitavit,
3099 2797 3197 2852 sed
3236 2812 3490 2852 reversus
3521 2796 3590 2851 ad

1976 2902 2071 2944 cor
2097 2904 2281 2958 suum,
2313 2897 2519 2960 quanto
2550 2887 2715 2943 citius
2735 2887 2827 2935 “5.0
2866 2903 3024 2942 suum
3053 2885 3352 2941 exercitum
3391 2900 3592 2960 aggre-

263 2982 380 3037 suis
407 2983 552 3039 male
583 2984 992 3041 consultoribus
1030 2984 1120 3020 “37
1165 2985 1414 3040 relevari.
1460 2984 1615 3040 Unde
1668 2984 1873 3056 posteri
1901 3016 1950 3085 Ο
1974 2980 2141 3055 gavit,
2173 2987 2229 3037 et
2254 2980 2535 3065 ad'regem
2581 2980 2958 3035 Ruthenorum
2999 2979 3456 3054 Ungarorumque
3499 2979 3589 3013 ¹¹⁶¹

261 3072 369 3128 sibi
409 3082 640 3131 caveant
668 3075 756 3131 vel
787 3084 1113 3147 praesentes,
1147 3092 1217 3133 ne
1257 3076 1371 3133 sint
1410 3077 1465 3132 in
1504 3091 1677 3152 regno
1717 3092 1877 3148 pares
1906 3072 1950 3085 ν
1977 3094 2078 3152 pro
2096 3078 2301 3135 auxilio
2326 3078 2621 3151 delegavit.
2654 3078 2765 3133 Sed
2793 3078 2839 3132 si
2868 3093 2969 3150 per
2996 3093 3057 3133 se
3086 3077 3282 3133 velim
3312 3093 3412 3148 per
3439 3073 3597 3148 ipsos

262 3164 399 3221 socii
426 3165 765 3220 dissidentes
791 3166 900 3220 “33.

494 3259 583 3314 36.
617 3264 688 3313 De
715 3259 969 3329 Zbignevi
991 3261 1283 3316 hostilitate
1306 3267 1497 3331 erupta
1529 3261 1640 3318 “3°.

328 3351 651 3408 Bolezlavus
683 3361 864 3410 autem
918 3356 1031 3410 haec
1088 3339 1286 3409 omnia.
1312 3353 1414 3407 sali
1452 3353 1685 3409 Domino
1724 3368 1877 3409 com-

254 3444 575 3514 mendabat,
603 3445 975 3519 injuriamquc
1004 3447 1303 3503 fraternam
1347 3447 1529 3502 adhuc
1556 3445 1649 3480 “‘0
1687 3461 1875 3517 mqua-

114 3544 119 3551 '
186 3534 189 3535 ⁷
253 3538 478 3595 nimiter
503 3540 814 3607 tollerabat,
849 3558 1181 3615 semperque
1209 3543 1520 3599 laboriosus
1564 3540 1868 3607 Poloniam,

252 3630 397 3687 sicut
435 3633 522 3689 leo
567 3635 815 3709 rugiens,
874 3636 1208 3692 metuendus
1262 3634 1594 3692 circumibat
1638 3634 1749 3688 1‘“.
1786 3633 1878 3689 Cui

255 3720 394 3777 forte
448 3720 549 3777 fuit
600 3723 822 3779 interim
874 3724 1199 3780 nunciatum
1266 3725 1427 3780 Kosle
1469 3722 1612 3793 (150)
1643 3729 1876 3779 castrum

256 3810 314 3866 in
345 3811 586 3868 confinio
610 3814 975 3870 Bohemorum
1007 3831 1039 3869 a
1067 3830 1125 3869 se
1158 3814 1276 3886 ipso
1306 3820 1489 3869 tamen
1515 3829 1627 3869 non
1648 3813 1717 3868 ab
1749 3814 1877 3869 hos-

255 3899 425 3968 tibus,
455 3910 889 3959 concrematum.
925 3901 1026 3967 Qui
1066 3910 1332 3974 reputans
1362 3902 1606 3974 aliquem
1636 3918 1737 3973 per
1767 3910 1879 3958 tra-

256 3989 527 4045 ditionem
555 3991 660 4047 hoc
687 3991 905 4060 fecisse,
939 3993 1315 4065 dubitansque
1343 3993 1616 4049 Bohemos
1642 3992 1709 4047 ad
1742 3992 1875 4046 illud

254 4080 618 4138 muniendum
651 4099 973 4155 properare,
998 4085 1128 4141 illuc
1156 4085 1335 4141 statim
1365 4100 1488 4140 cum
1519 4083 1872 4155 paucissimis

256 4174 631 4242 transvolavit,
687 4176 877 4248 ibique
914 4176 1158 4233 laborem
1198 4178 1439 4249 propriis
1486 4176 1745 4231 manibus
1784 4177 1870 4229 in-

251 4263 485 4319 choavit.
512 4265 629 4319 Jam
659 4266 807 4320 enim
840 4274 1049 4321 tantum
1075 4276 1296 4338 tamque
1327 4267 1418 4301 ¹¹⁴²
1448 4266 1544 4321 diu
1578 4266 1685 4320 huc
1712 4265 1873 4328 illuc-

1978 3171 2150 3227 nichil
2176 3188 2342 3247 agere
2370 3173 2661 3243 potuisset,
2693 3172 2874 3243 ipsum
2906 3186 3137 3246 regnum
3163 3177 3219 3227 et
3243 3186 3398 3242 spem
3432 3169 3591 3245 regni

1979 3262 2326 3333 expectendo
2358 3261 2694 3334 perdidisset
2722 3261 2832 3317 “63.

2202 3373 2287 3429 37.
2323 3373 2511 3428 Foedus
2540 3388 2667 3427 cum
2693 3374 2933 3427 Bohemis
2960 3375 3130 3428 ictum
3155 3379 3205 3428 et
3223 3373 3360 3442 fuga

2580 3445 2832 3512 Ζωῳωπ
2881 3444 2988 3497 ne.

2049 3535 2221 3611 Igitur
2256 3535 2491 3610 belliger
2523 3535 2843 3591 Bolezlavus
2892 3535 3063 3590 tribus
3102 3534 3437 3591 exercitibus
3482 3536 3593 3591 cir-

1980 3624 2289 3687 cumdatus,
2332 3640 2472 3696 quos
2509 3623 2718 3695 primus
2773 3632 3027 3695 expectet
3074 3625 3161 3679 vel
3208 3638 3350 3696 quos
3397 3623 3588 3689 irruat,

1979 3715 2299 3781 meditatur,
2332 3715 2474 3770 sicut
2504 3714 2591 3770 leo
2630 3714 2716 3770 vel
2745 3731 2879 3786 aper
2924 3714 3181 3770 molossis
3219 3715 3451 3770 canibus
3502 3714 3591 3770 in-

1981 3803 2226 3876 dagatus,
2257 3803 2549 3860 latratibus
2597 3819 2793 3859 canum
2854 3804 3112 3876 tubisque
3138 3811 3463 3860 venatorum
3521 3805 3591 3859 ad

1979 3892 2316 3948 iracundiam
2346 3899 2693 3965 provocatur.
2739 3892 2847 3948 Sed
2877 3909 3074 3949 omnes
3118 3901 3302 3950 tamen
3332 3894 3590 3949 Bolezla-

1976 3997 2104 4038 vum
2161 3981 2505 4049 metuebant,
2539 3980 2687 4053 quod
2728 3996 2795 4037 eo
2834 3989 3015 4038 stante
3050 3983 3258 4050 medio,
3312 3982 3380 4037 ad
3410 3982 3590 4039 locum

1977 4070 2329 4126 terminatum
2361 4070 2658 4125 convenire
2685 4085 2798 4126 non
2827 4071 3124 4127 audebant.
3158 4071 3383 4127 interim
3411 4078 3593 4127 autem

1970 4159 2229 4234 Zbignevi
2256 4159 2454 4214 litterae
2486 4166 2656 4230 captae
2689 4175 2811 4213 cum
2846 4159 3056 4214 nuntiis
3088 4160 3178 4194 ¹¹⁶δ
3208 4167 3337 4214 sunt
3374 4161 3578 4227 allatae,

1971 4255 2172 4326 quibus
2213 4255 2398 4309 multa:
2438 4254 2762 4310 traditiones
2819 4260 2875 4308 et
2904 4253 3122 4308 insidiae
3167 4263 3298 4307 sunt
3343 4252 3590 4322 prolatae.

252 4370 364 4426 que
394 4357 713 4412 cursitando
774 4359 865 4392 “‘3
922 4374 1053 4413 suos
1108 4359 1183 4414 ita
1222 4358 1478 4431 fatigatos
1533 4342 2186 4424 reddiderat,DQUibuS
2240 4348 2414 4415 Ῑεοιίε,
2469 4347 2786 4418 quibusque
2836 4348 2928 4382 ¹¹⁶⁶
2982 4346 3208 4417 sapiens
3264 4347 3590 4415 admiratur.

250 4446 401 4517 quod
447 4456 555 4502 tam
587 4449 772 4505 subito
829 4465 1086 4505 revocare
1118 4450 1448 4521 injuriosum
1508 4449 1685 4504 visum
1737 4456 1873 4504 erat.

250 4536 457 4591 Tamen
488 4545 543 4592 et
572 4554 704 4595 suos
752 4541 821 4594 ad
879 4541 1144 4596 auxilium
1202 4540 1510 4607 advocavit,
1563 4547 1618 4596 et
1656 4538 1875 4595 fratrem

1977 4450 2239 4516 totusque
2265 4442 2506 4514 p0pulus
2532 4457 2629 4513 pro
2656 4442 2902 4513 periculo
2925 4441 3276 4516 lamentatur.
3303 4441 3379 4495 Ad
3408 4447 3589 4495 extre-

1977 4553 2125 4592 mum
2151 4515 2286 4592 vero
2317 4534 2637 4591 Bolezlavus
2667 4534 2951 4604 sapienter
2980 4533 3114 4587 satis
3156 4515 3219 4587 ac
3253 4533 3342 4567 ¹¹⁶⁷
3382 4547 3589 4589 conve-

250 4643 350 4699 pcr
392 4629 619 4686 nuntios
660 4632 792 4688 satis
845 4633 1092 4704 ydoneos
1150 4634 1424 4702 invitavit,
1481 4632 1648 4705 eique
1705 4631 1878 4687 verba
1979 4630 2197 4684 nienter
2232 4643 2332 4699 pro
2363 4633 2611 4698 tempore
2647 4640 2783 4697 pace
2816 4641 2940 4681 cum
2974 4624 3233 4680 Bohemis
3279 4623 3589 4684 fcederavit'

1594 4736 1827 4792 ΥΑΒΙᾹΞ
1859 4735 2227 4792 LECTIONES.

322 4835 616 4892 1mvus.
731 4838 1359 4895 Mta3.1msma
1463 4837 1768 4892 ηηὴπδ.

249 4906 366 4962 cias
394 4906 428 4962 3
517 4909 607 4943 ¹¹²⁸
629 4918 683 4965 et
740 4910 784 4964 l.
820 4911 875 4966 2.
918 4910 1046 4966 ideo
1073 4911 1125 4966 3.
1203 4912 1295 4947 “’9
1320 4911 1466 4965 deest
1489 4908 1542 4965 3.
1632 4909 1722 4944 “3°

247 4978 300 5033 2.
399 4978 489 5013 “3‘
521 4995 622 5035 nec
645 4982 700 5035 2.

254 5051 413 5130 Vars_.
450 5066 532 5130 Ap.
575 5052 853 5130 2Q§_deest
876 5053 938 5130 ρ.
972 5053 1026 5130 2.
1080 5053 1113 5108 3

252 5122 409 5227 regni
448 5122 482 5175 3
624 5124 714 5159 ωδ
745 5132 838 5179 aut
873 5123 927 5177 2.
976 5125 1027 5178 3.

252 5193 318 5227 115
367 5190 648 5227 nhtinohia
708 5196 740 5227 τὶ
834 5195 925 5227 11ὗὶ
955 5211 1027 5227 an.

1222 5053 1313 5089 “‘0
1333 5053 1402 5107 ad
1432 5053 1535 5108 hoc
1567 5053 1618 5107 3.

1150 5126 1243 5159 ¹¹⁴⁶
1265 5125 1345 5179 sic
1384 5124 1436 5181 3.

252 5263 340 5333 W7
375 5263 515 5333 lapis
544 5264 596 5320 3.
701 5266 790 5301 “5'
810 5273 865 5321 et
890 5266 941 5320 3.
1042 5263 1132 5301 “59
1160 5266 1507 5322 dubiccionis
1532 5266 1586 5320 3.

1869 4836 1966 4870 ¹¹²⁴
1996 4851 2183 4890 verum
2212 4834 2266 4888 2.

820 4911 875 4966 2.
918 4910 1046 4966 ideo
1073 4911 1125 4966 3.
1203 4912 1295 4947 “’9
1320 4911 1466 4965 deest
1489 4908 1542 4965 3.
1632 4909 1722 4944 “3°
1750 4924 1848 4979 per
1893 4908 1945 4961 3.
2036 4908 2123 4941 “3‘
2155 4908 2257 4961 hac
2294 4908 2339 4959 1.
2384 4908 2527 4960 hanc
2566 4908 2618 4959 3.
2701 4908 2794 4937 ¹¹³²
2818 4910 3046 4974 paterna
3077 4908 3130 4958 1.
3220 4908 3312 4938 ¹ι³³
3344 4908 3584 4959 hostium

802 4982 894 5016 “35
918 4982 1098 5038 noluit
1120 4984 1275 5040 codd.
1361 4982 1452 5016 “3°
1479 4996 1667 5036 verum
1696 4981 1750 5034 2.
1808 4980 1899 5014 “37
1930 4977 2179 5033 uloribus
2206 4976 2239 5030 3
2332 4975 2421 5009 “33
2449 4974 2773 5030 difﬁdentes
2800 4974 2855 5029 3.
2937 4974 3028 5008 ¹¹³⁹
3044 4978 3426 5042 argumentum
3455 4976 3584 5029 edit.

1709 5052 1795 5085 1‘“
1838 5049 2105 5105 circuibat
2133 5049 2187 5102 2.
2224 5048 2276 5102 3.

1530 5123 1619 5158 1N7
1651 5125 1793 5158 Αοορι
1837 5122 1849 5158 ἓ

367 5123 409 5173 ii
448 5123 482 5175 3
624 5124 714 5159 ωδ
745 5132 838 5179 aut
873 5123 927 5177 2.
976 5125 1027 5178 3.
1150 5126 1243 5159 ¹¹⁴⁶
1265 5125 1345 5179 sic
1384 5124 1436 5181 3.
1530 5123 1619 5158 “‘7
1650 5125 1793 5179 deest
1835 5123 1888 5177 3.
2013 5123 2102 5154 “‘3
2134 5126 2306 5175 totum
2356 5123 2408 5173 3.
2531 5123 2623 5153 “‘9
2653 5123 2908 5174 obtinere
2964 5123 3016 5171 3.

367 5190 650 5249 obtinebis
707 5196 755 5249 3.
834 5195 925 5229 “53
955 5196 1239 5265 suscipere
1264 5195 1315 5252 3.
1403 5195 1496 5231 ¹¹⁵³
1523 5195 1668 5251 deest
1694 5195 1748 5250 2.
1834 5193 1925 5227 “5‘
1955 5207 2176 5246 carcere
2226 5191 2281 5244 2.
2358 5189 2449 5223 “55
2490 5189 2913 5261 pr0pellandum
2964 5188 3020 5241 2.

375 5263 515 5332 lapis
544 5264 596 5320 3.
701 5266 790 5301 “5'
810 5273 865 5321 et
890 5266 941 5320 3.
1042 5267 1132 5301 “59
1160 5266 1507 5322 dubiccionis
1532 5266 1586 5320 3.
1708 5264 1799 5300 ¹¹⁶⁰
1828 5263 2156 5332 quantocius
2182 5278 2282 5332 pro
2331 5277 2385 5332 q.
2419 5277 2467 5316 c.
2500 5262 2552 5315 3.
2672 5260 2761 5332 “fil
2791 5260 3020 5332 Ungaroi

1828 5278 2156 5335 quantocius
2182 5278 2282 5335 pro
2331 5278 2397 5335 q._
2415 5278 2473 5335 c._
2500 5278 2552 5315 .5.

3228 4831 3318 4867 ¹¹²⁷
3353 4831 3592 4887 inimici-

3220 4903 3312 4938 ¹¹³³
3344 4903 3584 4959 hostium

2763 4830 2859 4866 ¹¹²⁶
2884 4837 2939 4886 et
2963 4829 3045 4886 sic
3072 4831 3105 4886 3

2363 4829 2644 4903 “’ﬂvcl3.

2818 4910 3046 4974 paterna
3077 4903 3130 4958 1.

2036 4907 2123 4941 ¹¹³¹
2155 4907 2257 4961 hac
2294 4906 2339 4959 l.
2384 4902 2527 4960 hanc
2566 4903 2618 4959 3.
2701 4902 2794 4937 ¹¹³²

2910 5045 3001 5079 ¹¹⁴³
3030 5047 3305 5102 cursitans
3335 5046 3388 5102 3.
3500 5046 3589 5080 ““

3145 5118 3237 5151 ¹¹⁵⁰
3266 5117 3491 5172 caritate
3529 5116 3584 5173 3.

3115 5188 3207 5222 “5°
3233 5187 3505 5242 acciverat
3532 5186 3584 5244 3.

3115 5274 3132 5311 ι
3165 5259 3216 5313 3.
3324 5258 3414 5292 ¹¹⁶²
3442 5258 3495 5313 vi
3525 5258 3582 5313 4.

3480 5275 3582 5313 14.

2384 5047 2477 5081 ¹¹³²
2507 5047 2729 5102 tandem
2761 5046 2810 5100 3.

2013 5120 2102 5154 “‘3
2134 5126 2306 5175 totum
2356 5119 2408 5173 3.
2531 5119 2623 5153 “‘9
2653 5117 2908 5174 obtinere
2964 5117 3016 5171 3.

2672 5260 2761 5332 “fil
2791 5260 3132 5332 Ungarorum
3165 5259 3216 5313 3.

251 5332 342 5368 ¹¹⁶³
367 5328 661 5408 e_tc._addit
690 5338 743 5392 3.
778 5337 872 5373 “6‘
902 5343 1275 5406 argumentum
1305 5338 1437 5394 edit.
1485 5339 1642 5393 Vars.
1670 5353 1731 5408 ρ.
1756 5328 1862 5391 210
1908 5335 2051 5390 deest
2084 5336 2132 5390 1.
2154 5328 2207 5389 Ξ.
2249 5332 2302 5390 3.
2351 5328 2364 5332 ’
2387 5333 2476 5367 ¹¹⁶⁵
2509 5332 2668 5388 micis
2703 5331 2757 5386 2.
2794 5328 3143 5401 “G‘quilibet
3173 5328 3267 5400 qui
3328 5329 3384 5385 2.
3443 5328 3588 5401 quis-

1803 5477 2024 5535 NOTAE.

249 5420 356 5475 quc
387 5406 437 5460 3.
480 5406 567 5441 ¹¹⁶⁷
609 5415 664 5463 et
696 5410 748 5462 3.

318 5573 465 5648 (159)
496 5577 662 5641 Cosel,
707 5576 814 5633 Koz
844 5577 922 5648 ly,
955 5577 1024 5633 ad
1064 5577 1346 5634 Viadrum.
1390 5576 1469 5636 Cf.
1518 5575 1733 5632 Stenzel
1774 5576 1866 5633 SS.

246 5659 352 5700 rer.
395 5645 554 5704 Siles.
586 5664 626 5715 ι,
658 5648 746 5716 74,
776 5664 832 5703 n.
862 5645 915 5703 ιί.

2045 5574 2186 5647 (151)
2220 5574 2434 5647 Kamin,
2468 5575 2752 5641 Cammim,
2783 5573 2841 5628 in
2895 5571 3118 5629 Prussia
3156 5570 3483 5629 occidentali
3526 5571 3583 5632 S.

1973 5644 2060 5701 An
2086 5644 2363 5704 Kamenz?
2394 5645 2454 5703 K.
