3912 6044
351 174 457 232 903

1624 167 1972 224 CHRONICA'I
2011 167 2408 225 POLONORUM

3578 185 3694 238 904

352 299 684 356 ac'exereitu
715 297 990 352 concitato
1015 296 1349 367 Zbignevum
1396 296 1487 332 “6°
1517 296 1808 351 eliminare
1845 295 1967 350 dis-
1997 295 2127 368 Ain
2195 295 2356 351 fratre
2409 299 2516 352 "9‘.
2591 299 2765 372 Igitur
2825 300 2969 356 sicut
3059 302 3230 359 draco
3291 304 3703 365 ﬂammivomus

353 399 553 470 posuit.
613 397 918 470 Zbigncvus
989 410 1118 450 vero
1185 410 1298 450 non
1383 394 1562 450 fratris
1614 396 1916 451 adventum
1952 437 1966 459 ,

351 490 542 545 eadem
573 489 835 551 facturus,
867 487 953 542 vel
1005 487 1208 540 bellum
1243 486 1638 541 commissurus
1669 496 1964 558 exspecta-

351 579 427 634 vit
460 579 597 645 ·¹¹⁶⁹,
630 594 733 632 nec
775 577 966 632 castris
1021 592 1251 631 securus
1282 591 1384 630 nec
1427 575 1744 630 civitatibus
1796 581 1972 630 retar-

353 669 522 734 davit,
581 668 678 722 sed
732 667 949 741 fugiens
994 667 1145 722 velut
1201 682 1399 722 cervus
1447 666 1688 737 Wysiam
1742 666 1967 721 fluvium

356 759 730 816 transnatavit.

495 850 584 906 38.
617 851 911 917 Zbignevus
941 850 1098 904 rediit
1146 852 1202 904 in
1233 851 1470 916 gratiam
1494 849 1686 914 fratris
1718 847 1826 900 “7°.

425 943 490 996 At
518 941 836 996 Bolezlavus
899 941 1220 994 festinanter
1270 939 1414 992 Kalis
1454 939 1540 973 “7‘
1591 938 1740 1009 (152)
1798 939 1969 992 adve-

355 1031 533 1098 niens,
568 1030 642 1084 ibi
676 1030 941 1101 quosdam
977 1028 1168 1083 ﬁdeles
1211 1027 1470 1100 Zbignevi
1516 1026 1620 1080 sibi
1658 1026 1969 1081 resistenti-

358 1133 439 1178 tes
471 1123 784 1188 inveniens,
811 1123 999 1192 paucis
1051 1120 1251 1175 diebus
1282 1127 1335 1174 et
1378 1119 1512 1173 illud
1559 1125 1794 1173 castrum
1829 1117 1968 1172 obti-

357 1217 495 1281 nuit,
543 1224 598 1270 et
635 1222 858 1284 accepta
887 1214 1182 1289 legatione,
1215 1229 1374 1266 suum
1415 1211 1669 1266 comitem
1704 1211 1756 1264 in
1799 1212 1967 1264 Gnez—

353 1308 514 1362 densi
567 1308 660 1343 “7’
707 1307 928 1361 civitate
977 1304 1254 1359 constituit
1319 1304 1448 1356 Inde
1483 1302 1859 1376 ‘progrediens
1908 1301 1963 1355 in

354 1401 622 1473 Tpicimir
680 1401 771 1435 ¹¹⁷³
833 1399 998 1469 (153),
1055 1414 1244 1453 senem
1283 1397 1502 1453 ﬁdelem
1575 1398 1718 1468 (154)
1781 1397 1954 1452 ἱηοιυε

353 1493 425 1547 sit
476 1493 591 1558 “7‘,
623 1508 786 1563 quem
839 1489 1024 1544 audita
1076 1489 1219 1544 fama
1246 1506 1360 1544 suae
1408 1489 1558 1544 sedis
1609 1489 1838 1543 redditae
1874 1489 1961 1542 vix

350 1585 612 1648 exclusit,
632 1599 744 1654 quo
769 1599 956 1638 secum
983 1590 1263 1652 assumpto
1288 1583 1376 1617 “75
1407 1582 1474 1636 ad
1518 1581 1680 1635 Lucie
1711 1582 1802 1616 “7°
1823 1581 1967 1651 (155)

350 1674 539 1727 sedem
576 1673 893 1727 translatam
945 1673 1279 1742 properavit,
1314 1672 1501 1742 ibique
1548 1672 1634 1706 “7"
1673 1673 1850 1739 gvetus
1882 1687 1973 1726 ca-

349 1761 574 1816 stellum
603 1771 793 1817 contra
853 1759 1148 1816 Mazoviam
1183 1761 1470 1832 reparavit.
1506 1761 1659 1815 Tunc
1716 1761 1804 1794 “73
1836 1760 1972 1830 spri-

349 1867 500 1905 mum
546 1851 930 1905 Ruthenorum
956 1850 1217 1904 auxilium
1243 1857 1297 1905 et
1321 1850 1657 1921 Ungarorum
1689 1865 1970 1905 commea-

347 1947 443 2001 vit.
475 1947 608 2001 Tum
667 1947 756 1982 “7°
787 1963 916 2002 vero
947 1948 1254 2020 Zbignevus
1287 1947 1340 2000 in
1388 1947 1832 2016 desperationem
1887 1953 1972 2000 est

311 2101 326 2118 ⁸
357 2036 635 2102 redactus,
685 2052 748 2091 ac
800 2037 1090 2092 laroslawo
1140 2036 1232 2070 “8°
1277 2036 1416 2090 duce
1463 2035 1550 2070 ¹¹⁸¹
1605 2035 1856 2090 Rutheno
1891 2035 1970 2089 si-

317 2119 320 2121 Α
347 2126 574 2196 mulque
613 2125 878 2180 Balduino
913 2125 1258 2181 Cracoviensi
1286 2125 1547 2195 episcOpo
1573 2124 1970 2192 mediantibus,

345 2221 474 2268 ante
520 2213 740 2269 fratrem
796 2214 1176 2269 satisfacturus
1218 2222 1271 2268 et
1309 2213 1634 2269 obediturus
1685 2220 1769 2267 est
1795 2213 1972 2267 addu-

341 2311 478 2360 etus.
510 2305 662 2358 Tunc
693 2304 931 2375 primum
989 2304 1307 2359 inferiorem
1362 2320 1424 2357 se
1461 2302 1628 2357 fratre
1669 2302 1968 2372 reputavit,

346 2408 475 2456 tunc
533 2402 729 2455 iterum
791 2417 852 2455 se
911 2417 1194 2472 nunquam
1239 2399 1388 2454 fratri
1441 2397 1555 2454 fore
1604 2398 1968 2458 contrarium,

341 2490 439 2543 sed
471 2490 526 2543 in
573 2490 786 2544 cunctis
831 2490 1211 2554 obediturum,
1261 2496 1315 2543 et
1363 2495 1600 2544 castrum
1655 2487 1790 2541 Galli
1824 2474 1967 2553 (156.ὶ

348 2577 760 2632 destructurum
828 2594 1010 2633 coram
1079 2579 1341 2633 omnibus
1405 2578 1696 2647 abjuravit.
1744 2577 1893 2632 Tunc
1937 2593 1968 2631 a

353 2667 519 2722 fratre
547 2667 850 2723 Mazoviam
883 2668 1118 2723 retinere
1149 2669 1288 2723 sicut
1338 2669 1513 2730 miles.
1549 2683 1660 2723 non
1699 2677 1758 2724 ut
1788 2668 1969 2722 domi-

357 2778 460 2817 nus
508 2764 835 2835 impetravit.
874 2763 1178 2819 Paciﬁcatis
1217 2765 1400 2836 itaque
1441 2765 1719 2831 fratribus,
1772 2764 1972 2818 Ruthe-

351 2869 548 2911 norum
582 2856 857 2910 exercitus
888 2864 941 2912 et
997 2857 1333 2928 Ungarorum
1366 2857 1433 2910 ad
1493 2857 1716 2928 propria
1755 2871 1972 2910 remea-

354 2949 451 3014 vit,
491 2950 814 3005 Bolezlavus
845 2967 977 3006 vero
1019 2967 1118 3022 per
1153 2951 1458 3017 Poloniam,
1485 2966 1834 3023 quocumque
1865 2950 1972 3004 sibi

353 3035 579 3105 placuit,
600 3037 904 3092 ambulavit
921 3039 1031 3094 “3’.

559 3129 652 3184 39.
677 3131 930 3199 Zbignevi
952 3131 1181 3200 perﬁdia
1210 3145 1338 3198 erga
1376 3131 1608 3197 fratrem
1637 3128 1748 3183 “33.

419 3222 541 3291 (An.
569 3221 730 3288 1107,
764 3223 948 3292 1-108.)
995 3223 1200 3277 Rursus
1240 3221 1439 3293 yemali
1486 3231 1735 3292 tempore
1765 3220 1964 3276 Pomo-

348 3313 562 3368 raniam
600 3313 845 3368 invasuri
902 3313 1094 3370 Poloni
1147 3321 1571 3386 congregantur,
1626 3320 1688 3368 ut
1751 3313 1966 3368 facilius

349 3405 692 3460 munitiones
738 3406 1044 3476 congelatis
1096 3407 1412 3476 pallndibus
1454 3406 1760 3476 capiantur.
1818 3404 1967 3460 Tunc

346 3509 573 3565 quoque
604 3493 925 3549 Bolezlavus
954 3495 1210 3566 Zbignevi
1254 3494 1537 3566 perﬁdiam
1571 3501 1655 3549 est
1707 3501 1966 3565 expertus

343 3587 473 3656 quia
505 3586 560 3639 in
605 3585 713 3639 hiis
769 3587 859 3620 “3‘
906 3587 1166 3642 omnibus
1199 3588 1451 3658 periurus
1515 3586 1806 3641 manifeste
1841 3601 1965 3657 quae

340 3674 621 3743 iuraverat
674 3683 757 3730 est
815 3684 1084 3746 repertus.
1171 3676 1271 3739 Qui
1338 3691 1508 3746 prope
1562 3677 1650 3710 ¹¹⁸⁵
1701 3683 1959 3740 castrum,

347 3763 496 3832 quod
558 3763 649 3796 ¹¹⁸⁶
696 3763 882 3817 Gallus
915 3765 1002 3797 “37
1037 3763 1261 3828 fecerat,
1305 3779 1414 3818 non
1448 3762 1738 3830 destruxit,
1771 3778 1874 3817 nec
1905 3761 1962 3814 in

345 3853 528 3906 fratris
607 3854 874 3908 auxilium
946 3855 1253 3920 invitatus,
1309 3871 1472 3909 unam
1550 3855 1722 3909 solam
1788 3854 1960 3908 aciem

355 3939 440 3995 vel
471 3940 560 3973 ¹¹⁸θ
585 3941 856 3996 instruxit.
892 3942 1008 3996 Dux
1048 3957 1179 3996 vero
1229 3942 1681 4014 septentrionalis
1715 3943 1803 3976 ¹¹⁸⁹
1830 3958 1961 3997 con-

344 4028 597 4082 turbatus
625 4028 1025 4099 aliquantulum
1061 4046 1124 4085 ex
1158 4031 1259 4084 hac
1299 4039 1436 4098 arte,
1468 4048 1623 4086 suam
1649 4040 1829 4086 tamen
1852 4046 1962 4088 non

2072 384 2190 438 solo
2219 385 2311 419 “9’
2349 384 2479 440 flatu
2502 386 2679 442 vicina
2711 389 3094 456 comburrens,
3144 407 3254 446 non
3287 393 3573 449 combusta
3603 397 3701 431 “9’

2073 473 2210 528 flexa
2241 475 2415 529 cauda
2443 478 2781 546 percutiens,
2807 488 2980 534 terras
3022 482 3354 538 transvolvat
3386 485 3698 553 nociturus,

2072 562 2154 618 sic
2180 563 2496 620 Bolezlavus
2519 568 2898 623 Pomoraniam
2921 571 3137 640 impetit
3156 571 3300 627 ferro
3327 574 3413 607 “9"
3433 575 3697 641 rebelles,

2072 653 2202 729 igne
2271 659 2609 714 munitiones
2667 661 3067 716 destructurus.
3147 663 3254 717 Sed
3325 665 3418 736 qui
3501 667 3694 722 eundo

2071 765 2170 818 per
2193 752 2281 786 “95
2302 761 2498 808 terram
2531 754 2618 810 vel
2653 757 2989 812 transeundo
3015 759 3294 830 egerit“96
3315 760 3694 829 obmittamus,

2071 841 2168 898 sed
2232 842 2286 896 in
2347 845 2531 899 medio
2581 855 2741 900 terrae
2827 845 3100 901 civitatem
3158 847 3350 902 Albam
3415 849 3692 904 obsiden—

2069 930 2193 986 dam
2242 932 2331 966 “97
2363 933 2649 989 adeamus.
2681 934 2992 989 Adveniens
3041 936 3230 1007 itaque
3260 937 3576 992 Bolezlavus
3619 940 3692 992 ad

2069 1021 2284 1088 urbem,
2319 1040 2441 1094 qua;
2482 1023 2640 1094 quasi
2673 1033 2922 1078 centrum
2965 1031 3122 1080 terra:
3173 1026 3263 1059 “98
3313 1028 3557 1082 medium
3602 1028 3698 1062 “9’

2076 1120 2382 1183 reputatur,
2422 1125 2598 1167 castra
2656 1115 2836 1184 ponit,
2871 1121 3233 1172 Instrumenta
3284 1125 3458 1188 parat,
3491 1119 3703 1189 quibus

2066 1201 2242 1271 levius
2278 1202 2369 1235 ¹²⁰⁰
2401 1211 2455 1256 et
2486 1202 2689 1258 minori
2748 1203 2996 1274 periculo
3028 1206 3295 1275 capiatur.
3327 1207 3533 1271 Quibus
3561 1225 3697 1278 par-

2065 1293 2224 1348 tibus
2245 1295 2465 1350 assidue
2495 1297 2663 1350 armis
2691 1304 2744 1352 et
2775 1297 3015 1370 ingeniis
3055 1297 3340 1367 laboravit,
3374 1301 3522 1371 quod
3555 1318 3696 1371 pau-

2064 1384 2144 1439 cis
2172 1383 2373 1438 diebus
2423 1385 2616 1440 urbem
2651 1387 2800 1442 cives
2834 1388 3069 1443 reddere
3129 1391 3414 1445 coartavit.
3457 1391 3572 1455 Qua
3607 1409 3697 1446 re—

2064 1483 2246 1544 cepta,
2287 1490 2417 1530 suos
2457 1476 2534 1530 ibi
2591 1477 2792 1532 milites
2850 1478 3163 1545 collocavit,
3208 1481 3481 1555 signoque
3535 1484 3692 1548 dato,

2071 1568 2346 1638 motisque
2377 1568 2589 1636 castris,
2633 1570 2700 1623 ad
2751 1570 3024 1625 maritima
3072 1572 3409 1642 pr0peravit.
3445 1573 3694 1645 Cumque

2067 1659 2179 1728 jam
2211 1661 2279 1714 ad
2305 1660 2499 1715 urbem
2535 1661 2808 1734 Cltolbreg
2854 1664 2940 1697 ¹²⁰¹
2973 1663 3302 1730 declinaret,
3335 1671 3391 1720 et
3451 1677 3693 1720 castrum

2071 1755 2208 1808 mari
2238 1756 2546 1825 proximum
2574 1772 2896 1829 expugnare
2936 1759 3025 1792 ¹²⁰²
3059 1759 3380 1831 priusquam
3409 1761 3475 1815 ad
3503 1761 3699 1816 urbem

2071 1844 2362 1899 accederet
2419 1845 2510 1879 ¹²⁰³
2564 1845 2850 1917 cogitaret,
2917 1863 3068 1913 ecce,
3147 1849 3294 1903 cives
3349 1859 3404 1904 et
3455 1851 3694 1922 Oppida-

2073 1947 2174 1987 nos
2215 1933 2304 1967 ¹²⁰⁴
2335 1934 2525 2004 pronis
2567 1935 2876 1990 cervicibus
2904 1935 3121 1991 obviam
3174 1939 3459 1995 Bolezlavo
3491 1957 3694 2010 proce-

2071 2025 2286 2090 dentes,
2318 2028 2650 2098 semetipsos
2672 2035 2725 2082 et
2754 2027 2916 2083 ﬁdem
2936 2036 2990 2084 et
3012 2031 3296 2086 servitium
3321 2034 3693 2103 proferentes.

2073 2117 2195 2187 Ipse
2226 2132 2448 2188 quoque
2479 2118 2586 2172 dux
2603 2119 3033 2176 Pamoranorum
3067 2123 3372 2178 adveniens
3399 2125 3696 2181 Bolezlavo

2072 2207 2378 2275 inclinavit,
2400 2211 2654 2281 ejusque,
2685 2211 2957 2278 residens,
2979 2230 3147 2285 equo,
3173 2231 3232 2269 se
3259 2216 3350 2250 ¹²⁰⁵
3380 2217 3607 2272 servitio
3645 2229 3700 2271 et

2073 2301 2282 2355 militiae
2310 2301 2594 2372 deputavit
2627 2304 2736 2358 ¹²⁰⁶.
2766 2303 3020 2376 Quinque
3061 2306 3207 2360 enim
3249 2308 3570 2363 Bolezlavus
3605 2310 3698 2342 ¹²⁰⁷

2071 2391 2398 2448 ebdomadis
2448 2395 2792 2464 expectando
2853 2395 3059 2452 bellum
3119 2399 3204 2453 vel
3245 2400 3545 2470 quaerendo
3598 2418 3702 2471 per

2070 2483 2454 2538 Pomoraniam
2487 2486 2773 2556 equitavit,
2806 2503 2869 2542 ac
2898 2496 3071 2542 totum
3099 2505 3258 2559 paene
3293 2507 3523 2565 regnum
3558 2492 3696 2546 illud

2069 2571 2187 2625 sine
2245 2572 2437 2642 praalio
2503 2573 2838 2647 subjugavit.
2891 2575 3112 2630 Talibus
3171 2593 3304 2650 ergo
3373 2579 3698 2633 Bolezlavus

2073 2663 2476 2733 przeconiorum
2512 2664 2698 2733 tytulis
2730 2673 2814 2720 est
2844 2665 3186 2734 laudandus,
3215 2668 3522 2741 talibusque
3574 2670 3700 2726 bel-

2074 2755 2249 2811 lorum
2287 2774 2351 2812 ac
2384 2757 2472 2791 ¹²⁰⁸
2503 2757 2853 2813 victoriarum
2886 2760 3182 2830 triumphis
3210 2763 3579 2817 coronandus.

2527 2848 2613 2901 40.
2659 2850 2826 2903 Filius
2854 2853 3103 2904 nascitur
3131 2850 3240 2904 "0°.

2144 2937 2249 2993 Sed
2282 2954 2406 2993 cum
2438 2939 2542 2993 isto
2572 2939 2776 3012 gaudio
2820 2939 2890 2994 de
2918 2940 3148 2996 victoria
3181 2941 3501 3013 triumphali
3537 2960 3697 3000 exor-

1981 3025 2030 3094 C
2060 3034 2170 3082 tum
2204 3033 2286 3082 est
2317 3027 2492 3098 majus
2530 3029 2792 3099 gaudium
2838 3037 2959 3084 orto
3009 3031 3118 3085 sibi
3147 3029 3260 3086 ﬁlio
3293 3034 3566 3106 progenie
3609 3035 3686 3089 de

2066 3119 2231 3192 regali
2256 3119 2402 3190 (157)
2426 3120 2564 3174 Puer
2593 3127 2776 3174 autem
2811 3128 2968 3175 aetate
3001 3130 3231 3189 crescat,
3258 3123 3532 3194 probitate
3556 3142 3699 3196 pro-

2066 3212 2230 3278 ﬁciat,
2273 3212 2463 3283 probis
2494 3213 2738 3267 moribus
2763 3222 3037 3287 augeatur
3067 3214 3136 3269 de
3169 3222 3322 3285 patre
3354 3222 3534 3271 autem
3583 3233 3701 3272 no-

2067 3305 2152 3360 bis
2182 3304 2273 3340 ¹²¹⁰
2301 3302 2560 3370 sufficiat,
2602 3305 2646 3358 si
2689 3313 2870 3376 coepta
2911 3306 3142 3360 materia
3179 3313 3450 3362 teneatur.

2386 3397 2475 3450 41.
2504 3397 2800 3465 Zbignevus
2823 3401 2998 3452 victus
3031 3402 3231 3453 iterum
3254 3400 3363 3452 1’“.

2137 3489 2342 3544 Videns
2371 3488 2542 3563 igitur
2586 3489 2678 3523 ¹²¹²
2716 3489 3061 3555 Bolezlavus,
3103 3490 3248 3561 quod
3289 3490 3456 3545 frater
3482 3491 3534 3544 in
3567 3507 3697 3546 om-

2068 3581 2231 3636 nibus
2259 3590 2312 3635 et
2345 3581 2436 3615 "13
2467 3580 2748 3650 promissis
2788 3587 2842 3634 et
2875 3581 3206 3649 juramentis
3246 3583 3335 3615 ¹²¹⁴
3385 3581 3512 3637 ﬁdei
3566 3583 3690 3637 nul-

2067 3671 2172 3725 lius
2204 3671 2293 3705 ¹²¹⁵
2325 3670 2616 3736 existebat,
2648 3678 2703 3724 et
2732 3671 2991 3740 quoniam
3038 3670 3128 3704 ¹²¹⁶
3157 3669 3254 3725 toti
3287 3676 3448 3724 terra:
3488 3669 3694 3724 noxius

2063 3770 2117 3819 et
2158 3762 2430 3818 obnoxius
2467 3761 2759 3826 existebat,
2800 3777 2926 3816 eum
2967 3762 3036 3816 de
3075 3767 3188 3816 toto
3221 3777 3396 3836 regno
3440 3761 3689 3816 Polonia:

2065 3851 2391 3925 protugavit,
2423 3851 2640 3922 sibique
2683 3850 2770 3884 ¹⁹¹⁷
2805 3851 3128 3905 resistentes
3161 3856 3219 3905 et
3269 3849 3553 3904 castellum
3592 3850 3688 3883 ¹²¹⁸

2066 3945 2120 3998 in
2151 3951 2313 3997 terra:
2346 3943 2434 3976 “"9
2463 3941 2705 3997 conﬁnio
2737 3941 3107 3996 defendentes
3154 3958 3276 3996 cum
3331 3941 3536 3996 auxilio
3571 3941 3692 3995 Ru-

2067 4035 2358 4090 thenorum
2401 4043 2456 4088 et
2483 4034 2822 4106 Ungarorum
2875 4033 3224 4107 expugnavit.
3258 4032 3462 4104 Sicque
3504 4032 3692 4087 domi-

343 4118 554 4174 dimisit
587 4121 676 4154 “9°
706 4121 1070 4192 propositum,
1103 4138 1199 4177 cor
1227 4121 1438 4177 habens
1471 4123 1526 4176 in
1561 4123 1812 4185 Domino,
1842 4141 1952 4180 non
1977 4104 2030 4172 D
2059 4125 2210 4179 nium
2264 4123 2524 4197 Zbignevi
2573 4104 2744 4178 “malis
2808 4104 3139 4178 consiliariis
3186 4129 3268 4178 est
3326 4121 3566 4188 ﬁnitum,
3598 4131 3652 4176 to

1685 4226 1904 4281 VARUE
1948 4227 2322 4284 LECTIONES.

419 4321 510 4357 ¹¹⁶⁸
550 4323 687 4377 deest
782 4323 831 4377 1.
887 4324 939 4378 2.

345 4409 453 4462 qua
468 4397 797 4464 superﬂuum

464 4465 775 4537 Gneznensi
823 4467 873 4520 3.
965 4467 1358 4537 “73Spiczimir
1395 4469 1446 4521 3.

946 4395 989 4404 η
1076 4324 1165 4359 ¹¹⁶⁹
1195 4327 1300 4404 ita
1352 4324 1546 4404 Chron.
1580 4329 1801 4404 “princ.
1866 4331 1967 4404 Pot

901 4396 990 4429 “7°
1021 4401 1399 4463 argumentum
1429 4398 1538 4451 cod.
1578 4397 1630 4450 3.
1661 4398 1824 4452 deest.
1855 4401 1905 4453 1.
1939 4401 1991 4454 2.

965 4467 1358 4526 “73Spiczimir
1395 4469 1446 4521 3.
1531 4468 1620 4502 “7‘
1645 4469 1913 4524 conclusit
1963 4471 1996 4526 3

2030 4347 2089 4400 p.
2167 4329 2256 4384 75.
2312 4345 2396 4382 ex.
2465 4329 2486 4382 1
2569 4327 2619 4382 2.

2700 4334 2854 4382 extra
2913 4329 3033 4396 jam
3086 4327 3272 4395 rejccit
3335 4327 3441 4381 edit
3512 4327 3677 4380 Vars.

3087 4400 3174 4450 75.
3224 4397 3355 4452 satis
3405 4398 3455 4450 1.
3512 4397 3565 4450 2.
3622 4397 3674 4451 3.

2100 4401 2186 4434 ¹¹⁷¹
2220 4403 2299 4453 ita
2349 4401 2544 4455 Chron.
2591 4402 2766 4465 princ.
2821 4400 2930 4453 Pol.
2982 4415 3020 4468 ρ
3087 4400 3174 4450 75.
3224 4400 3355 4452 satis
3405 4400 3455 4450 1.
3512 4400 3565 4450 2.
3622 4400 3654 4451 3

2105 4471 2194 4504 “75
2225 4471 2523 4538 assumpsit
2578 4472 2626 4524 1.
2671 4470 2722 4523 2.
2821 4470 3079 4523 “761ucie
3108 4470 3162 4525 3.
3281 4468 3659 4538 “"ubique2

2105 4471 2194 4504 “75
2225 4471 2523 4540 assumpsit
2578 4472 2626 4524 1.
2671 4470 2722 4523 2.
2821 4470 3079 4523 “761ucie
3108 4470 3162 4525 3.

303 4547 312 4556 ‘
346 4535 438 4568 ¹¹τ⁸
470 4536 625 4589 Tum.
666 4538 715 4589 1.
742 4538 794 4589 2.
853 4537 945 4570 “7"
969 4535 1123 4591 Tunc
1141 4539 1192 4590 3.
1223 4539 1237 4591 Ι
1279 4539 1367 4572 ¹¹⁸⁰
1397 4539 1713 4594 Yaroslamo
1741 4541 1790 4594 1.
1821 4543 2104 4596 acarozlao
2135 4541 2192 4595 3.
2249 4543 2333 4575 ¹¹⁸¹
2365 4535 2490 4595 duci
2517 4543 2568 4594 3.
2625 4542 2715 4575 ¹¹⁸²
2745 4548 2848 4595 etc.
2875 4541 3034 4594 addit
3063 4541 3114 4593 3.
3178 4539 3269 4574 ¹¹⁸³
3299 4535 3684 4606 argumentum

344 4606 461 4659 cod.
576 4609 739 4683 deest
783 4609 906 4683 1.2:
948 4678 972 4683 ﬂ
1002 4609 1093 4683 ‘1“
1120 4609 1440 4683 Zbigneuus
1459 4627 1706 4683 namque
1737 4612 1791 4664 in
1819 4629 1920 4681 pro

341 4680 675 4744 conspicitur
702 4678 734 4732 εὶ
816 4679 904 4712 “87
939 4678 1122 4733 Gallus
1162 4678 1301 4734 1C2.
1385 4682 1474 4715 ³³⁸⁸
1505 4678 1692 4736 ηοιί3.

336 4762 443 4816 pro
477 4748 514 4799 i.
537 4747 574 4800 f.
612 4749 665 4801 1.
771 4750 978 4803 “935uo
1007 4751 1059 4804 3.
1179 4752 1269 4786 “93
1298 4753 1586 4806 combuste
1614 4753 1664 4806 3.

343 4816 434 4852 “97
468 4819 760 4873 condendo
787 4820 839 4873 3.
922 4821 1010 4854 “9°
1043 4831 1096 4874 et
1118 4821 1168 4878 3.

339 4887 473 4942 dere
531 4891 686 4944 codd.

339 4959 436 4994 ¹²⁰⁹
460 4968 834 5028 argumentum
861 4959 998 5016 edit.
1041 4965 1195 5018 Vars.
1225 4979 1283 5032 p.
1315 4964 1438 5017 217.
1471 4967 1610 5020 deest
1639 4967 1688 5019 1.
1729 4965 1781 5019 2.
1812 4967 1864 5020 3.

337 5032 471 5104 1.72.
499 5033 552 5086 3.
612 5034 704 5066 ¹²¹²
736 5042 917 5088 autem
950 5035 1000 5087 3;
1072 5034 1162 5068 ¹²¹³
1196 5035 1442 5089 moribus
1462 5052 1563 5104 pro
1596 5036 1629 5090 i.
1665 5052 1718 5090 ο.
1760 5053 1806 5090 e.
1835 5038 1885 5092 3.

337 5102 428 5136 ¹²¹⁸
455 5110 696 5158 castrum
721 5104 772 5158 3.
879 5105 968 5138 ¹²¹⁰
989 5104 1193 5160 intrare
1232 5121 1330 5175 pro
1361 5105 1395 5160 i.
1432 5102 1478 5161 ιζ
1500 5108 1551 5160 1.
1581 5108 1726 5162 deest
1753 5109 1804 5162 3.

1819 4629 1920 4681 pro
1949 4630 2002 4684 q.
2039 4613 2073 4666 i.
2102 4613 2135 4666 h
2185 4613 2236 4666 3.

1778 4684 1867 4718 “8"
1895 4684 2325 4754 septemconalis
2351 4683 2400 4738 3.

1777 4754 1865 4787 “9‘
1898 4754 2059 4809 fratre
2081 4755 2132 4808 2.

1265 4823 1352 4856 ¹¹⁹⁹
1380 4824 1563 4877 medio
1595 4825 1646 4877 3.
1728 4825 1818 4858 ¹²⁰⁰
1850 4824 2041 4880 leviori
2077 4826 2126 4880 3.

773 4890 859 4924 ¹²⁰⁵
891 4892 1154 4962 oppidani
1195 4892 1246 4948 3.
1322 4894 1573 4948 "05deest
1625 4897 1670 4949 1.
1719 4895 1796 4948 2."
1861 4897 1952 4930 ¹²⁰⁶
1980 4897 2265 4951 debutavit
2310 4897 2366 4951 1.

773 4979 834 5016 tm
861 4964 998 5016 edit.
1041 4965 1195 5018 Vars.
1228 4979 1283 5022 υ.
1315 4964 1438 5017 217.
1471 4967 1610 5020 deest
1639 4967 1688 5019 1.
1729 4965 1781 5019 2.
1812 4967 1864 5020 3.
1976 4968 2066 5002 ¹²¹⁰
2092 4967 2302 5022 deest3.

2092 4984 2233 5022 (ιερεε
2249 4984 2281 5022 ὅ
2290 5009 2302 5022 ι

1991 5039 2295 5106 1mjuratis
2325 5039 2376 5091 3.
2439 5039 2532 5073 ¹²¹⁵
2564 5038 2746 5093 nullus
2785 5039 2837 5093 3.

2321 4613 2409 4646 “85
2438 4614 2582 4666 deest
2602 4612 2652 4667 3.
2718 4613 2808 4646 “36
2843 4627 3138 4680 pronomen
3168 4613 3264 4666 hoc
3291 4613 3685 4680 superpositum

2499 4683 2589 4718 “9°
2629 4683 2838 4738 habens
2867 4690 3020 4751 prot.
3057 4699 3110 4735 n.
3145 4683 3198 4736 d.
3237 4681 3288 4736 3.
3370 4682 3456 4715 ¹¹⁹ι
3483 4680 3685 4735 inferre

2695 4755 2788 4787 ¹¹⁹⁶
2821 4754 3104 4808 redeundo
3132 4752 3323 4807 fecerit
3348 4767 3449 4823 pro
3479 4759 3515 4805 t.
3549 4769 3598 4805 e.
3633 4753 3686 4805 3.

3410 4823 3500 4856 ¹²⁰³
3522 4838 3686 4876 acce-

3419 4893 3506 4927 ²²⁰⁸
3540 4901 3595 4948 et
3624 4895 3676 4946 3.

2239 4755 2328 4788 “95
2354 4757 2496 4808 deest
2521 4754 2578 4807 2.

2467 4913 2550 4930 ην·
2587 4913 2641 4948 υ.
2704 4913 2752 4950 e.
2797 4913 3109 4965 transpontr
3154 4913 3206 4949 z.
3257 4913 3309 4949 σ.
3419 4913 3506 4927 "vv
3540 4913 3595 4948 er
3624 4913 3676 4946 ο.

2407 4968 2501 5044 “tl
2513 4974 2898 5044 argumentum
2925 4969 3054 5044 edit.
3099 4969 3262 5044 ναῖεζ
3287 4981 3345 5035 p.
3518 4965 3677 5044 deest

2932 5039 3021 5072 ¹²¹⁶
3051 5039 3199 5109 quod
3233 5037 3285 5094 3.
3365 5035 3453 5069 ¹²¹⁷
3486 5035 3591 5089 sibi
3622 5035 3675 5091 3.

1922 5179 2112 5234 ΝΟΤίῈ

415 5277 557 5343 (152)
592 5276 786 5331 Kalisz.
811 5276 864 5329 S.

405 5348 556 5422 (153)
587 5347 764 5418 Prope
811 5348 1053 5415 Uniejow
1081 5349 1134 5401 in
1183 5364 1351 5422 regno
1401 5349 1662 5416 Poloniaa,
1696 5349 1762 5403 ad
1798 5350 1956 5404 War-

342 5419 891 5561 Kownacki
947 5489 1235 5544 Martinam
1296 5491 1540 5561 archiep.
1589 5494 1791 5546 Guezn.
1849 5493 1960 5547 exi-

331 5559 524 5634 stimat
548 5559 741 5634 fuisse,
781 5576 945 5630 quem
981 5567 1172 5614 auctor
1201 5578 1346 5630 saepe
1391 5559 1578 5616 senem
1613 5564 1830 5618 fidelem
1865 5581 1963 5634 ap-

343 5627 518 5698 pellat
544 5628 598 5680 S.

2120 5280 2285 5366 11551
2309 5280 2565 5352 Leczyca,
2592 5281 2722 5338 urbs
2753 5281 3004 5352 capitalis
3045 5282 3280 5336 ducatus
3307 5279 3553 5348 ejusdem
3589 5295 3683 5334 no-

2059 5357 2649 5494 mlalgﬁﬁilodiernum
2685 5425 2864 5481 Gollin
2902 5425 2970 5479 ad
3020 5423 3073 5476 tl.
3129 5423 3337 5490 Warta,
3373 5436 3541 5493 pr0pe
3575 5422 3681 5475 Ko-

2061 5493 2157 5548 nin
2191 5495 2244 5548 in
2277 5511 2448 5565 regno
2476 5495 2740 5550 Poloniae.
2774 5496 2828 5549 S.

2136 5567 2273 5634 (157)
2312 5566 2644 5620 Wladislaus
2677 5567 2741 5619 ll.
2777 5565 2834 5618 Κ.
