3930 6052
229 308 333 364 905
1596 309 1788 367 LIBER
1831 310 2186 370 SECUNDUS.
3444 323 3552 382 906

229 438 456 502 tumque
485 445 714 502 regnum
742 429 983 486 Poloniae
1004 429 1106 485 sub
1129 429 1399 486 Bolezlavi
1426 431 1675 488 dominio
1707 447 1839 490 cou-
1871 438 1919 507 Α
1946 433 2234 506 temporali
2269 433 2381 504 jam
2423 435 2722 506 desperare
2761 443 2888 493 sunt
2935 439 3132 508 coacti,
3167 436 3300 511 quid
3329 439 3549 496 consilii
3581 444 3584 448 ’

231 522 424 576 nilum.
486 521 544 576 Et
595 537 720 576 cum
764 520 870 575 ista
944 521 1180 576 brumali
1239 528 1489 592 tempore
1555 523 1840 596 peregisse
1941 533 2208 597 caperent
2233 526 2344 594 “‘7,
2381 526 2470 582 vel
2501 527 2633 600 quid
2663 535 2892 600 agerent
2929 529 3044 599 ³³⁸⁸,
3068 529 3156 586 vel
3195 529 3288 565 ¹²⁴⁹
3333 545 3444 604 quo
3473 529 3552 586 fu-

231 613 418 669 multis
441 612 723 668 sufﬁceret
743 613 809 668 ad
845 612 1112 678 laborem,
1143 613 1462 670 Bolezlavus
1491 624 1674 670 tamen
1702 615 1839 670 nihil
1939 619 2132 687 gerent
2184 614 2295 668 “5°.
2337 615 2498 672 Arma
2543 615 2716 684 nulla,
2769 616 3000 672 clientes
3037 617 3222 689 pauci,
3263 619 3454 676 hostes
3493 619 3552 674 in

229 721 395 780 grave
426 711 662 777 reputat,
697 705 792 760 ubi
836 705 992 780 regni
1025 704 1330 776 proficuum
1372 707 1714 780 augmentari
1738 722 1840 764 no-
1935 705 2144 774 januis,
2194 711 2249 762 et
2289 707 2436 780 quod
2471 707 2837 780 periculosius
2865 709 3172 778 videbatur,
3203 710 3438 767 ecclesia
3485 710 3554 766 li-

229 800 372 856 verit
404 801 492 855 vel
521 801 807 855 honorem.

299 889 387 945 62.
419 890 660 945 Saxones
693 891 910 958 nauigio
944 893 1204 945 venerunt
1238 893 1303 944 in
1341 892 1628 946 Prussz'am
1657 890 1767 944 193°.

305 981 473 1054 [gitur
500 980 556 1034 in
587 980 850 1047 Prusiam,
893 986 1089 1035 terram
1124 981 1256 1036 satis
1281 979 1598 1047 barbaram,
1639 987 1722 1036 est
1751 978 1839 1034 in—

227 1085 470 1142 gressus,
501 1069 648 1124 unde
703 1085 824 1125 cum
878 1069 1064 1139 praeda
1115 1069 1306 1135 multa,
1362 1068 1518 1124 factis
1568 1067 1842 1124 incendiis

233 1161 592 1233 pluribusque
621 1161 705 1194 ¹²²¹
737 1159 986 1230 captivis,
1018 1175 1274 1232 quaerens
1302 1159 1504 1216 bellum
1545 1175 1648 1215 nec
1687 1159 1841 1214 inve-

231 1253 391 1307 niens
429 1258 512 1307 est
535 1267 808 1307 reversus.
841 1251 951 1306 Sed
979 1268 1102 1306 cum
1139 1253 1228 1288 ¹²²²
1267 1251 1402 1307 forte
1429 1251 1726 1325 contigerit
1756 1267 1843 1306 re-

229 1345 451 1418 gionem
491 1344 650 1400 istam
681 1344 734 1398 in
767 1344 1106 1400 mentionem
1149 1345 1239 1379 “'3
1267 1344 1552 1412 incidisse,
1615 1359 1728 1400 non
1761 1349 1846 1399 est

231 1435 634 1490 inconveniens
681 1434 890 1506 aliquid
947 1450 1013 1490 ex
1063 1434 1329 1490 relatione
1383 1433 1650 1501 majorum
1694 1433 1846 1488 addi-

229 1525 382 1580 disse
435 1525 547 1580 ¹²²⁴.
605 1525 876 1596 Tempore
933 1541 1170 1596 namque
1209 1524 1387 1580 Karoli
1421 1525 1624 1598 Magni,
1675 1525 1848 1579 Fran-

227 1633 418 1674 corum
475 1617 641 1690 regis,
682 1633 806 1673 cum
843 1617 1084 1672 Saxouia
1127 1617 1235 1672 sibi
1283 1617 1508 1672 rebellis
1561 1615 1846 1685 existeret,

228 1725 334 1764 nec
371 1708 768 1764 dominationis
792 1709 986 1782 iugum
1021 1725 1124 1764 nec
1150 1708 1280 1763 ﬁdei
1308 1709 1626 1765 christianie
1657 1709 1842 1766 susci-

229 1808 408 1872 peret,
440 1801 680 1872 populus
718 1801 820 1856 iste
851 1817 976 1856 cum
1015 1801 1248 1856 navibus
1291 1803 1360 1858 de
1401 1802 1637 1857 Saxonia
1665 1809 1844 1858 trans-

230 1889 452 1956 meavit,
481 1896 541 1945 et
581 1889 866 1962 regionem
913 1891 1070 1946 istam
1111 1895 1165 1945 et
1193 1891 1438 1963 regionis
1496 1891 1589 1926 ¹²²⁵
1640 1906 1842 1947 nomen

230 1981 537 2053 occupavit.
587 1981 777 2038 Adhuc
816 1983 889 2038 ita
936 1983 1057 2038 sine
1101 1997 1252 2057 rege,
1317 1981 1441 2036 sine
1493 1983 1614 2056 lege
1657 1984 1842 2054 persi-

219 2076 395 2137 stunt,
429 2086 534 2126 nec
562 2085 594 2124 a
624 2069 800 2141 prima
831 2068 1062 2141 perﬁdia
1115 2071 1203 2126 vel
1235 2071 1328 2105 ¹²²⁶
1351 2071 1642 2130 ferocitate
1693 2072 1846 2128 desi-

224 2167 400 2217 stunt.
456 2159 620 2218 Terra
673 2160 822 2216 enim
871 2161 967 2215 illa
1018 2161 1251 2217 lacubus
1290 2162 1379 2196 ¹²¹⁷
1437 2169 1494 2218 et
1531 2161 1846 2232 palludibus

218 2260 302 2309 est
365 2253 508 2314 adeo
566 2252 906 2309 communita
951 2253 1042 2287 ¹²²⁸
1071 2295 1087 2320 ,
1159 2255 1308 2326 quod
1383 2269 1495 2310 non
1555 2261 1706 2311 esset
1757 2255 1844 2311 vel

223 2345 470 2402 castellis
507 2345 594 2400 vel
664 2343 978 2402 civitatibus
1015 2345 1095 2401 sic
1129 2346 1220 2381 “’9
1271 2347 1506 2414 munita,
1551 2349 1701 2404 unde
1731 2363 1843 2404 non

224 2439 406 2512 potuit
435 2439 620 2496 adhuc
648 2439 740 2475 ¹²³⁰
777 2439 867 2508 ,ιώ
895 2439 1081 2512 aliquo
1127 2441 1432 2515 subjugari,
1479 2441 1611 2514 quia
1657 2443 1844 2499 nullus

224 2531 398 2588 valuit
451 2531 541 2566 ¹²³¹
575 2547 698 2588 cum
731 2531 974 2587 exercitu
1025 2537 1103 2587 tot
1132 2531 1366 2588 lacubus
1396 2532 1486 2568 ¹¹³¹
1523 2541 1578 2588 et
1607 2533 1844 2605 palludi—

220 2623 332 2680 bus
362 2623 741 2696 tranSportari.
1428 2620 1436 2628 '

518 2715 608 2769 43.
633 2714 958 2771 Miraculum
989 2715 1056 2770 de
1096 2718 1405 2772 Pomoranis
1433 2717 1544 2772 "33.

293 2811 446 2866 Nunc
497 2816 681 2865 autem
725 2809 932 2866 Pruzos
972 2811 1064 2845 “3‘
1095 2826 1219 2866 cum
1273 2811 1451 2868 brutis
1509 2813 1845 2869 animalibus

221 2902 620 2973 relinquamus,
666 2909 722 2956 et
753 2901 844 2935 “35
874 2901 1149 2974 quandam
1182 2903 1506 2960 relationem
1559 2905 1845 2962 relationis

223 2993 525 3064 capacibus
581 2992 694 3058 “3‘,
750 3009 937 3064 ymmo
985 2992 1083 3049 Dei
1137 2994 1462 3050 miraculum
1514 2995 1836 3054 referamus.

219 3082 458 3158 Contigit
487 3081 628 3138 forte
682 3081 772 3116 ¹²³⁷
804 3081 1144 3138 Pomoranos
1199 3083 1268 3138 de
1299 3083 1624 3140 Pomorauia
1663 3087 1841 3156 prosi-

217 3136 606 3243 lissejmsque
637 3186 794 3226 more
823 3170 914 3204 ³³³⁸
945 3170 1109 3226 solito
1156 3171 1398 3242 praedam
1450 3179 1710 3244 capturos
1752 3175 1842 3210 ¹²³⁹
1867 3136 1918 3205 C

222 3277 322 3332 per
365 3260 648 3316 Poloniam
689 3259 1038 3316 discurrisse.
1081 3260 1288 3326 Quibus
1317 3261 1586 3333 dispersis
1631 3273 1686 3318 et
1723 3264 1842 3318 dis-

225 3349 578 3406 currentibus
626 3366 728 3421 per
757 3349 998 3415 diversa,
1031 3351 1360 3422 cunctisque
1391 3353 1535 3407 mala
1586 3352 1840 3410 facienti-

220 3442 326 3497 bus
357 3451 411 3497 et
439 3457 723 3513 perversa,
751 3440 974 3512 quidam
1034 3441 1124 3476 m0
1151 3449 1333 3497 tamen
1383 3459 1576 3499 eorum
1624 3445 1692 3500 ad
1723 3462 1843 3500 ma-

215 3538 338 3607 jora
367 3537 580 3592 scelera
613 3542 1010 3606 proruperunt,
1025 3537 1119 3608 qui
1146 3538 1632 3608 metropolitanum
1661 3539 1838 3610 ipsum

223 3633 279 3681 et
317 3633 560 3680 sanctam
612 3622 907 3678 ecclesiam
959 3622 1298 3679 invaserunt.
1364 3624 1533 3698 Igitur
1579 3626 1844 3683 Martinus

225 3712 680 3784 archiepiscopus
741 3711 1102 3778 Gnezucnsis,
1181 3730 1348 3772 senex
1404 3713 1610 3782 ﬁdelis,
1661 3716 1844 3788 Spici-

225 3804 330 3858 mir
359 3803 443 3838 "‘1
475 3803 530 3856 in
568 3802 799 3858 ecclesia
827 3818 928 3858 sua
951 3802 1361 3859 confessionem
1403 3823 1524 3860 cum
1558 3807 1844 3863 sacerdote

221 3891 448 3946 missam
481 3890 770 3946 auditurus
823 3890 1075 3959 faciebat,
1123 3909 1392 3965 suamque
1422 3894 1563 3949 viam
1610 3895 1842 3950 insella-

218 3980 289 4036 tis
320 3980 408 4014 1'“
439 3980 555 4051 jam
596 3979 755 4050 equis
791 3980 928 4035 alias
993 3981 1169 4036 iturus
1230 3983 1584 4054 disponebat.
1643 3984 1842 4057 Sicque

223 4072 414 4142 procul
443 4072 615 4128 dubio
659 4071 824 4128 simul
871 4087 1066 4130 omnes
1118 4073 1326 4130 ibidem
1358 4083 1452 4132 aut
1495 4077 1585 4111 ¹²⁸³
1613 4077 1848 4132 fuissent

220 4168 476 4240 jugulati,
528 4175 622 4224 aut
652 4167 858 4240 pariter
909 4169 1168 4226 dominus
1197 4171 1342 4227 sicut
1395 4188 1589 4228 servus
1615 4173 1844 4244 captivi-

230 4259 360 4315 tatis
390 4259 480 4293 ”“
521 4259 760 4315 vinculis
789 4260 1111 4332 mancipati,
1157 4261 1266 4317 nisi
1291 4263 1515 4334 quidam
1575 4263 1646 4320 de
1679 4263 1847 4320 mini—

231 4348 363 4404 stris
414 4347 550 4405 foris
600 4347 926 4416 astantibus,
975 4349 1143 4404 armis
1189 4366 1378 4406 eorum
1425 4352 1724 4426 recognitis
1776 4353 1844 4408 ad

1867 1761 1919 1830 Β

1940 809 2084 867 gnea
2146 795 2215 850 ad
2258 795 2724 853 comburrendum
2767 812 2868 855 eos
2927 797 3169 869 paratior
3223 799 3551 857 habebatur.

1939 883 2181 940 Tandem
2212 885 2632 942 archidiaconus
2663 903 2762 964 per
2787 887 3028 943 hostium
3073 888 3284 956 exiens,
3327 903 3427 960 per
3457 904 3554 946 so-

1938 971 2134 1028 larium
2164 982 2486 1045 coepertum
2533 975 2602 1030 ad
2633 991 2806 1048 equos
2831 976 2914 1032 ire
2951 977 3173 1034 volebat
3225 987 3280 1034 et
3307 977 3388 1034 sic
3415 993 3548 1036 eva-

1943 1064 2072 1119 dere
2101 1081 2160 1120 se
2211 1065 2455 1136 putabat.
2489 1067 2596 1122 Sed
2637 1066 2868 1124 salutem
2909 1069 3179 1125 deserens
3216 1075 3272 1127 et
3318 1071 3553 1128 salutem

1897 1207 1906 1214 .
1943 1173 2219 1228 quaerens,
2245 1174 2276 1212 a
2306 1159 2482 1214 salute
2511 1159 2772 1229 deviavit,
2805 1161 2934 1232 quia
2961 1162 3398 1231 "‘1lPomoranis
3423 1159 3557 1219 illuc

1945 1245 2286 1302 irruentibus
2337 1247 2595 1304 obviavit.
2651 1249 2767 1315 Quo
2815 1261 2998 1323 capto,
3044 1253 3246 1328 pagani
3299 1261 3560 1324 putantes

1947 1339 2425 1411 archiepiscopum
2479 1357 2634 1408 esse,
2711 1343 2884 1417 gavisi
2947 1349 3076 1398 sunt
3154 1345 3556 1412 vehementer,

1948 1447 2112 1506 quem
2145 1432 2384 1503 positum
2417 1431 2472 1487 in
2503 1433 2758 1489 vehiculo
2790 1449 2902 1491 non
2955 1437 3150 1510 ligant,
3200 1453 3312 1495 non
3362 1439 3556 1494 verbe-

1947 1533 2070 1582 rant
2100 1525 2210 1592 "5’,
2240 1526 2339 1582 sed
2391 1526 2728 1595 custodiunt,
2782 1537 3114 1584 venerantur
3163 1531 3275 1587 “5°.
3333 1529 3558 1586 [nterim

1949 1625 2132 1673 autem
2153 1615 2606 1688 archiepiscopus
2641 1617 2754 1672 Deo
2781 1631 2841 1672 se
2861 1619 3002 1674 votis
3031 1627 3090 1674 et
3114 1618 3376 1691 precibus
3405 1633 3556 1676 com—

1945 1705 2242 1771 mendavit,
2293 1721 2464 1778 seque
2509 1706 2690 1762 crucis
2725 1722 2883 1763 sacro
2944 1707 3232 1784 signaculo
3269 1709 3562 1784 consigna-

1943 1801 2020 1856 vit
2049 1800 2162 1868 αδδ,
2194 1815 2318 1866 nec,
2369 1799 2462 1853 ubi
2521 1799 2612 1834 “55
2635 1799 2858 1868 juvenis
2903 1801 3200 1870 dubitaret,
3233 1801 3366 1858 illue
3395 1817 3560 1860 scan-

1945 1890 2079 1946 dere
2122 1903 2292 1944 senex
2321 1886 2594 1944 tremulus
2635 1887 2908 1944 dubitavit
2955 1890 3064 1946 13”.
3102 1887 3349 1946 Mirabile
3381 1889 3554 1957 dictu,

1945 1981 2110 2046 vires,
2147 1996 2284 2051 quas
2329 1985 2462 2036 aetas
2505 1979 2700 2035 senilis
2741 1977 2831 2015 “"57
2874 1980 3189 2055 denegavit,
3250 1981 3553 2052 periculum

1946 2069 2138 2126 mortis
2191 2069 2466 2141 timorque
2503 2067 2831 2125 subitaneus
2859 2069 3220 2139 {ministraviL
3276 2070 3558 2126 Presbiter

1942 2175 2074 2216 vero
2126 2160 2216 2196 ¹²⁶⁸
2255 2160 2398 2216 sicut
2421 2167 2540 2216 erat
2569 2169 2814 2232 paratus,
2861 2177 2923 2216 se
2952 2169 3076 2232 post
3109 2161 3368 2218 altarium
3394 2161 3558 2218 recli-

1945 2253 2112 2320 navit,
2151 2259 2206 2308 et
2229 2252 2311 2308 sic
2338 2261 2574 2324 uterque
2597 2253 2795 2324 praesul
2823 2260 2879 2308 et
2898 2253 3160 2309 sacerdos
3192 2253 3303 2310 Deo
3326 2253 3555 2323 juvante

1946 2361 2140 2400 manus
2169 2344 2410 2401 hostium
2436 2344 2679 2402 evitavit.
2711 2345 2845 2400 Nam
2873 2359 3117 2421 paganos
3154 2345 3210 2400 in
3260 2344 3552 2402 ecclesiam

1943 2435 2314 2507 irrumpentes
2373 2434 2446 2491 ita
2519 2435 2993 2508 majestas1divina
3055 2435 3352 2503 excecavit,
3406 2438 3554 2514 quod

1945 2526 2129 2582 nullus
2173 2543 2364 2584 eorum
2410 2527 2495 2584 vel
2551 2543 2742 2584 sursus
2767 2527 3067 2586 ascendere
3091 2528 3179 2585 vel
3235 2533 3359 2600 post
3385 2529 3556 2585 altare

1945 2619 2223 2690 respicere
2261 2618 2330 2674 ael
2372 2617 2694 2674 memoriam
2753 2619 3046 2676 revocavit.
3095 2619 3196 2686 Qui
3255 2625 3438 2676 tamen
3469 2635 3556 2676 ar-

1943 2707 2281 2780 chiepiscOpi
2311 2708 2504 2764 altaria
2531 2709 2730 2764 viatica
2769 2709 2860 2744 ¹²⁸⁹
2897 2708 3258 2782 ecclesiaeque
3297 2709 3559 2782 reliquias

1943 2799 2315 2870 abstulerunt,
2369 2799 2665 2872 statimque
2719 2815 2846 2856 cum
2887 2801 2969 2857 eis
3016 2810 3070 2857 et
3107 2818 3232 2859 cum
3281 2801 3559 2858 archidia-

1943 2909 2085 2950 cono
2111 2909 2276 2966 quem
2304 2900 2574 2965 ceperunt
2598 2893 2856 2950 abierunt
2886 2895 2997 2950 "‘0.
3032 2895 3138 2950 Sed
3191 2895 3335 2960 Deus
3375 2895 3560 2952 omni-

1945 2989 2144 3054 potens
2179 2983 2322 3038 sicut
2352 2983 2442 3019 ¹²⁶ι
2474 2984 2790 3055 praesulem,
2815 2985 3158 3041 sacerdotem
3191 2985 3555 3041 etecclesiam

1943 3073 2215 3139 liberavit,
2239 3073 2320 3130 sic
2345 3073 2611 3146 reliquias
2637 3083 2834 3147 postea
2863 3082 3151 3148 totumque
3181 3075 3554 3133 sanctuarium

1943 3167 2432 3223 incontaminatum
2478 3175 2534 3221 et
2599 3166 2919 3224 inviolatum
2990 3167 3413 3242 archiepiscopo
3462 3185 3557 3224 re-

1941 3257 2224 3312 stauravit.
2254 3257 2580 3328 Quicunque
2619 3259 2769 3313 enim
2794 3273 3140 3333 paganorum
3171 3259 3436 3332 reliquias
3474 3260 3559 3316 vel

1943 3363 2126 3402 sacras
2165 3347 2256 3381 ¹²⁶²
2283 3351 2465 3402 vestes
2492 3346 2580 3402 vel
2609 3361 2736 3402 vasa
2766 3348 3062 3403 sanctuarii
3093 3346 3559 3419 possidebat,|vel

1943 3438 2187 3495 caducus
2216 3453 2343 3492 eum
2368 3423 2598 3492 morbus
2634 3437 2720 3494 vel
2750 3438 2965 3494 insania
2987 3439 3251 3495 terribilis
3278 3438 3556 3512 agitabat;

1943 3530 2094 3585 unde
2135 3528 2232 3583 Dei
2263 3525 2676 3602 magniﬁcentia
2733 3528 3060 3597 tremefacti,
3115 3530 3334 3601 captivo
3364 3531 3554 3585 archi-

1945 3620 2181 3676 diacono
2209 3617 2302 3654 “53
2325 3626 2523 3674 cuncta
2547 3619 2779 3676 reddere
2808 3626 2939 3676 sunt
2965 3621 3158 3682 coacti.
3193 3622 3315 3693 lpse
3336 3637 3558 3695 quoque

1944 3728 2114 3767 sanus
2167 3719 2224 3768 et
2285 3710 2581 3767 incolumis
2639 3713 3062 3770 archidiaconus
3108 3713 3178 3770 de
3237 3714 3560 3770 Pomorania

1945 3804 2230 3871 remeavit,
2273 3803 2465 3875 sicque
2513 3803 2630 3858 suis
2658 3805 2920 3860 omnibus
2971 3807 3286 3862 restauratis
3326 3807 3437 3875 ωδ,
3470 3823 3560 3863 ar-

1945 3893 2338 3964 chiepiscopus
2378 3892 2546 3946 Deum
2589 3893 2898 3948 mirabilem
2925 3893 2982 3949 in
3024 3894 3133 3951 hiis
3173 3895 3264 3932 ί²⁶⁵
3300 3895 3564 3968 operibus

1943 3984 2294 4041 collaudavit.
2333 3985 2405 4038 Ex
2434 3999 2499 4039 ea
2533 3983 2625 4040 die
2663 3985 2956 4042 l’omorani
2989 3987 3253 4059 paulatim
3286 3988 3560 4060 incipiunt

1945 4073 2217 4129 annullari
2257 4073 2350 4108 ¹²⁶⁶
2380 4089 2484 4129 nec
2514 4074 2588 4128 ita
2617 4082 2744 4130 sunt
2775 4077 2891 4132 ausi
2923 4084 3112 4148 postea
3149 4095 3246 4150 per
3276 4079 3558 4135 Poloniam

1945 4165 2163 4239 evagari
2195 4165 2307 4221 ηδτ.

2195 4258 2282 4313 44.
2316 4257 2408 4293 ¹³⁶⁸
2425 4261 2853 4314 Pomoranorum
2885 4261 3176 4332 baptisatio
3203 4263 3314 4316 m'.

2017 4349 2348 4421 (An.1108.)
2393 4351 2563 4425 Igitur
2603 4351 2840 4426 impiger
2885 4353 3203 4409 Bolezlavus
3235 4355 3432 4410 iterum
3462 4355 3566 4411 Po-

230 4437 480 4493 ccclesiaa
542 4437 768 4507 januam
851 4447 1173 4509 properaret
1201 4481 1216 4505 ,
1265 4440 1494 4513 jamque
1547 4414 2254 4513 p’razsentestoraniam
2311 4448 2395 4496 est
2439 4441 2744 4514 ingressus,
2803 4450 2861 4497 et
2911 4443 3195 4500 castellum
3237 4444 3566 4502 obsessurus

233 4526 429 4580 adesse
467 4525 802 4584 Pomoranos
851 4527 1185 4583 exclamaret
1237 4529 1351 4584 "‘5.
1401 4531 1534 4586 Tum
1583 4532 1675 4567 ¹²⁸⁸
1714 4548 1846 4590 vero
1949 4533 2198 4588 Carnkou
2257 4533 2400 4604 (158)
2449 4533 2667 4606 magnis
2731 4531 2942 4590 viribus
2979 4542 3060 4590 est
3115 4551 3405 4612 agressus;
3449 4555 3564 4594 ma-

233 4618 457 4690 prmsul,
481 4619 760 4686 sacerdos,
803 4619 1227 4676 archidiaconus
1263 4622 1592 4692 tremefacti,
1621 4625 1693 4680 de
1737 4627 1846 4684 vita
1949 4630 2131 4686 chinis
2160 4628 2365 4685 diversi
2393 4629 2616 4704 generis
2663 4630 3008 4701 praeparatis,
3060 4633 3412 4708 turribusque
3470 4633 3567 4670 "7°

1570 4749 1790 4806 VARIE
1827 4751 2208 4811 LECTIONES.

308 4841 398 4877 ¹²²⁰
424 4845 805 4923 argumentum
828 4843 1037 4923 cod._3.
1069 4845 1213 4923 deest
1253 4845 1410 4923 1,“.2.
1457 4847 1580 4923 _f_”'
1626 4849 1884 4923 pluribus
1914 4852 1968 4908 3.
2067 4853 2157 4888 ¹²²¹
2189 4859 2374 4909 tamen
2401 4852 2455 4910 3.

235 4915 292 4969 in
317 4913 641 4969 memoriam
661 4929 765 4984 pro
795 4931 840 4970 r.
879 4913 918 4969 i.
951 4913 988 4969 i.
1022 4931 1097 4969 m.
1131 4916 1183 4970 3.
1275 4916 1364 4952 ¹²²⁴
1403 4913 1697 4976 εόάἰεεεᾟ.
1779 4923 1871 4958 ¹²²⁸
1897 4924 2125 4984 regione
2155 4925 2209 4979 2.

239 4986 352 5042 uita
379 4985 434 5039 2.
529 4985 622 5019 ¹²²⁹
650 4985 796 5040 deest
832 4985 885 5041 3.
973 4986 1065 5022 ¹²³⁰
1093 4987 1240 5042 deest
1263 4987 1316 5043 3.
1423 4989 1510 5024 "3!

2544 4853 2636 4936 ‘3”
2663 4856 3014 4936 nascique!"
3066 4859 3565 4936 resignemistam

2300 4924 2394 4960 1m
2415 4938 2521 4980 nec
2545 4923 2602 4980 2.
2663 4925 2755 4961 “'7
2784 4928 2916 4986 lacis
2944 4931 2998 4988 1.
3025 4923 3162 4988 εειὶἕ
3194 4932 3248 4990 2.
3311 4933 3405 4970 ¹³²⁸
3431 4951 3567 4993 cou-

1540 4992 1720 5068 potuit
1756 4993 1844 5068 3._
1898 4992 1991 5029 ηπ
2021 4995 2154 5052 lacis
2195 4996 2247 5051 1.
2279 4995 2360 5068 ξεμ
2420 4995 2518 5068 3³³³
2547 5004 2922 5068 argumentum
2955 5001 3071 5058 cod.
3121 5002 3175 5060 3.
3215 5005 3359 5062 deest
3401 4992 3565 5062 1.72.

239 5057 558 5148 *I’la‘mprgsos
582 5056 695 5148 3...“
842 5057 995 5148 deest
1041 5058 1112 5148 3;
1167 5058 1270 5148 1”“
1297 5056 1558 5148 capacem
1582 5063 1693 5148 I
1755 5064 1844 5148 1:37
1872 5080 2110 5148 namque
2135 5068 2188 5148 3.
2275 5066 2366 5148 [ξδ’
2395 5056 2662 5148 ᾱεᾳξζεᾶξ,
2694 5069 2786 5106 ²²³⁹
2815 5056 3152 5148 captivos}:
3216 5056 3568 5148 flight—ribus

243 5126 517 5233 3.1.2434.
558 5199 590 5233 ρ
723 5127 1220 5233 ,ξείξξᾞὶἱηίιηδί
1281 5126 1418 5233 ο¹¹³²
1438 5132 1851 5233 ,Ξῗέἓὶἒὲξίὶὲι
1891 5209 1914 5233 ,
2052 5138 2342 5233 Pariter}.-
2381 5209 2414 5233 ..
2462 5126 3150 5233 "‘f.friaieaté@t37.
3211 5126 3568 5233 ’ἐξῷῶξέῖ

365 5198 519 5253 Tunc
556 5199 634 5280 3.Δ
679 5198 1249 5280 n"“‘__capcrenturl.
1281 5201 1379 5280 2._
1438 5202 1944 5280 αξξ-θεειιεῃιιιτμ
1997 5198 2068 5265 2,·
2131 5211 2222 5244 me
2250 5216 2345 5265 aut
2381 5209 2438 5264 3.

3269 5217 3359 5253 ¹²⁶¹
3385 5220 3486 5276 sed
3513 5219 3568 5278 3.

2535 5211 2639 5288 Ρ²⁵⁰μ
2647 5211 2971 5288 legerentur
2990 5216 3060 5288 il.
3113 5216 3169 5288 2.

2767 5285 2820 5342 3.
2907 5287 3001 5321 ¹²⁵⁶
3030 5286 3366 5346 dubitaverit
3417 5294 3462 5348 l.
3515 5293 3570 5348 2.

1491 5276 1907 5340 "“hssignavit
1949 5280 2002 5336 3.
2084 5281 2176 5317 ¹²⁶δ
2200 5281 2349 5337 enim
2405 5282 2458 5338 1.
2509 5283 2562 5338 2.
2625 5283 2701 5340 ibi

238 5340 602 5427 gggjsgmqla.
682 5342 1092 5427 ιξξξοροειςιρειτςι
1125 5343 1178 5398 id
1205 5343 1401 5427 pro).
1437 5345 1574 5427 31.3.3.
1661 5340 1754 5427 ξξῶ
1773 5351 1937 5427 vitiea
1965 5352 2487 5427 λωξθοοηείιίςι-ηηι
2514 5353 2569 5412 3.
2649 5340 2860 5427 vui-ta
2909 5340 3466 5427 coﬁ§¢i"'iii'si'c‘i.'2'
3517 5340 3570 5421 ΞΣ

359 5412 506 5492 deest
560 5412 648 5492 ξε·
672 5411 817 5492 “13“
832 5411 1365 5492 arcliiepisco_p(_o__3._
1444 5416 1534 5452 ¹²⁶⁵
1565 5419 1834 5492 restitutis
1887 5423 1941 5477 3.
2034 5423 2125 5459 ¹²⁶⁶
2145 5424 2262 5480 suis
2320 5425 2372 5480 3.
2483 5411 2576 5461 "7“
2593 5411 2855 5483 admirari
2908 5411 2976 5484 3.7
3006 5411 3320 5486 vlulata..-
3338 5411 3495 5490 ἆᾶἁὲι

239 5482 522 5610 ἓῖυοέιτξι.
569 5483 745 5538 XLIV
772 5499 944 5555 usque
971 5482 1046 5540 ad
1074 5482 1302 5544 XLVIII
1328 5486 1519 5542 desunt
1559 5489 1612 5545 3.
1721 5493 1812 5528 ¹²⁸⁹
1839 5499 2220 5562 argumentum
2262 5495 2392 5551 edit.
2445 5498 2608 5554 Vars.
2665 5515 2719 5568 p.
2774 5482 3094 5558 madent
3135 5482 3282 5557 [ἐξ
3341 5482 3580 5562 ἶῖἧῖῃῖιξ

1837 5633 2049 5691 NOTIE.

239 5270 332 5306 "5’
359 5276 642 5325 currerunt
677 5269 728 5326 3.
814 5269 968 5326 "‘31:.
1017 5287 1070 5327 νο
1110 5272 1304 5327 desum
1349 5271 1404 5329 3-

307 5722 460 5796 (158)
495 5723 799 5781 Czarukow
826 5724 897 5782 ad
921 5724 977 5780 ll.
1011 5725 1208 5796 Notec,
1240 5729 1419 5786 Netze.
1460 5729 1515 5786 S.

576 5864 877 5934 PATROL.
931 5865 1134 5934 CLX.
2151 5905 2180 5926 ο
3101 5881 3186 5953 29
