3920 6054
373 256 484 312 907

1630 249 1976 306 CHRONlC/E
2018 249 2412 306 POLONORUM
2429 294 2440 306 .

3593 253 3713 306 908

373 383 670 440 castellana
718 381 1026 436 munitione
1084 379 1668 452 praeeminentioribus
1721 381 1978 446 elevatis,
2009 387 2058 452 Α
2085 380 2236 434 bium
2280 381 2586 451 dissipavit.
2619 382 2778 436 etsic
2808 381 2917 434 cito
2977 395 3074 450 pro
3115 379 3438 436 Pomoranis
3469 397 3569 451 per
3593 393 3711 438 tra-

372 475 537 531 armis
567 473 776 528 tamdiu
821 489 884 528 ac
925 473 1010 506 ¹²⁷¹
1055 472 1438 528 instrumentis
1482 472 1749 543 oppidum
1811 473 1982 542 impu-

371 563 576 639 gnavit,
602 561 780 617 donec
801 561 936 616 illud
957 561 1097 617 facta
1127 561 1410 614 deditione
1434 576 1534 616 suo
1567 560 1815 616 dominio
1837 577 1986 614 man-

371 659 592 730 cipavit.
626 659 856 728 Insuper
880 655 1044 710 etiam
1087 655 1153 709 ad
1185 653 1348 708 fidem
1391 654 1592 709 multos
1641 653 1710 707 ab
1753 652 1987 707 infideli-

373 757 481 806 tate
509 749 799 813 revocavit.
833 747 1127 818 ipsumque
1171 745 1456 800 dominum
1490 743 1699 798 castelli
1745 743 1812 798 de
1839 743 1988 798 fonte

371 840 716 914 baptismatis
752 837 1001 894 elevavit.
1059 836 1362 891 Audientes
1418 844 1599 890 autem
1648 835 1753 889 hoc
1785 833 1977 906 pagani

2085 469 2352 524 ditionem
2375 485 2470 524 sua
2498 477 2674 524 castra
2702 467 3054 539 capientibus
3098 469 3388 524 remeavit.

2492 559 2580 612 47.
2619 560 2904 612 Pomorani
2930 559 3145 612 rebelles
3175 558 3284 611 “73.

2157 648 2274 702 Jam
2304 664 2371 703 eo
2401 648 2632 702 absente
2674 647 2963 703 Pomorani
3006 646 3172 701 Useze
3214 649 3383 718 (160),
3431 648 3708 703 Bolezlavi

2088 752 2326 799 castrum
2357 743 2715 808 obsederunt,
2744 750 2798 797 et
2845 742 2978 795 illud
3020 741 3211 796 Poloni
3251 742 3710 812 Pomoranisjam

2081 836 2378 891 Gnevomir
2431 852 2525 906 per
2591 835 2941 891 traditionem
2996 843 3385 908 suggerentem
3444 835 3710 890 reddide-

373 936 604 1007 ipseque
651 932 910 988 dominus
969 945 1332 1002 paganorum,
1388 929 1467 982 sic
1505 927 1665 981 facile
1725 927 1983 980 videlicet
2083 934 2209 981 runt
2255 927 2364 977 "79.
2417 926 2540 980 Erat
2601 925 2749 980 enim
2829 925 2928 978 iste
2981 924 3277 979 Gnevomir
3341 925 3410 978 de
3464 927 3706 981 castello

375 1030 648 1087 corruisse
670 1026 1068 1083 contumaciam
1112 1025 1201 1058 ¹²τ²
1258 1024 1652 1089 Charncorum,
1707 1023 1826 1092 ipse
1873 1022 1980 1076 dux

377 1121 679 1177 Bolezlawo
720 1118 927 1190 primus
972 1116 1218 1172 omnium
1285 1114 1586 1177 inclinavit,
1645 1113 1742 1168 sed
1793 1128 1986 1167 eorum

375 1224 570 1272 neuter
623 1217 786 1288 longo
845 1220 1094 1283 tempore
1164 1209 1595 1266 conﬁdelitatem
1656 1209 1992 1264 observavit.

381 1309 514 1363 Nam
543 1313 735 1377 postea
790 1303 1096 1375 baptizatus
1123 1303 1216 1356 ille
1246 1302 1516 1357 Bolezlavi
1555 1299 1701 1354 filius
1727 1299 1994 1371 spiritalis

382 1395 706 1452 traditiones
732 1391 862 1447 fecit
889 1391 1264 1457 multimodas,
1293 1390 1489 1464 dignas
1517 1391 1805 1444 sententiae
1836 1388 1990 1460 capi-

381 1485 523 1540 talis.
559 1483 667 1538 Sed
706 1484 808 1537 ista
831 1497 933 1536 suo
961 1481 1082 1536 loco
1122 1479 1404 1536 recitanda
1450 1479 1872 1550 praesentialiter
1912 1481 1990 1534 si-

383 1582 552 1637 lentio
581 1587 961 1653 contegemus,
1001 1575 1183 1631 donec
1215 1576 1601 1646 imperatorem
1633 1575 1701 1629 de
1734 1575 1990 1650 Ungaria,

385 1673 727 1731 Bolezlavum
755 1685 884 1725 vero
913 1669 982 1723 de
1013 1668 1277 1724 Bohemia
1332 1668 1680 1731 reducamus,
1713 1675 1768 1723 et
1806 1668 1850 1722 si
1884 1684 1993 1740 qua

385 1764 541 1836 prius
565 1760 685 1816 fieri
715 1758 1006 1833 contigerit
1031 1757 1374 1812 inducamus.

632 1849 721 1903 45.
749 1847 953 1904 Bellum
988 1861 1110 1900 cum
1136 1847 1370 1900 Heraeis
1409 1850 1612 1913 gestum
1634 1845 1744 1900 ""3.

457 1942 613 1998 Nunc
650 1946 831 1995 autem
863 1939 932 1992 de
961 1937 1281 1992 Pomoranis
1308 1937 1377 1991 ad
1412 1937 1680 1992 Bohemos
1715 1946 1998 1992 converta-

2085 1015 2388 1083 Charncou,
2449 1017 2598 1088 quod
2633 1017 2952 1072 Bolezlavus
3012 1017 3370 1090 expugnavit,
3426 1025 3482 1071 et
3537 1033 3711 1088 quem

2096 1107 2215 1176 ipse
2244 1108 2314 1162 de
2352 1108 2498 1162 fonte
2552 1107 2895 1177 baptismatis
2934 1105 3186 1169 elevavit,
3239 1111 3296 1158 et
3327 1105 3530 1160 ceteris
3561 1105 3716 1161 inte-

2096 1198 2343 1268 remptis,
2383 1198 2506 1252 vitae
2538 1196 2857 1262 reservavit,
2891 1203 2944 1249 et
2997 1196 3051 1249 in
3091 1196 3212 1265 ipso
3243 1195 3467 1250 castello
3515 1196 3710 1250 domi-

2095 1307 2224 1345 num
2265 1289 2572 1344 collocavit.
2613 1289 2708 1343 Hic
2746 1303 2874 1343 vero
2933 1287 3198 1358 perfidus,
3247 1289 3525 1357 perjurus,
3604 1289 3716 1342 im-

2093 1395 2303 1434 memor
2332 1378 2611 1444 beneficii,
2636 1393 2895 1449 perverso
2920 1377 3154 1432 consilio
3195 1383 3440 1431 castrum
3473 1377 3714 1432 reddere

2091 1469 2329 1525 consulit
2380 1469 2715 1536 castellanis,
2769 1469 3088 1524 mentiendo
3127 1468 3476 1523 Bolezlavum
3536 1485 3713 1538 supe-

2093 1569 2271 1618 ratum
2344 1580 2374 1616 a
2433 1563 2692 1617 Bohemis
2763 1569 2817 1616 et
2861 1563 2973 1631 jam
3039 1559 3311 1615 redditum
3368 1561 3716 1617 Alemannis.

2095 1655 2344 1710 Exercitu
2382 1655 2565 1725 itaque
2605 1661 2713 1709 tam
2753 1653 3031 1709 laborioso
3062 1653 3256 1707 itinere
3311 1661 3532 1724 tamque
3564 1656 3722 1724 peri-

2095 1748 2282 1803 culoso
2313 1747 2383 1802 de
2403 1747 2666 1802 Bohemia
2697 1748 2984 1812 redeunte,
3043 1761 3146 1801 nec
3175 1745 3284 1799 sibi
3332 1762 3436 1800 nec
3473 1747 3608 1800 viris
3642 1747 3721 1802 fa-

2094 1839 2278 1911 tigatis
2322 1854 2425 1894 nec
2454 1839 2613 1910 equis
2638 1837 2968 1892 macillentis
2998 1837 3269 1908 pepercit,
3323 1854 3429 1892 nec
3459 1837 3550 1892 die
3583 1853 3723 1892 noc-

2096 1935 2266 2000 tuque
2290 1929 2584 2000 requievit,
2617 1929 2816 1995 donec,
2867 1928 2999 1983 illuc
3042 1927 3314 1982 festinans
3365 1945 3489 1984 cum
3518 1929 3723 1998 paucis

387 2049 530 2098 mur,
564 2048 635 2087 ne
682 2030 890 2086 diutius
929 2029 1070 2084 circa
1119 2029 1265 2084 idem
1328 2030 1684 2084 immorantes
1749 2029 1998 2103 pigritari
2098 2037 2237 2092 quos
2264 2022 2332 2076 de
2363 2022 2549 2076 multis
2578 2022 2781 2096 eligere
2805 2021 2985 2092 potuit
3006 2027 3060 2076 et
3091 2021 3136 2075 si
3167 2036 3276 2076 non
3308 2021 3457 2076 aliud
3487 2021 3617 2076 fecit
3651 2053 3719 2061 —

388 2123 694 2178 videamur.
720 2119 1030 2190 (An.1108,
1060 2120 1188 2189 Sept
1216 2117 1233 2188 )
1267 2119 1436 2191 Igitur
1463 2117 1999 2174 Bolezlavointerrae
2101 2130 2163 2168 se
2191 2113 2330 2169 velle
2364 2113 2620 2181 injuriam
2655 2113 2936 2168 vindicare
2969 2113 3148 2167 saltim
3181 2113 3424 2169 innotuit
3453 2146 3517 2154 ——
3549 2131 3722 2168 eum-

388 2214 639 2272 custodia
669 2213 1020 2284 persistente,
1062 2218 1115 2266 et
1149 2210 1344 2265 honori
1388 2211 1577 2281 patriae
1607 2211 1735 2266 totis
1787 2209 2000 2264 viribus
2101 2221 2208 2276 que
2250 2221 2444 2260 sanum
2509 2212 2563 2260 et
2610 2221 2721 2261 non
2778 2212 3095 2275 superatum
3172 2206 3451 2277 apparuit.
3532 2206 3730 2262 Nullus

391 2309 700 2373 insistente,
743 2305 976 2380 contigit
1013 2304 1152 2360 forte
1193 2303 1564 2358 Moravienscs
1590 2303 1871 2369 advenire,
1903 2318 2001 2357 vo-

390 2401 569 2460 lentes
597 2408 835 2456 castrum
886 2397 1046 2454 Kosle
1099 2396 1320 2462 Polonis
1361 2395 1739 2451 nescientibus
1788 2412 2003 2466 praeve-

394 2492 532 2546 nire.
565 2489 716 2544 Tunc
742 2502 962 2560 quoque
1002 2483 1324 2540 Bolezlavus
1350 2484 1618 2555 quosdam
1663 2484 1867 2554 probos
1906 2484 2007 2538 mi-

393 2580 522 2636 lites
547 2579 616 2634 ad
642 2576 866 2631 Batibor
888 2575 1000 2641 ηπ,
1027 2573 1072 2628 si
1117 2572 1378 2644 possibile
1410 2573 1506 2639 sit,
1537 2572 1872 2643 capiendum
1903 2575 2010 2628 mi-

395 2672 486 2733 sit.
520 2672 640 2742 ipse
680 2678 867 2724 tamen
899 2673 1192 2738 propterea
1241 2665 1325 2720 vel
1367 2665 1555 2720 venari
1606 2666 1689 2719 vel
1722 2666 2010 2737 quiescere

396 2774 510 2816 non
553 2756 780 2813 dimisit.
838 2755 919 2810 Illi
970 2768 1102 2810 vero
1145 2753 1305 2825 probi
1357 2753 1564 2808 milites
1627 2753 1916 2822 abeuntes,
1958 2762 2012 2810 et

394 2859 672 2909 certamen
726 2865 851 2903 cum
896 2845 1330 2902 Moraviensibus
1379 2845 1658 2909 ineuntes,
1715 2845 1790 2898 ibi
1844 2846 2001 2916 probi

394 2941 617 3013 quidam
655 2938 726 2992 de
759 2935 978 2992 l'olonis
1008 2935 1060 2988 in
1092 2933 1289 3005 proelio
1329 2941 1678 2996 corruerunt,
1733 2933 1868 2988 socii
1915 2944 2004 2989 ta-

2104 2296 2252 2351 enim
2279 2312 2340 2350 se
2369 2301 2560 2350 contra
2592 2310 2717 2348 eum
2749 2293 2818 2348 ad
2873 2294 3081 2348 bellum
3140 2297 3489 2365 praeparavit,
3539 2296 3730 2351 nullus

2105 2383 2252 2439 enim
2305 2382 2560 2437 redeunti
2624 2389 2967 2457 pugnaturus
3035 2382 3320 2452 obviavit,
3364 2392 3420 2439 et
3467 2385 3548 2439 sic
3618 2401 3724 2440 nec

2107 2477 2406 2548 dampnum
2437 2475 2647 2531 faciens
2678 2492 2781 2530 nec
2813 2476 3088 2547 recipiens
3116 2478 3402 2534 remeavit.

2181 2591 2268 2644 48.
2311 2591 2620 2646 Bolezlavus
2656 2591 2983 2662 Pomoranos
3023 2591 3236 2644 rebelles
3285 2597 3441 2662 capto
3476 2600 3656 2649 castro

2535 2662 2705 2716 Velun
2737 2661 2879 2730 (161)
2919 2665 3156 2729 castigat
3191 2662 3299 2717 ¹²⁸⁰.

2183 2753 2405 2810 Interim
2446 2753 2532 2786 ¹²⁸¹
2575 2753 2980 2824 aliquantulum
3014 2755 3171 2826 cquis
3227 2762 3281 2810 et
3310 2756 3580 2812 militibus
3625 2775 3725 2813 re-

2104 2846 2300 2901 creatis
2355 2845 2466 2911 ¹²⁸²,
2523 2845 2577 2898 in
2624 2845 3004 2900 Pomoraniam
3053 2846 3144 2880 ¹²⁸³
3191 2847 3372 2904 redire
3419 2858 3574 2920 parat
3620 2852 3732 2908 Bo-

2106 2942 2366 3009 lezlavus,
2394 2941 2588 2995 iterum
2632 2941 2724 2974 "5"
2753 2941 2820 2995 ad
2855 2941 3061 2997 bellum
3096 2943 3420 2999 cohortibus
3452 2946 3734 3002 instaura-

393 3049 522 3088 men
547 3045 738 3086 eorum
769 3037 826 3082 et
853 3025 1095 3081 victorias
1114 3040 1368 3094 campum
1401 3031 1454 3078 et
1475 3024 1764 3078 castellum
1795 3026 2007 3081 habue-
2037 3034 2085 3103 (ζ
2109 3035 2196 3090 iis,
2231 3034 2474 3089 Hostium
2510 3049 2641 3104 ergo
2666 3035 2755 3068 12⁸⁵
2787 3041 2986 3090 terram
3022 3035 3366 3109 ingrediens,
3430 3055 3543 3094 non
3577 3057 3734 3110 ρι-ερ-

395 3131 542 3179 runt.
571 3122 660 3175 Sic
688 3127 817 3173 sunt
848 3117 902 3172 in
950 3117 1142 3187 proelio
1175 3115 1542 3170 Moravienses
1587 3116 1926 3188 interempti,
1959 3131 2013 3176 et

393 3233 473 3273 sic
539 3216 618 3271 illi
674 3215 743 3269 de
790 3211 1022 3268 castello
1079 3211 1398 3285 ignorantes
1455 3211 1740 3282 mterrepti
1785 3212 2012 3268 1’"ﬁln-

397 3319 547 3366 terea
636 3305 906 3362 Henricus
1000 3304 1341 3374 imperator,
1415 3309 1645 3373 quartus
1719 3303 2008 3378 Ungariam

394 3401 658 3468 introivit,
691 3397 786 3454 ubi
821 3413 1011 3468 parum
1068 3395 1321 3450 utilitatis
1367 3394 1449 3448 vel
1496 3387 1721 3449 honoris
1764 3396 2009 3468 acquisi-

390 3493 470 3547 vit
500 3489 660 3562 (159).
691 3489 800 3544 Nos
827 3493 1012 3542 autem
1039 3485 1109 3539 de
1137 3483 1312 3557 gestis
1353 3484 1745 3552 imperatorum
1779 3485 1863 3538 vel
1901 3485 2011 3538 Un-

391 3595 649 3654 garorum
678 3579 746 3634 ad
771 3591 1016 3649 presens
1063 3589 1174 3629 non
1206 3581 1526 3640 tractamus,
1557 3573 1655 3626 sed
1690 3573 1808 3628 haec
1860 3589 2013 3628 com-

394 3671 755 3729 memorando
785 3667 1058 3725 Bolczlavi
1109 3667 1271 3720 fidem
1312 3675 1370 3720 et
1417 3664 1700 3720 audaciam
1751 3666 2014 3736 praedica-

397 3787 537 3827 mus.

714 3857 804 3912 46.
835 3856 1040 3910 Bellum
1064 3854 1307 3908 Bohemis
1332 3853 1547 3908 illatum
1579 3851 1688 3904 “75.

470 3952 594 4004 Erat
649 3948 799 4002 enim
839 3945 985 4000 inter
1016 3960 1199 4018 regem
1259 3945 1598 4018 Ungarorum
1653 3942 2012 3999 Colmannum

397 4048 452 4094 et
482 4039 681 4093 ducem
716 4033 958 4089 Poloniae
989 4032 1334 4087 Bolezlavum
1383 4032 1754 4101 conjuratum,
1791 4033 1938 4103 quod
1968 4033 2012 4087 si

400 4143 630 4202 regnum
685 4121 914 4178 alterius
960 4121 1260 4190 imperator
1318 4119 1590 4185 introiret,
1636 4119 1774 4174 alter
1821 4135 2012 4175 eorum

2113 3123 2212 3178 das
2237 3123 2486 3194 sequitur
2524 3123 2609 3177 vel
2637 3131 2910 3183 armenta.
2957 3125 3053 3179 sed
3089 3133 3328 3181 castrum
3385 3128 3556 3183 Velun
3589 3130 3747 3202 (162}

2112 3213 2375 3268 obsidens
2417 3213 2696 3268 machinas
2747 3224 3019 3284 praeparat
3047 3232 3113 3270 ac
3139 3217 3344 3272 diversi
3375 3219 3594 3290 generis
3646 3221 3740 3255 ¹²⁸⁶

2115 3303 2498 3359 instrumenta.
2533 3305 2597 3357 At
2634 3311 2826 3359 contra
2869 3305 3177 3372 castellani,
3235 3307 3356 3361 vitae
3386 3307 3734 3374 diffidentes,

2111 3393 2460 3448 solummodo
2503 3393 2588 3426 ¹²⁸τ
2625 3392 2680 3446 in
2709 3393 2876 3447 armis
2906 3393 3270 3460 confidentes,
3313 3399 3730 3468 prepugnacula

2112 3483 2376 3548 relevant,
2409 3485 2686 3539 destructa
2716 3494 2992 3554 reparant,
3027 3487 3195 3541 sudes
3228 3497 3640 3559 praeoccupatas
3673 3501 3728 3546 et

2113 3576 2326 3647 lapides
2358 3593 2575 3631 sursum
2609 3577 2843 3645 elevant,
2886 3578 3174 3634 obstruere
3207 3587 3393 3650 portas
3438 3581 3726 3639 festinant.

2113 3664 2380 3718 Machinis
2423 3665 2608 3736 itaque
2667 3667 2982 3736 praeparatis
3020 3676 3075 3722 et
3106 3668 3383 3723 universis
3442 3671 3532 3705 ¹²⁶⁸
3573 3673 3734 3728 adar-

2115 3753 2293 3821 matis,
2315 3753 2504 3810 Poloni
2536 3763 2774 3809 castrum
2799 3756 3047 3828 undique
3071 3758 3298 3814 viriliter
3321 3760 3586 3817 invadunt
3618 3765 3735 3830 ¹²⁸⁹,

2116 3842 2404 3898 Pomorani
2452 3860 2580 3899 vero
2622 3860 2730 3900 non
2768 3845 2951 3900 minus
3015 3847 3340 3902 defendunt.
3408 3850 3597 3905 Poloni
3635 3870 3740 3923 pro

2109 3932 2322 4002 justitia
2347 3941 2401 3988 et
2431 3934 2658 3990 victoria
2703 3935 2781 3990 sic
2817 3937 3016 3992 acriter
3047 3937 3396 4003 insistebant,
3440 3941 3734 3996 Pomorani

2117 4038 2215 4092 pro
2249 4024 2479 4078 naturali
2533 4022 2764 4094 perfidia
2805 4033 2861 4080 et
2898 4043 2994 4096 pro
3037 4027 3212 4082 salute
3241 4029 3598 4084 defendenda
3651 4048 3737 4086 re-

2114 4113 2384 4168 sistebant
2417 4113 2526 4166 m".
2592 4114 2782 4170 Poloni
2840 4115 3072 4187 gloriam
3122 4119 3479 4188 appetebant,
3534 4120 3737 4178 Pomo-

401 4215 620 4274 interim
663 4209 982 4268 Bohemiam
1025 4208 1372 4280 praepediret.
1412 4206 1640 4271 Quando
1688 4224 1820 4279 ergo
1846 4224 2015 4263 caesar
2116 4204 2234 4259 rani
2268 4203 2577 4260 libertatem
2608 4204 2983 4262 defendebant
3032 4207 3140 4262 “9'.
3177 4209 3254 4262 Ad
3308 4218 3614 4264 extremum
3651 4222 3738 4266 ta-

404 4307 693 4384 Ungariam
725 4299 987 4367 introivit,
1032 4298 1348 4354 Bolezlavus
1398 4313 1642 4369 quoque,
1696 4297 1858 4352 fidem
1891 4314 2008 4352 ser-
2034 4371 2085 4384 ﬁ
2115 4315 2240 4354 men
2272 4300 2361 4333 “93
2389 4299 2678 4355 Pomorani
2729 4302 3006 4356 continuis
3048 4304 3137 4336 1293
3179 4303 3461 4359 laboribus
3499 4315 3553 4360 et
3584 4308 3732 4379 vigi_

401 4371 556 4470 varis,
589 4397 867 4456 in'medio
905 4395 1167 4450 silvarum
1209 4392 1406 4464 proelio
1458 4393 1775 4457 commisso,
1836 4371 2207 4448 victorDIiis
2256 4392 2489 4463 fatigati,
2544 4408 2602 4446 se
2667 4409 2779 4448 non
2824 4410 2983 4465 posse
3062 4397 3228 4451 tantis
3285 4398 3543 4452 resistere
3606 4399 3742 4454 viri-

404 4493 719 4552 Bohemiam
761 4486 1093 4562 propedivit,
1119 4485 1212 4540 ubi
1246 4485 1422 4540 tribus
1451 4484 1652 4540 diebus
1673 4493 1728 4539 et
1759 4484 2014 4539 noctibus
2114 4481 2219 4536 bus
2256 4481 2588 4536 meditantes
2616 4484 2726 4550 ηπ,
2776 4484 2846 4538 dc
2893 4485 3071 4554 primo
3125 4487 3266 4541 fastu
3307 4487 3585 4557 superbiae
3627 4488 3737 4543 de-

401 4583 806 4645 comburrendo
837 4587 946 4636 tres
994 4576 1342 4634 castellanias
1373 4577 1461 4610 ¹²⁷⁷
1503 4591 1784 4647 unumque
1815 4575 2016 4631 subur—
2115 4574 2472 4643 scendentes,
2495 4590 2617 4630 sese
2635 4575 3023 4647 catcllumque,
3052 4587 3272 4650 recepta
3299 4579 3573 4635 Bolezlavi
3597 4581 3744 4636 οίι-ο-

1752 4732 1974 4789 VARIA'J
2020 4731 2397 4788 LECTIONES.

1394 4879 1481 4946 um
1521 4862 1568 4916 l.
1613 4861 1663 4916 2.
1740 4862 1870 4946 .‘m
1892 4863 2284 4946 Argumentum
2323 4861 2482 4946 edit.“
2511 4862 2676 4946 Versa
2712 4877 2769 4946 ρ.
2967 4863 3111 4946 deest
3174 4866 3222 4918 1.

1351 4935 1440 4968 "7“
1469 4939 1846 5001 argumentum
1883 4934 2014 4987 edit.
2075 4935 2229 4987 Vars.
2276 4949 2332 5002 ρ.
2379 4933 2484 4986 228
2537 4934 2677 4986 deest
2722 4935 2772 4986 1.
2839 4933 2891 4985 2.
3009 4933 3488 4990 "77castellanuas
3571 4941 3731 4994 codd.

1386 5005 1492 5059 229
1541 5006 1683 5060 deest
1737 5007 1785 5058 1.
1821 5004 1853 5058 2
1930 5004 2062 5078 U97?
2090 5004 2434 5078 tradiderunt
2486 5004 2738 5078 2.7»“939
2767 5009 3145 5078 argumentum
3175 5006 3303 5059 edit.
3347 5009 3504 5061 Vars.
3546 5011 3732 5078 p.231

1926 5075 2009 5109 ¹²⁸¹
2049 5073 2240 5129 iterum
2271 5075 2324 5126 2.
2379 5075 2413 5130 3
2548 5075 2637 5108 ¹²⁸²
2668 5074 2836 5145 igitur
2861 5075 3180 5130 Bolezlavus
3203 5093 3307 5145 pro
3329 5094 3358 5131 a
3409 5095 3459 5132 e.
3495 5073 3653 5134 eim.
3692 5099 3734 5136 r.

565 5158 655 5193 ¹²⁸³
685 5145 1063 5211 Pomaraﬁiam
1093 5151 1146 5204 3.
1249 5149 1337 5182 ¹²³³
1365 5148 1421 5203 Β.
1457 5147 1490 5201 i.
1521 5145 1716 5203 desunt
1740 5147 1791 5203 3.
1909 5147 1998 5180 ³³⁸⁵⁵
2030 5146 2172 5221 deest
2211 5147 2262 5199 3.
2368 5147 2460 5180 ¹²⁸⁶
2489 5152 2544 5200 et
2569 5145 2913 5200 diversorum
2961 5163 3228 5219 generum
3277 5165 3373 5215 pro
3405 5165 3454 5202 a.
3489 5150 3543 5205 d.
3674 5151 3732 5208 3.

411 5231 501 5256 nn
524 5231 701 5256 ...δην-ρ.
743 5225 774 5256 ⁸)
870 5223 960 5256 1288
999 5219 1393 5256 nniunmihncl
1468 5219 1503 5256 θ
1603 5220 1691 5253 1989
1718 5223 2036 5256 nnnnannnl
2068 5218 2100 5256 ξι
2221 5217 2309 5250 ¹²90
2350 5216 2538 5256 Dnlnni
2585 5217 3114 5256 twn—rnciclnlmnl
3147 5219 3337 5256 [Im-un!
3387 5221 3419 5256 ρ
3525 5223 3589 5256 129
3645 5221 3717 5256 Dn

411 5216 501 5267 ῖ²⁸⁷
523 5231 703 5286 solum
742 5225 795 5283 3.
870 5223 960 5258 ¹²³⁸
999 5219 1420 5276 universibusl.
1468 5219 1522 5272 2.
1603 5220 1691 5253 ¹²⁸⁹
1718 5223 2041 5289 oppugnant
2067 5218 2120 5271 3.
2221 5217 2309 5250 "9°
2345 5216 2541 5289 Poloni
2585 5216 3119 5289 pro—resistebant
3147 5219 3337 5273 desunt
3386 5221 3437 5274 3.
3525 5216 3609 5256 "97
3645 5221 3742 5279 Po-

411 5303 524 5359 loni
550 5298 782 5376 gloriam
803 5326 866 5336 —
896 5291 1271 5350 defendebant
1290 5290 1550 5346 desunt2.
1638 5291 1727 5323 "9’
1755 5288 1925 5363 Igitur
1951 5304 2052 5358 pro
2095 5290 2152 5340 A.
2179 5305 2229 5343 e.
2263 5298 2297 5341 t.
2333 5288 2383 5343 3.
2482 5289 2570 5322 ¹²ε¹³
2598 5291 2745 5343 deest
2773 5288 2825 5344 3.

1986 5419 2190 5475 NOT/E.

478 4871 566 4910 ¹²⁷¹
600 4870 668 4927 ab
699 4869 752 4925 1.
807 4868 860 4923 2.
966 4865 1057 4902 ¹²⁷²
1074 4863 1481 4921 contumacium
1521 4862 1568 4916 l.
1613 4861 1663 4916 2.

407 4949 507 5004 bor
559 4945 613 4999 2.
709 4937 1133 5007 m“interempti
1176 4938 1230 4992 1.

407 5019 501 5054 "7'
523 5016 898 5085 argumentum
949 5004 1255 5085 edit—Vara.
1291 5005 1492 5085 p._229
1541 5006 1703 5085 deest.
1737 5007 1787 5085 1_._
1821 5004 1853 5058 2

407 5091 549 5146 deest
580 5079 631 5142 1.
661 5087 716 5140 2.
744 5089 794 5139 et
838 5082 891 5136 3.
925 5083 1022 5152 qui
1065 5080 1160 5152 hoc
1202 5080 1557 5152 mediterrth
1593 5079 1789 5152 incipit

3428 4865 3517 4899 ¹²⁷⁵
3552 4867 3740 4923 Rathi-

3009 4933 3488 4990 "iicastellanuas
3571 4941 3731 4994 codd.

2918 5290 3006 5322 129‘
3023 5289 3272 5344 meditari
3311 5295 3354 5344 1.
3389 5291 3441 5346 2.
3473 5294 3528 5346 3.

483 5561 628 5631 (159)
655 5561 898 5627 Cosmas,
924 5579 1004 5629 III,
1025 5561 1118 5616 22.
1141 5561 1201 5616 K.

485 5630 626 5700 (160)
649 5631 830 5697 Uscie,
870 5633 937 5686 ad
968 5634 1024 5688 fl.
1059 5633 1248 5698 Notec,
1281 5635 1459 5690 Netze.
1503 5633 1557 5686 S.

2200 5555 2342 5624 (I61)
2376 5555 2613 5621 Wielen,
2651 5577 2674 5606 (ι
2713 5557 2953 5612 Ylleenne
2982 5559 3050 5614 ad
3077 5560 3132 5612 fl.
3172 5560 3334 5614 Nelze
3365 5559 3417 5612 S.

2195 5628 2340 5696 (162)
2371 5626 2500 5682 Sall.
2533 5627 2656 5699 Jug.
2693 5628 2779 5682 94.
2815 5629 2869 5685 s.
