3920 6054
1560 319 1753 378 LIBER
1793 318 2152 378 SECUNDUS.

3397 319 3508 381 910

181 461 306 510 teca
343 451 434 487 ¹²⁹⁶
467 466 563 524 pro
592 452 844 526 pignore,
893 450 1254 508 reddiderunt
1310 451 1402 486 ¹²⁹⁶
1445 453 1568 522 (An.
1612 449 1794 510 “08).
1820 453 1876 522 Α
1901 450 1978 506 ibi
2007 451 2133 522 plus
2161 467 2325 522 quam
2367 449 2656 506 GOO-aiunt
2706 449 2980 518 interisse,
3021 451 3376 523 praedamque
3425 460 3510 510 to-

185 544 249 596 At
278 541 468 598 Poloni
509 548 587 598 tot
625 541 844 598 labores
908 541 1018 608 “9",
1071 547 1152 598 tot
1188 549 1394 596 mortes
1447 547 1527 596 tot
1569 557 1794 612 asperas

190 631 421 696 hiemes,
479 638 560 688 tot
609 631 932 686 traditiones
999 637 1055 686 et
1113 630 1342 686 insidias
1404 636 1794 698 memorantes,

187 735 386 776 omnes
423 719 706 788 occidunt,
749 720 884 775 nulli
923 727 1234 792 parcentes,
1279 737 1383 777 nec
1422 721 1599 794 ipsum
1631 723 1796 777 etiam

195 815 538 871 Bolezlavum
561 817 666 872 hoc
688 815 1074 888 prohibentem
1104 817 1410 874 audientes.
1433 819 1632 891 Sicque
1652 835 1798 891 pau-

193 907 346 964 latim
377 909 618 965 rebelles
640 916 695 966 et
720 919 1078 967 contumaces
1110 911 1401 970 Pomorani
1430 930 1530 986 per
1561 913 1803 969 Bolezla—

195 1015 322 1053 vum
385 999 758 1062 destruuntur,
815 999 962 1056 sicut
991 1000 1118 1070 jure
1169 1002 1366 1072 perfidi
1420 1003 1627 1058 destrui
1699 1003 1801 1058 de-

199 1089 333 1145 bent
360 1090 472 1144 "9°.
522 1089 811 1145 Castellum
849 1106 982 1147 vero
1015 1091 1332 1148 Bolezlavus
1362 1092 1563 1148 melius
1613 1093 1680 1148 ad
1713 1107 1802 1148 re-

199 1183 484 1238 linendum
523 1182 815 1238 affirmavit
840 1183 952 1246 “9°,
984 1199 1165 1256 eoque
1193 1185 1286 1219 ¹³⁰⁰
1306 1186 1515 1241 munito
1547 1200 1804 1240 necessa-

200 1274 316 1341 riis,
348 1289 480 1330 suos
509 1273 588 1329 ibi
619 1274 826 1330 milites
853 1275 1145 1332 collocavit

197 1424 286 1478 49.
327 1427 574 1480 Sexcenti
595 1427 955 1480 Pomoraniin
984 1427 1222 1480 Mazovia
1247 1431 1378 1480 sunt
1401 1427 1665 1494 perempti
1694 1424 1780 1458 ¹⁸⁰¹

274 1553 390 1623 (Αη
475 1550 654 1621 1109.)
707 1551 973 1626 Sequenti
1021 1559 1204 1608 tamen
1245 1561 1433 1609 aestate
1490 1554 1808 1629 congregati

204 1644 540 1700 transierunt
571 1644 626 1698 in
665 1645 960 1701 Mazoviam
993 1646 1086 1681 ¹³⁰²
1117 1647 1355 1716 prtedam
1387 1660 1584 1716 capere
1617 1645 1810 1700 Pomo-

1897 555 2006 603 tam
2040 543 2147 598 illis
2175 548 2228 597 et
2275 540 2522 612 captivos
2577 539 2951 596 Mazovienses
3004 539 3319 607 abstulisse,
3363 543 3509 598 resi-

1897 635 2036 690 duos
2075 646 2298 704 quoque
2327 629 2414 686 vel
2444 628 2568 700 capi
2601 643 2712 685 non
2749 636 2834 685 est
2875 622 3104 684 dubium
3135 629 3222 685 vel
3278 628 3508 706 fugisse.

1901 726 2115 798 Quippe
2137 725 2364 795 Symon,
2397 721 2543 778 illius
2571 721 2816 796 regionis
2861 721 2948 756 ¹³¹¹
2993 723 3210 794 praesul,
3233 721 3364 779 Oves
3386 739 3515 779 suas

1903 816 2110 888 lupinis
2157 813 2435 871 mersibus
2483 812 2746 868 laceratas
2785 811 3054 868 luctuosis
3109 811 3340 868 vocibus
3387 828 3510 868 cum

1902 904 2017 960 suis
2045 903 2283 972 clericis,
2325 900 2516 957 infulis
2546 901 2775 956 indutus
2816 899 3251 958 sacerdotalibus
3283 899 3399 982 '3",
3423 919 3515 958 se-

1903 999 2180 1072 quebatur
2209 1006 2263 1054 et
2290 995 2438 1071 quod
2484 997 2652 1053 armis
2679 997 2784 1052 sibi
2818 995 3190 1054 materialibus
3246 1012 3357 1055 non
3383 997 3520 1054 lice-

1905 1092 2016 1157 bat,
2049 1092 2154 1146 hoc
2203 1089 2373 1144 armis
2415 1087 2682 1160 perﬁcere
2729 1087 3112 1160 spiritualibus
3139 1097 3195 1144 et
3248 1089 3520 1146 orationi-

1907 1189 2010 1243 bus
2044 1185 2324 1242 nitebatur
2375 1185 2486 1240 ¹³¹³.
2547 1184 2608 1239 Et
2635 1184 2780 1240 sicut
2835 1185 3142 1259 antiquitus
3197 1186 3293 1242 ﬁlii
3353 1179 3520 1247 Israel

1907 1277 2271 1336 Amalechitas
2299 1274 2648 1332 orationibus
2675 1275 2875 1348 Moysis
2923 1277 3015 1312 ¹³¹⁴
3065 1277 3411 1346 devicerunt,
3444 1279 3518 1334 ita

1906 1383 2036 1425 vero
2079 1368 2169 1402 ¹³¹δ
2213 1364 2586 1421 Mazovienses
2633 1365 2700 1420 de
2745 1363 3064 1421 Pomoranis
3103 1367 3384 1422 victoriam
3438 1367 3523 1422 sui

1912 1458 2186 1532 pontiﬁcis
2236 1457 2328 1491 ¹³¹⁶
2355 1455 2534 1528 adjuti
2577 1455 2840 1527 precibus
2882 1455 3208 1513 habuerunt.
3257 1459 3523 1530 Sequenti

1910 1551 2076 1606 etiam
2116 1549 2207 1604 die
2251 1548 2374 1602 dum
2405 1546 2668 1602 mulieres
2706 1545 2858 1620 fraga
2909 1563 3010 1619 per
3058 1548 3218 1604 devia
3255 1549 3526 1622 legentes,

1913 1655 2024 1696 uno
2050 1639 2224 1694 milite
2272 1638 2703 1693 Pomoranorum
2743 1636 2969 1694 invento
3008 1653 3201 1694 novam
3242 1638 3527 1694 victoriam

203 1732 342 1786 rani.
363 1733 470 1788 Sed
492 1733 634 1789 sicut
665 1734 772 1790 sibi
802 1735 1176 1792 Mazovienses
1206 1735 1450 1807 praedam
1481 1733 1664 1790 facere
1684 1741 1813 1790 sunt
1842 1794 1886 1807 n
1913 1733 2242 1799 retulerunt,
2275 1745 2440 1803 quem
2485 1730 2650 1784 armis
2678 1737 2927 1798 exutum,
2962 1730 3380 1806 religatis,|post
3408 1739 3526 1788 ter-

205 1821 408 1884 conati,
441 1823 522 1878 sic
551 1824 621 1877 ab
680 1824 771 1858 ¹³⁰³
820 1825 954 1895 ipsis
981 1825 1416 1882 Masoviensibus
1459 1825 1646 1896 prazda
1692 1823 1810 1880 ﬁeri
1841 1794 1891 1862 Β
1911 1841 2039 1898 gum
2070 1824 2323 1880 manibus
2355 1823 2411 1877 in
2453 1822 2750 1894 praesentia
2779 1822 2999 1878 comitis
3038 1833 3094 1879 et
3127 1822 3406 1896 pontificis
3430 1825 3531 1879 ad-

203 1920 334 1968 sunt
371 1915 566 1970 coacti.
595 1916 702 1986 lpsi
734 1932 934 1988 nempe
975 1918 1066 1952 ¹³⁰⁵
1099 1933 1198 1990 per
1225 1917 1516 1973 Mazoviam
1548 1917 1814 1972 cursitan-

208 2011 310 2069 tes,
347 2005 584 2074 praedam
630 2013 684 2060 et
722 2007 976 2078 captivos
1025 2014 1429 2084 congregantes
1476 2017 1531 2063 ct
1579 2007 1813 2063 aediﬁcia

206 2104 628 2152 concremantes
667 2097 778 2164 13°“,
805 2099 918 2167 jam
972 2099 1151 2154 securi
1200 2115 1324 2154 cum
1366 2099 1550 2170 praeda
1596 2097 1815 2153 stabant

206 2204 316 2248 nec
343 2192 411 2247 de
461 2189 609 2246 bello
648 2190 995 2246 dubitabant.
1033 2191 1096 2247 Et
1141 2207 1290 2258 ecce,
1349 2207 1536 2248 comes
1592 2191 1814 2248 nomine

199 2283 448 2358 Magnus,
465 2283 560 2355 qui
593 2289 723 2338 tunc
753 2281 1049 2338 Mazoviam
1085 2283 1309 2355 regebat
1341 2283 1456 2350 ‘30“,
1489 2299 1612 2338 cum
1644 2283 1815 2338 Mazo-

199 2373 501 2442 viensibus,
521 2373 711 2444 paucis
725 2371 953 2444 quidem
984 2388 1237 2440 numero,
1267 2373 1543 2444 probitate
1563 2388 1694 2429 vero
1723 2373 1812 2408 ¹³⁰⁷

200 2464 510 2520 numerosis
539 2464 652 2532 ‘3“,
695 2471 885 2520 contra
917 2464 1104 2536 plures
1148 2473 1204 2520 et
1231 2465 1668 2520 innumerabiles
1717 2481 1814 2537 pa—

200 2570 378 2630 ganos
398 2555 662 2610 horribile
689 2554 942 2626 prmlium
977 2555 1198 2612 intravit
1229 2557 1338 2624 ’3‘”,
1366 2555 1462 2611 ubi
1492 2557 1636 2611 Deus
1658 2572 1813 2612 suam

202 2643 661 2715 omnipotentiam
703 2643 997 2711 revelavit;
1040 2660 1278 2716 namque
1334 2645 1426 2679 ¹³¹⁰
1476 2643 1544 2700 de
1587 2647 1816 2721 paganis

1912 1918 2206 1972 duxerunt.

2126 2006 2216 2063 50.
2244 2007 2594 2063 Bohemorum
2629 2012 2682 2061 et
2711 2006 2962 2076 Zbignevi
2983 2008 3158 2063 clades
3191 2008 3309 2064 “‘7.

1984 2098 2246 2173 Zbignevi
2275 2113 2496 2170 quoque
2523 2097 2726 2152 milites
2755 2112 2880 2152 cum
2922 2097 3178 2154 Bohemis
3209 2116 3308 2178 per
3338 2100 3526 2176 regio-

1915 2205 2042 2244 nem
2075 2189 2166 2223 ¹³¹³
2191 2187 2542 2243 Zleznensem
2575 2185 2666 2220 ¹³¹⁹
2691 2185 3077 2256 ἀθρηεάίωιεε
3094 2195 3150 2242 et
3165 2202 3530 2245 concreman-

1914 2290 2015 2343 tes.
2039 2279 2206 2337 simili
2247 2278 2547 2336 infortunio
2575 2278 2644 2333 ab
2678 2279 2816 2350 ipsis
2845 2276 3106 2346 affinibus
3137 2279 3229 2314 ¹³²⁰
3258 2281 3529 2352 superati,

1913 2375 2137 2448 quidam
2169 2389 2301 2430 vero
2331 2373 2516 2444 capiti,
2543 2371 2766 2444 quidam
2793 2370 2980 2446 gladio
2997 2369 3236 2447 jugulati
3274 2372 3382 2429 ‘3“.
3417 2371 3530 2426 Hiis

1913 2474 2096 2522 autem
2130 2465 2435 2521 minoribus
2487 2464 2800 2536 praetaxatis
2846 2463 3248 2537 aliquantisper
3277 2464 3531 2538 quiesca-

1913 2572 2060 2623 mus,
2114 2564 2174 2610 ut
2219 2559 2534 2610 contextum
2583 2553 2652 2609 de
2708 2552 3009 2622 majoribus
3063 2553 3264 2608 librum
3304 2551 3526 2608 tertium

1915 2648 2206 2704 adeamus.

970 2772 1269 2828 EXPLICIT
1307 2773 1497 2829 LIBER
1539 2774 1902 2845 SECUNDUS,
1955 2774 2203 2831 INCIPIT
2243 2773 2438 2830 LIBER
2475 2773 2776 2832 TERTIUS.

1240 2940 1632 3028 LIBER
1714 2939 2291 3029 TERTIUS
2344 2937 2500 3027 ‘3”.

546 3117 741 3187 Incipit
771 3117 989 3186 epistola
1030 3120 1176 3172 tertii
1200 3117 1325 3172 libri
1355 3118 1464 3173 ‘3”.
1843 3123 1893 3188 ρ
1917 3133 2035 3172 mea
2057 3121 2146 3174 sed
2171 3123 2347 3174 vestra
2376 3115 2466 3152 ¹³³²
2491 3119 2765 3188 percipite,
2809 3132 2919 3174 non
2945 3117 3171 3185 fabrum
3197 3117 3302 3187 :sed
3329 3130 3534 3172 aurum

269 3209 566 3277 Capeltanis
603 3208 882 3263 ducalibus
919 3210 1238 3264 venerandis
1275 3210 1504 3278 aliisque
1546 3210 1636 3244 ¹³²δ
1663 3210 1814 3266 bonis
1915 3210 2238 3280 perpendite,
2271 3225 2382 3265 non
2407 3225 2537 3264 vasa
2559 3209 2652 3264 sed
2679 3224 2872 3264 vinum
2900 3209 3110 3274 ebibite.
3143 3213 3209 3262 Et
3244 3211 3318 3264 si‘
3341 3209 3531 3276 forsan

205 3299 410 3352 clericis
434 3312 531 3366 per
579 3298 855 3352 Poloniam
899 3299 1261 3353 memorandis
1299 3302 1575 3368 praesentis
1629 3305 1820 3354 auctor
1918 3301 1978 3352 in
2015 3299 2111 3352 hoc
2133 3311 2286 3366 opere
2309 3297 2593 3352 verborum
2629 3297 2934 3350 nuditatem
2981 3301 3272 3364 accusatis,
3324 3313 3394 3352 ea:
3434 3298 3538 3352 hiis

205 3391 465 3459 apusculi,
491 3393 569 3444 sic
592 3389 731 3444 bona
763 3389 1076 3457 temporalia
1121 3393 1414 3459 praeterire,
1446 3397 1507 3445 ut
1533 3391 1694 3446 liceat
1729 3405 1817 3445 eac-
1917 3388 2103 3442 saltim
2125 3385 2214 3419 ¹³³³
2229 3388 2521 3440 materiam
2539 3387 2813 3441 tractandi
2822 3387 3150 3455 profundius
3180 3386 3269 3420 ³³³⁸
3286 3393 3337 3442 et
3359 3402 3535 3456 argu-

205 3481 378 3550 pedite
413 3479 477 3532 de
511 3479 728 3533 caducis
758 3479 828 3531 ad
851 3481 1231 3546 permanentia
1253 3479 1542 3534 transilire.
1577 3481 1820 3533 Primum
1920 3481 2214 3533 mentosius
2261 3477 2520 3531 habeatis.
2559 3476 2750 3540 Quodsi
2798 3492 2942 3546 reges
2981 3479 3198 3534 Polonos
3245 3480 3327 3533 vel
3381 3479 3540 3533 duces

208 3573 456 3627 omnium
472 3585 561 3624 vos
587 3571 723 3624 scire
747 3570 879 3634 volo,
903 3571 1102 3635 fratres
1129 3573 1417 3637 carissimi,
1447 3574 1575 3640 quia
1604 3576 1824 3625 tantum
1923 3573 2080 3639 fastis
2109 3571 2354 3640 indignos
2382 3569 2714 3624 annualibus
2755 3568 2845 3603 ¹⁸³³
2859 3571 3143 3640 judicatis,
3174 3585 3404 3640 regnum
3431 3575 3538 3625 Po-

209 3681 339 3735 opus
369 3679 480 3718 non
508 3664 622 3718 ideo
650 3667 801 3733 coepi,
837 3671 899 3718 ut
926 3679 1021 3733 per
1049 3667 1144 3720 hoc
1161 3665 1406 3730 fimbrias
1442 3681 1574 3720 mea:
1599 3665 1828 3735 pusilla-
1927 3661 2085 3716 ionice
2102 3659 2292 3728 procul
2337 3657 2498 3713 dubio
2546 3657 2866 3727 quibuslibet
2923 3659 3142 3716 incultis
3181 3659 3540 3716 barbarorum

211 3755 481 3809 nimitatis
537 3752 846 3815 dilatarem,
904 3768 1004 3807 nec
1062 3759 1123 3808 ut
1171 3757 1412 3822 patriam
1452 3754 1533 3808 vel
1580 3759 1830 3823 parentes
1927 3751 2240 3805 nationibus
2268 3750 2546 3804 addicatis.
2595 3753 2659 3803 Et
2683 3752 2732 3804 si
2757 3751 2896 3816 forte
2913 3748 3228 3822 :proponitis
3259 3766 3344 3806 me
3379 3751 3544 3806 talem

210 3858 349 3897 meos
381 3841 480 3875 “"5
497 3842 626 3896 exul
653 3841 804 3910 apud
838 3856 926 3896 vos
965 3847 1014 3896 et
1036 3845 1352 3911 peregrinus
1393 3842 1484 3876 ¹³²⁸
1508 3844 1828 3908 exaltarem,

210 3935 300 3989 sed
347 3939 408 3988 ut
463 3931 554 3966 ¹³¹⁷
587 3933 822 4002 aliquem
865 3934 1110 4000 fructum
1165 3937 1273 3988 mei
1319 3935 1513 3988 laboris
1551 3934 1622 3988 ad
1658 3933 1834 3989 locum

213 4041 346 4081 mem
379 4030 720 4096 professionis
761 4034 1110 4096 reportarem.
1155 4031 1288 4082 Item
1326 4029 1478 4082 aliud
1511 4033 1701 4082 vestrae
1726 4027 1836 4081 dis-

218 4119 444 4171 cretioni
487 4117 800 4183 manifesto,
839 4119 967 4186 quia
1021 4116 1111 4150 ¹³²⁸
1149 4130 1259 4170 non
1300 4122 1361 4171 ut
1406 4132 1493 4171 me
1527 4118 1685 4186 quasi
1706 4123 1836 4172 cete-

218 4209 294 4260 ris
334 4205 423 4239 '3”
451 4206 783 4275 praeferendo
824 4206 906 4259 vel
942 4208 1100 4274 quasi
1118 4206 1490 4273 facundiorem
1513 4209 1572 4260 in
1596 4219 1838 4260 sermone

217 4294 493 4360 referendo
513 4296 659 4349 hunc
677 4293 913 4349 laborem
927 4296 1154 4362 suscepi,
1175 4295 1266 4348 sed
1287 4301 1346 4349 ut
1365 4297 1535 4350 otium
1555 4298 1833 4363 evitarem,

219 4387 270 4437 et
297 4383 539 4438 dictandi
567 4383 1007 4438 consuetudinem
1042 4397 1432 4446 conservaram,
1463 4389 1605 4438 etne
1628 4386 1839 4451 frustra

216 4486 417 4541 panem
467 4473 780 4528 Polonicum
832 4473 1244 4526 manducarem.
1291 4473 1518 4542 Insuper
1558 4476 1725 4529 etiam
1753 4489 1838 4528 co—

223 4566 370 4634 piosa
401 4563 660 4619 bellorum
697 4567 929 4619 materia
979 4565 1050 4618 ad
1072 4564 1511 4633 prtesumendum
1542 4580 1679 4620 onus
1707 4568 1837 4620 viri-

224 4661 321 4716 bus
360 4662 624 4729 ianuale
653 4676 828 4715 meam
858 4663 1228 4730 ignorantiam
1266 4663 1542 4726 excitavit,
1570 4662 1840 4729 ipsiusque

229 4750 491 4804 Boleztavi
518 4749 756 4818 belligeri
779 4749 871 4782 ¹³³⁰
910 4750 1061 4806 ducis
1095 4750 1334 4819 probitas
1382 4765 1448 4804 ac
1472 4751 1839 4818 magnanimi-

229 4838 313 4894 tas
342 4837 580 4892 audendi
633 4836 718 4870 ¹³³¹
759 4837 1020 4900 ﬁduciam
1041 4840 1391 4894 ministravit.
1432 4839 1685 4900 Quocirca
1729 4852 1840 4894 non

1933 3841 2157 3909 talisque
2193 3840 2319 3892 vitae
2365 3838 2653 3907 indignum
2699 3839 2834 3893 talia
2877 3843 3294 3912 praesumpsisse,
3323 3854 3544 3912 respon-

1931 3934 2077 4001 debo,
2103 3933 2238 3988 bella
2275 3947 2464 4002 regum
2491 3938 2653 4002 atque
2679 3933 2902 4000 ducum,
2940 3947 3050 3990 non
3077 3935 3419 4003 evangelium
3462 3949 3548 3989 me

1938 4026 2223 4093 scripsisse.
2259 4023 2574 4091 Numquam
2600 4024 2750 4077 enim
2784 4024 2938 4090 fama
2966 4023 3059 4058 ³³³⁸
3093 4025 3174 4080 vel
3208 4026 3411 4080 militia
3449 4028 3550 4078 Ro-

1937 4129 2229 4170 manorum
2251 4113 2330 4168 vel
2357 4114 2632 4169 Gallorum
2661 4117 2740 4170 sic
2769 4114 2856 4148 ¹³³⁷
2886 4115 3232 4172 celeberrima
3257 4131 3355 4185 per
3378 4131 3549 4170 mun-

1938 4207 2070 4262 dum
2098 4205 2404 4271 haberetur,
2455 4208 2562 4260 nisi
2586 4208 2911 4274 scriptorum
2940 4210 3256 4263 testinwniis
3281 4209 3552 4278 memoria

1935 4301 2268 4365 (osterorum
2291 4301 2342 4348 et
2363 4293 2453 4327 im
2473 4295 2771 4348 imitationi
2795 4301 3119 4350 servaretur.
3148 4297 3386 4350 Maxi'na
3412 4310 3546 4364 quo-

1937 4399 2039 4454 que
2069 4387 2221 4453 Troja
2275 4381 2365 4416 ¹³³⁹
2389 4383 2638 4451 quamvis
2665 4381 2937 4438 destructa
2972 4383 3192 4452 jacebat
3235 4390 3287 4438 et
3322 4384 3550 4465 deserta,

1937 4481 2152 4530 wterna:
2179 4480 2363 4528 tamen
2386 4473 2656 4526 memoria
2679 4477 2962 4540 poetarum
3007 4473 3194 4542 tytulis
3221 4480 3300 4530 est
3321 4475 3550 4528 incerta.

1939 4567 2078 4619 Muri
2105 4565 2364 4632 cocequati
2394 4561 2505 4628 '3‘”,
2539 4566 2714 4615 turres
2745 4561 3032 4617 destructa:
3050 4564 3259 4632 jacent,
3282 4545 3400 4618 Iaca
3427 4575 3554 4631 spa-

1936 4660 2076 4712 ciosa
2097 4661 2149 4710 et
2171 4671 2390 4710 amtena
2404 4655 2706 4711 habitatore
2723 4659 2933 4721 carent,
2961 4657 3022 4709 in
3046 4655 3267 4724 palatiis
3284 4667 3476 4723 regum
3503 4656 3558 4708 et

1934 4749 2247 4816 principum
2289 4746 2466 4802 lustra
2493 4748 2742 4814 ferarum
2766 4753 2818 4802 et
2864 4746 3068 4802 cubilia
3113 4751 3311 4802 secreta
3360 4746 3556 4812 latent,

1941 4841 2104 4908 Trojte
2134 4835 2220 4872 ¹³⁴¹
2255 4843 2438 4893 tamen
2467 4841 2727 4906 Pergama
2757 4837 2850 4872 ¹³⁸²
2879 4839 3076 4910 ubique
3117 4837 3552 4894 terrar.¢m:scri—

1590 4959 1809 5015 VARIIE
1837 4957 2216 5015 LECTIONES.

310 5062 728 5134 imicyrotheca
753 5061 805 5118 3.
879 5063 971 5099 “9‘
997 5061 1343 5134 tradiderunt
1379 5061 1433 5134 3.

243 5134 298 5192 3.
387 5131 476 5168 ¹³⁰ί
506 5139 892 5202 argumentum
920 5135 1031 5189 cod.
1065 5135 1120 5188 3.
1153 5135 1295 5189 deest
1321 5133 1373 5186 1.
1395 5131 1450 5186 2.

245 5203 336 5240 ¹³⁰⁵
365 5212 787 5259 concrementes
839 5204 890 5259 3.

995 5204 1301 5286 mimi:
1331 5202 1572 5286 regebat.
1604 5203 1799 5286 ἀρειέηε
1840 5201 1898 5286 .3.-.

1523 5061 1700 5133 mit.
1713 5059 1780 5133 Al.
1800 5061 1994 5133 desunt
2023 5057 2075 5116 3.
2137 5057 2436 5133 [muselent
2461 5058 2516 5114 2.
2598 5059 2690 5133 '3”
2720 5057 2954 5133 ﬁrmavit
3123 5059 3214 5095 ¹³⁰⁰
3245 5074 3312 5118 eo
3341 5074 3563 5133 quoque

1567 5131 1658 5166 ³³⁸³
1681 5130 2037 5186 Maiozoviam

2129 5128 2182 5183 2.
2218 5127 2312 5164 ¹³⁰³
2357 5129 2425 5186 de
2449 5145 2548 5188 pro
2596 5129 2676 5185 sic
2717 5130 2788 5186 ab
2819 5129 2871 5188 3.

2985 5131 3074 5168 ¹³⁰⁸
3105 5129 3377 5202 namque'
3398 5131 3451 5202 2.
3478 5129 3562 5202 ’3.

2004 5199 2092 5235 ¹⁸⁰⁷
2107 5206 2284 5273 atque
2342 5199 2548 5273 viribus
2571 5272 2578 5273 ί
2597 5202 2652 5273 73.

2774 5199 2862 5234 ¹³⁰⁶
2890 5216 3215 5258 numerosos
3237 5199 3382 5256 male
3431 5201 3480 5256 l.
3510 5201 3566 5258 2.

255 5273 346 5311 ’³0⁸
375 5275 620 5330 introivit
647 5276 700 5330 3.
785 5275 876 5311 ¹³¹⁰
906 5291 1030 5330 nam
1069 5270 1142 5332 3.’
1202 5276 1288 5310 ¹³¹¹
1323 5270 1605 5379 religionis
1629 5275 1679 5328 l.
1706 5275 1762 5330 2.
1840 5273 1931 5308 ¹³¹²
1961 5270 2376 5344 pontiﬁcalibus
2405 5272 2459 5327 3.
2543 5272 2633 5306 ⁸³⁸³
2657 5271 2942 5348 satagebat
2981 5271 3032 5328 3.
3112 5273 3198 5306 ¹³¹⁵
3225 5270 3398 5344 Moysi
3427 5270 3479 5328 l.
3511 5272 3571 5328 2.

255 5346 282 5379 ’.ἱ
391 5345 483 5379 1815
506 5361 650 5379 ηιιηιι
675 5347 708 5379 '1
844 5347 934 5379 I316
960 5345 1220 5379 ηηοῖοιῖοἷα
1252 5347 1285 5379 Q
1401 5346 1415 5379 1
1450 5345 1489 5379 I'l
1523 5351 1904 5379 ιηυκηκουιηω
1933 5345 1995 5379 ΔΑ
2034 5344 2210 5379 [latina
2237 5350 2288 5379 nl
2321 5348 2446 5379 νηη
2496 5344 2634 5379 [Inon
2662 5343 2684 5379 4
2745 5341 2780 5379 Φ
2834 5341 2867 5379 9
2995 5343 3084 5378 1818
3107 5341 3430 5379 νοΙῖηἶηιιοηη
3463 5357 3571 5379 nm

251 5346 302 5403 3.
391 5345 483 5380 ¹³¹⁵
505 5361 652 5400 nunc
675 5347 729 5399 3.
844 5347 934 5382 ¹³¹⁸
959 5345 1223 5402 antistitis
1251 5347 1305 5401 3.
1401 5346 1415 5379 ¹

1450 5341 1489 5380 Π
1522 5351 1908 5414 argumentum
1931 5341 2011 5398 ed.
2033 5344 2214 5399 Gedan
2237 5350 2288 5398 et
2321 5348 2465 5414 Vars.
2495 5344 2635 5398 deest
2662 5343 2712 5398 l.
2745 5341 2807 5399 2T
2833 5341 2867 5400 3

2995 5343 3084 5418 ’Ἢ
3094 5341 3432 5418 religionem
3463 5357 3576 5418 non

257 5424 400 5473 recte
425 5418 459 5471 3
533 5416 657 5490 fi"
677 5415 1019 5490 Zlesiensem
1041 5416 1092 5474 3.
1175 5417 1264 5490 {32°
1295 5415 1353 5472 at'
1369 5417 1544 5490 solum
1569 5413 1727 5490 habet
1753 5416 1807 5472 3.
1861 5415 1948 5450 ’3"
1969 5414 2300 5490 jugulagtes
2320 5413 2503 5490 gladio
2528 5429 2626 5485 pro
2662 5432 2716 5490 g.
2753 5414 2788 5469 i.
2823 5414 2958 5490 l._2.
3023 5414 3112 5450 ¹³²²
3141 5413 3418 5490 inscriptio

257 5495 402 5546 Pars.
450 5485 628 5559 p.23]
655 5488 798 5559 deest
825 5489 876 5542 i.
908 5489 958 5542 2.
999 5488 1050 5542 3.
1156 5488 1248 5522 ’³³³
1277 5494 1333 5542 et
1359 5487 1537 5559 primo
1571 5487 1835 5559 prologus

259 5504 402 5546 vars.
450 5504 505 5557 p.
525 5504 624 5542 :31
655 5504 798 5542 aeest
825 5504 876 5542 ι.
908 5504 958 5542 z.
1000 5504 1050 5542 δ.
1159 5504 1248 5522 ιοιο
1277 5504 1333 5542 et
1359 5504 1537 5559 primo
1571 5504 1783 5614 pronogi

256 5560 307 5617 3.
414 5559 505 5593 ‘3”
534 5557 658 5630 aliis
754 5558 809 5630 73.
844 5559 1172 5630 “mdeest2.
1265 5559 1357 5593 ¹³²⁶
1380 5557 1712 5630 peregrinos
1772 5598 1783 5630 .

259 5630 352 5666 ¹³³⁰
381 5631 522 5684 deest
548 5627 603 5684 3.
723 5629 810 5664 ¹³³¹
841 5629 1124 5684 arridendi
1167 5630 1222 5684 2.
1265 5627 1622 5684 audiendi—3.

258 5704 462 5758 sistunt
491 5700 544 5754 2.
580 5699 632 5756 3.
718 5699 810 5734 ¹³³⁶
831 5699 974 5756 fame
1001 5700 1053 5758 3.

262 5771 357 5853 ξ³⁴¹
389 5786 647 5846 ρανααῐηα
667 5768 721 5828 2.

1725 5629 1814 5698 ¹³ἒ²
1843 5635 2080 5683 vestram
2095 5628 2167 5698 71.“

1152 5701 1238 5734 ωτι
1269 5699 1316 5752 si
1344 5701 1394 5756 ί.
1423 5700 1477 5754 2,
1505 5701 1646 5756 de“;
1672 5700 1724 5756 3,
1768 5697 1773 5698 ⁷
1807 5699 1896 5736 1³³⁸
1917 5700 2058 5756 deest
2085 5697 2135 5756 3.
2169 5698 2261 5734 ¹⁸³⁹
2291 5710 2446 5771 lroya
2467 5698 2520 5758 3.

1871 5485 2126 5566 arat-"E-
2167 5486 2223 5566 T:
2282 5485 2519 5566 H.897"!
2554 5485 2925 5566 σοηλΖξῖιθθηάρ
2949 5502 3076 5566 01""
3099 5488 3421 5566 ηζιξσεάιξηιί
3444 5485 3578 5566 ωζο

1895 5556 1982 5592 ³³³⁷
2015 5556 2071 5610 in
2100 5556 2258 5612 vobis
2295 5555 2444 5612 addit
2482 5555 2534 5612 3.
2645 5555 2735 5592 ¹³²⁸

3132 5555 3224 5594 ¹³²¹
3251 5563 3470 5614 ceteros
3499 5558 3574 5613 '3.

3215 5629 3306 5666 ms
3347 5627 3574 5666 .mahm

3224 5629 3306 5666 [³³³
3345 5628 3586 5684 aialibns

3224 5700 3309 5738 ηδι
3342 5706 3499 5772 troye
3527 5699 3582 5754 3.

2295 5558 2444 5612 addit
2482 5557 2534 5612 3.
2645 5557 2735 5592 ¹³²⁸
2765 5557 2916 5629 quod
2969 5557 3021 5613 3.

2287 5628 2378 5663 ¹³³³
2402 5629 2596 5684 saltem
2627 5628 2681 5683 2.
2776 5629 2867 5664 133*
2884 5629 3027 5684 deest
3055 5627 3090 5685 3

2630 5672 2722 5736 783°
2742 5672 3044 5774 ςυοεῆἶιῖιῗῐί
3055 5672 3122 5758 ἲ.
