3912 6044
389 301 486 357 911

381 440 550 506 ptura
579 432 853 486 clamante
876 428 1248 499 prcdicantur
1277 427 1407 496 “‘3;
1441 430 1630 481 [lector
1669 431 1721 481 et
1750 426 2000 478 Priamus
2028 429 2074 493 Α

380 529 502 599 p’us
556 528 618 580 in
641 525 862 596 pulvere
889 539 1074 593 quam.
1102 525 1164 578 in
1191 524 1346 592 regni
1370 522 1500 577 solio
1525 523 1835 576 recitantur
1884 516 1996 570 ηδε.

383 615 593 680 Quidde
636 613 941 669 Alexandro
963 613 1180 682 Magno,
1202 611 1331 681 quid
1357 611 1421 665 de
1464 610 1739 674 Antiocho,
1788 607 1915 676 quid
1942 606 2005 660 de

386 707 652 763 Medorum
671 711 832 775 atque
862 703 952 737 ‘3“
975 708 1262 759 Persarum
1289 702 1522 771 regibus,
1555 701 1683 769 quid
1711 700 1775 754 de
1803 703 1998 766 tyran-

384 801 470 854 nis
488 797 846 853 barbarorum
864 809 1219 851 memorarem
1233 795 1259 847 ?
1277 796 1512 856 Quorum
1534 795 1583 848 si
1602 791 1775 847 solum
1793 789 1886 824 ‘3“
1903 803 1998 843 no-

385 889 853 949 minarecitarem,
875 899 1005 954 opus
1023 884 1338 938 hodiernum
1353 884 1415 935 in
1431 882 1572 935 diem
1591 881 1895 949 crastinum
1912 874 2000 910 ‘3“

383 979 775 1049 prolongarem.
799 981 1001 1030 Horum
1017 981 1200 1030 tamen
1215 976 1368 1041 fama
1387 974 1608 1027 interim
1633 977 1889 1026 natorum
1909 968 2000 1002 ¹³⁸⁸

383 1072 662 1140 prlzconiis
688 1068 1030 1133 immortalis,
1058 1081 1287 1136 quorum
1337 1067 1448 1118 vita
1478 1078 1589 1118 non
1626 1069 1702 1117 est
1745 1067 2000 1130 perpetua

385 1162 476 1218 sed
496 1161 743 1232 pennalis
775 1159 864 1194 ¹³⁴⁹
894 1164 1030 1215 Nam
1056 1160 1219 1212 sicuti
1252 1156 1344 1191 ¹³⁵⁰
1373 1158 1553 1210 sancti
1579 1154 1664 1188 ¹³⁶¹
1707 1155 1814 1207 viri
1851 1153 1999 1207 bonis

389 1253 632 1317 operibus
659 1258 710 1307 et
728 1250 1009 1306 miraculis
1033 1249 1395 1312 celebrantur,
1429 1249 1509 1301 ita
1545 1245 1819 1300 mundani
1852 1259 1999 1312 reges

388 1348 439 1395 et
463 1341 728 1410 principes
777 1338 923 1391 bellis
962 1334 1378 1403 triumphalibus
1439 1338 1490 1386 et
1543 1333 1778 1386 victoriis
1825 1330 1995 1386 subli-

388 1441 653 1500 mantur;
685 1439 736 1486 et
763 1433 902 1487 sicut
920 1433 1059 1484 vitas
1087 1434 1401 1482 sanctorum
1429 1432 1480 1481 et
1490 1429 1760 1495 passiones
1785 1426 1998 1492 religio-

387 1542 511 1581 sum
535 1531 612 1580 est
631 1527 691 1578 in
714 1523 942 1577 ecclesiis
961 1520 1276 1589 praedicare,
1302 1521 1379 1572 ita
1395 1519 1684 1586 gloriosum
1710 1523 1786 1571 est
1806 1519 1862 1570 in
1882 1531 1996 1570 sco-

389 1615 452 1669 lis
478 1614 560 1668 vel
582 1615 641 1666 in
667 1611 886 1679 palatiis
909 1622 1098 1676 regum
1141 1623 1206 1661 ac
1230 1608 1428 1660 ducum
1459 1607 1755 1674 triumphos
1785 1606 1866 1659 vel
1908 1604 1998 1638 ¹³δ²

1650 287 1997 351 ΩΗΒΟΝΙΕΑΞ
2037 285 2455 342 POLONORUM.

3611 280 3729 336 912

2246 419 2478 488 Explicit
2505 417 2725 486 epistola
2785 413 2892 469 '3‘".
2938 414 3133 482 Incipit
3179 411 3446 479 epilogum
3474 409 3586 466 '3“.

2103 513 2216 568 Deo
2246 528 2376 568 vero
2404 513 2536 582 :lans
2561 521 2616 566 et
2646 511 2844 575 honor,
2871 523 3125 579 regnum,
3157 505 3352 570 virtus,
3378 505 3552 580 gloria

2105 603 2409 658 Pomorana
2441 585 2770 674 subjugatur
2799 599 2957 670 cujus
2997 596 3100 652 sub
3121 596 3392 666 potentia,

2108 696 2391 752 Bolezlavo
2426 695 2515 729 ¹³⁶⁹
2546 692 2905 764 triumphanti
2937 691 3086 746 salus
3130 691 3220 725 ¹⁸τ⁰
3249 697 3303 745 et
3348 690 3578 745 victoria
3615 691 3731 746 ἐτ’.

2104 786 2178 841 Ad
2208 787 2476 842 honorem
2508 785 2640 840 Jesu
2677 781 2875 837 Christi
2911 779 3215 834 referamus
3247 780 3454 846 omnia,

2092 870 2205 938 «Qui
2233 871 2506 944 gubernat
2537 877 2708 926 totum
2743 867 3014 923 mundum
3048 884 3149 922 sua
3179 867 3485 938 sapientia;

2101 964 2218 1019 Non
2260 964 2376 1018 haec
2400 962 2525 1018 fecit
2556 963 2636 1016 vis
2660 962 2921 1024 humana,
2951 959 3048 1014 sed
3077 975 3262 1030 neque
3296 958 3509 1013 militia.

2103 1058 2422 1113 Bolezlavus
2461 1055 2752 1111 obsidebat
2784 1062 3022 1110 castrum
3055 1052 3524 1124 antiquissimum,

2100 1150 2260 1216 Viris,
2292 1149 2458 1204 armis
2483 1156 2538 1202 et
2571 1149 2664 1182 ¹³⁷²
2692 1157 2898 1202 natura;
2930 1146 3036 1200 situ
3076 1145 3530 1209 munitissimum,

2103 1239 2163 1293 Et
2187 1238 2256 1292 ad
2287 1239 2587 1308 dampnum
2617 1236 2701 1290 sui
2732 1235 2886 1310 regni
2918 1233 3470 1304 periculosissimum.

2101 1331 2386 1387 Pomorani
2413 1330 2699 1385 venientes
2727 1327 2969 1384 obsessis
3001 1343 3343 1394 succurrere,

2102 1424 2158 1476 in
2202 1422 2293 1456 1373
2320 1423 2569 1477 incautos
2599 1422 2922 1476 obsessores
2955 1427 3254 1490 properant
3278 1420 3504 1484 irruere,

2101 1511 2206 1564 Sed
2239 1511 2386 1565 inani
2409 1526 2506 1580 spe
2532 1509 2749 1580 decepti
2785 1509 2874 1543 ‘3“
2903 1518 3032 1563 sunt
3064 1509 3169 1564 acti
3203 1523 3479 1564 corruere.

2101 1603 2202 1657 Per
2230 1618 2402 1673 Opaca
2434 1603 2521 1637 ⁸³⁷⁵
2555 1602 2830 1656 deviando
2871 1601 3052 1656 cuncti
3087 1600 3202 1656 fere
3228 1601 3318 1636 ¹³⁷⁶
3344 1600 3576 1671 pedites.

388 1707 637 1760 victorias
663 1703 929 1763 recitare;
969 1705 1020 1753 et
1046 1702 1186 1754 sicut
1214 1701 1335 1752 vita:
1361 1703 1675 1752 sanctorum
1703 1697 1784 1751 vel
1805 1699 2001 1766 passio-
2026 1734 2072 1801 Β
2102 1692 2366 1765 Fugiendi
2395 1707 2463 1746 ne
2502 1707 2656 1763 Spem
2685 1697 2891 1761 ponant
2919 1690 2973 1744 in
3005 1689 3234 1744 caballis
3265 1690 3352 1724 ¹³τ⁷
3386 1689 3612 1756 milites,

567 1795 578 1801 -
675 1786 720 1801 '--
765 1794 774 1801 -
1099 1797 1108 1801 ρ
1213 1791 1235 1801 Α
1263 1791 1274 1801 ο
1308 1791 1344 1801 -ι
1488 1792 1498 1801 ο
1577 1795 1584 1801 -
1750 1794 1760 1801 Δ
1821 1789 1909 1801 Anon
1950 1792 1960 1801 .
2104 1782 2154 1801 l1;
2197 1799 2212 1801 _
2236 1783 2396 1801 ⁸Δᾷ,1.Δ
2435 1798 2529 1801 4,-
2562 1781 2777 1801 ξυμ-ιΑ,
2816 1797 3079 1801 Αμ,⁴-Α-ᾉ,
3117 1780 3360 1801 ΔᾼΑ-Δᾼξιᾲ,

388 1811 482 1853 nes
509 1795 579 1850 ad
618 1786 932 1860 religionem
959 1797 1164 1845 mentes
1198 1791 1436 1854 ﬁdelium
1477 1792 1761 1844 instruunt
1821 1789 1910 1822 ³³⁵³
1940 1792 2001 1842 in

373 1865 617 1944 ecclesiis
635 1885 960 1954 praedicata;
984 1886 1063 1936 ita
1089 1883 1300 1936 militiae
1321 1881 1401 1934 vel
1425 1883 1660 1935 victoria
1689 1879 1782 1915 ¹³⁸⁴
1811 1897 1995 1950 regum

389 1986 551 2048 atque
570 1978 773 2032 ducum
801 1975 872 2028 ad
889 1977 1147 2028 virtutem
1182 1973 1424 2027 militum
1460 1975 1668 2027 animos
1697 1974 1998 2028 accendunt

391 2071 450 2124 in
474 2067 628 2125 scolis
659 2065 739 2120 vel
767 2064 1029 2134 capitoliis
1061 2063 1150 2097 ¹³⁵⁵
1181 2066 1439 2118 recitatae.
1471 2062 1625 2117 Sicut
1651 2065 1798 2117 enim
1819 2069 1996 2131 pasto-

389 2176 472 2216 res
521 2157 750 2216 ecclesia:
799 2156 891 2190 ¹³⁵⁶
921 2159 1168 2223 fructum
1195 2157 1512 2210 animarum
1549 2169 1787 2224 quaerere
1812 2155 2000 2210 debent

2103 1782 2171 1836 Ex
2189 1783 2403 1837 occulto
2432 1798 2531 1853 per
2562 1781 2780 1855 ignotos
2808 1797 3084 1836 emersere
3117 1780 3382 1835 tramites.

2104 1873 2420 1929 Bolezlavus
2444 1873 2553 1927 dux
2583 1880 2824 1927 armatus
2848 1889 2970 1928 cum
2997 1872 3191 1943 paucis
3229 1871 3521 1939 militibus,

2099 1961 2462 2017 Scarbimirus
2488 1961 2763 2032 palatinus
2790 1977 2913 2017 cum
2941 1960 3373 2029 collateralibus,

2101 2051 2446 2124 Septingenti
2476 2049 2774 2106 conﬂixere
2805 2067 2927 2105 cum
2957 2050 3180 2124 triginta
3211 2051 3304 2085 ¹³ῖ⁶
3322 2049 3567 2104 milibus.

2101 2141 2344 2212 Namque
2365 2147 2526 2196 nocte
2560 2141 2910 2210 praecedente
2931 2139 3176 2196 fecerant
3191 2142 3471 2204 excubias,

385 2251 748 2322 spiritualem,
777 2251 856 2304 sic
873 2248 1171 2316 defensores
1205 2248 1456 2302 honorem
1473 2248 1669 2316 patriae
1690 2248 2006 2316 famamque
2104 2235 2166 2290 Et
2195 2235 2385 2291 audito
2424 2236 2571 2306 quod
2599 2235 2871 2302 venirent,
2902 2235 3167 2290 miserant
3205 2235 3470 2302 insidias;

386 2341 617 2395 dilatare
644 2337 863 2394 student
899 2343 950 2392 et
977 2337 1205 2404 gloriam
1237 2336 1596 2406 temporalem.
1627 2338 1834 2406 Oportet
1861 2339 2004 2392 enim
2102 2329 2190 2383 Sic
2219 2327 2456 2383 habebat
2480 2328 2589 2383 dux
2629 2329 2976 2384 transmissas
3008 2329 3112 2384 huc
3143 2335 3197 2383 et
3229 2329 3358 2384 illuc
3373 2329 3562 2400 copias
3593 2331 3708 2384 m9.

388 2431 479 2482 Dei
500 2429 776 2482 ministros
804 2427 866 2479 in
892 2425 1004 2478 'hiis
1033 2438 1150 2493 qum
1199 2425 1289 2478 Dei
1339 2429 1468 2478 sunt
1525 2427 1624 2478 Deo
1649 2425 2005 2492 spiritualiter
2104 2421 2185 2475 Illi
2216 2436 2347 2477 vero
2377 2421 2646 2476 recurvati
2679 2421 3075 2477 ordinaverunt
3116 2422 3207 2456 ¹³⁸⁰
3247 2422 3500 2493 prcelium
3530 2423 3642 2482 ηδ’.

383 2509 611 2586 obedire,
638 2523 691 2572 et
720 2519 781 2571 in
810 2517 914 2570 hiis
940 2530 1062 2585 qua:
1093 2521 1222 2570 sunt
1268 2517 1483 2570 caesaris
1531 2515 1780 2570 honorem
1817 2520 1869 2569 et
1890 2529 2000 2568 ser-

385 2613 581 2666 vitium
600 2608 794 2664 mundi
809 2606 1141 2676 principibus
1170 2606 1430 2660 exhibere.
1461 2606 1596 2669 Quid
1607 2608 1756 2660 enim
1777 2608 1997 2672 mirum,

366 2701 432 2755 si
459 2700 566 2753 viri
593 2697 1009 2765 triumphatores
1035 2701 1089 2750 et
1120 2695 1298 2749 incliti
1324 2696 1537 2760 famam
1564 2702 1625 2772 et,
1645 2697 1875 2764 gloriam
1905 2711 1998 2764 ap-

376 2807 408 2861 p
435 2795 575 2845 :tunt
601 2804 669 2844 ea:
689 2791 908 2852 virtute,
936 2802 1063 2842 cum
1082 2790 1247 2842 etiam
1271 2788 1567 2856 Cleopatra,
1586 2789 1889 2855 Cartaginis
1911 2775 1999 2821 ‘3"

384 2888 592 2954 regina,
624 2886 914 2954 imperium
942 2887 1245 2938 Romanum
1272 2882 1431 2937 avida
1463 2881 1553 2916 ‘3“
1585 2881 1785 2948 laudis,
1811 2887 1992 2936 trans-

379 2967 494 3043 fero
520 2977 690 3031 voluit
723 2975 872 3028 virili
909 2973 1000 3007 ¹³⁵⁰
1029 2973 1262 3027 audacia
1293 2971 1402 3036 “6°,
1449 2986 1558 3026 non
1606 2971 1855 3026 naturali
1887 2975 1996 3026 sive

2104 2512 2282 2567 Hastis
2337 2513 2452 2568 suis
2493 2513 2583 2547 ³³³³
2635 2513 3065 2585 circumquaque
3116 2513 3419 2583 plectentes
3471 2512 3561 2547 ¹³⁸³
3599 2514 3721 2584 yri-

3160 2605 3323 2675 [cium
3347 2606 3436 2639 ¹³⁸δ
3468 2605 3642 2675 (163).

2102 2697 2211 2751 Nec
2241 2695 2546 2766 procedunt
2574 2696 2666 2732 ¹³⁶⁸
2694 2695 3035 2762 catervatim,
3067 2696 3166 2750 sed
3218 2703 3362 2751 stant
3392 2712 3486 2766 per
3515 2696 3722 2751 circin-

3322 2787 3490 2856 [nium
3529 2787 3643 2844 ³³⁸⁸.

2097 2879 2414 2934 Bolezlavus
2442 2879 2552 2948 dux
2583 2879 2652 2934 de
2701 2879 2794 2934 tali
2824 2878 2914 2913 ¹³⁸⁷
2944 2895 3107 2934 causa
3137 2880 3273 2934 satis
3320 2879 3551 2934 callidus
3602 2879 3718 2943 ηδε,

2092 2969 2496 3044 Transgirando
2535 2971 2698 3026 vertit
2729 2986 2826 3026 eos
2854 2987 3255 3042 usquequaque
3279 2972 3558 3042 providus,

378 3066 615 3147 feminea
641 3061 924 3130 probitate.
979 3064 1046 3114 Et
1073 3063 1123 3115 si
1168 3061 1376 3137 femina
1411 3074 1654 3129 quarens
1683 3063 1990 3129 imperium,
2018 3056 2067 3124 C
2098 3059 2163 3115 Ut
2183 3061 2266 3114 vir
2290 3061 2490 3128 audax,
2524 3060 2822 3116 bellicosus
2842 3071 3006 3133 atque
3041 3061 3221 3116 laudis
3250 3062 3460 3118 avidus.

379 3154 567 3221 navali
597 3152 784 3222 praelia
809 3155 1087 3222 superata,
1129 3157 1297 3205 morte
1351 3150 1578 3205 terribili
1602 3157 1766 3206 semet
1819 3153 1992 3220 ipsam

374 3247 634 3315 perimere
657 3243 854 3299 maluit
877 3257 1044 3313 quam
1076 3243 1294 3310 servire,
1320 3243 1450 3313 quid
1481 3249 1558 3298 est
1586 3246 1793 3298 mirum
1816 3246 1865 3298 si
1897 3259 1992 3313 pa-

377 3339 544 3392 triam
566 3337 647 3392 vel
693 3335 1048 3392 hereditatem
1065 3341 1354 3406 paternam
1379 3336 1718 3403 defendentes
1768 3338 1849 3392 vel
1874 3337 1988 3391 illa-

376 3433 488 3481 tum
509 3428 777 3495 injuriam
798 3431 1189 3495 persequentes,
1222 3427 1281 3479 in
1295 3424 1427 3480 bello
1454 3427 1664 3492 famosa
1693 3439 1802 3480 non
1832 3439 1991 3480 vene-

374 3532 505 3573 nosa
547 3516 632 3553 ¹³⁶¹
664 3522 834 3572 morte
869 3515 961 3549 ¹³⁶²
988 3517 1161 3584 magis
1215 3520 1476 3584 appetunt
1531 3517 1773 3580 interire,
1825 3532 1988 3584 quam

373 3612 722 3679 ignominiose
755 3611 867 3664 suis
922 3609 1166 3678 obnoxiis
1203 3608 1412 3664 obedire
1434 3609 1460 3662 ?
1505 3611 1722 3663 Constat
1760 3623 1881 3677 ergo
1924 3623 1993 3664 ea:

372 3703 475 3756 hiis
492 3690 738 3775 superius
771 3699 1078 3769 approbatis
1115 3699 1272 3753 rebus
1310 3700 1466 3767 gestis
1493 3699 1811 3754 Polonorum
1844 3701 1992 3766 prin-

371 3793 553 3859 cipum
571 3791 633 3842 in
656 3802 894 3843 vacuum
921 3803 1028 3842 non
1083 3787 1174 3821 ¹³⁶³
1220 3789 1481 3854 recitatis,
1539 3793 1749 3842 constat
1787 3802 1991 3856 quoque

369 3881 754 3949 vestrejudicio
773 3878 1232 3944 conﬁrmandum,
1254 3893 1376 3933 vero
1395 3877 1485 3912 ¹³⁶⁴
1497 3893 1729 3948 praesens
1744 3893 1874 3948 Opus
1898 3877 1988 3913 ¹⁸⁶⁵

371 3972 659 4037 interprete
684 3967 1046 4021 recitandum.
1106 3970 1331 4036 Insuper
1359 3967 1495 4020 illud
1530 3981 1700 4021 causa
1738 3970 1828 4021 Dei
1864 3983 1989 4023 cau-

369 4071 534 4126 saque
563 4055 800 4126 Polonicc.
837 4055 1112 4124 provideat
1143 4055 1254 4121 ³³⁵⁸,
1294 4061 1481 4109 vestro:
1505 4056 1752 4111 discretio
1796 4057 1983 4126 probi-

371 4146 499 4200 tatis
526 4158 596 4198 ne
624 4143 915 4198 mercedem
932 4145 1077 4197 tanti
1103 4143 1298 4198 laboris
1320 4144 1575 4213 impediat
1591 4146 1672 4198 vel
1699 4145 1884 4200 odium
1905 4147 1987 4201 vel

368 4250 571 4291 occasw
598 4248 732 4289 mete
773 4235 1058 4304 cujuslibet
1108 4237 1369 4290 vanitatis
1440 4240 1574 4290 Nam
1601 4239 1652 4290 si
1698 4236 1898 4292 bonum
1935 4244 1987 4293 et

369 4345 387 4383 ι
414 4331 504 4404 tile
527 4345 710 4386 meum
733 4343 862 4399 opus
892 4330 1081 4385 honori
1118 4332 1315 4399 patria:
1351 4346 1382 4384 a
1409 4330 1737 4398 sapientibus
1773 4332 1986 4400 judica-

2091 3150 2458 3205 Scarbimirus
2488 3168 2554 3206 cx
2590 3151 2822 3206 adverso
2855 3168 2914 3206 se
2931 3152 3143 3208 confert
3173 3153 3229 3207 in
3250 3153 3486 3220 medios,

2092 3242 2152 3296 Et
2176 3242 2425 3297 hortatur
2450 3250 2504 3297 et
2532 3241 2802 3298 confortat
2831 3244 2899 3298 ad
2928 3244 3284 3316 pugnandum
3311 3245 3489 3300 socios
3513 3263 3526 3298 :

2093 3335 2256 3400 Tales,
2296 3334 2497 3404 inquit,
2540 3338 2845 3403 Pomorani,
2873 3351 2984 3391 non
3010 3340 3248 3391 sensistis
3275 3337 3475 3405 gladios
3501 3333 3514 3388 Ι

2090 3425 2194 3480 Sed
2238 3425 2368 3496 quid
2404 3425 2585 3496 plural
2621 3435 2774 3498 terga
2803 3433 3028 3481 vertunt
3057 3426 3348 3482 Pomorani
3378 3425 3600 3496 prwlio,

2089 3517 2281 3588 Neque
2312 3517 2413 3572 fuit
2443 3533 2612 3589 super
2651 3518 2776 3572 illos
2805 3523 2954 3573 tanta
2981 3518 3162 3573 caedes
3192 3517 3298 3572 alio
3329 3518 3441 3582 1339,

2093 3605 2315 3677 Septem
2345 3613 2521 3661 castra
2553 3604 2885 3677 conquisivit
2915 3606 3022 3660 dux
3054 3606 3123 3659 de
3137 3605 3268 3660 belli
3293 3605 3543 3677 praemio,

2093 3694 2152 3747 1n
2183 3693 2292 3748 hiis
2323 3694 2413 3728 ¹³⁹⁰
2443 3694 2822 3750 collaudemus
2849 3694 3016 3747 Deum
3048 3701 3101 3748 et
3140 3701 3389 3749 sanctum
3441 3694 3525 3728 ‘39‘
3565 3693 3711 3748 Lau-

3358 3783 3613 3854 [rentium
3626 3827 3638 3836 .

2091 3877 2186 3932 Die
2206 3877 2362 3948 cujus
2387 3887 2738 3934 sacrosancto
2769 3878 2968 3933 factum
3024 3888 3109 3932 est
3141 3878 3244 3933 hoc
3293 3878 3546 3948 praelium
3596 3878 3713 3939 ω’,

2090 3969 2224 4024 Inde
2254 3969 2360 4024 sibi
2390 3969 2485 4024 ﬁat
2517 3970 2593 4023 ibi
2626 3970 2854 4044 dignum
2879 3969 3207 4026 aediﬁcium.

2086 4063 2211 4118 Tam
2242 4065 2502 4135 praeclara
2528 4065 2798 4120 Bolezlavi
2829 4065 3106 4136 descripta
3137 4065 3389 4132 victoria,

2087 4156 2408 4226 Assignetur
2424 4171 2548 4211 cum
2580 4163 2811 4228 augusto
2841 4173 2943 4227 pax
2975 4163 3030 4211 et
3057 4156 3319 4223 amicitia,

2086 4243 2469 4313 Conﬁrmetur,
2497 4245 2642 4300 sicut
2673 4246 2854 4313 decet,
2888 4244 3134 4300 fraterna
3159 4244 3476 4300 concordia.

2087 4331 2200 4396 Qua
2226 4331 2294 4387 de
2318 4348 2480 4387 causa
2504 4342 2710 4404 partes,
2736 4340 2952 4389 constat
2983 4334 3093 4400 ³³9³,
3134 4334 3433 4404 imperator
3451 4341 3702 4387 venerat.

372 4377 385 4383 '
414 4377 498 4404 ","
529 4377 709 4386 """"'
735 4377 859 4399 *1⁷⁷⁷*
892 4377 1039 4385 """"
1062 4377 1077 4382 '
1118 4377 1227 4399 l'""
1249 4377 1308 4383 "'
1351 4377 1381 4384 "
1409 4377 1662 4398 '"l'"""'
1679 4377 1735 4385 ""
1773 4377 1961 4400 J"""'"
2091 4377 2200 4396 Nv‘“
2229 4377 2293 4387 *ν
2319 4377 2480 4387 ν“”“ν“
2504 4377 2590 4404 l"‘"
2607 4377 2710 4401 ’ννῗ
2738 4377 2952 4389 νν⁸“·”“⁹’
3079 4377 3093 4400 ⁷
3135 4377 3422 4404 ""l"'"""‘
3460 4377 3702 4387 "'""'""

369 4425 463 4475 tur
487 4420 777 4489 indignum
799 4424 876 4474 est
904 4423 956 4474 et
989 4419 1388 4485 inconveniens,
1432 4421 1481 4473 si
1503 4420 1722 4474 consilio
1747 4434 1984 4488 quorun-
2008 4377 2295 4488 l)Quanto
2338 4424 2499 4491 fastu,
2543 4441 2651 4497 qua
2693 4425 2892 4482 virtute
2946 4441 3177 4498 regnum
3223 4425 3329 4481 hoc
3371 4423 3703 4480 intraverat!

365 4508 495 4564 dam
511 4508 718 4575 artiﬁci
731 4522 938 4564 merces
965 4511 1137 4578 operis
1169 4511 1480 4576 auferatur.

2051 4524 2054 4525 '
2084 4511 2202 4576 Quo
2229 4512 2454 4583 deponi,
2499 4529 2638 4585 quos
2660 4514 2909 4586 praeponi
2933 4513 3160 4585 jamjam
3193 4513 3282 4548 ί³⁹⁸
3312 4512 3690 4585 disposuerat!

1717 4637 1935 4694 VARUE
1969 4638 2344 4698 LECTIONES.

440 4738 532 4811 “‘3
560 4739 876 4811 predicatur
897 4737 950 4794 2.
978 4737 1044 4811 ,3.

369 4825 493 4866 nam
514 4809 578 4866 3;
681 4810 771 4846 ⁸³⁸⁸
801 4815 933 4865 natu
966 4809 1022 4864 2.
1054 4824 1225 4864 unum
1267 4809 1454 4866 natum

367 4880 455 4916 ¹³⁸¹
486 4886 550 4936 sti
575 4879 628 4936 2.
663 4880 716 4934 3.
829 4880 985 4936 "met
1011 4880 1064 4936 3.
1197 4880 1288 4915 ¹³⁸³
1315 4880 1450 4936 instr

366 4951 460 4987 ’³⁵⁸
486 4951 845 5008 ecclesiarum
869 4950 920 5006 3.
1013 4951 1100 4987 ¹³⁵⁷
1133 4951 1471 5027 karthaginis
1490 4950 1543 5008 3.
1638 4953 1728 4986 ¹³³⁸
1753 4950 1935 5007 avidia

366 5024 416 5078 2.
440 5021 494 5078 3.
566 5023 659 5058 ⁸³⁸³
687 5037 797 5078 non
827 5023 1134 5078 addendum
1157 5038 1269 5079 esse
1289 5026 1500 5079 censuit
1529 5027 1643 5079 iam
1673 5024 1754 5079 ed.
1804 5025 1940 5079 Vars

362 5024 416 5078 2.
440 5021 494 5078 3.
566 5023 659 5058 ⁸³⁸³
687 5037 797 5078 non
827 5023 1134 5078 addendum
1157 5038 1269 5079 esse
1289 5021 1500 5080 cinsm’l
1518 5027 1643 5093 jam
1673 5024 1754 5079 ed.
1804 5025 1957 5079 Vars.

475 5093 789 5175 provide‘bit
1085 5095 1420 5175 protegas
1626 5094 1958 5175 epilogus}.

363 5164 541 5220 "Wet
573 5165 720 5221 deest
754 5165 900 5221 codd.
981 5164 1424 5222 ""deest'codd.
1506 5165 1597 5198 ¹³⁷⁸
1627 5164 1834 5235 νεορρῖἱ
1881 5165 1935 5220 2.

363 5231 455 5270 ⁸³⁷³
479 5229 638 5292 XXIX
683 5243 737 5292 ta
764 5235 818 5292 3.
901 5233 992 5270 ¹³τ⁹
1017 5236 1159 5291 deest
1185 5235 1236 5292 2.
1327 5235 1420 5271 ¹⁸⁸⁰
1449 5234 1776 5292 ordinavere
1805 5236 1840 5290 3

363 5234 455 5270 ⁸³⁷³
479 5234 638 5294 XXIX
683 5243 737 5293 ta
764 5235 818 5294 3.
901 5234 992 5270 ⁸³⁸³⁸
1017 5236 1159 5291 deest
1185 5235 1236 5292 2.
1327 5235 1420 5271 ¹⁸⁸⁰
1449 5234 1776 5292 ordinavere

361 5305 455 5379 ifff
473 5307 846 5379 pmlectentcs
1011 5306 1112 5379 is“
1141 5305 1371 5379 ericium
1392 5307 1443 5361 3.
1563 5307 1653 5379 {3‘5
1680 5323 1774 5379 pre

361 5376 453 5411 ¹³⁸⁸
474 5376 696 5434 callidis
716 5377 770 5436 3.

1477 4825 1575 4880 pro
1605 4809 1643 4865 i.
1673 4825 1732 4866 ιι.
1765 4813 1812 4866 1.
1847 4809 1900 4864 3.

2049 4738 2084 4793 i.
2115 4756 2160 4794 r.
2187 4756 2229 4795 s.
2266 4757 2309 4795 r.
2343 4739 2396 4797 3.

2016 4810 2107 4845 13b9

1197 4880 1288 4915 ¹³⁵³
1315 4880 1658 4936 instruuntur
1676 4897 1785 4936 non
1803 4887 1943 4936 recte
1973 4880 2024 4934 1.
2057 4881 2110 4936 2.

1638 4953 1728 4986 ¹³³⁸
1753 4950 1935 5007 avidia
1963 4952 2016 5006 3.
2093 4953 2182 4987 '3”
2213 4952 2312 5008 viri
2345 4954 2398 5007 2.

1986 5026 2231 5093 quamvis
2254 5025 2407 5079 desit.
2449 5025 2494 5078 Ι.
2532 5025 2587 5079 2.
2631 5026 2684 5078 3.

2055 5094 2163 5148 '3“.
2195 5094 2325 5148 Nam
2368 5095 2708 5150 'Boleslavus
2753 5095 2805 5148 2.

1165 4739 1256 4774 ιειι
1283 4739 1440 4814 τεεηί
1465 4737 1617 4814 ενροιίοΔ
1634 4737 1897 4814 recitatuj'
1923 4753 2018 4808 Ρνο

2025 5164 2115 5245 [³⁷⁵
2144 5179 2322 5245 opaga
2370 5167 2420 5220 1.
2446 5167 2523 5245 _2.

1963 5235 2049 5340 ξας
2081 5235 2271 5340 capias
2299 5238 2414 5317 hoc.
2441 5237 2551 5318 loco
2573 5237 2788 5340 demum
2814 5237 2962 5317 addit

2270 5317 2614 5340 nnvnlnnnulum
2745 5323 3042 5340 nunnlnnlli

1563 5307 1653 5379 {3‘5
1680 5306 1986 5379 procedunt
2009 5306 2061 5360 3.

895 5375 986 5412 ¹³³⁰
1007 5376 1118 5451 Nec
1151 5375 1252 5434 fuit
1282 5385 1436 5432 tanta
1489 5376 1657 5451 cedes
1680 5375 1881 5451 'super
1923 5377 2049 5451 illos
2077 5377 2186 5451 alio
2216 5375 2318 5451 pro
2361 5379 2549 5451 Neque
2588 5378 2692 5451 fuit
2720 5375 2792 5418 —'
2822 5380 2930 5433 alio
2985 5378 3040 5433 3.

2497 4741 2587 4776 ‘3“
2611 4740 2739 4796 et3.
2843 4740 2935 4775 ‘3‘“
2960 4747 3171 4795 tantum
3201 4739 3254 4793 3.
3363 4738 3454 4773 ¹³⁴⁷
3490 4737 3692 4793 crasti-

2719 4812 2809 4847 ¹³⁵⁰
2851 4811 3016 4866 lectio
3048 4812 3128 4866 ed.
3152 4811 3275 4866 Ged.
3296 4810 3439 4864 deest
3462 4809 3515 4864 1.
3545 4809 3581 4862 2
3633 4807 3691 4865 3.

2214 4883 2303 4917 ¹³⁵⁸
2328 4899 2380 4938 v.
2405 4899 2453 4937 v.
2487 4883 2682 4938 desunt
2702 4882 2755 4938 3.
2876 4881 2964 4915 ¹³⁵⁵
2993 4881 3246 4952 capitolis
3271 4880 3306 4935 2
3379 4879 3610 4951 palaciis
3638 4879 3698 4934 3.

2490 4954 2580 4988 1360
2615 4953 2758 5008 auda
2787 4952 2821 5010 3
2934 4953 3021 4986 '3“
3055 4951 3260 5008 venosa
3283 4952 3339 5006 2.
3436 4951 3528 4984 ¹³⁶²
3556 4952 3700 5005 deest

2773 5024 2865 5058 ¹³⁶⁴
2893 5024 3035 5078 deest
3059 5025 3110 5078 3.
3197 5023 3287 5058 ¹³⁶³
3317 5037 3446 5076 vero
3462 5022 3611 5076 addit
3639 5022 3700 5076 3.

2914 5094 3006 5128 ¹³⁷⁰
3027 5094 3121 5148 sal'
3169 5093 3224 5148 2.
3327 5093 3413 5126 ¹³⁷¹
3442 5093 3586 5147 victo
3634 5093 3692 5146 2.

2617 5166 2708 5200 ¹³⁷⁶
2738 5165 2855 5221 fore
2918 5167 2966 5218 l.
2997 5165 3051 5218 2.
3082 5166 3134 5219 3.
3239 5163 3327 5199 ¹³⁷⁷
3355 5163 3583 5218 cabellis
3634 5164 3688 5218 2.

3150 5236 3240 5270 ³³⁸³
3269 5241 3399 5291 sunt
3437 5235 3487 5289 1.
3527 5233 3579 5287 2.
3636 5234 3695 5288 3.

2171 5307 2241 5342 3“
2270 5308 2615 5377 cyntinnium
2649 5309 2699 5363 1.
2744 5306 3102 5379 cyncinnium
3130 5306 3184 5361 2.
3217 5306 3272 5363 3.
3373 5305 3461 5340 ‘3"
3495 5304 3602 5358 illis
3631 5305 3690 5359 3.

2171 5393 2186 5430 )
2218 5394 2314 5430 pro
2361 5379 2549 5430 Neane
2588 5378 2692 5430 fuit
2720 5409 2788 5418 —
2822 5380 2930 5430 alio
2985 5378 3040 5430 3.
3150 5378 3240 5412 ¹³⁹⁰
3269 5391 3400 5430 οι·εο
3452 5376 3601 5430 addit
3635 5376 3690 5430 3.

3171 5391 3240 5412 ουν
3269 5391 3400 5448 ergo
3452 5391 3601 5430 aaait
3635 5391 3691 5431 δ.

2135 4811 2348 4882 penalis
2380 4814 2429 4867 at.
2480 4810 2532 4867 2.
2568 4811 2622 4868 3.

361 5447 449 5521 f3"
475 5450 617 5506 deest
644 5449 697 5507 3.
783 5447 876 5484 ¹³⁹²
899 5447 1254 5521 commissum
1284 5448 1633 5521 estprelium
1654 5447 1812 5521 prof.
1840 5463 1890 5504 e.
1926 5449 1981 5503 h.
2013 5464 2068 5518 p.
2091 5447 2145 5504 3.
2217 5447 2308 5484 “’3
2336 5452 2416 5505 ita
2447 5447 2497 5506 ἱ.
2527 5451 2564 5505 2
2625 5450 2677 5504 3.
2720 5466 2818 5520 per
2869 5465 3006 5520 quas
3030 5456 3216 5519 partes
3253 5447 3493 5505 ed."Ged.
3525 5462 3694 5516 quam

1915 5588 2124 5646 NOTAE.

358 5517 638 5576 lectionem
665 5523 861 5592 recepit
885 5520 969 5576 ed.
1005 5525 1149 5596 Vars.
1258 5520 1348 5557 ⁸⁸⁸⁸
1371 5517 1485 5589 jam
1525 5519 1579 5577 3.

428 5691 578 5763 (l63)
607 5694 650 5749 ι.
676 5709 729 5751 e.
762 5694 948 5751 horret
979 5696 1404 5759 Pomorsnorum
1469 5696 1637 5762 acies,
1666 5699 1721 5750 in
1760 5695 1952 5750 orbem

2065 5703 2288 5763 mutata,
2314 5696 2456 5752 sicut
2495 5696 2719 5764 ericius,
2753 5695 2946 5752 hastis.
2981 5695 3042 5751 Κ.
