3920 6054
249 243 357 299 913

1653 242 1846 299 LIBER
1884 242 2185 299 TERTIUS.

3477 236 3581 291 9H

246 373 359 430 Sed
389 373 523 447 quid
551 374 696 429 valet
741 384 933 431 contra
960 377 1129 436 Deum
1156 376 1330 431 virtus
1358 376 1445 431 vel
1474 376 1806 432 consilium?
1894 352 1957 451 Α·
1976 379 2038 433 Et
2062 378 2157 451 qui
2185 391 2372 450 parem
2406 373 2651 448 proﬁteri
2678 390 2803 432 sese
2832 374 3012 447 palam
3038 374 3262 443 audeat,

248 465 383 520 Sine
414 465 573 533 cujus
613 472 746 520 nutu
779 466 857 521 nil
886 467 967 533 tit,
1002 483 1105 523 nec
1136 454 1387 524 movetur
1425 467 1640 533 folium,

249 558 352 622 Qui
386 557 657 613 convertit
691 558 745 613 in
762 559 1062 626 convalles,
1093 560 1139 615 si
1168 559 1307 629 vult,
1342 560 1476 634 juga
1508 560 1797 616 montium.

256 648 577 704 Bolezlavus
603 656 710 704 stat
749 649 804 704 in
858 666 1028 723 regno
1080 667 1314 726 magnus
1343 652 1453 707 dux
1494 658 1550 707 et
1588 652 1870 721 dominus,

259 740 319 795 Et
346 749 567 811 paratus
595 749 678 797 est
711 742 781 796 ad
808 741 1013 797 bellum
1056 743 1199 798 sicut
1227 743 1316 799 leo
1342 743 1615 810 cominus,

253 831 355 897 Qui
384 832 612 898 resistit,
640 840 950 904 superatur,
983 833 1098 888 sive
1138 833 1277 906 fugit
1306 834 1585 905 protinus.

1972 467 2326 523 Nec'vicinus
2350 465 2445 538 qui
2476 481 2601 521 cum
2627 460 2695 521 co
2726 464 2796 519 de
2823 478 2958 535 pace
2990 476 3100 519 non
3131 462 3389 536 gaudeat.

1973 558 2105 613 Nam
2138 550 2193 612 in
2224 557 2412 613 hestes
2446 555 2818 627 triumphator
2840 553 3023 611 existit
3055 552 3321 609 miriﬁcus
3346 552 3459 619 "’7,

1973 650 2111 727 Erga
2148 657 2376 705 cunctos
2398 664 2521 704 cum
2545 648 2754 704 honore
2783 645 2944 702 dator
2971 652 3055 703 est
3078 644 3391 710 munificus,

1972 743 2312 818 Ungarorum
2354 757 2448 796 rex
2480 757 2580 812 per
2602 756 2730 796 eum
2758 737 3013 795 consistit
3035 736 3316 811 paciﬁcus.
3392 758 3396 763 ’

1976 833 2094 889 Non
2115 838 2200 887 est
2225 837 2447 901 tempus
2486 833 2692 901 quanta
2712 827 2843 884 fecit
2866 826 3161 883 enarrandi
3185 825 3424 902 singula,

262 926 657 982 Bobemienses
684 927 796 994 ηπ,
817 928 947 999 quid
978 928 1364 984 tardatiscolla
1382 936 1567 983 vestra
1596 928 1863 985 subdere‘l

1976 921 2104 986 Quae
2137 920 2228 955 ‘3"
2259 924 2530 975 noverunt
2553 918 2648 989 qui
2671 925 2967 973 senserunt
2992 930 3241 972 carceres
3263 921 3319 971 et
3342 914 3583 971 vincula.

254 1014 385 1071 Cum
419 1017 664 1071 cernatis
699 1019 876 1089 ipsum
911 1034 1097 1091 regem
1130 1017 1418 1073 Bolezlavo
1449 1017 1672 1082 cedere,

255 1107 317 1162 Ut
348 1108 441 1143 ¹³⁰⁶
478 1109 689 1175 sciatis,
711 1124 809 1165 vos
838 1124 948 1164 non
983 1125 1145 1180 posse
1175 1109 1390 1164 viribus
1417 1108 1695 1173 resistere,

253 1195 368 1251 Non
397 1202 479 1251 est
512 1197 687 1252 hostis
713 1204 864 1254 tanto
897 1198 1023 1254 duci
1052 1198 1317 1272 congredi
1347 1198 1442 1270 qui
1474 1199 1671 1264 valeat,

1978 1013 2086 1070 Nos
2114 1012 2184 1067 ad
2220 1011 2430 1078 laudes,
2474 1025 2586 1067 non
2608 1009 2676 1065 ad
2704 1009 2935 1065 fraudes
2959 1007 3157 1064 damus
3180 1008 3301 1064 haec
3330 1007 3422 1043 1'”
3451 1023 3582 1062 mu-

3244 1098 3510 1172 [nuscula.

754 1354 1025 1417 lNClPIT
1069 1354 1391 1419 TERTIUS
1436 1355 1658 1419 LIBER
1705 1353 1803 1416 DE
1843 1350 2109 1416 GESTIS
2152 1348 2567 1413 BOLEZLAVI
2612 1346 2864 1411 TERTII
2915 1343 3061 1407 140°.

595 1510 647 1563 1.
698 1510 925 1565 Victoria
961 1508 1025 1564 de
1069 1512 1380 1564 Pomoranis
1413 1508 1523 1563 “0‘.

328 1598 507 1653 Multis
558 1608 614 1653 et
646 1598 1142 1653 innumerabilibus
1191 1598 1459 1654 Bolezlavi
1498 1598 1645 1654 tertii
1700 1598 1871 1672 gestis

256 1687 590 1742 militaribus
666 1686 1037 1742 memorandis
1116 1686 1506 1741 intitulandum
1566 1686 1868 1759 pmcipue,

253 1777 495 1849 qualiter
522 1776 696 1831 sancti
729 1775 1007 1831 Laurentii
1035 1775 1125 1831 die
1170 1776 1468 1849 contigerit
1525 1775 1866 1841 Pomoranis,

252 1872 424 1937 utque
475 1881 727 1936 repressa
766 1865 839 1920 sit
897 1865 974 1920 ira
1035 1864 1273 1931 caesaris,
1328 1872 1382 1919 et
1426 1874 1485 1919 ut
1543 1864 1868 1936 impetuosis

252 1959 517 2015 obstitum
553 1960 644 1993 ¹⁵⁰²
686 1959 853 2014 fuerit
891 1958 1229 2014 Alemannis.
1288 1958 1573 2022 Quoddam
1627 1975 1867 2030 namque

256 2056 492 2105 castrum
526 2050 751 2106 nomine
783 2050 949 2105 Nakel
983 2051 1037 2105 in
1084 2050 1325 2105 confinio
1380 2049 1621 2105 Poloniae
1658 2066 1723 2106 ac
1778 2051 1868 2085 ⁸⁸0³

255 2142 595 2198 Pomorania:
642 2142 940 2213 paludibus
995 2152 1049 2197 et
1125 2157 1295 2213 Opere
1345 2140 1562 2197 firmum
1630 2149 1863 2209 constat,

255 2229 324 2284 ad
380 2230 528 2301 quod
594 2230 924 2301 capiendum
989 2231 1099 2285 dux
1152 2229 1385 2301 belliger
1440 2246 1565 2284 cum
1624 2230 1868 2287 exercitu

256 2332 356 2372 suo
384 2318 609 2385 sedens,
639 2319 807 2373 armis
848 2329 903 2374 et
938 2317 1210 2374 machinis
1260 2318 1568 2374 laborabat.
1625 2320 1869 2391 Cumque

252 2407 515 2477 Oppidani
552 2423 663 2462 non
710 2423 872 2479 posse
912 2414 1076 2462 tantae
1115 2406 1456 2463 multitudini
1513 2407 1769 2462 resistere
1810 2423 1871 2462 se

252 2501 544 2567 vidissent,
583 2509 637 2556 ct
682 2518 804 2556 cum
866 2509 1048 2557 tamen
1100 2518 1131 2556 a
1186 2503 1302 2565 suis
1358 2502 1617 2557 auxilium
1660 2504 1870 2574 princi-

257 2592 419 2663 pihUS
476 2601 913 2664 exspectassent,
974 2594 1228 2649 inducias
1274 2594 1631 2666 quaesierunt,
1690 2595 1866 2651 diem-

252 2699 359 2755 que
387 2693 596 2738 certum
630 2684 973 2753 indiderunt,
1007 2683 1147 2739 infra
1182 2701 1371 2757 quem,
1417 2685 1462 2740 si
1512 2687 1595 2741 sui
1629 2701 1725 2741 eos
1755 2703 1863 2743 non

1895 1508 1947 1576 Β
1972 1502 2181 1559 Versus
2221 1503 2334 1557 “‘5.

2143 1592 2329 1649 Martir
2352 1582 2631 1657 Laurenti,
2674 1588 2879 1662 populo
2896 1601 3156 1644 succurre
3185 1585 3439 1643 merenti.

1970 1686 2108 1752 Quid
2124 1703 2274 1743 nunc
2285 1685 2489 1742 facient
2501 1682 2888 1741 1mchristiani
2901 1681 2930 1737 τ
2948 1682 3064 1749 Quo
3079 1698 3142 1737 se
3154 1680 3538 1737 vertentur“l7
3555 1677 3585 1733 ?

1970 1781 2251 1838 Exercitus
2288 1780 2526 1837 hostium
2568 1766 2919 1850 improvisus,
2962 1776 3111 1834 acies
3136 1774 3434 1833 ordinandi
3467 1790 3581 1830 non

1966 1882 2049 1932 est
2078 1874 2169 1910 ¹⁴¹⁸
2200 1881 2438 1944 tempus,
2473 1872 2575 1943 ipsi
2605 1871 2787 1944 pauci,
2828 1871 3016 1928 hostes
3048 1868 3231 1937 multi,
3270 1868 3401 1945 fuga
3429 1866 3583 1926 tarda

1968 1981 2248 2038 nunquam
2274 1962 2473 2036 placita
2503 1960 2813 2041 Bolezlavo.

2036 2057 2238 2113 Versus
2263 2056 2357 2090 “1’
2386 2072 2399 2108 :

2113 2148 2298 2205 Martir
2327 2147 2604 2215 Laurenti,
2635 2145 2841 2218 populo
2883 2146 2990 2200 vim
3032 2145 3159 2202 tolle
3206 2144 3435 2201 ferentil

1971 2242 2143 2316 igitur
2187 2239 2456 2296 militibus
2485 2244 2757 2310 quotquot
2807 2244 2965 2293 erant
3005 2235 3059 2291 in
3114 2236 3337 2292 duobus
3365 2243 3577 2293 tantum

1970 2330 2282 2406 agminibus
2317 2327 2610 2396 ordinatis,
2639 2326 2867 2383 alterum
2899 2341 3099 2401 agmen
3138 2326 3279 2381 rexit
3315 2326 3434 2398 ipse
3462 2325 3579 2381 bel-

1972 2424 2115 2497 liger
2173 2420 2513 2486 Bolezlavus,
2608 2417 2843 2473 alterum
2924 2432 3055 2473 vero
3122 2415 3356 2492 signifer
3429 2416 3581 2473 Scar-

1969 2511 2216 2566 bimirus.
2233 2510 2363 2565 Nam
2381 2515 2577 2564 ceterae
2595 2506 2969 2583 multitudinis
2992 2505 3185 2563 “melii
3207 2504 3471 2577 pabulum
3488 2508 3574 2543 ¹⁵²¹

1967 2616 2261 2673 equorum,
2287 2598 2379 2654 alii
2410 2597 2668 2654 victualia
2701 2586 3097 2670 quaeritabant,"
3137 2596 3230 2652 alii
3277 2611 3407 2652 vero
3460 2596 3581 2653 vias

1966 2698 2021 2745 et
2038 2688 2294 2744 tramites
2320 2689 2411 2722 “”
2424 2695 2480 2743 et
2498 2686 2795 2743 adventum
2822 2687 3060 2742 hostium
3082 2685 3173 2720 ⁸⁸³³
3188 2684 3575 2742 observabant.

249 2779 527 2844 juvarent,
571 2778 626 2832 in
659 2786 984 2849 potestatem
1037 2779 1129 2814 ¹⁸⁰⁵
1162 2779 1397 2835 hostium
1432 2786 1485 2833 et
1513 2779 1778 2850 Oppidum
1813 2787 1867 2835 et
1890 2811 1941 2879 Ο
1965 2779 2076 2834 Nec
2106 2793 2257 2833 mora
2294 2776 2614 2833 Bolezlavus
2662 2774 2900 2851 impiger
2954 2775 3140 2832 educit
3203 2773 3445 2879 agmina,
3499 2775 3582 2831 sic

250 2884 309 2922 se
331 2869 544 2923 darent.
581 2868 820 2924 lnduciaa
847 2870 1068 2941 quidem
1097 2885 1194 2925 eos
1222 2869 1524 2925 assultandi
1558 2870 1649 2905 ¹⁴⁰⁵
1672 2886 1865 2927 concc-

254 2964 476 3027 duntur,
523 2965 619 3019 sed
669 2971 967 3035 apparatus
1009 2973 1191 3020 tamen
1248 2966 1599 3041 expugnandi
1640 2967 1866 3022 minime

254 3054 600 3112 differuntur.
628 3057 850 3111 Interim
883 3057 1285 3129 Oppidanorum
1319 3057 1496 3113 nuntii
1528 3058 1867 3114 Pomorano-

258 3160 373 3198 rum
402 3144 699 3200 exercitum
729 3153 1128 3210 convenerunt,
1170 3145 1363 3216 eisque
1392 3147 1701 3217 pactionem
1736 3161 1868 3201 suo-

254 3249 371 3288 rum
424 3233 618 3289 factam
679 3251 803 3289 cum
847 3234 1099 3289 hostibus
1151 3235 1474 3289 retulerunt.
1532 3234 1683 3290 Tunc
1737 3252 1866 3291 vero

252 3324 567 3390 Pomorani,
624 3324 807 3379 audita
883 3325 1161 3399 legatione
1208 3325 1523 3396 stupefacti,
1580 3327 1872 3393 conjurant

253 3413 473 3468 insimul
507 3414 601 3450 ¹⁴⁰⁶
628 3430 728 3484 pro
753 3413 926 3483 patria
963 3413 1050 3467 vel
1081 3429 1142 3468 se
1172 3414 1261 3448 ¹⁴⁰⁷
1295 3414 1432 3469 mori
1468 3418 1550 3469 vel
1583 3416 1866 3471 victoriam

254 3506 324 3562 de
375 3506 599 3561 Polonis
640 3506 731 3541 ¹³⁰⁸
771 3505 1022 3577 adipisci.
1076 3506 1325 3560 Dimissis
1364 3507 1534 3581 igitur
1575 3508 1757 3580 equis,
1810 3515 1867 3564 ut

251 3594 542 3665 adaequato
598 3594 848 3664 periculo
902 3594 1104 3649 fiducia
1144 3595 1359 3650 cunctis
1409 3605 1463 3650 et
1505 3596 1594 3629 ¹⁵θ⁰
1639 3597 1869 3653 audacia

252 3681 428 3753 major
462 3688 629 3747 esset,
679 3682 881 3736 nullam
914 3682 1056 3736 viam
1099 3682 1181 3736 vel
1227 3683 1478 3737 semitam
1526 3685 1863 3758 gradientes,

252 3771 348 3825 sed
374 3769 611 3825 ferarum
643 3770 810 3825 lustra
841 3771 1233 3842 condensaque
1262 3772 1354 3805 “’0
1383 3772 1639 3827 silvarum
1668 3773 1869 3829 irrum-

253 3866 466 3932 pentes,
501 3876 611 3915 non
668 3860 721 3913 in
772 3860 862 3915 die
887 3867 1093 3917 statuto
1141 3861 1238 3915 sed
1286 3860 1340 3915 in
1382 3863 1556 3917 sancti
1590 3863 1863 3919 Laurentii

256 3954 352 4017 (an
404 3952 562 4017 1109,
596 3956 738 4021 Aug.
809 3955 889 4024 10)
927 3964 1283 4009 sacrosancto
1329 3956 1414 3988 ””
1446 3956 1602 4027 quasi
1660 3957 1868 4012 sorices

254 4040 321 4094 de
363 4040 608 4095 latibulis
660 4051 1024 4106 emerserunt,
1084 4041 1403 4113 indicioque
1460 4057 1560 4098 suo
1610 4044 1702 4077 ¹⁴¹²
1755 4060 1864 4100 non

1967 2867 2151 2922 verbis
2180 2865 2529 2938 paucissimis
2555 2865 2993 2922 commonendo:
3052 2870 3231 2920 Vestra
3253 2862 3490 2936 probitas
3530 2874 3582 2922 et

1967 2960 2303 3015 imminentis
2331 2957 2562 3027 periculi
2589 2958 2876 3012 necessitas
2900 2969 3157 3026 amorque
3188 2957 3385 3026 patria:
3410 2959 3583 3025 magis

1967 3066 2132 3121 quam
2156 3052 2328 3105 oratio
2350 3064 2471 3104 mea
2502 3048 2592 3082 ¹⁵²⁸
2616 3063 2725 3116 vos,
2757 3048 3103 3120 invictissimi.
3114 3044 3362 3117 juvenes,
3385 3046 3580 3104 achor-

1971 3147 2175 3197 tentur.
2206 3141 2383 3207 Hodie,
2414 3145 2513 3197 Deo
2539 3142 2757 3209 favente
2778 3146 3068 3211 sanctoque
3095 3142 3381 3196 Laurentio
3397 3140 3578 3211 depre-

1966 3241 2127 3289 cante
2175 3238 2596 3289 Pomoranorum
2621 3232 2887 3302 ydoiatria
2934 3249 3001 3287 ac
3027 3233 3283 3287 militaris
3320 3231 3573 3301 superbia

1968 3325 2165 3377 nostris
2202 3322 2417 3377 ensibus
2445 3327 2769 3377 conteretur.
2812 3322 2921 3377 Nec
2949 3322 3106 3394 plura
3134 3321 3377 3390 locutus,
3412 3322 3582 3395 carpit

1971 3411 2159 3464 hostes
2212 3409 2267 3463 in
2321 3408 2556 3463 circuitu
2603 3409 2959 3483 transgirare,
3017 3409 3148 3481 quia
3192 3408 3273 3464 sic
3332 3408 3389 3463 in
3435 3416 3580 3463 terra

1968 3499 2156 3552 hostas
2178 3513 2307 3552 suas
2333 3497 2512 3552 versis
2556 3497 2884 3567 cuspidibus
2938 3498 2993 3552 in
3047 3498 3235 3553 hostes
3272 3496 3579 3565 aftixerant,

1965 3604 2203 3661 seseque
2238 3588 2327 3622 "'5
2363 3586 2531 3642 simul
2583 3585 3048 3657 constipaverant,
3089 3586 3238 3659 quod
3270 3585 3453 3665 nullus
3484 3602 3582 3661 po-

1969 3685 2107 3733 terat
2144 3678 2213 3733 ad
2257 3692 2353 3733 eos
2418 3675 2616 3732 virtute
2656 3675 2761 3730 nisi
2808 3691 2933 3731 cum
2990 3674 3219 3751 ingenio
3262 3684 3573 3746 penetrare.

1972 3770 2136 3826 Erant
2166 3770 2336 3836 enim,
2395 3776 2453 3824 ut
2500 3768 2707 3825 dictum
2757 3778 2840 3823 est
2890 3767 3167 3840 superius,
3222 3767 3438 3840 pedites
3466 3767 3577 3841 fere

1968 3860 2174 3928 cuncti,
2208 3875 2308 3915 nec
2353 3859 2419 3913 ad
2464 3858 2718 3930 proelium
2762 3874 2914 3914 more
2966 3856 3392 3913 christianorum
3433 3857 3579 3911 ordi-

1969 3948 2103 4017 nati,
2148 3949 2248 4003 sed
2286 3946 2561 4018 sicutlupi
2604 3944 2930 4001 insidiantes
2958 3945 3176 4011 ovibus,
3211 3945 3267 3999 in
3310 3952 3455 3999 terra
3486 3944 3579 3978 ⁸⁸⁸⁸

1968 4040 2271 4114 poplitibus
2308 4040 2396 4075 “'7
2458 4039 2747 4095 recurvati.
2811 4039 3062 4110 Dumque
3123 4035 3298 4114 magis
3341 4034 3579 4109 impiger

254 4132 488 4186 humana
516 4132 611 4186 sed
644 4148 810 4185 manu
842 4132 1029 4187 divina
1059 4133 1343 4203 perierunt
1373 4134 1543 4203 (164).
1588 4134 1865 4191 Gloriosus
1886 4184 1936 4205 η
1966 4134 2285 4190 Bolezlavus
2330 4134 2757 4205 circumquaque
2815 4131 3042 4187 volitare
3098 4130 3377 4205 videretur
3411 4144 3573 4201 quam

255 4223 393 4277 Deus
428 4223 479 4277 in
514 4223 721 4280 sanctis
766 4224 903 4291 suis,
952 4225 1281 4279 venerabilis
1324 4226 1472 4279 enim
1513 4226 1634 4281 dies
1680 4228 1854 4283 sancti

254 4312 525 4368 Laurentii
565 4313 803 4368 martiris
824 4314 915 4347 “'3
939 4313 1228 4383 existebat,
1255 4325 1309 4369 et
1339 4316 1393 4369 in
1420 4316 1511 4371 illa
1543 4317 1674 4372 hora
1703 4318 1852 4375 chri-

248 4400 551 4456 stianorum
573 4401 767 4457 concio
798 4402 888 4436 ¹⁴¹δ
910 4402 979 4456 de
1001 4401 1289 4458 missarum
1308 4404 1635 4476 solempniis
1656 4407 1860 4469 exibat,

250 4500 304 4547 et
335 4508 485 4557 ecce,
525 4493 708 4549 subito
766 4493 1125 4550 barbarorum
1166 4496 1438 4551 exercitus
1488 4498 1561 4551 ibi
1612 4499 1865 4554 cominus

250 4582 592 4639 imminebat.

1886 4184 1939 4251 D

1964 4240 2204 4291 currere,
2239 4224 2565 4280 transversis
2610 4224 2664 4278 in
2719 4239 2844 4279 eum
2886 4220 3161 4279 hostibus.
3207 4220 3575 4277 Scarbimirus

1967 4316 2206 4373 intrandi
2234 4317 2413 4372 locum
2444 4316 2756 4383 inveniens,
2780 4332 2846 4371 ex
2876 4314 3107 4370 adverso
3130 4328 3239 4369 non
3270 4311 3458 4366 diﬂert
3483 4312 3574 4347 ³³⁸⁸

1968 4410 2021 4465 in
2059 4425 2267 4465 cuneos
2304 4410 2511 4465 diutius
2565 4407 3002 4464 confertissimos
3039 4415 3351 4478 penetrare.
3382 4403 3573 4475 Pene-

1966 4501 2118 4555 tratis
2138 4500 2323 4571 itaque
2348 4499 2594 4553 barbaris
2632 4513 2697 4552 ac
2725 4495 2963 4564 vallatis,
3009 4495 3208 4551 acriter
3258 4493 3348 4529 li”
3384 4491 3575 4571 impri-

1966 4590 2070 4644 mis
2101 4588 2379 4654 resistunt,
2421 4587 2516 4643 sed
2551 4586 2725 4643 coacti
2764 4584 2987 4641 tandem
3029 4582 3215 4658 fugam
3244 4587 3455 4655 petunt.
3500 4579 3576 4637 lte

1600 4714 1819 4769 VARM'I
1851 4714 2222 4772 LECTIONES.

323 4818 412 4853 '3“
441 4818 819 4873 Boliemenses
845 4821 900 4873 2.
934 4824 983 4872 3.

256 4889 465 4945 deest3.
562 4890 648 4923 “0‘
691 4898 1076 4959 argumentum
1113 4894 1240 4946 edit.
1278 4897 1423 4957 Vars.

254 4961 344 4995 ¹⁴⁰δ
373 4960 676 5015 assultandi
709 4961 791 5015 eis
819 4977 914 5019 pro
944 4978 993 5016 e.
1027 4980 1076 5016 a.
1107 4963 1157 5019 3.

256 5031 314 5085 Ρ.
345 5031 404 5103 3_._
495 5031 584 5065 “09
606 5040 773 5103 atque
804 5031 834 5088 3
964 5033 1054 5067 “'0
1083 5040 1138 5087 et
1165 5034 1444 5089 condensa
1475 5034 1526 5089 3.

258 5101 719 5173 totaliterquepro
764 5103 801 5157 i.
835 5120 882 5158 s.
916 5104 969 5158 3.
1058 5104 1147 5138 ³⁸⁸³
1166 5106 1307 5159 deest
1344 5105 1394 5162 3.

256 5174 480 5248 indicat.
514 5243 539 5248 Α
562 5175 651 5248 “lg”
674 5174 811 5248 Quid
833 5174 988 5248 plura
1015 5174 1122 5248 qui
1148 5174 1350 5248 faciant
1374 5191 1471 5248 pro
1500 5177 1563 5240 ρ.
1589 5194 1641 5232 n.
1678 5178 1713 5231 f.
1748 5180 1802 5233 3.

254 5315 596 5441 mesﬁgt.
690 5315 917 5421 amr”
945 5317 1168 5442 453221.
1200 5318 1254 5373 2.
1342 5318 1432 5353 ἰιι
1459 5318 1550 5373 uia
1578 5320 1629 5373 2.

653 5425 667 5439 .
869 5403 980 5442 acrt
1045 5403 1071 5441 3
1130 5428 1144 5442 .

653 5425 667 5439 .
755 5403 844 5421 ""
869 5403 1071 5442 acrttus
1088 5403 1144 5444 Ζ.
1662 5420 1665 5421 ⁷

1101 4821 1191 4855 ’⁸³⁸
1221 4822 1310 4876 hic
1334 4824 1386 4876 3.
1470 4822 1554 4855 “97
1589 4821 1850 4879 mirificus
1869 4824 1921 4880 3.

1376 4907 1481 4957 :s.p
1525 4892 1648 4949 247.
1680 4895 1821 4949 deest
1851 4895 1899 4948 1.
1927 4893 1963 4949 2
2010 4896 2059 4953 3.

1264 4963 1353 4997 ¹⁵⁰⁶
1380 4962 1465 5017 vel
1495 4979 1554 5018 se
1585 4966 1733 5019 addit
1771 4969 1866 5022 hoc
1901 4968 2011 5021 loco
2037 4967 2090 5022 3.
2152 4965 2239 5001 "0"
2269 4965 2353 5019 vel
2376 4981 2436 5020 se
2461 4966 2657 5021 desunt
2673 4965 2727 5020 3.
2789 4964 2879 5000 "°'
2904 4973 3095 5021 contra
3119 4962 3355 5019 Polonos
3378 4962 3566 5033 pro-tl.

1648 5037 1732 5069 1*"
1752 5037 1858 5108 die
1888 5040 2078 5107 repetit
2108 5037 2159 5093 3.
2246 5037 2343 5108 “"7
2366 5036 2687 5108 inditusque
2715 5044 2847 5091 sunt

1496 5106 1584 5140 “1"
1609 5107 1801 5162 censio
1826 5106 2047 5163 erronee
2077 5109 2120 5163 ι.
2157 5111 2208 5163 2.
2285 5107 2376 5142 ¹⁶¹³
2400 5108 2448 5162 ν’
2477 5106 2676 5178 stolam
2703 5109 2795 5164 hoc
2820 5106 2930 5164 ῑσὸο
2958 5108 3011 5163 1-
3040 5108 3094 5164 3-

1902 5179 1991 5213 NH

256 5178 480 5227 indicat.
562 5178 651 5208 ’⁸⁸⁸
674 5178 811 5237 Quid
833 5178 988 5246 plura
1015 5178 1109 5245 qui
1148 5178 1350 5230 faciant
1374 5191 1471 5248 pro
1500 5178 1563 5240 ρ.
1589 5194 1641 5232 n.
1678 5178 1713 5231 f.
1748 5180 1802 5233 3.
1902 5179 1991 5213 ¹⁸¹⁷
2021 5185 2233 5234 vertant
2261 5178 2314 5232 3.

253 5251 398 5298 nunt
436 5247 480 5297 t.
509 5243 560 5298 2.
597 5246 736 5300 deest
761 5246 813 5300 3.
889 5245 977 5279 ¹⁸²⁰
1016 5246 1352 5302 multitudini
1396 5253 1444 5301 1.
1476 5247 1530 5302 2.
1561 5255 1803 5305 ceterum
1838 5249 2177 5305 multitudini
2204 5264 2300 5305 vro

1723 5321 1813 5355 ιιιδ
1842 5332 1964 5375 sesi:
1983 5321 2037 5377 Ξ.

2043 4826 2132 4860 ¹³⁹⁸
2179 4826 2272 4930 qui
2306 4826 2329 4878 1
2405 4824 2440 4877 2
2496 4823 2586 4858 ’³⁸9
2618 4822 2705 4878 hic
2763 4824 2813 4877 1.
2864 4820 2920 4879 3.

2174 4897 2187 4930 1
2216 4895 2266 4929 ω
2290 4901 2566 4930 ΛαΙΔηΙηΜ
2596 4894 2629 4930 2
2768 4893 2859 4928 ιιοθ
2880 4909 2906 4930 n

3016 4822 3108 4857 “0°
3136 4823 3417 4892 inscriptio
3460 4825 3572 4892 tota

2216 4895 2266 4929 ⁰²
2290 4901 2566 4951 ostentum
2595 4894 2648 4949 3.
2768 4893 2859 4928 ¹⁸⁰³
2878 4909 2911 4949 a
2941 4892 2990 4948 ι.

3096 4888 3488 4966 'f"_potestate
3513 4888 3564 4966 3.

2870 5051 2970 5107 pro
3005 5032 3480 5097 i.s.nonrectet.
3511 5032 3564 5086 2.

3125 5109 3362 5177 positum
3378 5117 3568 5159 versus

2419 5179 2509 5215 ιιιο
2530 5176 2674 5235 deest
2700 5178 2751 5235 3.
2856 5179 2947 5214 ’δι’
2971 5176 3172 5237 iterum
3201 5176 3446 5246 v'siglum
3468 5190 3567 5246 po-

2202 5264 2300 5320 pro
2326 5248 2385 5304 N,
2418 5265 2469 5305 c.
2502 5266 2575 5304 m.
2606 5249 2659 5305 3.
2748 5249 2835 5285 ιιιί
2861 5248 3129 5311 babulum
3158 5248 3209 5305 1.
3240 5317 3252 5320 _
3279 5245 3569 5320 _':"_'_intra-

2145 5316 2238 5357 "5‘
2266 5326 2465 5377 terram
2492 5321 2546 5377 3.
2617 5320 2703 5380 im
2732 5320 3040 5392 poblitibus
3066 5320 3126 5387 ί.
3164 5316 3480 5391 poblicibus
3507 5317 3568 5376 2ο

1809 5460 2017 5518 NOTE.

322 5556 471 5623 (164)
503 5555 697 5634 _Recte
750 5567 937 5634 monet
973 5558 1068 5634 ed.
1109 5559 1260 5615 Vars.
1318 5560 1593 5618 Romanos
1643 5562 1828 5618 dicere
1881 5579 2123 5621 amasse:
2178 5564 2393 5633 Egomet
2434 5580 2546 5620 meo
2596 5568 2794 5623 indicio
2829 5566 2987 5634 quasi
3032 5577 3187 5625 sum
3224 5563 3375 5620 hodie
3413 5565 3569 5633 perii.

259 5626 468 5683 Tenum
494 5632 634 5683 Eun.
677 5644 724 5683 v.
769 5628 933 5692 7,23.
968 5628 1022 5684 S.
