3920 6054
346 165 454 224 918

1616 173 1966 231 ΕΗΒΟΝΙΕΑΞ
2006 177 2423 237 POLONORUM.

3589 193 3712 249 916

353 290 669 346 christianis
714 291 789 361 ibi
842 292 1065 364 quidam
1132 296 1223 329 “3°
1271 296 1431 366 probi
1486 298 1692 356 milites
1741 301 1962 366 eadunt,
1989 306 2316 380 Astigatus.
2347 308 2616 381 Zbigneus
2657 326 2881 383 quoque
2929 328 3191 368 cessarem
3243 314 3439 371 iratum
3479 333 3548 371 ex
3585 318 3705 373 hoc

352 396 689 454 paganorum
720 398 852 438 vero
877 384 948 439 de
972 384 1042 440 40
1071 386 1299 443 milibus
1326 388 1519 445 decem
1556 391 1707 447 milia
1728 394 1816 449 vix
1845 409 1967 449 eva-

275 481 281 487 ·
352 474 509 529 dunt.
546 473 736 529 Testor
792 474 985 543 Deum,
1043 492 1151 549 ope
1196 481 1375 553 cujus,
1410 490 1772 555 sanctumque
1825 486 1967 541 Lau-

350 565 615 630 rentium,
658 581 823 638 prece
872 569 1029 637 cujus
1084 569 1225 626 facta
1257 571 1427 629 fuerit.
1484 574 1569 608 “3'
1618 576 1721 631 ista
1760 578 1964 642 caades.

352 657 770 715 admirabantur
795 660 888 733 qui
921 662 1174 730 aderant,
1202 666 1482 737 quomodo
1512 667 1603 702 ¹⁴³²
1632 675 1744 724 tam
1778 670 1963 727 subito

352 764 384 803 a
430 748 702 805 militibus
740 752 926 809 minus
973 753 1123 809 mille
1187 762 1411 826 peracta
1460 756 1628 813 fuerit
1672 759 1763 793 “33
1816 768 1966 816 tanta

353 849 567 915 strages
586 843 701 909 (an.
726 843 911 915 1109.)
935 845 1197 902 Dicuntur
1210 848 1358 902 enim
1384 849 1485 919 ipsi
1512 850 1966 909 Pomoranicerto

355 948 586 989 numero
614 943 964 1007 computasse
993 938 1065 993 de
1089 939 1206 994 suis
1236 939 1308 995 ibi
1369 942 1437 998 27
1488 943 1637 999 milia
1666 946 1961 1013 corruisse,

354 1025 502 1096 quod
533 1026 587 1081 in
618 1027 916 1099 paludibus
960 1030 1308 1099 interessent,
1344 1050 1447 1090 nec
1490 1036 1568 1090 illi
1629 1037 1853 1108 quidem
1885 1038 1966 1093 sic

356 1116 592 1171 evadere
626 1117 948 1188 potuissent.
991 1121 1260 1192 Oppidani
1302 1139 1432 1179 vero
1470 1125 1722 1181 videntes
1774 1143 1835 1182 se
1875 1138 1963 1185 to-

359 1215 465 1259 tam
520 1207 605 1241 "3‘
637 1224 790 1278 spem
824 1210 1095 1277 amisisse,
1137 1228 1241 1268 nec
1265 1215 1530 1271 auxilium
1564 1217 1790 1273 aliunde
1821 1221 1904 1274 vel
1936 1237 1966 1273 a

358 1296 608 1367 quolibet
638 1306 978 1369 exspectare,
1010 1301 1286 1358 civitatem
1326 1304 1437 1360 vita
1472 1306 1677 1362 donata
1705 1309 1966 1365 reddide-

360 1395 503 1441 runt.
562 1388 865 1444 Audientes
894 1396 1074 1445 autem
1130 1392 1249 1447 haec
1290 1394 1360 1447 de
1419 1410 1513 1449 sex
1568 1396 1689 1451 aliis
1730 1400 1966 1455 castellis

355 1477 620 1549 Oppidani
652 1479 762 1545 “35,
786 1479 1077 1534 consilium
1100 1481 1289 1537 itidem
1315 1484 1407 1519 ωδ
1436 1484 1699 1556 inierunt,
1728 1504 1788 1544 se
1818 1490 1967 1561 ipsos

358 1569 613 1625 videlicet
645 1571 1093 1643 munitionesque
1127 1576 1490 1632 tradiderunt.

463 1663 516 1716 2.
549 1665 796 1732 Epistola
826 1666 1169 1735 imperatoris
1197 1668 1271 1723 ad
1288 1685 1459 1738 regem
1491 1675 1849 1731 Bolezlavum.

429 1752 561 1807 Dum
609 1752 726 1807 haec
751 1759 993 1827 aguntur
1032 1754 1143 1821 "3",
1176 1756 1442 1814 Henricus
1478 1759 1779 1832 imperator
1808 1783 1971 1837 quar-

362 1857 450 1903 tus
496 1850 684 1905 Romae
740 1849 987 1905 nondum
1042 1862 1339 1909 coronatus
1372 1897 1386 1923 ,
1440 1860 1687 1915 secundo
1744 1862 1968 1932 quidem

362 1958 508 1998 anno
561 1942 913 1998 coronandus
967 1944 1133 2015 (165),
1175 1962 1298 2001 cum
1348 1949 1530 2005 verbis
1584 1952 1967 2021 hujuscemodi

365 2031 647 2087 Bolezlavo
696 2032 1025 2106 legationem
1065 2035 1356 2105 praemisit,
1404 2054 1525 2093 cum
1577 2043 1822 2099 exercitu
1854 2045 1977 2101 vio-

365 2122 497 2177 lenti
548 2122 830 2179 Poloniam
864 2123 1183 2181 invasurus:
1237 2129 1523 2198 Indignum
1572 2139 1649 2189 est
1703 2138 1844 2191 enim
1886 2139 1976 2171 “33

365 2222 678 2290 imper-auri
720 2220 1030 2292 legibusque
1067 2226 1323 2280 Romanis
1356 2228 1648 2284 inhibitum
1681 2230 1791 2299 tr”,
1844 2237 1976 2302 ﬁnes

363 2312 529 2368 hostis
576 2315 983 2384 pimsertimque
1017 2315 1108 2370 sui
1142 2316 1336 2371 militis
1382 2320 1541 2387 prius
1587 2319 1678 2354 ¹⁴⁴⁰
1708 2323 1982 2378 hostiliter

364 2405 609 2471 introire,
648 2418 813 2473 quam
849 2419 967 2459 eum
1014 2407 1292 2461 sciscitari
1326 2409 1391 2462 de
1430 2424 1585 2479 pace,
1642 2414 1693 2466 si
1747 2414 1974 2468 voluerit

362 2495 598 2558 obedire,
625 2495 709 2548 vel
754 2495 821 2550 de
846 2495 997 2562 bello,
1023 2498 1074 2550 si
1102 2500 1362 2555 restiterit
1400 2500 1513 2570 ““,
1558 2508 1620 2558 ut
1658 2519 1713 2558 se
1735 2521 1974 2574 prwmu-

364 2585 505 2637 niret
548 2582 659 2636 Μ’.
715 2586 1051 2654 Quapropter
1085 2590 1180 2641 aut
1227 2594 1431 2657 oportet
1471 2597 1520 2646 te
1564 2594 1793 2660 fratrem
1826 2600 1976 2650 tuum

365 2675 424 2728 in
451 2675 608 2743 regni
624 2674 959 2730 medietatem
989 2675 1083 2709 “‘3
1100 2678 1355 2746 recipere,
1376 2682 1617 2752 mihique
1631 2682 1737 2740 300
1766 2700 1978 2741 marcus

365 2765 649 2819 annuatim
695 2764 1015 2820 tributarias
1068 2765 1151 2820 vel
1188 2768 1404 2822 totidem
1433 2772 1629 2827 milites
1666 2775 1727 2827 in
1754 2775 1979 2843 ere-pedi-

367 2862 561 2916 tionem
601 2862 754 2929 dare,
796 2862 879 2917 vel
915 2877 1136 2929 mecum,
1185 2865 1236 2917 si
1276 2865 1443 2932 vates,
1488 2881 1608 2923 ense
1670 2870 1982 2926 Polonorum

366 2965 585 3018 regnum
622 2949 882 3004 dividere.
914 2949 993 3004 Ad
1018 2950 1140 3004 haec
1178 2950 1497 3008 Bolezlavus
1522 2952 1629 3008 dux
1659 2958 1984 3027 septentrio-

370 3040 512 3096 nalis
541 3040 854 3113 reSpondit:
910 3043 972 3098 Si
1012 3045 1301 3113 pecuniam
1343 3050 1583 3102 nostram
1625 3050 1706 3103 vel
1758 3052 1981 3109 Polonos

370 3134 565 3187 milites
589 3147 690 3203 pro
727 3133 928 3189 tributo
972 3137 1233 3205 requiris,
1284 3139 1335 3191 si
1394 3138 1695 3197 libertatem
1737 3154 1982 3201 nostram

365 3240 468 3281 non
503 3226 862 3294 defendimus,
887 3242 992 3297 pro
1019 3229 1240 3295 feminis
1268 3245 1364 3286 nos
1417 3232 1707 3290 habeamus
1737 3237 1846 3304 "“,
1876 3255 1982 3294 non

363 3335 463 3392 pro
486 3321 641 3375 viris.
661 3321 943 3375 Hominem
970 3336 1093 3376 vero
1119 3306 1436 3377 seditiosum
1461 3326 1712 3393 recipere,
1739 3329 1822 3382 vel
1850 3333 1979 3384 uni-

362 3428 481 3468 cum
526 3410 615 3446 "‘5
644 3426 764 3467 cum
801 3426 857 3465 eo
903 3425 1128 3479 regnum
1166 3411 1428 3474 dividere.
1462 3429 1567 3468 non
1606 3431 1687 3471 me
1727 3423 1875 3486 coget
1899 3421 1980 3473 ul-

362 3508 466 3562 lius
494 3505 754 3560 violentia
790 3506 1093 3573 potestatis,
1124 3505 1235 3559 nisi
1261 3520 1497 3561 meorum
1537 3522 1810 3563 commune
1852 3526 1980 3566 con-

358 3603 542 3657 silium
572 3604 623 3655 et
659 3600 949 3655 arbitrium
975 3614 1101 3654 mea
1124 3603 1365 3670 propria
1414 3601 1732 3658 uoluntatis.
1775 3605 1980 3671 Quodsi

359 3693 609 3758 bonitate,
657 3704 767 3747 non
814 3690 1096 3756 ferocitate
1120 3692 1407 3759 pecuniam
1441 3691 1524 3745 vel
1550 3693 1749 3747 milites
1778 3695 1837 3747 in
1880 3710 1979 3749 au-

358 3784 560 3840 .cilium
584 3784 838 3839 Romana
864 3781 1086 3835 ecclesia!
1117 3782 1469 3851 postulasses,
1502 3800 1610 3840 non
1648 3788 1830 3841 minus
1871 3804 1975 3841 au-

360 3871 491 3925 ;cilii
515 3870 599 3924 uel
626 3869 843 3924 consilii
864 3869 1059 3935 forsan
1084 3868 1233 3938 apud
1258 3884 1351 3925 nos
1382 3887 1546 3940 quam
1575 3875 1658 3927 tui
1687 3879 1979 3931 antecesso-

362 3978 446 4018 res
466 3962 615 4032 apud
639 3964 849 4017 nostros
868 3961 1209 4030 impetrasses
1259 3961 1369 4017 1‘“.
1402 3964 1548 4030 Ergo
1572 3966 1861 4033 provideas
1890 3971 1979 4023 cui

357 4054 613 4123 minaris,
642 4050 837 4106 bellum
865 4050 1123 4115 invenies,
1164 4051 1215 4104 si
1244 4050 1461 4106 bellaris
1503 4052 1613 4108 “‘7.

668 4141 722 4203 3.
744 4142 882 4198 Belli
893 4156 1013 4197 cum
1038 4142 1269 4199 Henrico
1296 4144 1516 4200 initium
1546 4146 1657 4201 ειη,

430 4237 502 4292 Ex
534 4250 641 4310 qua
686 4231 1055 4305 responsione
1084 4248 1255 4287 ciesar
1284 4232 1614 4304 pernimium
1643 4237 1712 4291 ad
1744 4238 1969 4294 iracun-

2008 3005 2057 3074 C

2067 396 2240 452 multo
2278 398 2454 469 magis
2482 399 2764 467 incitabat,
2792 402 2923 474 quia
2963 419 3170 474 paucos
3204 406 3272 461 de
3321 406 3548 462 Polonia
3581 409 3707 465 sibi

2070 486 2326 542 resistere
2353 489 2725 559 promittebat.
2758 492 2991 565 Insuper
3028 495 3191 549 etiam
3222 496 3472 563 Bobemi,
3503 498 3705 555 vivere

2069 576 2272 646 praedis
2298 585 2351 632 et
2382 578 2591 649 rapinis
2620 580 2847 648 assueti,
2877 596 3138 637 caesarem
3162 582 3445 639 Poloniam
3476 584 3701 641 intrare

2066 672 2408 740 animabant,
2440 674 2572 746 quia
2611 691 2671 730 se
2701 675 2843 729 scire
2869 676 2986 731 vias
3030 684 3084 731 et
3112 678 3364 734 tramites
3394 696 3495 750 per
3521 681 3701 737 silvas

2067 764 2309 820 Polonia:
2333 764 2661 833 jactitabant
2702 768 2812 821 “5‘.
2846 767 3024 822 Caesar
3052 784 3185 843 ergo
3234 770 3435 825 talibus
3460 772 3701 827 monitis

2068 860 2124 908 et
2173 854 2423 909 consiliis
2451 856 2751 926 superandi
2801 857 3199 913 ‘WPoloniam
3259 859 3315 914 in
3361 876 3517 930 spem
3579 862 3697 916 du-

2069 956 2209 1017 ctus,
2242 950 2586 1024 ingrediens,
2628 953 2931 1024 Bytomque
2960 956 3317 1026 perveniens,
3348 956 3404 1009 in
3436 957 3544 1011 hiis
3571 973 3701 1012 om.

2069 1038 2230 1093 nibus
2291 1047 2372 1095 est
2410 1040 2673 1096 seductus
2740 1044 2849 1096 “53.
2906 1044 3154 1116 Namque
3210 1056 3449 1101 castrum
3502 1047 3700 1118 Bytom

2068 1128 2148 1182 sic
2203 1138 2469 1185 armatum
2522 1130 2712 1202 sicque
2775 1133 3053 1187 munitum
3106 1135 3339 1205 aspexit,
3384 1135 3534 1207 quod
3604 1137 3700 1170 “5"

2066 1220 2362 1292 Zbigncum
2383 1223 2471 1256 "55
2503 1222 2673 1277 iratus
2701 1240 2824 1279 cum
2844 1225 3027 1280 verbis
3058 1225 3459 1301 indignationis
3488 1244 3695 1298 respe-

2067 1313 2141 1367 xit
2168 1313 2275 1379 ωδ,
2320 1314 2600 1382 Zbigneue,
2656 1332 2828 1371 caesar
2883 1317 3062 1389 inquit
3110 1319 3222 1385 νοεῖ,
3267 1322 3346 1373 sic
3398 1325 3447 1374 te
3506 1322 3706 1375 Potom'

2061 1422 2163 1476 pro
2189 1408 2401 1462 domino
2422 1415 2803 1477 recognoscant
2831 1414 2859 1465 Ρ
2886 1414 2962 1466 sic
2981 1414 3212 1479 fratrem
3245 1413 3334 1447 "53
3365 1414 3701 1484 relinquere,

2066 1500 2316 1566 tuumque
2346 1497 2638 1551 dominium
2674 1501 2750 1552 sic
2777 1499 3065 1569 deposcunt
3092 1502 3119 1554 ?
3161 1498 3411 1572 Cumque
3443 1511 3693 1557 castrum

2068 1588 2255 1660 Bytom
2301 1590 2606 1645 munitione
2650 1591 2868 1663 situque
2926 1592 3016 1627 “59
3059 1600 3266 1648 natura:
3312 1602 3369 1649 et
3413 1611 3687 1666 aquarum

1991 1663 2389 1739 Bcircuitione
2444 1685 2872 1760 inexpugnabile
2921 1703 3045 1742 cum
3114 1688 3342 1743 aciebus
3413 1690 3697 1745 ordinatis

2072 1773 2350 1844 praeterire
2391 1774 2677 1841 voluisset,
2718 1775 2940 1846 quidam
2973 1777 3041 1831 de
3083 1777 3200 1831 suis
3254 1776 3446 1833 famosi
3486 1779 3704 1833 milites

2072 1862 2139 1917 ad
2174 1871 2409 1919 castrum
2452 1863 2888 1930 declinaverunt,
2930 1865 3181 1920 volentes
3219 1865 3274 1918 in
3315 1865 3547 1921 Polonia
3607 1864 3703 1897 "5°

2075 1968 2229 2008 suam
2270 1952 2519 2007 militiam
2550 1952 2910 2023 comprobare
2948 1956 3031 1990 “5'
3072 1955 3326 2026 viresque
3365 1955 3703 2010 Polonorum

2077 2055 2132 2102 et
2185 2046 2469 2103 audaciam
2520 2046 2782 2117 experiri.
2842 2048 2906 2101 At
2958 2056 3148 2103 contra
3188 2047 3475 2102 castellani
3524 2047 3707 2117 portis

2076 2140 2281 2210 apertis
2312 2147 2367 2193 et
2396 2138 2651 2193 extractis
2681 2138 2908 2193 ensibus
2942 2139 3213 2205 exierunt,
3254 2155 3357 2194 nec
3396 2139 3707 2193 multitudi-

2083 2250 2209 2289 nem
2234 2241 2341 2290 tam
2374 2234 2716 2289 diversarum
2746 2234 2993 2307 gentium
3024 2249 3127 2288 nec
3148 2233 3413 2304 impetum
3445 2234 3703 2288 Aleman-

2084 2341 2277 2380 noru'n
2319 2341 2423 2381 nec
2452 2326 2801 2396 praesentiam
2833 2326 3053 2380 caesaris
3113 2332 3444 2392 metuentes,
3498 2326 3598 2380 sed
3643 2327 3700 2380 in

2082 2417 2355 2474 trontibus
2393 2418 2512 2487 ejus
2542 2419 2632 2453 ί⁴⁶³
2661 2418 2922 2474 audacter
2963 2434 3027 2473 ac
3064 2418 3297 2473 viriliter
3334 2427 3686 2475 resustentes.

2075 2508 2230 2572 Quod
2258 2508 2616 2563 considerans
2652 2508 2967 2578 imperator,
3008 2507 3371 2561 vehementer
3402 2514 3487 2562 est
3520 2508 3691 2561 mira~

2076 2608 2182 2665 tus,
2243 2599 2499 2656 homines
2541 2598 2752 2654 scilicet
2799 2598 2889 2633 “63
2946 2598 3127 2654 nudos
3164 2606 3355 2654 contra
3406 2598 3700 2670 clipeatos,

2077 2689 2161 2743 vel
2192 2689 2460 2759 clipeatos
2502 2688 2593 2722 ¹⁸⁶⁵
2632 2693 2825 2743 contra
2854 2686 3109 2743 loricatos
3147 2687 3312 2742 nudis
3343 2686 3571 2742 ensibus
3601 2689 3706 2744 de-

2086 2787 2319 2847 certare,
2352 2786 2405 2834 et
2435 2787 2543 2834 tam
2584 2778 2837 2834 alacriter
2864 2777 2931 2831 ad
2983 2794 3225 2852 pugnam
3256 2778 3423 2833 velud
3451 2780 3521 2834 ad
3554 2795 3697 2849 cpu-

2087 2868 2166 2922 Ias
2223 2882 2537 2938 properare.
2582 2867 2730 2921 Tunc
2788 2866 2944 2937 quasi
2992 2880 3216 2921 suorum
3275 2869 3693 2939 praesumptioni

2084 2955 2317 3011 militum
2365 2955 2682 3030 indignans,
2726 2970 2856 3010 suos
2912 2954 3220 3011 halistarios
3276 2966 3331 3011 et
3388 2957 3705 3032 sagittarios

2082 3047 2211 3103 illuc
2237 3047 2406 3113 misit,
2436 3063 2667 3119 quorum
2698 3054 2906 3103 terrore
2947 3047 3233 3102 castellani
3275 3048 3455 3103 saltim
3486 3049 3567 3104 sic
3600 3066 3698 3104 ce-

2082 3141 2277 3196 derent
2307 3147 2362 3195 et
2400 3139 2453 3193 in
2486 3146 2720 3194 castrum
2751 3155 2874 3195 sese
2913 3138 3228 3209 reciperent
3268 3140 3378 3194 “‘5.
3410 3143 3473 3195 At
3505 3141 3700 3196 Poloni

2082 3235 2196 3307 pila
2222 3235 2305 3290 vel
2352 3234 2577 3306 sagittas
2624 3249 2746 3305 quin
2778 3234 2871 3269 ¹⁴⁶⁶
2899 3233 3147 3305 undique
3196 3233 3498 3289 volitabant
3538 3237 3701 3307 quasi

2084 3324 2263 3379 nivem
2305 3323 2390 3379 vel
2416 3331 2596 3399 guttas
2627 3323 2826 3393 pluvize
2856 3322 3273 3393 computabant.
3312 3323 3388 3376 lbi
3417 3340 3545 3379 vero
3586 3342 3702 3379 caa-

2078 3432 2167 3470 sar
2215 3414 2455 3486 primum
2513 3413 2843 3469 Polonorum
2918 3412 3203 3467 audaciam
3297 3414 3703 3484 comprobavit,

2079 3510 2208 3582 quia
2224 3525 2355 3564 suos
2385 3506 2513 3563 inde
2545 3515 2772 3563 cunctos
2794 3523 2903 3562 non
2938 3506 3249 3562 incolumes
3281 3508 3557 3563 revocavit
3588 3508 3704 3564 “‘7.

2080 3602 2235 3658 Nunc
2266 3609 2449 3657 autem
2499 3598 2787 3671 paulisper
2826 3614 3085 3652 czesarem
3117 3596 3347 3666 spatiari
3383 3613 3484 3668 per
3541 3598 3708 3652 silvas

2078 3692 2321 3748 Polonia:
2371 3691 2774 3763 permittamus,
2808 3690 2985 3744 donec
3042 3688 3337 3743 draconem
3393 3687 3705 3744 ﬂammivo-

2083 3798 2230 3836 mum
2262 3782 2331 3836 de
2367 3780 2690 3837 Pomorania
2725 3779 3073 3834 reducamus.

2404 3871 2452 3923 4.
2486 3870 2791 3924 Bolczluvus
2818 3873 2987 3937 parat
3019 3868 3224 3923 Bellum
3253 3869 3369 3918 “63.

2151 3963 2282 4032 (An.
2323 3960 2495 4031 1109.)
2532 3960 2702 4035 Igitur
2731 3959 2966 4034 impiger
2996 3958 3319 4014 Bolczlavus
3350 3958 3405 4012 in
3439 3958 3701 4014 Pomoru-

2075 4054 2163 4107 nia
2193 4062 2452 4124 superato
2493 4051 2691 4122 ιιι-ωηο
2742 4051 3082 4121 supradicto,
3123 4058 3452 4120 septemque
3491 4054 3697 4105 castel-

2070 4145 2138 4200 lis
2176 4143 2476 4215 acquisitis,
2534 4142 2721 4198 audito
2754 4157 2852 4214 pro
2892 4150 3065 4209 certo,
3111 4144 3258 4213 quod
3298 4158 3467 4198 caesar
3522 4141 3693 4197 Polo-

2077 4233 2222 4287 niam
2256 4231 2551 4291 introisset.
2584 4230 2714 4284 viris
2741 4241 2793 4285 et
2824 4230 2985 4302 cquis
3025 4231 3350 4286 obsessione
3376 4230 3586 4285 diutina
3622 4230 3695 4284 fa-

358 4329 506 4385 diam
554 4330 902 4399 provocatus,
964 4322 1091 4379 talia
1149 4330 1333 4380 mente
1370 4326 1633 4396 concipit,
1692 4330 1968 4402 talemque
1992 4325 2280 4430 l)tigatis.
2311 4321 2640 4394 quibusdam
2672 4322 2905 4377 militum
2945 4322 3315 4393 interemptis.
3360 4321 3694 4393 quibusdam

359 4421 500 4476 viam
553 4417 768 4489 incipit,
806 4415 956 4472 unde
996 4416 1085 4451 “‘9
1113 4430 1223 4473 non
1278 4416 1470 4485 exibit,
1513 4434 1695 4491 neque
1741 4421 1962 4485 redibit,

362 4511 467 4568 nisi
505 4526 568 4568 se
598 4511 721 4582 ipso
750 4523 965 4582 suoque
1015 4509 1257 4580 dampno
1298 4512 1727 4581 quammaximo
1757 4513 1847 4548 “5°
1873 4531 1963 4569 ca-

2073 4418 2237 4474 etiam
2279 4417 2563 4479 sauciatis,
2594 4416 2827 4487 aliisque
2871 4416 3093 4473 domum
3141 4433 3262 4472 cum
3316 4417 3398 4471 eis
3428 4416 3693 4480 dimissis,

2067 4531 2188 4570 cum
2222 4514 2426 4585 quibus
2475 4514 2651 4585 potuit
2680 4512 2967 4584 equitavit,
3008 4520 3069 4567 et
3113 4512 3407 4567 obstruere
3437 4512 3694 4567 transitus

1699 4642 1919 4698 VARUE
1959 4643 2333 4701 LECTIONES.

1252 4749 1259 4778 l
1274 4747 1337 4779 532

441 4746 529 4781 ¹⁸³⁰
557 4748 698 4801 ἀειδι
724 4746 776 4801 3.
872 4745 954 4778 “3'
992 4744 1089 4799 futt
1116 4746 1166 4798 3.

441 4748 529 4818 ¹ξ³⁰
557 4748 698 4801 ἀειδι
724 4748 776 4801 3.
872 4748 954 4778 “3'
992 4748 1089 4799 fuit
1116 4748 1166 4798 3.
1252 4748 1337 4779 "3’
1378 4763 1598 4827 quoque
1631 4748 1683 4801 3.

365 4814 489 4873 dem
520 4815 555 4870 3
666 4816 757 4850 ¹¹ο³⁶
785 4817 925 4872 deest
954 4817 1005 4870 3.
1084 4816 1170 4850 “37
1200 4815 1329 4870 Cum
1365 4818 1465 4873 hec
1498 4828 1570 4872 ita
1600 4836 1683 4873 ac:

361 4890 394 4943 3
468 4886 554 4922 ¹³⁴¹
590 4886 929 4949 resisterit2.
1000 4887 1089 4921 ¹⁸⁵²
1117 4888 1436 4956 premunire
1466 4889 1520 4942 2.
1554 4907 1583 4942 v

361 4959 411 5016 3.
537 4957 981 5031 “‘“impctrarcs
1026 4958 1080 5015 3.
1129 4958 1183 5013 3.

359 5034 600 5137 spatium
627 5046 869 5087 uacuum
886 5032 1223 5099 relinquunt.

366 5105 377 5137 t
409 5103 454 5137 δ’
476 5116 631 5137 annm
651 5108 769 5137 nlnc
810 5100 842 5137 ρ
945 5101 1036 5135 ηδε
1064 5102 1223 5137 νοδιιιι

366 5100 454 5137 ηδε
476 5108 772 5174 δηρεεειιυβ
808 5100 862 5157 3,
886 5101 1042 5174 “ut”:
1064 5102 1320 5174 reductus
1356 5101 1410 5155 2.

361 5190 514 5235 mum
546 5170 619 5243 po
641 5176 707 5227 iit
736 5173 772 5226 3
833 5241 846 5244 Α
883 5170 1405 5244 "35AZ_bigneumque
1434 5188 1589 5228 cesar
1617 5174 1668 5228 3.

360 5248 454 5318 hac
480 5241 591 5301 1060
616 5246 773 5318 ιιονξῖι
815 5241 877 5318 .3:
970 5241 1336 5318 summe;
1363 5248 1553 5318 repetit
1609 5246 1660 5300 3-

361 5316 447 5350 μοι
478 5312 828 5386 comprobari
855 5315 907 5368 1.
990 5313 1080 5386 “9’
1111 5312 1272 5372 eis'i.
1306 5313 1361 5371 3.

1309 5030 1399 5065 ¹⁴⁸⁹
1427 5047 1593 5086 unum
1624 5033 1673 5085 1.
1719 5033 1771 5088 2.
1796 5035 1847 5087 3.

1441 5315 1531 5350 ¹⁴⁶³
1560 5318 1699 5373 deest
1728 5317 1780 5374 3.

354 5458 491 5514 deest
521 5457 571 5512 1.
603 5456 660 5511 2.
691 5455 748 5514 3.

1781 4750 1872 4784 ¹⁸³³
1913 4752 2118 4821 peracti
2146 4752 2247 4806 luit
2271 4768 2374 4876 4)νο

1781 4829 1868 4875 tur
1896 4839 1990 4876 vro
2013 4823 2072 4876 D.
2101 4824 2152 4876 h.
2187 4840 2235 4876 a.
2270 4859 2321 4876 ..

666 4816 757 4850 ¹¹ο³⁶
785 4817 925 4872 deest
954 4817 1005 4870 3.
1084 4816 1170 4850 “37
1200 4815 1329 4870 Cum
1365 4818 1465 4873 hec
1498 4815 1570 4872 ita
1639 4829 1868 4875 cruntur
1892 4815 1990 4891 pro
2013 4823 2072 4876 D.
2101 4824 2152 4876 h.
2187 4840 2235 4877 a.
2270 4815 2321 4877 3.
2382 4815 2706 4876 "33'deest3.

666 4886 929 4944 sisterit2.
1000 4887 1089 4921 ¹⁸⁵²
1117 4888 1436 4944 premunire
1466 4889 1520 4942 2.
1554 4836 1733 4944 vaﬁeat
1774 4894 2090 4944 Dremunire
2125 4894 2171 4944 3.
2248 4895 2337 4927 “*3
2368 4892 2706 4944 medietate:

1644 4898 1733 4946 eat
1774 4890 2090 4960 premunire
2125 4894 2171 4947 3.
2248 4895 2337 4927 “‘3
2368 4892 2665 4947 medietate
2691 4892 2742 4944 2.
2775 4890 2825 4945 3.

1292 4958 1380 4993 "‘7
1402 4959 1618 5014 bellatis
1671 4958 1784 5017 non
1837 4972 1976 5019 recte
2026 4966 2060 5018 2
2201 4965 2289 4998 “‘3
2320 4982 2390 5031 (17‘:

1309 5030 1399 5065 "‘9
1427 5047 1593 5086 unum
1624 5033 1673 5085 1.
1719 5033 1771 5087 Ξ.
1796 5035 1847 5087 3.
1970 5036 2061 5069 “5°
2093 5036 2328 5087 maxime
2358 5036 2390 5087 3

2186 5054 2328 5089 Xlltlc
2358 5054 2407 5087 οἱ.

1492 5052 1593 5086 Illi“
1624 5052 1673 5085 ’1.
1719 5052 1771 5088 Ζ.
1796 5052 1847 5087 ὁ.
1972 5052 2061 5069 ¹⁴⁰υ
2093 5052 2328 5089 maxume
2358 5052 2407 5087 ὅ.
2526 5052 2607 5067 ’⁸⁵³⁸
2640 5052 2717 5088 ηα
2742 5052 2948 5087 cornum
2993 5052 3026 5085 Γ
3084 5052 3385 5086 Incuauant
3448 5052 3490 5084 1.
3540 5052 3591 5085 '.'.
3634 5052 3684 5085 ὁ.

1492 5103 1583 5137 ¹⁴⁸⁸
1614 5103 1858 5177 Namque
1894 5115 2129 5161 castrum
2160 5137 2229 5146 —
2282 5105 2496 5177 aspexit
2541 5104 2688 5177 quod
2745 5107 2944 5158 omittit
2989 5106 3083 5177 hoc
3125 5106 3252 5169 loco,
3288 5111 3350 5177 et
3395 5105 3543 5169 infra
3599 5104 3687 5177 de-

1751 5122 1858 5209 que
1894 5122 2129 5161 castrum
2160 5137 2229 5146 —
2282 5122 2496 5177 aspexn
2541 5122 2688 5185 quod
2745 5122 2944 5158 omum
2989 5122 3083 5185 νιος
3125 5122 3252 5169 ιοσο,
3286 5122 3350 5183 ,ει
3395 5122 3543 5169 ιηινίι
3599 5122 3683 5183 ae-

1788 5177 1857 5210 ⁵⁵⁶
1884 5178 2029 5248 quod
2081 5184 2316 5232 castrum
2373 5177 2558 5248 Bytom
2592 5192 2671 5230 snc
2710 5185 2977 5248 armatum
3023 5183 3419 5248 smniunitum
3450 5181 3683 5248 aspexit,

1753 5248 1843 5282 ¹³⁵⁸
1874 5255 2023 5303 tuum
2079 5249 2228 5304 addit
2256 5250 2289 5302 3

1880 5319 1968 5353 ’³⁸⁸
1997 5337 2047 5375 v.
2084 5337 2130 5374 c.
2155 5322 2294 5375 deest
2320 5320 2369 5374 3.

354 5386 403 5460 2.
504 5385 848 5460 ‘fﬁlcunctos
873 5400 1005 5442 suos
1039 5385 1166 5441 inde
1208 5401 1315 5442 non
1352 5388 1627 5442 revocavit
1677 5389 1987 5445 incolumes
2032 5407 2126 5460 pro
2174 5408 2217 5446 s.
2264 5393 2300 5444 i.
2337 5408 2383 5446 c.
2416 5408 2467 5444 ιι.
2520 5390 2552 5441 i.
2598 5407 2641 5443 r.
2690 5388 2740 5442 3.

2406 4752 2439 4804 t'.
2487 4771 2536 4819 μ.
2572 4752 2622 4806 3.
2692 4752 2775 4782 ’⁵³⁵
2800 4751 2877 4801 sic
2915 4750 3110 4804 additi}
3211 4750 3299 4783 “35
3330 4749 3553 4818 quidam
3589 4748 3693 4801 ibi-

2810 4822 2897 4853 “39
2939 4820 3272 4888 prohibitum
3310 4820 3360 4876 3.
3440 4820 3529 4852 "‘0
3555 4820 3693 4875 deest

2908 4892 2993 4924 “”
3026 4890 3229 4944 habeas
3255 4894 3307 4945 3.
3394 4892 3482 4924 ωδ
3517 4906 3685 4943 unum

2201 4965 2289 4998 “‘3
2320 4980 2533 5036 argum
2567 4965 2647 5017 ed.
2705 4969 2845 5015 Vars.
2908 4964 3048 5036 deest
3084 4963 3144 5036 1.
3179 4963 3265 5036 _2._
3306 4961 3339 5017 3
3397 4966 3492 5036 qui
3520 4977 3686 5036 neque

2524 5035 2607 5067 “5'
2640 5038 2717 5088 ita
2742 5036 2950 5087 correxi
2993 5033 3026 5085 ι·
3084 5032 3413 5086 ἱιιεὶιτιιιειιιῑ⁷
3447 5035 3490 5084 ι.
3539 5035 3591 5085 2.
3634 5033 3684 5085 3.

2396 5235 2484 5282 ίῖδθ
2513 5247 2745 5317 sinuque
2807 5246 2856 5299 1.
2922 5246 2974 5298 2.
3094 5246 3184 5278 “6“
3215 5235 3585 5317 Poloniam-2.
3628 5244 3680 5300 3.

2493 5319 2580 5353 “65
2621 5316 2674 5372 et
2715 5318 3029 5386 reciperent
3059 5318 3254 5371 desunt
3282 5318 3334 5370 3.
3428 5316 3519 5350 “55
3546 5318 3682 5370 άεεδι

2837 5358 2932 5422 ’⁸⁸⁸⁸
2966 5404 3161 5456 argum
3193 5389 3271 5443 ed.
3315 5393 3458 5442 l’urs.
3486 5404 3539 5455 ρ.
3581 5387 3686 5442 26⁸

1915 5532 2118 5587 NOTAE.

426 5597 578 5667 (165)
610 5599 770 5655 Anno
799 5598 954 5655 1111.
988 5599 1048 5655 Κ.
