3920 6054
247 221 353 276 917

1675 223 1867 285 LIBER
1901 226 2204 285 TERTIUS.

3477 229 3584 288 918

245 355 302 406 et
331 349 471 406 vada
511 348 760 405 ﬂuminis
789 349 943 406 0drae
984 351 1164 408 modis
1201 352 1462 409 omnibus
1490 355 1856 410 commenda-
1881 357 1933 427 Α
1958 362 2015 416 et
2039 355 2276 414 rivulum
2308 371 2477 429 super
2503 371 2668 428 quem
2707 358 2887 413 stabat
2940 356 3231 413 arboribus
3287 357 3447 414 caesis
3475 357 3583 414 ob-

244 440 322 497 vit
354 441 462 494 “6°.
493 439 758 498 Obstrusa
787 448 918 496 sunt
955 441 1137 512 itaque
1177 442 1298 498 loca
1327 459 1694 516 quaecumque
1751 461 1864 518 po—

250 541 434 592 terant
460 535 546 592 vel
587 535 738 592 sicco
767 535 996 592 ﬂumine
1037 533 1400 605 transvadari,
1438 539 1528 594 vel
1557 540 1714 612 signa
1773 557 1872 612 po—

251 637 434 686 terant
457 630 528 685 ab
558 629 696 701 ipsis
749 631 948 688 incolis
999 633 1214 688 occulta
1256 631 1488 689 forsitan
1536 638 1870 707 attemptari.

252 723 536 790 Quosdam
565 725 730 779 etiam
761 725 970 796 probos
999 725 1204 782 milites
1231 727 1298 782 ad
1331 727 1424 762 “7°
1454 727 1680 804 Glogow
1718 737 1774 786 et
1799 733 1866 788 ad

1972 453 2187 502 struere
2206 445 2394 518 caepit.

2307 539 2360 596 6.
2389 540 2624 595 Inducia:
2663 539 3094 607 Gloqoviensium
3106 543 3110 548 '
3123 537 3244 593 “33.-

2049 635 2272 689 lnterim
2319 649 2452 690 vero
2509 648 2681 690 caesar
2732 649 2762 688 a
2817 629 3282 708 Glogoviensibus
3359 629 3586 686 obsides

1975 721 2070 778 tali
2123 723 2216 759 ¹⁴⁸⁶
2270 721 2588 780 conditione
2637 724 2742 779 sub
2792 721 3158 792 jurejurando
3203 718 3415 792 recepit
3469 717 3583 785 ωδ,

254 819 345 855 ¹⁴⁷¹
405 817 650 874 ﬂuminis
703 821 969 875 transitus
1011 820 1390 878 observandas
1436 823 1726 894 praemisit,
1775 826 1871 898 qui
1971 815 2120 888 quod
2149 817 2196 870 si
2226 831 2418 888 pacem
2452 815 2536 871 vel
2565 814 2810 888 aliquam
2841 813 3152 886 pactionem
3178 810 3323 868 infra
3346 810 3585 883 spatium

255 909 446 964 caesari
487 917 596 966 tam
626 911 722 966 diu
754 911 1099 978 resisterent,
1142 913 1346 975 donec,
1372 913 1493 984 ipso
1517 923 1871 972 succurrente

255 1020 425 1075 super
443 1005 616 1076 ripam
651 1005 918 1072 ﬂuminis,
947 1013 1042 1062 aut
1077 1007 1304 1064 omnino
1341 1007 1622 1065 victoriam
1655 1010 1877 1066 obtine-

259 1102 401 1163 rent,
441 1103 536 1152 aut
575 1097 755 1152 saltim
785 1113 910 1152 eum
972 1096 1051 1151 ibi
1095 1098 1396 1154 detinendo
1441 1101 1741 1156 exercitum
1792 1102 1881 1157 vel

254 1183 514 1238 auxilium
550 1191 921 1256 expectarent.
951 1185 1028 1240 lbi
1049 1201 1180 1242 vero
1207 1186 1548 1255 Bolezlavus,
1581 1203 1692 1244 non
1713 1188 1877 1263 longe

261 1286 504 1332 remotus
524 1293 556 1332 a
586 1277 833 1351 Glogow,
863 1294 987 1333 cum
1017 1279 1261 1334 exercitu
1315 1295 1480 1349 parvo
1529 1279 1730 1348 stabat,
1778 1297 1875 1336 ne-

255 1382 365 1438 que
393 1369 485 1403 ¹⁴⁷²
509 1369 732 1435 mirum,
762 1371 894 1441 quia
924 1385 1062 1425 suos
1085 1369 1399 1426 diutissime
1422 1370 1742 1439 fatigaverat
1764 1371 1874 1422 ³⁸⁷³.

260 1459 342 1514 lbi
373 1477 624 1516 rumores
663 1470 718 1517 et
745 1462 1052 1536 legationes
1082 1462 1366 1528 audiebat,
1398 1463 1474 1518 ibi
1516 1480 1674 1518 suum
1715 1479 1878 1520 exer-

257 1551 426 1608 citum
477 1554 852 1624 exspectabat,
895 1555 1026 1610 inde
1075 1556 1448 1627 eXptoratores
1486 1557 1594 1610 huc
1633 1556 1874 1628 illucque

259 1643 689 1711 transmittebat,
726 1645 856 1700 inde
883 1647 1217 1702 camerarios
1248 1661 1348 1718 pro
1377 1647 1494 1702 suis
1522 1654 1578 1702 et
1617 1663 1716 1718 pro
1762 1648 1875 1704 Ru-

260 1733 445 1788 thenis
473 1741 530 1788 et
567 1734 899 1794 Pannonicis
923 1736 1234 1812 delegabat.

682 1827 717 1880 5
773 1827 994 1884 Obsidio
1033 1828 1300 1897 Glogovim
1329 1828 1438 1885 “'7‘.

333 1917 513 1972 Caesar
537 1923 723 1972 autem
758 1916 865 1972 iter
891 1915 1122 1984 faciens,
1161 1933 1273 1974 non
1297 1934 1516 1974 sursum
1569 1921 1688 1976 sive
1721 1921 1882 1976 deor-

264 2023 388 2062 sum
411 2008 551 2064 vada
579 2008 902 2080 temptando
941 2008 1262 2074 declinavit,
1296 2010 1393 2066 sed
1417 2010 1571 2081 juxta
1601 2010 1876 2066 civitatem

267 2099 510 2172 GlOSOW,
533 2116 656 2156 cum
684 2100 894 2172 impetu
928 2116 1028 2172 per
1062 2100 1242 2156 locum
1275 2101 1716 2158 inaestimabilem
1763 2103 1875 2169 ωδ,

267 2187 420 2244 nullo
481 2188 556 2242 ibi
612 2187 899 2244 transitum
958 2189 1048 2224 “7‘
1096 2188 1424 2260 prresciente
1474 2189 1737 2262 nulloque
1803 2190 1876 2246 ibi

267 2283 580 2348 resistente,
613 2300 737 2340 cum
791 2285 982 2340 densis
1011 2285 1324 2360 agminibus
1363 2292 1418 2342 et
1466 2287 1711 2353 armatis,
1766 2303 1876 2343 non

266 2377 586 2445 praeparatis
609 2374 844 2438 civibus,
886 2375 1256 2430 transvadavit
1293 2376 1464 2447 (166),
1486 2393 1588 2448 per
1607 2376 1761 2432 illum
1786 2377 1876 2434 lo-

265 2482 414 2535 cum,
449 2483 732 2539 nunquam
775 2465 1090 2522 castellanis
1137 2467 1548 2539 dubitantibus,
1597 2483 1702 2524 nec
1748 2485 1880 2540 spe-

265 2555 518 2612 rantibus
547 2555 934 2612 dubitandum.
967 2555 1094 2611 Erat
1119 2555 1266 2611 enim
1289 2556 1463 2612 sancti
1498 2555 1880 2612 Bartholomtei

264 2649 499 2719 apostoli
537 2649 658 2705 dies
697 2648 870 2704 festus
913 2649 1075 2716 (Aug.
1126 2647 1240 2718 24),
1290 2647 1514 2720 quando
1553 2664 1726 2704 caesar
1777 2647 1876 2704 ﬂu-

263 2739 415 2796 vium
448 2740 770 2808 transiebat,
812 2750 868 2796 et
893 2747 1024 2796 tunc
1054 2746 1201 2796 totus
1238 2740 1475 2796 civitatis
1527 2741 1766 2813 populus
1791 2741 1876 2796 di-

1890 1729 1943 1799 B

1976 909 2228 983 quinque
2281 910 2495 966 dierum
2551 910 2717 966 missa
2753 910 3030 986 legatione
3079 911 3226 966 cives
3279 907 3586 974 efﬁcerent,

1977 999 2191 1054 reddita
2219 1001 2581 1071 responsione
2604 999 2693 1056 vel
2723 999 2817 1036 1‘“
2843 1015 2981 1072 pace
3010 1000 3320 1072 composita
3348 999 3434 1054 vel
3466 1014 3589 1070 pro-

1978 1088 2158 1144 hibita
2195 1089 2343 1144 cives
2374 1096 2559 1146 tamen
2595 1105 2726 1146 suos
2748 1089 2972 1146 obsides
3010 1090 3360 1146 rebaberent.
3395 1089 3454 1142 Et
3483 1088 3590 1144 hoc

1977 1183 2168 1254 utique
2209 1198 2308 1252 per
2351 1182 2638 1258 ingenium
2685 1180 2886 1238 factum
2937 1181 3064 1238 fuit.
3125 1180 3204 1237 Ob
3259 1181 3366 1236 hoc
3398 1179 3588 1252 utique

1978 1287 2151 1327 caesar
2179 1270 2406 1328 obsides
2431 1286 2555 1326 cum
2579 1271 2898 1340 juramento
2939 1269 3168 1342 recepit,
3199 1268 3332 1341 quia
3369 1284 3468 1339 per
3494 1282 3591 1324 eos

1979 1363 2259 1418 civitatem
2289 1363 2417 1419 licet
2459 1378 2582 1418 cum
2618 1363 2862 1434 perjurio
2900 1361 3168 1433 consequi
3209 1376 3270 1417 se
3297 1359 3587 1432 reputavit.

1979 1455 2057 1513 Ob
2104 1459 2212 1514 hoc
2249 1456 2416 1513 etiam
2458 1455 2548 1491 ηδτ
2591 1455 2990 1528 Glogovienses’
3045 1454 3172 1510 illos
3215 1453 3442 1510 obsides
3480 1469 3588 1526 po.

1977 1559 2230 1620 suerunt,
2272 1551 2400 1624 quia
2433 1549 2556 1606 loca
2582 1549 2820 1608 civitatis
2871 1548 3095 1606 interim
3141 1553 3412 1604 vetustate
3457 1562 3591 1604 con-

1975 1649 2196 1715 sumpta
2225 1640 2563 1696 munierunt.

2360 1731 2411 1786 7.
2444 1730 2684 1786 Induciar
2722 1733 3052 1800 rumpuntur
3079 1728 3191 1784 “3'.

2059 1832 2122 1886 At
2150 1827 2471 1885 Bolezlavus
2497 1823 2684 1880 audita
2711 1823 2987 1898 legatione
3025 1823 3095 1880 de
3119 1822 3264 1878 datis
3300 1820 3595 1900 obsidibus

1983 1923 2325 1998 indignatus,
2383 1935 2602 1976 crucem
2653 1917 2892 1986 civibus,
2937 1917 2984 1972 si
3035 1922 3263 1988 propter
3310 1915 3401 1950 ³⁵⁸⁸
3440 1914 3594 1986 ipsos

1981 2021 2218 2068 castrum
2249 2009 2618 2077 reddiderint,
2635 2013 2720 2064 est
2746 2005 3010 2074 minatus,
3039 2003 3310 2074 adjiciens
3351 2021 3476 2062 esse
3499 2004 3592 2039 “9°

1977 2103 2181 2159 melius
2225 2107 2283 2156 et
2326 2099 2610 2156 honestius
2639 2103 2695 2154 et
2719 2097 2870 2154 cives
2909 2103 2966 2152 et
2991 2095 3220 2151 obsides
3269 2094 3456 2168 gladio
3486 2109 3587 2166 pro

1976 2192 2154 2265 patria
2191 2189 2508 2258 morituros,
2563 2203 2728 2259 quam
2777 2185 2919 2242 facta
2959 2183 3244 2240 deditione
3294 2183 3462 2240 vitam
3501 2183 3590 2239 in-

1977 2285 2266 2340 honestam
2292 2279 2654 2347 redimentes,
2708 2276 2908 2334 alienis
2947 2275 3209 2353 gentibus
3264 2275 3588 2332 servituros.

1979 2378 2224 2449 Recepta
2267 2373 2632 2446 responsione
2685 2371 2800 2441 "9',
2830 2371 2979 2428 cives
3007 2370 3356 2427 Bolezlavum
3396 2384 3585 2441 pacem

1979 2471 2059 2527 sic
2084 2467 2208 2525 ﬁeri
2239 2466 2389 2524 nolle
2417 2465 2685 2532 referunt,
2713 2463 3052 2537 obsidesque
3083 2478 3236 2531 suos,
3269 2462 3414 2518 sicut
3433 2461 3592 2531 jura-

1979 2567 2194 2629 verant,
2226 2559 2520 2632 requirunt
2549 2557 2658 2627 (an.
2679 2555 2858 2625 1109).
2891 2555 2970 2610 Ad
3000 2555 3121 2612 hinc
3149 2569 3324 2610 cmsar
3354 2567 3592 2626 respon-

1975 2655 2084 2712 dit:
2119 2653 2342 2710 Obsides
2379 2651 2618 2722 quidem,
2657 2650 2710 2706 si
2747 2649 2887 2704 mihi
2934 2651 3170 2704 castrum
3213 2645 3589 2712 reddideritis,

1975 2761 2081 2802 non
2121 2745 2324 2811 tenebo,
2353 2741 2445 2798 sed
2499 2743 2550 2796 si
2592 2740 2810 2796 rebelles
2837 2739 3077 2806 fueritis,
3135 2741 3184 2791 et
3239 2751 3334 2792 vos
3381 2735 3592 2792 obsides

265 2830 452 2886 vinum
495 2828 741 2886 ofﬁcium
780 2830 1058 2886 audiebat.
1103 2829 1259 2885 Unde
1287 2837 1522 2896 constat,
1562 2829 1691 2902 quia
1718 2845 1880 2886 secu-
1970 2839 2254 2913 jugulum,
2291 2835 2488 2891 contra
2517 2831 2802 2889 castellani
2833 2831 2954 2885 μοι,
3015 2832 3095 2886 Tu
3133 2828 3348 2901 quidem
3393 2830 3454 2884 επ
3495 2829 3594 2885 ob-

266 2943 360 2984 rus
399 2932 454 2982 et
479 2925 601 2981 sine
639 2923 890 2996 periculo
926 2922 1294 2994 pertransivit,
1339 2924 1693 2996 praedamque
1734 2923 1879 2978 mul-

266 3028 376 3076 tam
408 3027 464 3075 et
518 3017 772 3074 homines
829 3023 884 3072 et
911 3015 1076 3070 etiam
1125 3015 1366 3072 tentoria
1418 3016 1564 3072 circa
1608 3015 1874 3088 oppidum

1979 2931 2188 2988 sidibus
2215 2930 2266 2981 et
2314 2924 2628 2996 perjurium
2653 2923 2855 2992 poteris
2907 2923 2956 2976 et
2995 2920 3348 2976 homicidium
3396 2933 3592 2990 perpe-

1979 3027 2142 3080 trare,
2169 3017 2264 3072 sed
2289 3031 2386 3085 per
2416 3013 2508 3048 “’3
2526 3014 2672 3084 ipsos
2693 3011 2839 3082 quod
2859 3009 3100 3080 requiris
3127 3009 3270 3064 scias
3285 3011 3336 3064 te
3355 3009 3592 3064 nullate-

262 3107 572 3180 acquisivit.
621 3107 818 3162 Eorum
875 3121 1100 3178 quoque
1157 3105 1400 3177 plurimi,
1477 3105 1572 3178 qui
1637 3113 1871 3162 castrum
1904 3105 2079 3166 “nus
2104 3112 2416 3179 impetrare.

268 3199 570 3256 defendere
603 3203 888 3262 venerant,
943 3203 998 3252 et
1038 3204 1190 3252 extra
1245 3195 1483 3252 castrum
1523 3198 1579 3252 in
1623 3196 1876 3254 tentoriis

266 3291 606 3356 residebant,
637 3307 669 3344 a
714 3304 915 3344 caesare
970 3289 1059 3324 ηπ
1087 3295 1328 3344 castrum
1356 3298 1486 3344 sunt
1512 3289 1719 3345 intrare
1747 3305 1876 3361 pro-

263 3383 448 3451 hibiti,
483 3381 710 3455 quidam
741 3380 819 3434 ibi
850 3380 1036 3436 subito
1084 3380 1282 3436 retenti
1325 3380 1437 3446 “7°,
1469 3381 1691 3452 quidam
1742 3395 1872 3436 vero

264 3475 392 3550 fuga
435 3474 527 3508 “7°
582 3472 950 3528 subveniente
1005 3471 1098 3506 “3°
1145 3471 1380 3526 liberati.
1436 3473 1674 3536 Quorum
1730 3488 1875 3528 unus

263 3563 552 3620 Bolezlavo
579 3561 798 3636 fugiens
825 3561 1088 3630 obviavit,
1120 3561 1213 3633 qui
1243 3569 1441 3616 cuncta
1467 3578 1592 3634 qua
1625 3563 1876 3634 contige-

264 3663 384 3708 rant
409 3651 700 3708 enarravit.
741 3649 893 3706 Tunc
915 3665 1046 3706 vero
1098 3649 1417 3706 Bolezlavus
1457 3667 1568 3707 non
1609 3652 1752 3708 sicut
1797 3653 1876 3708 le-

265 3761 371 3817 pus
400 3743 788 3800 formidolosus
817 3742 1059 3808 evanuit,
1099 3743 1198 3798 scd
1229 3759 1358 3799 suos
1394 3743 1536 3800 sicut
1571 3744 1735 3800 miles
1763 3744 1880 3799 ani-

274 3851 454 3892 mosus
483 3832 815 3890 ammonuit:
877 3833 920 3890 0
979 3835 1275 3902 fortissimi
1326 3836 1546 3902 milites,
1595 3833 1880 3908 inquiens,

268 3930 328 3982 in
355 3928 540 3982 multis
586 3940 786 3980 mecum
846 3925 996 3980 bellis
1045 3929 1097 3980 et
1145 3925 1578 3996 empeditionibus
1627 3929 1879 3998 fatigati,

270 4034 409 4073 nunc
446 4032 654 4088 quoque
689 4031 892 4071 mecum
921 4019 1082 4071 estote
1127 4031 1233 4086 pro
1262 4015 1507 4071 libertate
1537 4018 1774 4073 Polonue
1799 4019 1882 4074 vel

265 4112 406 4165 mori
457 4109 542 4164 vel
589 4110 768 4163 vivere
800 4111 1106 4179 prmparati
1160 4107 1270 4162 ηδε.
1325 4111 1440 4177 Ego
1487 4110 1705 4180 quidem
1761 4110 1883 4180 jam

266 4213 384 4252 cum
417 4197 508 4231 “3’
546 4201 658 4251 tam
687 4212 866 4266 parva
895 4211 1060 4251 manu
1083 4197 1333 4266 praelium
1362 4197 1528 4252 libens
1566 4203 1756 4254 contra
1781 4215 1878 4254 eae-

2185 3200 2242 3257 8.
2273 3199 2616 3270 Oppugnatio
2644 3197 2815 3252 castri
2862 3179 3232 3264 Glogoviensis
3260 3194 3374 3252 ¹⁵⁹⁴ο

2050 3291 2140 3346 His
2169 3289 2351 3353 dictis,
2383 3303 2552 3344 caesar
2572 3287 2943 3343 instrumenta
2970 3285 3114 3354 ﬁeri,
3155 3303 3307 3342 arma
3337 3287 3482 3356 capi,
3511 3288 3588 3342 le-

1977 3381 2176 3455 giones
2205 3377 2402 3444 dividi,
2437 3375 2716 3432 civitatem
2754 3373 3286 3446 vallari,signiferos
3327 3374 3476 3430 tubis
3505 3391 3590 3430 ca-

1974 3491 2108 3532 nere
2155 3473 2442 3547 praecepit,
2497 3478 2554 3526 et
2609 3469 2800 3525 urbem
2833 3467 3084 3540 undique
3121 3468 3292 3536 ferro,
3349 3467 3590 3536 ﬂamma,

1975 3567 2249 3627 machinis
2287 3581 2602 3641 expugnare
2631 3564 2820 3634 coepit.
2857 3563 3086 3619 Econtra
3115 3563 3206 3599 “’5
3234 3563 3382 3619 cives
3408 3579 3472 3618 se
3500 3563 3594 3598 1‘"

1979 3661 2130 3733 ipsos
2159 3674 2261 3730 per
2293 3662 2482 3729 portas
2519 3660 2576 3710 et
2628 3661 2810 3709 turres
2855 3651 3128 3719 dividunt,
3178 3653 3592 3728 prepugnaeula
3667 3641 3681 3660 κ

1978 3748 2257 3816 muniunt,
2292 3746 2664 3802 instrumenta
2704 3748 2923 3815 parant,
2962 3741 3175 3812 lapides
3193 3747 3250 3796 et
3275 3756 3473 3814 aquam
3499 3758 3594 3797 su-

1981 3856 2082 3912 per
2109 3845 2298 3911 portas
2336 3843 2392 3892 et
2435 3841 2618 3889 turres
2675 3836 3039 3904 comportant.
3082 3829 3231 3886 Tunc
3268 3829 3589 3902 imperator,

1981 3932 2182 3990 civium
2223 3929 2436 3986 animos
2463 3927 2669 3998 pietate
2693 3924 2932 3981 filiorum
2959 3929 3015 3980 et
3041 3922 3342 3980 amicorum
3399 3922 3588 3980 existi-

1982 4037 2139 4080 mans
2166 4034 2331 4093 posse
2361 4017 2452 4054 “’7
2482 4015 2654 4082 ﬂecti,
2685 4013 2946 4088 praecepit
2981 4011 3288 4071 nobiliores
3339 4030 3407 4070 ex
3437 4014 3592 4072 obsi-

1983 4113 2146 4168 dibus
2175 4109 2267 4145 ¹⁴⁹⁸
2295 4107 2469 4182 ipsius
2514 4105 2749 4163 civitatis
2778 4109 2835 4160 ct
2881 4103 2973 4140 “9'
3020 4101 3189 4159 ﬁliam
3231 4103 3451 4160 comitis
3487 4121 3588 4162 su-

1984 4220 2084 4276 per
2112 4201 2394 4258 machinas
2431 4197 2702 4274 colligari,
2747 4195 2828 4252 sic
2854 4200 3139 4266 reputans,
3171 4193 3277 4249 sibi
3315 4195 3437 4250 sine
3465 4211 3590 4252 san-

266 4307 441 4346 sarem
471 4293 682 4358 inirem,
727 4293 779 4344 si
815 4292 1007 4346 scirem
1049 4307 1150 4362 pro
1179 4297 1343 4358 certo,
1390 4293 1536 4362 quod
1564 4296 1730 4348 etiam
1777 4295 1877 4362 ibi,
1979 4298 2149 4372 guine
2178 4295 2454 4352 civitatem
2486 4290 2710 4363 aperiri.
2744 4291 2812 4342 At
2837 4286 3120 4343 castellani
3153 4301 3263 4342 non
3302 4288 3427 4360 plus
3460 4287 3589 4344 ﬁliis

268 4397 348 4436 me
367 4384 648 4449 moriente,
679 4381 971 4436 discrimen
993 4384 1195 4452 patrios
1237 4382 1560 4452 difﬁnirem.
1597 4384 1704 4441 Sed
1748 4399 1882 4454 quo-
1904 4399 1966 4470 D
1983 4386 2070 4443 vel
2099 4382 2426 4458 propinquis
2458 4395 2622 4452 quam
2654 4376 2911 4434 Bohemis
2938 4375 3026 4432 vel
3050 4374 3368 4470 alamannia
3395 4392 3590 4470 parce-

268 4481 417 4534 niam
444 4479 521 4534 ad
544 4494 711 4534 unum
737 4479 802 4532 de
850 4479 1050 4534 nostris
1099 4483 1306 4534 restant
1346 4480 1413 4534 de
1459 4481 1699 4536 hostibus
1749 4482 1876 4552 plus
1904 4465 1952 4470 —
1984 4479 2135 4547 bant,
2165 4476 2264 4533 sed
2303 4490 2400 4532 eos
2443 4471 2742 4528 abscedere
2790 4485 2821 4524 a
2867 4481 3027 4523 muro
3068 4465 3352 4537 lapidibus
3389 4473 3445 4522 et
3497 4467 3590 4504 “0°

268 4590 433 4645 quam
461 4578 690 4639 centum,
719 4575 806 4628 hic
843 4578 920 4628 est
970 4575 1244 4629 honestius
1296 4577 1672 4644 resistendum,
1715 4592 1878 4646 quam
1979 4571 2150 4628 armis
2185 4569 2532 4626 coercebant.
2564 4563 2773 4620 Videns
2827 4567 3012 4616 autem
3071 4559 3390 4630 imperator,
3437 4561 3586 4632 quod

269 4667 397 4720 illuc
423 4681 540 4720 cum
582 4668 770 4735 paucis
797 4665 972 4720 eundo
1015 4671 1440 4736 praesumptuose
1489 4668 1872 4733 moriendum;
1978 4662 2075 4718 tali
2104 4673 2382 4731 nunquam
2415 4652 2641 4730 ingenio
2693 4650 2972 4708 civitatem
3001 4655 3310 4719 superaret,
3341 4664 3446 4706 nec
3484 4665 3588 4705 un-

267 4757 354 4812 hic
396 4759 538 4812 enim
574 4757 728 4812 nobis
752 4758 1136 4823 resistentibus,
1191 4759 1372 4828 eisque
1419 4760 1713 4814 transitum
1745 4775 1877 4828 pro-
1980 4773 2144 4830 quam
2173 4771 2203 4810 a
2231 4751 2512 4826 proposito
2540 4747 2745 4805 civium
2771 4745 2988 4800 animos
3029 4751 3336 4809 revocaret,
3375 4743 3587 4802 viribus

267 4845 572 4900 bibentibus
601 4847 734 4900 satis
770 4860 870 4915 pro
895 4847 1121 4900 victoria
1167 4846 1526 4916 reputabitur.
1562 4846 1688 4902 Haec
1716 4845 1876 4912 dixit,
1979 4853 2034 4902 et
2062 4843 2230 4900 armis
2271 4840 2526 4896 obtinere
2565 4836 2778 4904 nititur,
2818 4834 2966 4908 quod
2996 4835 3222 4910 ingenio
3259 4835 3585 4910 denegatur.

1617 4967 1839 5023 νΑιιιΑε
1864 4967 2234 5023 LECTIONES.

340 5063 430 5099 ίιεθ
462 5062 819 5118 demandavit
847 5063 900 5116 3.
992 5061 1335 5117 “7°deest2.
1432 5064 1516 5098 Im
1542 5065 1686 5119 deest
1713 5065 1767 5120 2.
1853 5065 1943 5100 ms
1970 5079 2073 5119 nec
2109 5063 2161 5118 2.
2254 5062 2344 5097 ms
2372 5060 2625 5132 fatigaret
2644 5057 2789 5132 με.
2824 5057 3154 5132 fatigarat3.
3188 5055 3582 5132 fuam»).

268 5136 352 5190 ed.
423 5135 572 5190 Vara.
628 5134 774 5189 deest
824 5134 879 5187 1.
938 5132 992 5188 2.
1035 5133 1087 5186 3.
1180 5134 1606 5190 1miinestiabile
1652 5135 1704 5190 3.
1791 5137 1880 5172 "7“
1907 5134 2142 5190 faciente
2194 5134 2279 5189 vel
2318 5126 2557 5188 addit"3.
2639 5130 2726 5166 “"7
2752 5131 2810 5186 in
2831 5126 2990 5186 addit
3025 5128 3080 5186 3.
3183 5127 3274 5162 “7‘
3293 5126 3502 5183 detenti
3528 5129 3582 5184 3.

269 5207 362 5242 ητα
389 5204 573 5277 fugam
601 5205 654 5260 3.
741 5203 831 5277 “f0
859 5203 1212 5277 subvenienti
1237 5205 1286 5277 72
1383 5206 1470 5240 “3‘
1507 5217 1800 5276 preparate
1849 5209 1904 5260 2.
2007 5205 2098 5240 “3’
2126 5205 2268 5277 deest
2305 5205 2358 5277 3.
2439 5202 2532 5237 “’3
2555 5201 2880 5277 argumted.
2934 5203 3187 5277 Vars_.__p.
3214 5198 3337 5277 26b

265 5278 320 5332 2.
357 5277 410 5332 3.
450 5269 596 5310 “1‘”
619 5292 744 5330 cum
775 5274 826 5331 3.
937 5276 1027 5311 “’5
1057 5276 1272 5346 accepit
1300 5278 1333 5331 3
1440 5269 1532 5312 “3"
1557 5269 1682 5332 cum
1709 5277 1744 5334 3
1823 5277 1910 5313 “3"
1941 5277 2087 5332 deest
2123 5276 2177 5332 3.
2269 5276 2358 5311 “3°
2383 5289 2598 5346 argum.
2626 5269 2928 5346 eam”.
2959 5287 3020 5346 ρ.
3049 5269 3156 5346 265
3191 5270 3334 5346 deest
3363 5269 3418 5346 1.
3447 5269 3502 5323 2.
3531 5271 3582 5326 3.

269 5348 358 5384 "89
383 5363 480 5418 per
498 5345 554 5402 3.
621 5420 625 5422 Α
663 5347 752 5381 ¹¹ο⁹⁰
783 5347 1001 5422 esset3_.
1093 5340 1542 5422 l_‘_°_'_'reversione_
1566 5348 1649 5422 3.7
1717 5349 1806 5384 “9'
1843 5349 2128 5422 castellum
2163 5362 2272 5422 non
2290 5351 2434 5422 recte
2457 5340 2514 5400 1.
2545 5345 2633 5422 2.“
2686 5344 2778 5378 “’3
2807 5345 2951 5422 deest
2965 5340 3118 5422 1.31
3139 5340 3479 5422 adscriptum
3497 5357 3587 5422 ea-

263 5411 397 5475 dem'
422 5420 663 5490 manuin
692 5421 936 5490 margine
963 5419 1016 5472 2.
1111 5419 1200 5490 “797‘
1222 5435 1434 5487 argum.
1477 5420 1561 5475 ed.
1603 5421 1759 5476 Vars.
1788 5436 1849 5490 p.
1888 5419 1996 5490 266
2023 5421 2168 5476 deest
2195 5420 2245 5474 1.
2282 5419 2338 5473 2.
2379 5417 2430 5473 3.
2545 5415 2635 5451 ⁸⁸⁸⁸
2661 5424 2853 5472 contra
2876 5415 2926 5470 1.
3029 5413 3122 5449 ¹⁶⁹⁶
3141 5411 3188 5467 si
3217 5411 3301 5468 2..
3389 5411 3476 5448 "’7
3497 5414 3590 5470 de-

265 5497 342 5548 est
372 5489 428 5544 3.
520 5488 610 5523 “93
635 5488 936 5558 Oppidibus
960 5490 1013 5543 2.
1100 5489 1190 5524 “’9
1212 5491 1356 5546 deest
1384 5491 1436 5545 1.
1468 5491 1522 5544 2.
1549 5490 1600 5547 3.
1684 5488 1888 5547 ιδοθίνθι
1908 5489 1963 5546 3.

341 5658 486 5730 (166)
520 5656 765 5723 Cosmas,
797 5673 876 5725 ιιι,
905 5657 994 5716 27.
1029 5656 1088 5712 li,
1825 5586 2032 5644 NOT/E.
