3920 6054
379 189 484 253 923

1664 179 2011 240 CHRONICAE
2050 175 2469 233 POLONORUM.

3632 175 3775 230 924

381 327 600 380 divitias
633 331 761 379 tunc
783 322 1041 377 habebat.
1084 322 1123 376 Ε
1148 327 1339 376 contra
1378 316 1670 389 SvatOpolc
1702 313 1986 371 Bolezlavo
2013 312 2062 380 Α
2090 306 2461 381 congregatis,
2508 307 2648 360 sicut
2698 319 2885 359 mures
2958 304 3029 358 de
3108 301 3355 357 latibulis
3421 308 3769 367 exeuntes,

374 414 597 481 juravit,
640 412 770 484 quia
808 412 854 466 si
885 412 990 466 dux
1041 411 1405 465 Bohemorum
1448 419 1779 479 quocunque
1822 401 1989 457 modo

382 506 467 558 vel
502 519 834 575 quocunque
890 503 1117 577 ingenio
1172 501 1507 573 quandoque
1563 497 1739 563 ﬁeret,
1776 508 1994 565 semper

384 592 525 648 fidus
554 594 673 661 ejus
702 593 910 648 amicus
957 607 1240 662 unumque
1272 599 1486 646 scutum
1538 588 1829 658 utriusque
1865 600 1992 655 per-

382 687 622 754 sisteret,
655 696 832 742 castra
862 687 930 742 de
962 685 1205 741 confinio
1238 686 1392 759 regni
1438 684 1521 738 vel
1554 681 1837 737 Bolezlavo
1868 679 1994 733 red—

384 776 543 831 deret
572 777 655 832 vel
683 776 910 831 omnino
947 775 1282 829 destrueret.
1314 773 1418 828 Sed
1451 773 1709 827 ducatum
1738 768 1992 838 adeptus,

387 881 489 919 nec
537 864 699 918 ﬁdem
744 863 1125 931 tenuitjurata
1153 862 1434 927 violando,
1483 875 1586 914 nec
1617 859 1784 912 Deum
1812 855 1997 910 timuit

387 952 685 1008 homicidia
725 951 1116 1022 perpetrando.
1177 951 1330 1005 Iinde
1386 951 1528 1003 Deus
1557 947 1625 1002 ad
1682 944 1992 1014 exemplum

385 1044 615 1097 aliorum
664 1043 768 1096 sibi
816 1044 1036 1115 dignam
1088 1060 1185 1114 pro
1226 1043 1381 1097 factis
1428 1036 1994 1108 recompensationem

387 1133 655 1199 exhibuit,
689 1150 813 1188 cum
845 1151 1092 1200 securus,
1116 1134 1366 1197 inermis,
1402 1133 1456 1186 in
1488 1131 1633 1184 mula
1662 1128 1914 1183 residens
1941 1127 1995 1179 in

390 1221 572 1275 medio
599 1237 848 1288 suorum,
890 1222 957 1275 ab
992 1238 1102 1276 uno
1128 1221 1221 1277 vili
1250 1221 1424 1274 milite
1455 1218 1731 1274 venabulo
1760 1215 1999 1287 perfora-

392 1323 477 1368 tus
504 1315 766 1369 occubuit
812 1316 925 1383 (an.
985 1314 1130 1383 Sept.
1183 1313 1297 1379 20),
1339 1328 1441 1367 nec
1484 1312 1627 1366 ullus
1667 1324 1890 1364 suorum
1928 1306 1996 1360 ad

391 1422 515 1459 eum
563 1405 956 1460 vindicandum
1018 1420 1213 1458 manus
1265 1404 1521 1458 adhibuit
1577 1403 1746 1473 (169).
1800 1401 1999 1457 Taliter

390 1518 560 1555 caesar
616 1502 682 1555 de
732 1501 957 1556 Polonia
1009 1500 1228 1555 rediens
1297 1499 1677 1570 triumphavit,
1743 1498 2003 1552 videlicet

395 1591 598 1646 luctum
624 1608 722 1661 pro
752 1592 980 1665 gaudio,
1012 1601 1351 1647 mortuorum
1380 1592 1644 1647 cadavera
1675 1606 1774 1660 pro
1796 1589 2001 1643 tributo
2029 1633 2082 1703 Β

395 1682 784 1703 ___-A.-_2_I2.-__
814 1701 859 1703 ,,_
890 1701 895 1703 .
918 1684 1101 1703 __n__,!n
1164 1683 1473 1703 n-l-_el__-___
1506 1698 1628 1703 ____._
1697 1681 1797 1703 -l----
1832 1679 1958 1703 n-1,.

395 1682 787 1738 memorialiter
811 1684 1126 1755 reportavit.
1164 1683 1477 1738 Bolezlavus
1506 1698 1634 1737 vero
1692 1681 1798 1735 dux
1832 1679 1998 1734 Polo-

401 1791 594 1830 norum
632 1794 823 1847 parum
858 1784 1204 1848 praesentem,
1238 1778 1334 1831 sed
1359 1777 1542 1830 minus
1573 1776 1855 1830 absentem
1884 1789 2004 1844 pro-

395 1867 480 1921 cul
515 1867 685 1923 dubio
712 1868 1023 1923 formidavit
1052 1870 1161 1923 "’8‘.

892 1960 977 2013 17.
1022 1960 1110 1993 “33"
1131 1963 1205 2014 De
1253 1959 1505 2013 Bohemis.

468 2051 597 2117 (An.
634 2050 807 2111 1109.)
859 2050 1030 2123 Igitur
1067 2058 1191 2120 post
1221 2056 1429 2104 tantum
1454 2049 1698 2103 laborem
1749 2049 1857 2103 dux
1890 2064 2011 2119 sep-

394 2136 743 2191 tentrionalis
774 2137 1175 2208 aliquantulum
1213 2144 1512 2202 recreatus,
1552 2152 1719 2207 super
1741 2137 2015 2191 Bohemos

396 2230 645 2301 equitare
686 2247 795 2286 non
829 2231 1040 2286 diutius
1079 2239 1161 2286 est
1214 2231 1525 2287 retardatus
1567 2231 1677 2285 '5“.
1735 2230 2018 2305 Cogitabat

394 2320 541 2373 enim
567 2329 622 2375 et
640 2336 791 2375 suam
817 2321 1073 2391 injuriam
1090 2322 1158 2376 de
1182 2322 1438 2376 Bohemis
1454 2320 1737 2375 vindicare
1769 2329 1823 2375 et
1848 2336 2010 2375 suum

394 2414 630 2468 amicum
648 2415 876 2485 Borivoy
909 2417 960 2469 in
984 2416 1113 2470 sede
1142 2415 1493 2486 subplantata
1523 2421 1849 2470 restaurare.
1874 2415 2011 2470 Dum

395 2515 579 2561 autem
608 2507 712 2561 iter
740 2507 949 2563 faciens
979 2508 1031 2562 in
1075 2509 1260 2564 medio
1291 2509 1550 2563 silvarum
1599 2525 1722 2563 cum
1756 2508 2014 2564 Bohemis

396 2598 748 2653 obviantibus
798 2599 994 2669 prmlio
1049 2601 1343 2655 commisso
1391 2600 1677 2655 victoriam
1715 2600 2011 2666 obtineret,

391 2686 618 2757 jamque
643 2703 767 2758 pars
794 2686 1068 2742 exercitus
1096 2688 1146 2741 in
1177 2689 1386 2758 campis
1418 2689 1697 2743 Bohemia:
1723 2688 2014 2752 resideret,

400 2775 631 2847 Borivoy
661 2793 692 2830 a
742 2776 1000 2832 Bohemis
1035 2778 1146 2846 jam
1192 2786 1468 2849 receptus,
1502 2786 1685 2853 grates
1726 2778 2012 2833 Bolezlavo

324 2870 327 2871 ⁷
400 2882 498 2936 pro
538 2867 645 2922 fide
669 2874 817 2923 tanta
846 2869 1035 2924 retulit
1060 2876 1115 2924 et
1145 2870 1352 2937 labore,
1396 2877 1451 2925 et
1480 2871 1559 2924 sic
1591 2870 1828 2943 impiger
1855 2870 2010 2925 Bole-

2092 394 2297 449 ibidem
2355 395 2498 465 capti
2559 394 2648 448 vel
2694 392 2896 448 mortui
2976 397 3388 457 remanserunt,
3469 390 3769 461 exceptis

2093 486 2307 559 paucis,
2330 486 2425 559 qui
2450 486 2618 551 silvas,
2642 485 2917 542 latronum
2947 484 3163 550 amicae,
3192 483 3502 539 subsidium
3536 482 3761 558 petie-
3858 482 3859 539 ἓ

2094 589 2242 637 runt.

2413 671 2504 728 20.
2538 673 2629 707 ¹⁵⁹⁸
2658 676 2731 728 De
2767 672 2968 740 fraude
3014 672 3388 727 Bohemorum.

2169 762 2335 817 Paulo
2349 763 2606 834 superius
2627 763 2855 819 memini
2879 778 2969 817 me
2985 763 3214 832 dixisse,
3228 764 3504 819 Bohemos
3518 764 3583 817 in
3597 762 3763 818 sede

2093 856 2445 927 supplantata
2473 857 2701 927 Borivoy
2728 857 2928 911 ducem
2949 856 3250 924 recepisse,
3270 856 3509 927 ideoque
3539 856 3645 890 "‘9‘
3672 854 3760 909 de

2095 944 2360 1000 Bohemia
2406 944 2752 1000 Bolezlavum
2810 945 2885 999 ita
2916 943 3099 1000 subito
3145 943 3407 999 redivisse
3437 943 3555 997 ηπ.
3624 942 3757 996 Sed

2095 1035 2225 1104 quia
2255 1033 2394 1088 ﬁdes
2426 1032 2719 1088 Bohemica
2745 1033 3002 1089 volubilis
3032 1040 3117 1088 est
3137 1033 3280 1088 sicut
3309 1038 3448 1099 rota,
3481 1030 3756 1104 qualiter

2097 1126 2248 1197 prius
2276 1126 2509 1197 Borivoy
2540 1126 2865 1196 expellendo
2907 1126 3190 1182 traditorie
3213 1126 3585 1197 deeeperunt,
3608 1124 3752 1179 tali-

2098 1224 2287 1287 terque
2318 1217 2516 1270 iterum
2550 1216 2836 1286 decepturi
2882 1216 3164 1271 traditorie
3220 1220 3562 1284 receperunt
3616 1213 3747 1268 '5”.

2099 1314 2231 1382 (An.
2264 1312 2440 1384 1110.)
2482 1313 2613 1366 Nam
2641 1312 2793 1367 brevi
2840 1320 3087 1384 tempore
3127 1328 3240 1368 non
3286 1312 3465 1368 solum
3498 1313 3738 1367 honore

2100 1403 2277 1459 caruit
2329 1420 2359 1458 a
2410 1404 2572 1459 fratre
2634 1404 2814 1459 medio
2871 1403 3018 1474 (1'70)
3064 1403 3466 1475 subplantatus,
3522 1417 3737 1456 verum

2104 1496 2265 1550 etiam
2298 1495 2620 1566 acquirendi
2662 1496 2972 1549 facultatem
3010 1495 3217 1562 amisit,
3271 1494 3339 1548 ab
3382 1494 3735 1564 imperatore

2104 1587 2422 1657 captivatus.
2454 1586 2695 1641 Tertium
2736 1601 2960 1657 quoque
3001 1586 3220 1640 fratrem
3281 1584 3518 1640 habebat
3548 1583 3737 1653 (171),

2104 1682 2495 1753 aztatequidem
2527 1682 2796 1736 minorem
2824 1680 2935 1746 “59",
2969 1679 3243 1751 probitate
3275 1694 3404 1734 vero
3434 1692 3550 1733 non
3582 1676 3735 1731 infe-

2107 1774 2331 1841 riorem,
2393 1789 2555 1845 quem
2616 1773 2725 1827 dux
2778 1772 3098 1828 Bolezlavus
3165 1771 3223 1825 in
3294 1770 3566 1827 fidelitate
3626 1768 3744 1822 fra-

2108 1864 2206 1917 tris
2244 1864 2633 1934 persistentem
2684 1862 2742 1916 in
2783 1860 3013 1917 Polonia
3062 1859 3357 1926 retinebat,
3417 1858 3589 1930 eique
3642 1873 3745 1913 ea-

2112 1957 2458 2027 lumpniandi
2513 1956 2740 2025 majoris
2784 1954 2963 2009 fratris
3025 1953 3297 2009 honorem
3342 1961 3399 2008 et
3457 1951 3740 2006 auxilium

2114 2049 2493 2120 impendebat.

2247 2137 2336 2194 2|.
2373 2138 2465 2173 ¹⁵⁹⁸
2490 2142 2564 2194 De
2595 2140 2726 2194 bello
2750 2143 2799 2193 et
2826 2141 3056 2193 victoria
3084 2142 3281 2193 contra
3306 2138 3584 2193 Bohemos.

2192 2227 2323 2282 Inde
2382 2227 2618 2298 belliger
2687 2226 3027 2294 Bolezlavus,
3084 2226 3315 2283 collecta
3369 2223 3743 2281 multitudine

2112 2317 2357 2384 militari,
2410 2333 2606 2374 novam
2665 2318 2808 2372 viam
2866 2317 3083 2389 aperuit
3119 2316 3172 2370 in
3221 2316 3565 2382 Bohemiam,
3624 2329 3742 2384 quo

2114 2415 2295 2477 potest
2325 2407 2573 2462 IIanibaIi
2601 2407 2745 2463 facto
2776 2407 3016 2462 mirabili
3065 2406 3394 2478 comparari.
3429 2403 3561 2459 Nam
3591 2403 3743 2460 sicut

2115 2497 2206 2553 ille
2240 2498 2465 2554 Romam
2489 2499 2916 2572 impugnaturus
2938 2513 3037 2569 per
3061 2503 3305 2552 montem
3334 2497 3485 2552 Jovxs
3512 2494 3742 2566 primus

2113 2592 2256 2646 viam
2318 2590 2469 2662 fecit,
2516 2593 2591 2647 ita
2640 2592 2959 2648 Bolezlavus
3018 2607 3115 2662 per
3157 2591 3339 2647 locum
3394 2588 3735 2645 horribilem

2115 2684 2499 2754 intemptatum
2540 2683 2693 2754 prius
2721 2684 2832 2752 “9°,
2874 2683 3195 2739 Bohemiam
3230 2683 3523 2739 invasurus
3555 2696 3739 2752 pene-

2113 2781 2294 2836 travit.
2332 2779 2428 2834 Ille
2455 2786 2701 2835 montem
2729 2796 2899 2835 unum
2930 2778 3207 2834 laboriose
3237 2777 3581 2833 transeundo
3609 2784 3739 2832 tan-

2110 2882 2218 2928 tam
2267 2873 2465 2928 famam
2525 2879 2580 2927 et
2635 2871 2954 2928 memoriam
3031 2870 3346 2942 acquisivit,
3402 2868 3737 2925 Bolezlavus

398 2956 584 3009 zlavus
609 2956 856 3027 dupplici
886 2956 955 3009 de
983 2957 1247 3012 Bohemia
1284 2974 1406 3012 cum
1440 2959 1651 3013 honore
1674 2958 1836 3013 rediit
1863 2960 2006 3031 (Dec.
2037 2990 2086 3059 Ο
2109 2977 2240 3018 vero
2255 2977 2366 3017 non
2396 2977 2565 3017 unum
2589 2961 2689 3016 sed
2714 2961 2900 3032 plures
2929 2959 3214 3015 nubiferos
3251 2959 3409 3032 quasi
3443 2957 3733 3030 suppinus

397 3046 511 3116 24).
546 3047 651 3100 Sed
686 3047 819 3117 quid
860 3047 1084 3102 rediens
1123 3049 1299 3123 egerit
1324 3050 1634 3116 audiamus,
1665 3056 1723 3104 ut
1754 3051 2008 3121 exemplo

401 3134 689 3204 probitatis
727 3141 890 3190 tantae
912 3135 1149 3191 fructum
1184 3138 1422 3209 aliquem
1459 3138 1757 3209 capiamus.

796 3230 882 3286 18.
920 3232 1010 3266 “‘39
1049 3233 1124 3286 De
1157 3235 1465 3288 Pomoranis
1499 3233 1606 3288 “9°.

471 3319 585 3373 Non
618 3320 764 3374 enim
816 3322 1001 3375 statim
1043 3321 1340 3377 exercitum
1389 3329 1539 3378 tanto
1579 3322 1777 3379 itinere
1808 3323 2007 3399 fatiga-

399 3410 606 3465 tumire
646 3411 867 3467 domum
889 3412 1158 3484 permisit,
1201 3430 1303 3469 nec
1335 3414 1571 3485 ipsemet
1598 3415 1652 3469 in
1684 3415 1899 3470 deliciis
1924 3415 2006 3470 vel

400 3501 454 3554 in
488 3502 754 3557 conviviis
783 3505 1079 3574 asperitate
1109 3506 1286 3577 yemis
1319 3507 1559 3562 irruente
1598 3508 1682 3542 ¹⁵⁰¹
1713 3508 2009 3578 requievit,

399 3591 496 3645 sed
525 3597 722 3646 terram
774 3593 1203 3650 Pomoranorum
1259 3613 1381 3651 cum
1429 3598 1621 3652 electis
1673 3598 1741 3652 de
1768 3597 2011 3651 exercitu

403 3681 671 3737 militibus
702 3685 1007 3754 requisivit.
1058 3686 1325 3749 Quamdiu
1355 3688 1432 3741 ibi
1460 3688 1672 3743 steterit
1710 3689 1795 3743 vel
1847 3703 2018 3759 quan-

404 3779 509 3825 tam
534 3789 632 3843 per
671 3780 865 3829 terram
906 3776 1163 3831 incendia
1191 3779 1275 3832 vel
1319 3779 1534 3848 praedas
1560 3779 1771 3845 fecerit,
1801 3795 1910 3835 non
1937 3785 2020 3834 est

399 3876 539 3929 opus
559 3878 656 3929 per
681 3862 899 3933 singula
914 3865 1283 3934 scriptitando
1298 3866 1596 3934 demorari,
1628 3869 1725 3922 sed
1743 3885 2010 3925 summam

402 3948 480 4001 rei
501 3949 661 4003 nobis
689 3950 756 4003 ad
789 3952 996 4022 majora
1028 3954 1415 4008 festinantibus
1440 3955 1679 4010 sufficiat
1708 3957 2008 4027 explanari.

404 4034 497 4088 Illa
553 4052 790 4108 namque
847 4040 965 4094 vice
1024 4041 1340 4097 Bolezlavus
1396 4043 1451 4097 in
1527 4044 1855 4100 Pomorania
1908 4047 2013 4101 tria

400 4130 625 4185 castella
654 4133 822 4203 cepit,
874 4134 1080 4205 quibus
1109 4136 1412 4191 combustis
1459 4145 1513 4193 et
1554 4141 1871 4211 coaequatis,
1918 4157 2012 4197 so-

402 4215 685 4275 lummodo
712 4223 951 4292 praedam
1000 4229 1053 4277 et
1093 4224 1337 4294 captivos
1363 4226 1599 4297 excepit.
1655 4228 1851 4284 Postea
1880 4246 2011 4286 vero

2108 3051 2378 3107 ascendit.
2429 3051 2526 3106 Ille
2585 3050 2934 3107 solummodo
2990 3051 3238 3106 cavando
3293 3057 3556 3115 montem,
3628 3064 3731 3104 co-

2108 3139 2380 3210 aequando
2400 3138 2658 3209 scepulos
2687 3138 2778 3173 ¹⁶⁰⁰
2803 3138 3107 3205 laborabat,
3135 3138 3242 3192 iste
3272 3145 3497 3193 truncos
3512 3146 3567 3191 et
3588 3152 3729 3193 saxo

2108 3230 2401 3292 volvendo,
2425 3238 2642 3286 montes
2671 3229 3027 3285 ascendendo
3054 3229 3257 3285 arduos
3288 3229 3399 3295 “0',
3430 3244 3530 3299 per
3559 3228 3733 3283 silvas

2108 3322 2432 3378 tenebrosas
2469 3322 2578 3378 iter
2602 3322 2926 3393 aperiendo,
2976 3323 3034 3376 in
3071 3321 3366 3392 paludibus
3426 3321 3733 3392 profundis

2109 3428 2306 3491 pontes
2336 3419 2588 3476 faciendo
2641 3435 2750 3475 non
2782 3418 3054 3474 cessabat.
3097 3417 3270 3473 Tanto
3320 3417 3503 3488 itaque
3533 3408 3727 3471 labore

2114 3512 2431 3567 Bolezlavus
2486 3528 2586 3582 pro
2620 3512 2835 3580 justitia
2876 3510 3109 3582 Borivoy
3146 3518 3201 3565 et
3265 3509 3509 3565 amicitia
3550 3508 3732 3563 tribus

2116 3602 2316 3657 diebus
2346 3610 2401 3657 et
2444 3602 2701 3658 noctibus
2731 3601 2837 3656 iter
2876 3600 3102 3667 faciens,
3145 3600 3422 3674 fatigatus,
3457 3598 3563 3653 tale
3594 3598 3729 3669 quid

2118 3694 2172 3747 in
2203 3693 2468 3750 Bohemia
2501 3693 2649 3759 fecit,
2690 3693 2839 3748 unde
2870 3708 3093 3764 semper
3129 3693 3234 3747 erit
3273 3689 3591 3761 triumphali
3625 3706 3738 3744 me-

2119 3783 2293 3837 moria
2349 3782 2687 3838 recordatus.
2746 3782 3039 3853 Postquam
3111 3780 3334 3835 tandem
3416 3779 3735 3835 Bolezlavus

2121 3879 2272 3927 tanto
2319 3872 2638 3927 discrimine
2714 3871 3031 3927 Bohemiam
3105 3877 3190 3924 est
3247 3869 3549 3941 ingressus,
3613 3882 3727 3922 non

2113 3967 2295 4016 statim
2360 3960 2601 4031 praedam
2670 3960 2877 4015 faciens
2924 3967 2983 4014 ut
3039 3959 3264 4015 Bohemi
3333 3958 3402 4012 de
3471 3956 3723 4021 Polonia,

2114 4051 2272 4122 quasi
2319 4050 2483 4121 lupus
2521 4051 2743 4121 rapiens
2781 4058 2864 4105 est
2911 4065 3217 4123 regressus,
3272 4064 3455 4120 ymmo
3520 4048 3729 4103 vexillis

2116 4143 2352 4207 erectis,
2407 4142 2555 4197 tubis
2614 4142 2946 4197 canentibus
2980 4183 2992 4207 ,
3042 4140 3357 4212 agminibus
3408 4139 3673 4195 ordinatis
3706 4181 3720 4203 ,

2112 4232 2375 4303 timpanis
2401 4231 2807 4297 resonantibus,
2849 4230 3110 4302 paulatim
3144 4247 3243 4300 per
3287 4245 3512 4301 campos
3549 4230 3722 4284 Bohe-

403 4310 523 4366 sine
590 4312 737 4369 bello
815 4315 1131 4372 Bolezlavus
1212 4319 1610 4391 aliquantulum
1682 4306 2240 4395 repausavit,Dmiae
2295 4331 2548 4395 patentes
2604 4323 2808 4379 bellum
2854 4339 3109 4394 quaerens
3161 4329 3216 4376 et
3270 4336 3379 4377 non
3439 4320 3730 4375 inveniens

404 4415 642 4473 suasque
674 4404 924 4494 civitates
954 4407 1197 4474 interim,
1228 4409 1321 4464 ubi
1353 4426 1523 4465 caesar
1561 4410 1756 4477 fuerat,
1791 4412 2020 4486 inexpu-

400 4490 708 4561 gnabiliter
736 4490 1083 4565 praeparavit.

758 4586 844 4641 19.
882 4588 974 4623 ¹⁵⁹²
1000 4593 1077 4645 De
1096 4591 1341 4656 Bohemis
1362 4598 1411 4646 et
1436 4594 1665 4649 Polonis.

476 4674 604 4729 Cum
651 4683 832 4733 autem
861 4680 1180 4740 Bolezlavus
1204 4683 1479 4739 civitatem
1508 4685 1731 4759 Glogow
1757 4688 2017 4743 muniens

406 4766 481 4820 ibi
531 4784 655 4821 cum
713 4771 952 4827 exercitu
1000 4774 1286 4842 resideret,
1318 4774 1521 4830 milites
1571 4775 1834 4853 Zbignevi
1891 4795 2015 4834 cum

404 4859 664 4915 Bohemis
692 4862 997 4933 depraedari
1028 4882 1127 4937 per
1154 4866 1434 4923 Poloniam
1467 4867 1751 4934 exierunt;
1785 4870 1878 4941 qui
1901 4878 2017 4926 sta-

408 4947 525 5015 tim,
568 4950 854 5009 Bolezlavo
904 4954 1209 5023 nesciente,
1264 4956 1439 5027 ipsius
1477 4956 1584 5013 loci
1629 4960 2019 5017 machionibus

2123 4417 2438 4479 incedebat,
2481 4432 2583 4472 nec
2625 4415 2865 4487 praedam
2925 4431 3028 4471 nec
3058 4414 3313 4470 incendia
3356 4413 3510 4485 prius
3562 4428 3723 4483 quam

2122 4506 2287 4562 finem
2332 4507 2481 4562 bello
2531 4506 2650 4560 fieri
2695 4504 2971 4575 cupiebat.
3041 4505 3234 4574 (Sept)
3265 4502 3490 4557 Interim
3546 4501 3723 4557 Bohe-

2119 4596 2195 4651 mi
2253 4612 2352 4668 per
2404 4602 2610 4650 turmas
2676 4593 3008 4666 aliquotiens
3047 4591 3408 4663 apparebant,
3473 4589 3570 4645 sed
3626 4596 3725 4643 sta-

2118 4685 2215 4740 tim
2274 4685 2497 4741 Polonis
2572 4682 2912 4739 irruentibus
2991 4698 3153 4736 cursu
3220 4688 3486 4751 perpetue
3556 4678 3726 4752 fugie-

2118 4777 2250 4832 bant
2306 4776 2415 4843 (un.
2480 4774 2663 4842 1110.)
2729 4774 2807 4827 De
2868 4772 3112 4827 castellis
3173 4785 3394 4843 quoque
3457 4768 3725 4839 contiguis

2120 4868 2277 4924 multi
2308 4867 2512 4922 milites
2563 4865 2843 4929 exiebant,
2876 4863 2969 4936 qui
3011 4862 3229 4918 Polonis
3268 4860 3606 4916 irruentibus
3632 4875 3722 4913 re-

2121 4960 2358 5015 deuntes
2378 4955 2724 5012 occasionem
2746 4953 3016 5009 suburbia
3042 4950 3405 5008 comburendi
3433 4949 3724 5018 faciebant,

1742 5055 1962 5110 VARUE
2008 5053 2383 5112 LECTIONES.

476 5116 569 5151 ¹⁵⁸⁶
592 5119 674 5173 ita
712 5122 927 5175 correxi
964 5123 1027 5176 P.
1064 5121 1334 5178 dubitavit
1363 5124 1413 5178 1.
1442 5124 1476 5177 2

405 5260 549 5333 deest
586 5265 639 5333 1.
682 5262 735 5316 2.
854 5263 943 5295 “393
971 5266 1252 5333 inscriptio
1298 5267 1405 5320 hazc
1442 5267 1586 5321 deest
1626 5268 1675 5321 1.
1734 5268 1785 5323 2.

1593 5124 1681 5159 ¹⁵⁸⁷
1700 5130 1894 5182 omisso
1920 5129 2090 5183 solum
2110 5142 2329 5183 numero
2345 5126 2751 5193 inscriptionem
2776 5124 2973 5193 sistunt
3012 5123 3061 5177 1.
3089 5121 3146 5174 2.
3210 5120 3298 5193 “ﬁ”
3324 5121 3410 5193 ita
3429 5119 3715 5193 cori-enini}

407 5199 689 5244 recreatus
719 5192 744 5244 1
802 5192 854 5243 2.
941 5192 1030 5227 ‘5”
1071 5193 1250 5247 XVIII.
1281 5195 1426 5249 deest
1459 5196 1505 5248 1.
1562 5196 1616 5250 (2.
1647 5196 1833 5252 XVIII.
1873 5200 2068 5254 desunt
2096 5199 2151 5252 2.

1895 5271 1982 5304 “‘9‘
2015 5270 2140 5325 ideo
2178 5269 2232 5323 2.

2252 5197 2343 5231 ¹⁵θ⁰
2370 5196 2406 5248 D
2459 5187 2527 5249 ΡῘ
2572 5195 2764 5249 desunt
2791 5192 2853 5246 2.’
2934 5194 3019 5226 *5“
3052 5190 3274 5246 irruerit
3315 5191 3350 5243 2
3480 5190 3568 5223 159’
3594 5187 3717 5242 XIX.

2348 5267 2509 5320 “min
2562 5267 2811 5332 margine
2851 5267 2900 5319 1.
2958 5264 3115 5318 addit
3162 5264 3332 5317 colore
3376 5261 3569 5315 onero:
3626 5260 3716 5332 No.

407 5329 1226 5405 ff’f’f"_taliterque—receperunt
1252 5338 1442 5392 desunt
1467 5338 1521 5393 2.
1583 5338 1672 5372 ’⁵9⁷
1700 5339 2045 5396 Sobieslaum
2081 5340 2329 5403 nomine,
2371 5338 2528 5392 addit
2565 5341 2625 5391 in
2652 5329 2904 5404 niargine
2932 5351 3100 5390 manu
3119 5336 3221 5391 XV
3248 5334 3431 5389 seculi
3470 5337 3511 5385 I.
3563 5329 3716 5386 “"6.

406 5399 538 5455 XXI.
562 5399 756 5459 desunt
790 5408 836 5458 1.
864 5405 918 5459 2.

1006 5408 1097 5441 1599
1128 5408 1338 5477 primus
1367 5409 1418 5462 2.
1504 5409 1593 5443 ¹⁶⁰⁰
1620 5411 1875 5481 scapulos
1909 5429 2015 5468 non
2047 5415 2171 5469 bene
2199 5411 2255 5467 2.

2341 5410 2425 5444 ¹⁶⁰¹
2461 5409 2660 5464 arduas
2683 5407 2734 5462 2.

1961 5484 2168 5539 NOT/E.

436 5550 441 5555 ’
478 5542 625 5617 (λβ-ἓξ)
665 5545 908 5617 Cosmus,
942 5565 1024 5617 ιιι,
1051 5549 1140 5617 27,
1164 5549 1254 5605 28.
1289 5548 1349 5604 Κ.

478 5611 629 5683 (170)
664 5611 985 5677 Ἣιθᾱίιῐαο.
1008 5611 1255 5689 Cosmus,
1274 5638 1351 5690 ιιι,
1378 5620 1585 5694 305qq.
1604 5622 1665 5679 K.

2197 5553 2342 5623 (171)
2373 5549 2717 5608 Sobezlaum.
2751 5549 2812 5605 Κ.
