3920 6054
189 260 296 318 925

1591 263 1784 318 LIBER
1822 262 2120 317 TERTIUS.

3418 253 3524 309 926

191 389 380 444 Frater
439 403 572 444 vero
645 389 876 461 Borivoy
956 389 1218 444 minimus
1239 430 1252 455 ,
1323 405 1486 460 quem
1557 389 1807 460 praedixi,
1836 397 1887 466 Α
1913 389 2102 442 bellum
2124 388 2237 442 illis
2266 385 2509 442 omnibus
2540 386 2876 452 congregatis
2906 389 2958 438 et
2992 381 3342 451 prwsentibus
3380 382 3522 434 inve-

191 478 407 550 praedas
461 477 607 549 capi,
643 479 906 534 incendia
945 477 1064 535 ﬁeri
1123 486 1326 534 terram
1379 479 1590 534 destrui
1651 481 1811 536 Bole-

192 571 348 626 zlavo
367 570 694 642 supplicans
723 571 1078 643 prohibebat,
1111 572 1242 643 quia
1267 587 1496 647 regnum
1521 571 1812 642 acquirere

194 662 320 715 sine
348 660 500 716 bello
525 660 722 731 puerili
745 661 1101 732 simplicitate
1129 659 1316 716 verbis
1341 661 1664 716 traditorum
1687 659 1810 714 sine

189 753 440 810 victoriis
477 769 536 808 se
589 755 865 810 credebat.
896 753 1138 826 Cumque
1166 754 1278 822 jam
1327 755 1421 808 diu
1467 761 1660 826 quarto
1719 753 1810 787 ¹⁶⁰²

191 847 398 901 bellum
475 854 802 917 exspectans
859 847 1176 902 Bolezlavus
1231 845 1300 900 ad
1363 861 1603 920 pugnam
1658 851 1810 900 recto

197 939 414 994 tramite
443 946 787 1010 properaret,
830 937 1111 1010 ﬂuvioque
1163 938 1404 1004 cuidam,
1459 939 1568 992 non
1613 951 1812 1010 magno

195 1026 424 1097 quidem
447 1027 546 1081 sed
574 1025 788 1081 difficili
814 1026 1066 1091 transitu,
1101 1025 1520 1097 propinquaret,
1550 1042 1614 1080 ex
1645 1024 1813 1079 altera

198 1127 352 1188 parte
386 1117 632 1173 ﬂuminis
661 1117 908 1173 exercitu
941 1123 1276 1190 congregato
1305 1118 1412 1170 dux
1444 1117 1810 1171 Bohemorum

199 1205 499 1272 residebat,
547 1206 638 1277 qui
691 1205 1034 1262 Bolezlavum
1095 1203 1193 1272 ibi,
1252 1219 1363 1260 non
1425 1220 1592 1258 ausus
1655 1203 1807 1268 alibi,

195 1295 522 1353 difficultate
586 1298 688 1354 loci
746 1297 1015 1364 confisus,
1084 1295 1372 1351 transitum
1431 1295 1808 1366 prohibiturus

197 1389 618 1459 exspectabant.
649 1391 714 1443 At
743 1389 1070 1444 Bolezlavus
1106 1388 1338 1458 repertis
1391 1387 1642 1442 hostibus
1671 1401 1810 1458 quos

193 1478 512 1547 quaerebat,
558 1477 716 1550 quasi
771 1477 858 1533 leo
931 1477 1050 1531 visa
1097 1476 1285 1546 praeda
1329 1476 1502 1546 septis
1547 1476 1808 1531 conclusa

193 1567 664 1634 stomachabatur,
697 1565 825 1638 quia
857 1567 1141 1641 pugnandi
1173 1565 1388 1636 copiam
1412 1581 1523 1620 non
1545 1565 1807 1622 habebat.

193 1661 330 1714 Nam
381 1659 526 1715 sicut
582 1659 776 1714 Poloni
833 1658 998 1713 modo
1051 1673 1269 1713 sursum
1325 1657 1494 1712 modo
1547 1658 1804 1712 deorsum

196 1755 431 1810 transire
459 1754 787 1826 reputabant
814 1770 879 1809 ex
912 1755 1084 1808 altera
1123 1760 1278 1825 parte
1304 1753 1570 1820 ﬂuminis,
1601 1752 1679 1806 ita
1707 1751 1808 1805 Bo-

197 1847 345 1902 hemi
376 1854 565 1902 contra
626 1847 864 1902 stabant.
917 1846 1039 1900 Erat
1097 1844 1246 1900 enim
1295 1843 1517 1911 ﬂuvius,
1555 1843 1810 1900 Bohemis

194 1935 290 2006 qui
323 1951 446 1990 cum
467 1951 534 1992 eo
561 1942 717 1992 erant
755 1935 1155 1991 mentientibus
1181 1935 1292 2002 “‘03,
1334 1934 1655 2006 paludosos,
1689 1942 1814 1988 tan-

197 2035 268 2082 tae
300 2027 672 2084 multitudinis
701 2029 856 2084 nullo
895 2028 1186 2084 resistente
1217 2027 1578 2098 periculosus.
1613 2025 1814 2080 Videns

198 2129 388 2178 autem
433 2123 776 2191 Bolezlavus,
808 2123 956 2195 quod
1003 2123 1083 2178 sic
1129 2139 1300 2198 agens
1348 2130 1566 2194 tempus
1619 2121 1676 2175 in
1719 2137 1810 2175 va-

200 2231 364 2270 cuum
397 2216 766 2288 expendebat,
791 2224 845 2272 et
873 2216 1019 2288 quod
1045 2217 1165 2270 dies
1192 2215 1308 2272 sole
1331 2216 1384 2270 in
1407 2231 1661 2272 occasum
1682 2231 1812 2270 ver-

199 2312 370 2381 gente
399 2305 742 2374 declinabat,
772 2305 1104 2362 electionem
1137 2306 1378 2361 audaciae
1405 2304 1660 2360 militaris
1688 2303 1815 2359 duci

201 2398 498 2454 Bohemico
548 2399 827 2470 preponit,
878 2397 1156 2463 videlicet,
1210 2405 1304 2452 aut
1351 2397 1668 2452 Bolezlavus
1706 2393 1813 2450 sibi

199 2491 382 2545 locum
415 2489 569 2545 dabit
598 2499 660 2545 ut
697 2497 955 2554 transeat,
1005 2490 1090 2544 vel
1122 2490 1254 2544 illuc
1307 2489 1562 2544 transibit
1604 2490 1648 2544 si
1705 2489 1814 2556 dux

202 2583 532 2638 Bohemicus
584 2583 705 2638 loco
746 2582 926 2647 cedat,
973 2597 1229 2637 asserens
1269 2583 1455 2648 etiam,
1505 2581 1811 2650 occupandi

197 2689 365 2727 causa
405 2673 593 2728 sedem
622 2688 683 2727 se
720 2672 1071 2728 Bohemicam
1105 2688 1215 2728 non
1245 2673 1487 2737 venisse,
1520 2673 1620 2728 sed
1660 2687 1815 2728 more

196 2761 360 2817 solito
381 2761 648 2831 justitiam
683 2761 1033 2834 fugitivorum
1076 2778 1408 2833 causamque
1462 2763 1812 2830 miserorum,

199 2853 344 2908 sicut
369 2854 608 2926 quodam
639 2853 746 2908 sibi
778 2852 1444 2921 fecerat,!defendendam
1477 2856 1812 2926 suscepisse.

199 2947 543 3014 Quapropter
591 2948 684 2998 aut
721 2958 880 2997 suum
925 2941 1144 2996 fratrem
1187 2942 1243 2996 in
1297 2950 1447 2998 sorte
1496 2945 1818 3000 hereditatis

1835 1704 1883 1772 Β

1909 481 2072 532 nisse.
2108 479 2306 532 Iterum
2340 475 2432 530 alii
2467 473 2758 531 dicebant:
2784 473 3003 527 Judicia
3039 470 3132 525 Dei
3159 485 3290 523 vera
3325 474 3448 523 sunt
3477 473 3528 522 et

1910 566 2215 620 hominibus
2245 565 2470 620 occulta.
2503 566 2643 618 Bene
2656 561 3018 632 processimus
3036 573 3206 628 usque
3235 557 3408 622 modo,
3429 558 3524 611 sed

1909 661 1958 712 si
2003 658 2211 712 diutius
2239 659 2600 712 immoramur
2637 653 2728 688 ¹⁶⁰⁸
2768 656 2832 708 in
2879 652 3043 706 dubio
3075 649 3294 720 pendet,
3326 663 3432 718 quo
3471 664 3527 702 se

1909 753 2142 806 vererint
2178 754 2289 806 ista
2342 753 2484 817 fata.
2543 749 2771 804 Econtra
2826 745 3142 801 Bolezlavus
3191 749 3245 798 et
3291 741 3527 810 juvenes

1910 843 2190 898 seniorum
2240 841 2470 897 consilia
2509 839 2936 911 postponebant,
2986 843 3039 892 et
3068 835 3150 890 ire
3193 833 3526 908 Pragamﬁut

1911 935 1969 988 in
2028 941 2190 988 antea
2237 933 2640 990 collaudabant.
2719 931 2779 985 Et
2833 946 2965 986 vere
3035 927 3259 984 vicisset
3338 925 3526 980 senio-

1915 1044 2032 1082 rum
2117 1026 2349 1082 consilia
2418 1025 2710 1081 consilium
2795 1022 3088 1092 juvenile,
3169 1019 3273 1074 nisi
3361 1017 3524 1088 panis

1913 1122 2226 1188 defecisset,
2267 1120 2359 1192 qui
2394 1119 2516 1191 plus
2566 1127 2758 1190 posset
2788 1134 2950 1189 quam
2994 1114 3171 1187 possit
3220 1114 3400 1168 facere
3434 1112 3526 1182 jus

1913 1211 2093 1266 civile.
2157 1209 2471 1264 Collaudato
2530 1209 2616 1262 vix
2673 1208 2858 1278 itaque
2918 1204 3152 1260 consilio
3205 1201 3527 1257 Bolezlavus

1913 1301 2200 1366 redeundi,
2231 1297 2517 1355 redeundo
2566 1297 2928 1353 comburendi
2980 1295 3135 1350 dedit
3163 1292 3440 1348 licentiam
3473 1299 3528 1344 et

1913 1392 2215 1464 praedandi.
2256 1392 2376 1461 Ipse
2413 1405 2545 1444 vero
2604 1405 2828 1459 semper
2887 1385 3154 1442 ordinatis
3206 1383 3526 1439 choortibus

1911 1485 2226 1549 incedebat,
2259 1483 2586 1554 plerumque
2614 1496 2737 1536 cum
2789 1478 3050 1534 extremis
3079 1475 3394 1550 agminibus
3427 1491 3524 1544 pro

1909 1575 2162 1630 subsidio
2191 1573 2555 1628 subsistebat.
2598 1571 2847 1626 Habebat
2895 1570 3058 1624 etiam
3091 1568 3238 1623 acies
3292 1566 3522 1620 militum

1909 1667 2210 1732 ordinatas,
2268 1665 2360 1736 qui
2395 1663 2844 1719 combustoribus
2874 1667 2929 1716 et
2985 1657 3386 1731 praedatoribus
3427 1673 3526 1710 an-

1911 1755 2134 1820 teirent,
2199 1761 2258 1808 et
2303 1770 2332 1808 a
2384 1753 2641 1808 Bohemis
2693 1748 3216 1822 supervenientibus
3254 1745 3520 1817 praevide-

1914 1856 2052 1903 rent.
2115 1847 2355 1918 Cumque
2435 1853 2542 1900 tam
2611 1845 2915 1915 prudenter
2969 1850 3191 1912 tamque
3257 1838 3527 1912 sagaciter

1911 1937 2210 1992 exercitum
2267 1936 2514 1990 duxisset
2557 1949 2622 1988 ac
2670 1931 2999 1997 reduxisset,
3054 1937 3109 1984 et
3145 1927 3210 1982 ad
3265 1927 3524 1981 silvarum

1914 2029 2195 2085 introitum
2244 2035 2400 2082 sexta
2431 2025 2564 2080 feria
2608 2025 2719 2094 jam
2761 2023 3054 2078 stationem
3107 2019 3404 2091 posuisset,
3436 2019 3524 2072 vi»

1914 2120 2076 2194 gilias
2114 2119 2426 2174 crebriores
2473 2116 2614 2180 ﬁeri,
2641 2115 2944 2187 paratiores
2991 2128 3134 2177 esse,
3163 2125 3522 2180 unamquam-

1917 2225 2023 2281 que
2076 2209 2374 2282 legionem,
2435 2206 2480 2260 si
2533 2204 2799 2260 tumultus
2877 2202 3018 2256 forte
3072 2200 3250 2265 fieret,
3308 2199 3362 2252 in
3429 2214 3525 2252 sua

1917 2301 2153 2356 statione
2185 2299 2483 2371 persistere
2509 2295 2790 2368 praecepit.
2819 2293 3022 2348 Eadem
3053 2301 3214 2346 nocte
3239 2288 3525 2344 Bolezlavo

1918 2399 2040 2464 post
2087 2391 2384 2446 matutinas
2415 2387 2758 2444 orationibus
2805 2384 3156 2456 persistente,
3205 2380 3345 2437 forte
3403 2380 3525 2451 qui-

1916 2482 2039 2536 dam
2092 2481 2289 2535 horror
2330 2479 2420 2513 ¹⁶⁰⁰
2461 2477 2483 2549 ξ
2487 2477 2801 2532 universam
2857 2473 3153 2528 stationem
3211 2469 3525 2541 occupavit,

1915 2581 1970 2629 et
1995 2573 2288 2629 clamorem
2316 2570 2666 2626 subitaneum
2708 2584 2808 2639 per
2835 2573 3009 2621 totum
3048 2564 3347 2620 exercitum
3377 2562 3528 2617 exci-

1915 2666 2064 2721 tavit.
2125 2657 2258 2718 Tum
2315 2678 2549 2735 quasque
2619 2661 2711 2695 ¹⁶¹⁰
2763 2657 3047 2730 provincia
3122 2671 3284 2726 quam
3333 2655 3531 2710 choors

1915 2761 2142 2821 armata,
2174 2754 2316 2808 sicut
2359 2752 2716 2807 constitutum
2749 2747 2946 2813 fuerat,
3005 2745 3060 2798 in
3101 2759 3201 2798 sua
3255 2744 3342 2778 ¹⁶¹¹
3409 2749 3527 2797 sta—

1919 2849 2066 2904 tione
2126 2846 2379 2918 perstitit,
2412 2861 2571 2900 suum
2607 2843 2786 2898 locum
2831 2838 3168 2902 defensura;
3209 2835 3359 2890 acies
3399 2850 3530 2888 vero

1918 2936 2138 2992 curialis
2183 2933 2464 2991 curialitcr
2526 2933 2617 2967 ¹⁶¹¹
2686 2935 2892 2986 armata
2960 2926 3104 2982 circa
3188 2922 3527 2978 Bolezlavum

202 3045 444 3106 paternae
501 3033 730 3106 pacifice
778 3043 1084 3100 revocaret,
1115 3042 1210 3090 aut
1250 3035 1435 3103 justus
1485 3036 1654 3106 judex
1696 3051 1815 3091 om-
1839 3025 1888 3093 Ο
1909 3031 2098 3096 astitit,
2132 3031 2207 3084 ibi
2233 3029 2440 3085 victura
2471 3028 2556 3082 vel
2605 3025 2811 3080 ibidem
2841 3022 3128 3078 moritura.
3189 3019 3256 3072 At
3287 3017 3527 3106 Bolcala-

205 3128 354 3181 nium
387 3127 532 3182 inter
579 3143 677 3182 eos
717 3126 808 3162 “0‘
841 3127 1039 3197 proelio
1092 3129 1385 3198 campestri
1423 3145 1605 3183 veram
1651 3129 1816 3196 justi-

207 3215 334 3269 tiam
367 3215 689 3270 declararet.
721 3215 798 3270 Ad
830 3215 951 3269 haec
986 3213 1092 3270 dux
1136 3215 1464 3271 Bohemicus
1495 3217 1811 3287 respondit:

207 3307 445 3360 Fratrem
482 3306 700 3375 quidem
725 3321 899 3360 meum
926 3307 1092 3361 libens
1118 3311 1374 3376 recipere,
1416 3309 1466 3360 si
1496 3313 1646 3361 tuum
1674 3325 1813 3362 rece-

201 3396 371 3462 peris,
395 3410 514 3449 sum
537 3399 794 3464 paratus,
823 3395 914 3449 sed
937 3409 1060 3448 cum
1085 3409 1143 3448 eo
1171 3411 1401 3463 regnum
1429 3396 1686 3460 dividere,
1708 3399 1818 3452 nisi

203 3486 428 3540 consilio
457 3487 699 3552 caesaris,
725 3500 835 3540 non
877 3501 996 3540 sum
1024 3501 1208 3540 ausus.
1243 3487 1306 3541 Si
1331 3502 1454 3540 vero
1491 3488 1814 3541 voluntatem

206 3575 281 3628 vel
317 3573 634 3641 facultatem
672 3573 975 3628 habuissem
1029 3574 1304 3627 vobiscum
1345 3577 1582 3628 cominus
1621 3577 1814 3642 conﬂi-

206 3669 390 3736 gendi,
422 3682 535 3722 non
559 3673 792 3722 vestram
827 3669 1097 3722 licentiam
1133 3673 1512 3738 exspectarem,
1553 3685 1674 3724 cum
1701 3670 1818 3723 lon-

207 3776 333 3825 gam
357 3759 469 3826 “‘05,
494 3759 779 3814 habuerim
804 3762 964 3829 prius
983 3760 1258 3814 licentiam
1295 3761 1640 3814 transeundi.

205 3850 296 3902 22.
352 3848 444 3883 ¹⁶⁰⁶
490 3851 566 3904 De
592 3850 894 3903 vastatione
922 3853 1076 3904 terrae
1113 3849 1404 3904 Bohemicus
1449 3863 1548 3919 per
1581 3851 1816 3904 Polonos.

276 3943 480 3998 Videns
509 3950 689 3999 autem
719 3943 1058 4009 Bolezlavus,
1091 3943 1222 4015 quia
1255 3943 1362 3998 dux
1411 3943 1741 3999 Bohemicus
1765 3945 1819 3998 in

209 4036 294 4089 his
339 4034 803 4106 responsionibus
843 4052 980 4106 quas
1037 4035 1320 4091 mandaret
1378 4035 1582 4090 nullam
1615 4045 1819 4091 certam

209 4123 479 4179 rationem
521 4123 630 4177 nisi
663 4123 828 4178 verba
868 4123 1217 4178 solummodo
1248 4125 1396 4178 nuda
1428 4125 1581 4178 daret
1619 4127 1820 4196 cre'pu-

209 4215 362 4271 sculo
390 4215 522 4282 diei,
551 4223 800 4286 tempore
850 4214 1061 4286 requiei
1102 4224 1339 4270 castrum
1383 4215 1572 4280 movit,
1619 4233 1721 4272 nec
1751 4217 1818 4271 ab

209 4305 356 4360 illius
387 4305 504 4376 ripa
532 4304 775 4360 ﬂuminis
808 4304 876 4357 ad
908 4303 1049 4358 Labe
1079 4304 1283 4359 ﬂumen
1334 4305 1728 4360 descendendo
1758 4323 1817 4361 se

211 4395 460 4451 removit.
510 4395 589 4449 Ibi
615 4409 747 4450 vero
784 4395 939 4465 juxta
970 4394 1114 4448 Labe
1163 4394 1387 4449 ﬂuvium
1439 4395 1586 4449 illum
1622 4396 1819 4450 ﬂuvio-

210 4489 319 4541 lum
353 4487 657 4558 (172)15ine
699 4486 985 4550 obstacqu
1046 4487 1415 4558 pertransivit,
1455 4495 1510 4542 et
1555 4489 1820 4543 festinans

207 4579 282 4634 ibi
331 4578 536 4634 bellum
567 4578 665 4633 ubi
696 4577 980 4634 dimiserat
1008 4578 1311 4650 requisivit.
1349 4579 1477 4633 Cum
1530 4587 1712 4634 autem
1751 4580 1818 4634 ad

210 4671 574 4726 Bohemorum
605 4669 873 4726 stationes
911 4670 1248 4740 perveniret,
1290 4686 1395 4724 nec
1419 4670 1567 4725 aliud
1597 4671 1664 4725 de
1689 4672 1822 4742 ipsis

208 4775 372 4830 quam
403 4757 632 4831 vestigia
673 4759 944 4828 reperiret
994 4759 1106 4824 ίθοτ,
1139 4759 1456 4813 convocatis
1510 4759 1822 4814 senioribus

209 4847 500 4903 consilium
533 4846 710 4913 inivit,
755 4846 846 4900 ubi
876 4847 1010 4902 satis
1048 4846 1184 4918 quid
1233 4845 1510 4901 salubrius
1549 4854 1604 4901 et
1645 4848 1816 4902 hone-

206 4938 346 4994 stius
391 4953 511 4992 esse
539 4938 828 4994 videbatur
877 4953 999 4992 cum
1037 4938 1246 4993 ratione
1276 4937 1552 4994 diffinivit.
1587 4939 1817 5004 Quidam

205 5026 354 5082 enim
387 5027 456 5081 de
479 5025 794 5082 senioribus
817 5027 1072 5081 aiebant:
1111 5027 1303 5082 Tribus
1333 5028 1517 5083 diebus
1545 5030 1680 5083 satis
1698 5032 1819 5096 suf-

206 5118 321 5184 ﬁcit
353 5131 455 5186 per
479 5118 738 5171 virtutem
759 5116 839 5186 fin
864 5120 1012 5170 terra
1053 5116 1291 5170 hostium
1319 5129 1414 5169 nos
1451 5117 1678 5182 stetisse,
1726 5133 1819 5172 nec

1918 3137 2038 3186 vus,
2072 3119 2259 3174 audito
2306 3119 2545 3173 clamore
2585 3113 2798 3187 populi,
2827 3111 3008 3168 statim
3035 3111 3306 3179 juvenum
3333 3105 3528 3160 multi-

1919 3212 2106 3267 tudine
2151 3209 2622 3267 circumstantium
2683 3211 3001 3270 coronatus,
3047 3199 3299 3256 ascendit
3356 3197 3409 3250 in
3451 3196 3529 3252 Io-

1916 3324 2036 3362 cum
2081 3307 2366 3361 locuturus
2417 3302 2815 3374 aliquantulum
2875 3299 3147 3361 altiorem,
3190 3293 3380 3364 ibique
3433 3307 3530 3345 sua

1917 3393 2196 3448 locutione
2228 3391 2416 3462 probis
2462 3390 2615 3444 auxit
2643 3387 2950 3450 audaciam,
3005 3382 3214 3438 timidis
3243 3381 3526 3435 horrorem

1917 3484 2122 3538 ademit
2153 3482 2357 3553 pariter
2394 3488 2448 3535 et
2478 3481 2730 3535 timorem
2763 3478 2841 3532 sic
2871 3489 3096 3531 exorsus
3123 3491 3136 3526 :

1917 3573 2004 3626 23.
2061 3572 2150 3605 ¹⁶¹³
2193 3573 2269 3625 De
2324 3569 2560 3624 audacia
2598 3567 2880 3632 Bolezlavy
2932 3567 2982 3618 et
3029 3561 3376 3632 providentia
3417 3560 3527 3611 ‘5“.

1993 3667 2118 3734 (An.
2159 3662 2338 3732 1H0.)
2372 3663 2414 3717 0
2449 3661 2706 3730 juventus
2745 3657 2836 3691 ³⁸⁸⁵
2864 3656 3052 3710 inclita
3085 3652 3319 3710 moribus
3357 3661 3406 3705 et
3432 3667 3532 3704 na.-

1921 3763 2069 3823 tura,
2102 3770 2306 3809 mecum
2354 3767 2565 3822 semper
2603 3749 2820 3804 erudita
2869 3748 3021 3811 bello,
3073 3747 3274 3800 mecum
3317 3747 3534 3797 assueta

1923 3849 2124 3909 labore,
2159 3847 2332 3901 securi
2360 3847 2636 3906 sustinete,
2664 3841 2880 3911 pariter
2904 3841 3207 3908 exspectate
3248 3836 3358 3890 laeti
3394 3835 3534 3888 diem

1923 3941 2256 4004 hodiernum,
2307 3939 2405 4007 qui
2467 3950 2562 3990 nos
2614 3933 2935 4002 triumphali
2975 3929 3250 3986 coronabit
3315 3928 3528 3981 honore.

1923 4031 2190 4084 Hactenus
2240 4025 2460 4080 Bohemi
2505 4025 2645 4078 sicut
2681 4025 2922 4076 monstra
2964 4021 3179 4073 marina
3218 4017 3300 4071 vel
3364 4016 3530 4069 silva-

1922 4123 2032 4175 tica
2066 4119 2131 4172 de
2168 4117 2421 4184 gregibus
2453 4115 2652 4170 nostris
2691 4111 2908 4183 aliquid
2943 4112 3192 4180 rapuisse
3228 4113 3276 4163 et
3329 4124 3446 4162 cum
3477 4123 3532 4159 eo

1915 4228 2014 4280 per
2049 4211 2215 4265 silvas
2245 4210 2514 4276 aufugisse
2539 4208 2755 4262 Polonis
2793 4203 3133 4258 insultabant
3181 4203 3229 4252 et
3253 4214 3356 4268 pro
3385 4199 3532 4251 mili-

1920 4307 1998 4358 tia
2038 4303 2381 4373 reputabant.
2432 4303 2535 4356 Vos
2558 4313 2684 4353 vero
2701 4297 2821 4365 jam
2844 4296 2933 4349 die
2962 4295 3186 4362 septimo
3216 4296 3415 4344 terram
3445 4307 3530 4341 eo-

1920 4409 2042 4447 rum
2079 4394 2371 4454 circuistis,
2411 4390 2572 4443 villas
2616 4393 2666 4441 et
2703 4385 2968 4441 suburbia
3003 4382 3389 4443 combussistis,
3441 4395 3530 4431 eo-

1919 4501 2038 4539 rum
2091 4487 2276 4539 ducem
2313 4487 2362 4537 et
2411 4483 2706 4536 exercitum
2749 4479 3129 4543 congregatum
3165 4471 3402 4536 vidistis,
3431 4471 3532 4522 bel-

1919 4579 2036 4630 lum
2065 4577 2334 4646 quaesistis
2361 4589 2454 4628 nec
2481 4572 2723 4627 invenire
2757 4568 3033 4638 potuistis.
3086 4566 3295 4633 Quippe
3351 4567 3531 4617 autem

1922 4669 2098 4732 hodie,
2130 4667 2346 4721 Bohemi
2409 4668 2459 4719 si
2504 4663 2692 4718 bellum
2750 4675 2859 4714 non
2901 4657 3278 4720 commiserint,
3335 4659 3431 4708 aut
3485 4657 3536 4708 si

1919 4759 2298 4822 commiserint,
2330 4756 2486 4810 hodie
2513 4754 2605 4788 ¹⁶¹⁶
2631 4756 2734 4807 Deo
2757 4751 2986 4820 juvante
3014 4749 3198 4804 Poloni
3233 4762 3360 4802 suas
3389 4746 3534 4816 inju-

1919 4853 2036 4907 rias
2064 4850 2535 4905 eindicabuntht
2562 4863 2682 4902 cum
2712 4847 2962 4916 praelium
2986 4845 3246 4909 inieritis,
3277 4856 3531 4897 memores

1918 4943 2077 4993 estote
2111 4937 2442 5006 praedarum,
2474 4937 2827 5005 captivorum,
2857 4933 3250 4997 incendiorum,
3281 4945 3534 4984 memores

1917 5035 2077 5086 estote
2136 5031 2442 5101 puellarum
2515 5034 2820 5099 raptarum,
2875 5043 3110 5082 umorum
3163 5029 3211 5079 et
3267 5027 3536 5078 matrona-

1916 5135 2058 5184 rum,
2098 5134 2349 5174 memores
2379 5122 2539 5174 estote
2592 5118 2838 5187 quotiens
2887 5131 2980 5171 vos
3023 5115 3111 5149 ¹⁶¹’¹
3145 5115 3530 5176 irritaverant,

1550 5212 1770 5267 VARI/I5
1822 5213 2196 5271 LECTIONES.

279 5309 370 5344 ¹⁶⁰²
396 5309 551 5385 IIIIto
579 5310 634 5363 2.
667 5310 788 5385 ff”
843 5312 1110 5385 meientes
1145 5311 1472 5385 exhibent].
1509 5310 1566 5385 2.
1637 5310 1726 5345 ¹⁶⁰⁸
1752 5314 2072 5385 itacorremi
2111 5312 2170 5367 P.
2204 5315 2467 5369 interesse
2497 5314 2614 5369 cod.
2691 5313 2781 5385 W95
2813 5313 2976 5385 longa
3014 5312 3074 5385 1._
3101 5310 3134 5364 2

205 5381 351 5436 deest
390 5379 537 5452 1.72
666 5381 752 5452 {607
782 5383 1042 5452 reperivit
1100 5385 1148 5438 ‘1.
1178 5385 1231 5438 2.
1325 5381 1416 5414 ¹⁶⁰³
1449 5381 1786 5436 minoramus
1823 5384 1875 5437 1.

205 5455 258 5505 1.
290 5453 341 5504 2.
451 5449 542 5484 ¹⁶¹²
575 5450 812 5506 curiales
842 5449 892 5508 ἰ.
924 5455 977 5508 2.
1075 5456 1165 5490 ¹⁶¹³
1187 5452 1370 5510 XXIII.
1402 5453 1552 5508 deest
1577 5453 1626 5506 1.
1659 5453 1711 5507 2.

207 5524 255 5576 1.
292 5522 343 5577 2.
443 5521 534 5556 ¹⁶¹⁶
553 5521 721 5576 hodie
746 5524 1004 5592 repetit2.
1093 5526 1182 5562 ¹⁶¹⁷
1213 5529 1354 5582 deest
1389 5523 1444 5578 2.

1807 5454 1896 5488 ¹⁶¹⁸
1927 5457 2227 5528 prudencia
2263 5457 2319 5511 2.

3239 5307 3330 5342 ¹⁶⁰⁶
3364 5306 3527 5361 XXII.

1970 5385 2061 5419 1°09
2091 5385 2145 5439 in
2176 5386 2390 5441 addunt
2416 5387 2466 5440 1.
2505 5386 2559 5440 2.
2665 5384 2753 5418 ¹⁶¹⁰
2773 5377 3018 5456 quodin?
3056 5381 3228 5456 1-21-
3289 5379 3376 5413 ml
3412 5377 3533 5456 Υίδδ

2407 5457 2498 5492 ¹⁶¹³
2523 5449 2806 5525 juventus'
2825 5449 3042 5511 addidit
3072 5453 3157 5508 ed.
3188 5451 3345 5507 Vars.
3389 5449 3535 5504 deest

1757 5594 1966 5655 NOTA'J.

281 5663 426 5735 απ)
461 5663 766 5736 Cydlinam.
800 5665 859 5720 K.
