3920 6054
412 251 515 307 927

1669 247 2018 306 CHRONICA".
2057 243 2476 304 POLONORUM.

407 395 658 437 memores
687 386 848 437 estote
873 385 1113 452 quotiens
1149 385 1256 452 ipsi
1286 383 1557 451 fugientes
1586 397 1676 436 vos
1704 380 2039 448 insequentes
2064 377 2118 446 Α
2141 371 2300 442 ﬁnis!
2357 373 2467 428 Hoc
2507 373 2674 440 dicto,
2709 373 2890 430 statim
2931 372 3211 432 venabulo
3257 373 3498 444 primum
3543 375 3612 430 in
3646 377 3786 434 acie

408 475 806 541 fatigaverunt.
869 479 1014 544 Ergo
1067 479 1325 530 sustinete
1372 475 1659 538 modicum,
1717 474 1919 540 fratres
1987 457 2039 524 et

411 563 606 617 milites
634 565 878 630 gloriosi,
903 569 1066 619 estote
1105 565 1272 631 fortes
1291 567 1346 617 in
1373 565 1528 625 bello,
1552 563 1775 632 juvenes
1804 563 1910 615 mei
1938 560 2033 614 ιω-

411 656 658 710 tabundi.
719 657 994 710 Hodierna
1023 659 1138 711 dies
1185 657 1331 711 vobis
1387 657 1620 722 conferet
1647 655 1790 726 quod
1830 668 2032 722 semper

411 752 668 818 optastis,
711 750 973 804 hodiema
1022 752 1134 806 dies
1167 751 1396 804 dolortm
1447 750 1641 803 delebit
1679 764 1833 818 quem
1879 750 2029 801 tanto

413 847 643 911 tempore
684 846 1056 911 comportastis
1124 845 1244 896 Jam
1291 857 1493 895 aurora
1531 846 1714 911 paret.
1757 842 1861 894 cito
1917 839 2031 892 dies

413 931 510 983 illa
563 931 800 996 gloriosa
829 932 1112 985 est-ardebit
1144 931 1254 994 ‘5",
1303 948 1422 1000 qua
1448 931 1791 984 traditionem
1819 933 1868 983 et
1905 931 2034 997 infi-

413 1023 690 1078 delitatem
715 1025 1062 1080 Bohemorum
1093 1027 1372 1091 reuelabit,
1413 1031 1462 1079 et
1483 1026 1954 1095 prmsumptionem
1983 1020 2033 1076 et

413 1116 722 1184 superbiam
759 1132 940 1172 eorum
970 1119 1320 1182 conculcabit,
1351 1125 1399 1170 et
1439 1134 1557 1187 quce
1589 1121 1806 1171 nostras
1842 1121 1891 1170 et
1931 1131 2030 1183 pa-

414 1209 620 1258 rentum
649 1207 892 1274 injurias
922 1207 1257 1270 vindicabit;
1317 1207 1431 1260 dies
1459 1209 1705 1274 inquam,
1756 1206 1870 1258 dies
1913 1205 2008 1258 illa

415 1294 528 1348 dies
555 1310 759 1364 semper
826 1299 882 1350 in
937 1297 1157 1350 Polonia
1209 1297 1509 1360 recolenda,
1567 1296 1679 1350 dies
1732 1297 1848 1360 illa,
1919 1295 2032 1349 dies

417 1398 612 1448 magna
641 1389 689 1438 et
737 1401 931 1438 (ηηίινα
973 1401 1181 1453 semper
1221 1386 1458 1439 Bohemis
1489 1390 1536 1438 et
1579 1385 1868 1449 horrenda,
1919 1385 2032 1438 dies

418 1471 534 1534 illa,
587 1473 700 1524 dies
752 1474 965 1526 Polonis
1025 1473 1280 1538 gloriosa,
1331 1473 1444 1526 dies
1478 1474 1594 1530 illa,
1648 1473 1759 1527 dies
1789 1473 2032 1526 Bohemis

420 1568 642 1631 odiosa;
687 1569 800 1622 dies
857 1571 1080 1638 inquam
1120 1571 1357 1622 omnium
1407 1569 1653 1637 tm'pudio
1701 1568 2032 1632 lmtabunda,

2139 465 2210 521 de
2249 465 2524 522 dextrario
2571 465 2907 537 suppinavit,
2939 471 2996 519 et
3048 479 3173 520 cum
3219 479 3286 521 eo
3337 465 3503 522 simul
3567 466 3788 524 Dirsek

2138 562 2402 634 pincerna
2474 569 2663 633 potum
2739 561 2897 618 alteri
2975 561 3318 618 mortiferum
3411 563 3782 636 propinavit-

2131 655 2266 710 Tum
2308 655 2398 689 ¹δ²⁷
2450 669 2583 710 vero
2611 655 2875 723 juventus
2905 653 3169 710 Polonica
3199 655 3450 710 certatim
3499 656 3785 726 irruunl,

2133 747 2343 801 lanceis
2370 747 2523 818 prius
2555 745 2758 802 bellum
2792 745 3060 812 inferunt,
3088 745 3296 817 quibus
3325 747 3567 818 expletis
3595 764 3788 804 enses

2132 845 2383 904 exerunt,
2415 838 2580 910 clipei
2620 853 2827 908 paucos
2874 838 2944 893 de
3000 838 3258 894 Bohemis
3287 839 3632 896 accedentes
3689 841 3782 895 ibi

2131 929 2376 1000 clepunt,
2409 929 2594 986 loricae
2626 931 2849 1002 pondus
2877 945 2986 986 non
3015 930 3329 986 subsidium
3356 931 3463 987 illis
3490 932 3784 996 reddunt,

2129 1020 2301 1094 galeae
2359 1021 2626 1076 honorem
2686 1022 2760 1076 ibi
2817 1021 3092 1092 capitibus
3125 1037 3236 1078 non
3285 1021 3519 1078 salutem
3559 1023 3782 1096 acqui-

2135 1121 2279 1168 runt.
2330 1113 2406 1168 lbi
2448 1113 2593 1170 ferro
2652 1113 2856 1169 ferrum
2924 1113 3160 1182 acuitur,
3214 1114 3292 1170 ibi
3347 1114 3510 1170 miles
3578 1115 3783 1170 audax

2134 1202 2506 1274 cognoscitur,
2592 1202 2668 1256 ibi
2747 1203 2918 1258 virtus
2987 1203 3187 1259 virtute
3263 1203 3522 1260 vincitur.
3625 1203 3780 1260 Cor-

2135 1309 2285 1364 pora.

2207 1384 2386 1438 Strata
2406 1384 2616 1452 jacent,
2661 1385 2868 1440 sudore
2907 1385 3093 1440 vultus
3133 1393 3190 1441 et
3239 1393 3469 1457 pectora
3505 1386 3772 1452 madent,

2140 1473 2396 1546 sanguini
2455 1473 2554 1528 rivi
2609 1481 2852 1541 manant,
2917 1476 3154 1542 juvenes
3219 1475 3414 1532 Poloni
3453 1479 3772 1532 clamant:

2137 1563 2226 1618 Sic
2254 1568 2330 1616 est
2378 1565 2552 1618 virtus
2583 1565 2942 1634 approbanda
2969 1567 3128 1631 viris,
3177 1567 3254 1621 sic
3289 1567 3446 1633 fama
3480 1567 3773 1636 quendam,

418 1674 528 1724 qua.
570 1659 774 1724 frontes
825 1659 1174 1712 Bohemorth
1215 1659 1370 1712 humo
1409 1664 1558 1712 tenus
1594 1658 1682 1692 ¹⁶¹⁹
1728 1658 2034 1721 inclinabit,
2065 1683 2114 1750 Β
2139 1671 2243 1708 non
2258 1655 2506 1725 predum
2519 1657 2718 1724 furtim
2742 1658 3010 1727 rapiendo
3024 1659 3327 1728 silvamque
3349 1659 3584 1728 petenda
3610 1661 3769 1729 rapi-

423 1756 482 1806 in
524 1753 613 1786 "33°
644 1769 752 1822 qua
809 1757 942 1807 Deus
971 1756 1305 1823 omnipotens
1359 1769 1523 1807 cornu
1573 1754 1898 1807 humilitatis
1928 1769 2029 1806 no-

423 1851 550 1896 stra
575 1842 797 1896 dea-tera
825 1859 935 1896 suae
967 1844 1050 1877 ¹⁶²¹
1075 1845 1474 1909 magnitudinis
1502 1843 1781 1896 exultabit.
1810 1843 1916 1896 llac
1945 1842 2035 1876 ¹⁸²²

424 1931 671 1986 oratione
723 1933 1012 2003 completa,
1073 1933 1236 1987 missa
1296 1934 1574 2006 generalis
1639 1949 1737 2004 per
1813 1949 2032 1989 omnem

427 2026 718 2082 stationem
751 2025 1082 2092 celebratur,
1133 2042 1312 2081 sermo
1349 2027 1568 2081 divinus
1600 2026 1713 2081 suis
1745 2027 2034 2096 parochia-

430 2113 513 2166 nis
542 2115 610 2168 ab
643 2115 919 2186 episc0pis
962 2116 1308 2184 praidicatur,
1353 2116 1590 2186 populus
1629 2117 1923 2171 universus
1953 2133 2035 2171 sa-

427 2211 710 2258 crosancta
741 2205 1132 2260 communione
1163 2204 1518 2260 conﬁrmatur
1547 2208 1680 2276 (Oct.
1721 2207 1796 2277 8).
1828 2206 2034 2270 Quibus

432 2291 534 2345 rite
567 2293 823 2362 peractis,
870 2311 991 2349 cum
1023 2295 1293 2351 ordinatis
1325 2297 1636 2369 agminibus
1691 2313 1841 2352 more
1872 2299 2035 2354 solito

429 2381 498 2436 de
531 2385 864 2441 stationibus
919 2387 1195 2452 exierunt,
1235 2397 1288 2444 et
1331 2389 1411 2443 sic
1457 2391 1715 2459 paulatim
1769 2392 1836 2444 ad
1869 2391 2037 2447 silva-

431 2491 549 2530 rum
601 2477 876 2532 introitum
929 2489 1319 2550 pcrvenerunt.
1381 2480 1509 2534 Cum
1541 2492 1724 2536 autem
1774 2483 1840 2537 ad
1872 2483 2038 2538 silvas

431 2578 580 2624 tanta
625 2570 914 2627 multitudo
969 2573 1330 2642 pervenisset,
1379 2591 1558 2646 neque
1639 2575 1740 2630 loci
1788 2576 2034 2631 notitiam

432 2671 612 2727 neque
659 2659 756 2714 vite
804 2661 1092 2735 vestigium
1136 2663 1441 2729 habuisset,
1503 2666 1882 2736 unusquisque
1929 2665 2034 2720 sibi

431 2749 570 2804 viam
622 2769 722 2822 per
749 2753 908 2808 devia
938 2755 1192 2823 faciebat,
1250 2767 1317 2812 et
1344 2758 1424 2812 sic
1467 2759 1625 2832 signa
1654 2760 1740 2814 vel
1781 2761 2034 2816 ordinem

432 2839 668 2895 retinere
691 2842 804 2910 jam
843 2845 934 2878 ¹⁸³³
963 2845 1277 2917 nequicbat.
1340 2848 1654 2903 Obstrusam
1703 2851 1850 2904 enim
1892 2851 2036 2905 viam

431 2943 538 2998 qua
582 2938 847 2985 venerant
883 2942 938 2986 et
964 2949 1160 2989 omnes
1181 2936 1314 2990 alias
1345 2937 1667 3003 audiebant,
1698 2945 1754 2994 et
1788 2939 1911 2996 ideo
1941 2958 2038 3012 per

432 3016 571 3072 viam
591 3017 778 3086 aliam,
811 3037 922 3075 non
953 3039 1210 3092 capacem
1235 3033 1398 3080 tanta:
1430 3027 1819 3092 multitudinis,
1853 3031 2037 3085 redic-

433 3108 579 3162 bant.
623 3109 734 3163 Dux
779 3128 910 3168 vero
970 3114 1283 3171 Bolezlavus
1340 3125 1484 3174 retro
1524 3119 1594 3173 de
1647 3120 1816 3176 latere
1845 3123 2036 3179 dextro

432 3212 554 3251 cum
587 3199 703 3254 acie
745 3203 936 3256 curiali
979 3205 1334 3271 subsistebat,
1376 3216 1659 3281 totumque
1683 3228 1840 3266 suum
1880 3229 2036 3268 exer-

432 3285 598 3340 citum
643 3288 786 3344 sicut
834 3303 1022 3361 pastor
1072 3296 1332 3369 egregius
1393 3299 1780 3368 praeminebat.
1845 3303 2036 3356 Comes

433 3389 656 3448 quoque
684 3379 1052 3438 Scarbimirus
1081 3401 1146 3440 ex
1195 3387 1368 3442 altero
1413 3388 1590 3444 latere
1626 3390 1680 3444 in
1713 3392 1848 3446 silva
1887 3395 2038 3449 tenui

435 3466 719 3523 ltolezlavo
761 3469 1028 3539 latitabat,
1085 3475 1274 3547 ibique
1333 3479 1627 3548 Bohemos,
1681 3482 1724 3536 si
1786 3482 1923 3538 forte
1953 3500 2042 3539 se—

433 3571 756 3634 querentur,
837 3567 892 3620 in
964 3566 1181 3622 insidiis
1237 3571 1611 3640 exSpcctabat.
1696 3571 2044 3628 Gneznensis

432 3649 579 3704 enim
624 3653 772 3709 acies
812 3664 1039 3726 patrono
1071 3657 1310 3712 POIODltB
1338 3659 1611 3724 dedicata,
1643 3676 1766 3715 cum
1811 3662 2044 3732 quibus-

433 3740 556 3796 dam
585 3745 840 3815 palatinis
865 3747 1099 3820 aliisque
1127 3749 1397 3804 militibus
1426 3751 1689 3807 animosis
1723 3753 1776 3807 in
1815 3754 2043 3824 planitie

433 3836 670 3904 quadam
700 3855 866 3908 parva
896 3840 1182 3895 dominum
1206 3842 1598 3898 subsistentem
1633 3845 1723 3879 ¹⁶²⁴
1749 3853 2042 3917 exspecta-

433 3925 543 3988 bat,
567 3943 692 3996 quie
717 3929 974 3997 planities
1004 3931 1170 3985 silvas
1201 3933 1438 4000 majores
1459 3951 1488 3988 a
1519 3935 1720 3991 minori
1739 3937 1874 3991 silva
1901 3954 2046 4008 pra:-

433 4024 614 4073 stante
661 4020 941 4077 dividebat
1019 4024 1261 4097 Cumque
1331 4028 1648 4084 ltolezlavus
1701 4047 1764 4084 ex
1819 4033 2046 4105 obliquo

432 4123 592 4164 suum
643 4113 944 4169 exercitum
1002 4132 1104 4186 per
1155 4117 1345 4173 silvam
1401 4129 1626 4174 tenuem
1694 4134 2042 4194 sequeretur,

434 4195 629 4254 videns
658 4216 788 4256 suos
813 4211 866 4258 et
908 4221 940 4258 a
969 4204 1084 4259 suis
1135 4205 1306 4275 visus,
1350 4208 1537 4264 hostes
1591 4213 1860 4282 reputavit
1891 4229 2039 4272 suos.

435 4303 466 4341 a
499 4287 614 4342 suis
651 4291 814 4346 etiam
841 4292 1014 4348 hostis
1044 4293 1300 4350 similiter
1324 4297 1647 4364 testimatus,
1681 4300 1778 4354 sed
1819 4301 2046 4372 pr0pius

2137 1748 2327 1802 dorum
2355 1763 2496 1802 more
2526 1749 2797 1819 luporum.
2842 1749 2920 1804 lbi
2963 1749 3182 1824 fulgens
3211 1750 3563 1807 loricatorum
3615 1753 3773 1806 acies

2139 1837 2503 1892 Bohemorum
2561 1845 2616 1892 et
2667 1838 3154 1904 Theutonicorum,
3199 1855 3322 1912 quae
3393 1839 3572 1910 prima
3637 1839 3768 1904 fuit,

2138 1927 2310 1998 prima
2336 1930 2562 1993 corruit,
2595 1938 2820 2004 gravata
2862 1932 3133 2002 pondere,
3163 1947 3274 1988 non
3313 1931 3524 2001 adjuta.
3557 1933 3763 1987 Adhuc

2137 2024 2316 2072 tamen
2347 2016 2458 2072 dux
2507 2019 2871 2076 Bohemorum
2913 2019 3038 2075 vice
3084 2021 3352 2086 secunda,
3406 2020 3588 2087 tertia,
3641 2023 3764 2090 jam

2137 2108 2269 2163 tlore
2305 2107 2518 2164 militiai
2552 2116 2818 2178 prostrata
2853 2110 3095 2178 jacente,
3129 2127 3289 2166 suum
3319 2110 3630 2182 dampnum
3663 2126 3768 2165 ca-

2138 2207 2315 2252 tervas
2359 2204 2682 2270 retorquens
2745 2199 3031 2254 vindicare
3075 2199 3378 2267 nitebatur,
3421 2215 3769 2271 semperque

2135 2303 2358 2344 suorum
2397 2289 2690 2364 congeries
2735 2290 3111 2346 corrurntium
3153 2289 3482 2366 augebatur.
3536 2289 3772 2346 Scarbi-

2139 2381 2309 2436 mirus
2337 2396 2560 2453 quoque
2612 2397 2738 2437 cum
2769 2382 2888 2438 acie
2948 2382 3215 2453 palatina,
3255 2383 3392 2438 silva
3443 2383 3769 2452 dividente,

2138 2489 2262 2528 cum
2308 2474 2432 2530 aliis
2499 2475 2864 2531 Bohemorum
2919 2475 3240 2549 agminibus
3299 2475 3626 2543 dimicabat,
3688 2477 3770 2532 ita

2139 2563 2287 2634 quod
2331 2563 2648 2619 Bolezlavus
2687 2563 2758 2619 de
2797 2563 3135 2621 Scarbimiro
3163 2565 3251 2620 vel
3295 2564 3670 2622 Scarbimirus
3695 2567 3774 2621 de

2139 2652 2426 2708 Bolezlavo
2457 2653 2678 2723 penitus
2727 2652 2824 2708 ubi
2849 2659 3018 2714 staret
3045 2654 3132 2709 vel
3174 2655 3220 2709 si
3253 2655 3512 2725 proelium
3569 2663 3774 2729 ageret

2139 2741 2447 2815 ignorabat.
2483 2743 2610 2811 (An.
2645 2741 2828 2811 1110.)
2864 2743 2935 2797 Ex
2981 2750 3101 2798 utra
3131 2751 3288 2816 parte
3318 2745 3458 2800 Mars
3508 2759 3646 2801 suas
3677 2745 3766 2800 vi-

2139 2850 2226 2887 res
2282 2841 2525 2900 exercet,
2567 2833 2786 2890 fortuna
2817 2834 2976 2899 ludit,
3027 2844 3144 2892 rota
3195 2837 3562 2893 Bohemorum
3611 2853 3772 2894 ever—

2138 2931 2306 2990 satur,
2339 2939 2370 2977 a
2401 2922 2584 2978 Parcis
2633 2922 2725 2978 fila
2764 2923 3131 2982 Bohemorum
3165 2932 3448 2986 secantur.
3477 2927 3588 2994 ‘P”,
3631 2926 3771 2982 Cer-

2137 3012 2304 3068 berus
2337 3028 2432 3068 ora
2462 3015 2708 3069 vorantia
2759 3013 2924 3081 laxat,
2973 3016 3203 3086 portitor
3259 3017 3552 3075 Acheronti
3601 3019 3771 3076 navi-

2135 3104 2318 3178 gando
2355 3104 2588 3170 laborat,
2682 3106 3007 3177 Proserpina
3083 3109 3247 3172 ridet,
3319 3107 3496 3164 Furiae
3546 3110 3764 3181 viperi-

2139 3212 2236 3250 nas
2293 3197 2382 3230 ¹⁶²⁹
2434 3196 2542 3252 illis
2579 3203 2761 3252 vestes
2809 3197 3110 3269 explicant,
3173 3199 3508 3262 Eumenides
3561 3200 3772 3258 balnea

2141 3286 2383 3341 sulfurea
2411 3296 2626 3358 parant,
2681 3287 2836 3344 Pluto
2881 3289 3040 3358 jubet
3079 3289 3331 3362 Ciclopes
3357 3291 3557 3362 dignas
3603 3291 3775 3348 fabri~

2142 3395 2267 3435 care
2297 3395 2531 3434 coronas
2561 3379 2827 3436 militibus
2855 3383 3062 3437 merito
3104 3383 3458 3451 venerandis,
3503 3383 3776 3440 dentibus

2142 3471 2403 3546 anguinis
2456 3471 2659 3542 linguis
2690 3487 2795 3527 nec
2842 3487 2952 3528 nor.
3003 3473 3342 3529 draconinis.
3395 3473 3533 3538 Quid
3573 3474 3774 3530 multis

2144 3563 2466 3618 moramur?
2506 3563 2767 3619 Videntes
2805 3564 3032 3620 Bohemi
3085 3581 3240 3622 suam
3295 3581 3519 3622 causam
3573 3565 3770 3621 divino

2138 3655 2352 3724 judicio
2395 3671 2506 3711 non
2543 3655 2782 3727 placere,
2837 3665 2894 3712 et
2944 3657 3281 3714 Polonorum
3320 3658 3610 3716 audaciam
3639 3675 3769 3713 cum

2139 3743 2354 3812 justitia
2393 3743 2714 3815 praevalere,
2747 3761 2970 3801 suorum
3003 3745 3080 3800 ibi
3131 3746 3424 3802 meliorum
3475 3749 3592 3803 acie
3625 3763 3766 3818 pro-

2145 3839 2314 3888 strata
2343 3832 2686 3900 catervatim,
2741 3833 2906 3888 divisi
2955 3834 3138 3909 fugam
3197 3836 3488 3907 arripiunt,
3522 3852 3628 3892 nec
3669 3852 3771 3894 eos

2149 3924 2339 3998 fugere
2379 3924 2572 3980 Poloni
2633 3925 2813 3981 statim
2869 3926 3188 3997 percipiunt
3242 3927 3362 3988 ¹⁶³⁰,
3420 3927 3517 3981 sed
3572 3927 3764 4002 fugam

2147 4014 2406 4070 simulare
2436 4013 2690 4070 credunt.
2721 4013 2996 4087 Convoallis
3018 4015 3167 4070 enim
3215 4014 3397 4070 media
3423 4017 3678 4087 quaedam
3704 4025 3765 4074 et

2147 4104 2286 4158 silva
2343 4103 2616 4158 Bohemos
2660 4103 2973 4173 adjuvabat,
3017 4121 3142 4176 qua:
3198 4105 3381 4179 fugam
3423 4123 3616 4164 eorum
3675 4111 3761 4166 vel

2145 4197 2375 4252 insidias
2403 4195 2728 4251 occultabat.
2755 4197 2884 4252 ldeo
2924 4197 3035 4252 dux
3075 4197 3405 4254 Polonorum
3440 4199 3766 4256 Bolezlavus

2147 4285 2352 4342 milites
2395 4285 2737 4356 impetuosos
2776 4292 3214 4357 prmsumptuose
3263 4288 3522 4360 persequi
3561 4289 3766 4360 probi-

437 4379 670 4437 invicem
705 4385 1036 4442 accedentes
1079 4396 1133 4442 et
1172 4404 1322 4443 arma
1371 4389 1629 4446 subtilius
1667 4369 2037 4464 contemplan-

2152 4376 2343 4441 bebat,
2387 4375 2517 4446 quia
2546 4375 2817 4430 cautelam
2859 4375 3227 4432 Bohemorum
3267 4385 3323 4432 et
3352 4377 3578 4432 insidias
3605 4377 3774 4433 dubi-

434 4479 539 4541 tes,
600 4475 758 4549 signa
811 4477 1072 4535 Polonica
1109 4489 1509 4555 cognoverunt,
1553 4490 1609 4538 et
1669 4483 1750 4539 sic
1806 4501 1837 4539 a
1891 4501 2048 4555 paene

434 4565 844 4634 cmptoscclere
868 4567 1176 4624 desierunt.
1207 4569 1430 4625 lnterirn
1481 4571 1706 4628 Bohemi
1733 4573 1892 4644 quasi
1933 4573 2046 4642 jam

435 4653 567 4708 certi
597 4655 664 4709 de
695 4655 946 4725 victoria,
978 4675 1087 4715 non
1119 4659 1458 4719 ordinati.ut
1498 4663 1587 4700 ¹⁶²⁵
1639 4663 1792 4734 prius
1829 4663 2050 4720 cather—

436 4741 626 4810 vatim,
683 4745 784 4800 sed
839 4762 982 4802 unus
1035 4755 1160 4803 ante
1222 4749 1413 4817 alium,
1463 4751 1858 4822 properabant,
1915 4752 2044 4824 quia

437 4829 673 4886 Polonos
706 4833 762 4887 in
795 4833 931 4889 silva
963 4835 1076 4904 jam
1116 4845 1391 4909 receptos,
1431 4840 1500 4894 ad
1541 4842 1796 4912 prmhum
1831 4840 2044 4898 irrevo-

437 4923 666 4990 cabiles,
715 4923 1080 4992 inordinatos,
1144 4928 1424 4986 latitantes
1479 4933 1590 4999 1°“,
1647 4931 1954 5003 dispersos,
1984 4949 2043 4989 se

436 5031 632 5087 capere
657 5015 799 5072 sicut
840 5016 1059 5088 lepores
1088 5018 1446 5089 reputabant.
1495 5022 1558 5074 At
1610 5020 1846 5096 belliger
1887 5022 2045 5078 Bole-

437 5105 658 5174 zlavus,
733 5105 870 5162 visis
919 5107 1173 5162 hostibus
1235 5108 1348 5178 jam
1403 5109 1640 5179 vicinis,
1683 5111 2040 5168 exclamavit:

435 5198 681 5267 Juvenes,
711 5200 950 5268 feriendi
976 5209 1218 5256 nostrum
1255 5204 1328 5256 sit
1367 5205 1602 5269 initium,
1633 5208 1813 5260 noster
1838 5219 2045 5276 quoque

2149 4469 2322 4526 tabat.
2357 4466 2646 4538 Comperta
2672 4466 2894 4521 tandem
2935 4467 3128 4523 Poloni
3158 4484 3287 4524 vera
3325 4467 3451 4542 fuga
3497 4468 3770 4526 Bohemoo

2149 4575 2291 4625 rum,
2350 4557 2714 4629 insequentes
2752 4557 2960 4624 statim,
3013 4557 3199 4613 laxant
3245 4573 3469 4613 suorum
3519 4558 3770 4615 habenas

2150 4665 2437 4722 equorum.
2479 4647 2619 4723 Ergo
2659 4648 2818 4719 potiti
2866 4648 3058 4705 Poloni
3122 4649 3351 4704 victoria
3418 4649 3765 4720 triumphali,

2147 4743 2414 4802 redeundi
2469 4741 2750 4798 Poloniam
2811 4742 2914 4796 iter
2971 4741 3253 4813 inceptum
3313 4741 3592 4809 differunt,
3634 4759 3770 4800 suos

2142 4833 2420 4892 sauciatos
2468 4831 2524 4886 in
2564 4831 2827 4887 Bohemia
2866 4831 3166 4886 redeuntes
3192 4847 3382 4888 secum
3417 4815 3624 4900 ierunt,
3673 4848 3768 4888 se-

2143 4933 2292 4997 ptem
2338 4923 2515 4978 tribus
2555 4923 2638 4956 ¹⁶³¹
2673 4923 2906 4992 adjectis
2937 4921 3223 4978 denarium
3257 4921 3619 4994 profectionis
3671 4925 3766 4960 ⁸⁸³³

2145 5035 2434 5076 numerum
2481 5017 2868 5089 impleverunt.
2909 5017 2989 5073 Ad
3023 5017 3130 5074 hoc
3172 5018 3321 5074 enim
3369 5017 3764 5075 detrimentum

2143 5122 2199 5169 et
2246 5113 2490 5170 dedecus
2556 5112 2754 5168 bellica
2823 5128 2960 5188 gens
3011 5113 3381 5170 Bohemorum
3439 5112 3762 5170 traditarum

2146 5202 2479 5260 factionibus
2505 5209 2588 5258 est
2612 5202 2854 5266 redacta,
2906 5201 3056 5274 quod
3107 5217 3270 5272 paene
3310 5201 3581 5258 militibus
3635 5217 3759 5273 pro-

1775 5337 1996 5392 VARLE
2035 5336 2420 5398 LECTIONES.

512 5443 602 5476 ¹⁶¹⁸
627 5442 874 5498 exarebit
907 5449 951 5498 Ι.
992 5443 1048 5499 2.

441 5513 524 5564 nit
551 5511 605 5568 2.
711 5514 801 5548 ¹⁶²⁸
837 5522 944 5570 tam
975 5514 1032 5573 2.

442 5579 531 5616 ¹⁶³⁹
560 5583 854 5654 cuperinas
877 5585 932 5642 2.

1133 5514 1222 5548 ⁸³³⁸
1251 5513 1734 5572 ευδείεῑαηῑεηιᾯ.

1025 5585 1117 5620 ⁸⁸³0
1144 5585 1455 5660 precipiunt
1483 5587 1536 5642 2.

1137 5444 1226 5478 ¹⁶¹⁹
1254 5444 1420 5500 humo
1451 5447 1626 5500 remis
1651 5461 1750 5516 pro
1783 5445 2117 5502 humotenus
2142 5461 2356 5506 erronee
2383 5445 2510 5501 1.2.
2591 5445 2682 5480 ¹⁶²⁰
2709 5447 2854 5500 deest
2870 5445 2925 5500 2.
2997 5445 3083 5480 ¹⁶²²
3115 5459 3218 5500 sua
3246 5443 3300 5498 2.
3361 5442 3453 5479 ’⁸³³
3471 5443 3513 5497 Α
3540 5445 3766 5514 antepo-

1137 5514 1222 5548 ¹⁶²⁸
1251 5513 1648 5572 subsistentem
1679 5518 1734 5572 2.
1837 5517 1927 5552 ¹⁶¹⁶
1953 5517 2099 5572 deest
2127 5515 2285 5572 codd.
2372 5517 2464 5552 ¹⁶²⁰
2485 5517 2630 5572 deest
2655 5516 2710 5572 2.
2790 5516 2878 5551 ¹⁶²⁷
2909 5513 3041 5572 Cum
3070 5515 3124 5571 2.
3215 5515 3306 5570 l0”
3333 5520 3599 5572 occantur
3629 5515 3677 5572 l.
3699 5513 3752 5572 2.

1993 5533 2099 5573 εθεε
2127 5533 2285 5573 οοαα.

1631 5589 1716 5623 ί⁶³¹
1750 5588 2128 5660 superioribus
2149 5589 2199 5644 1.
2231 5588 2286 5643 2.

2372 5517 2464 5552 ¹⁶²⁰
2485 5517 2630 5572 deest
2655 5516 2710 5573 2.
2790 5516 2878 5551 ¹⁶²⁷
2909 5513 3041 5572 Cum
3070 5515 3124 5571 2.

2390 5588 2478 5622 ’⁸³³
2519 5587 2879 5659 perfectionis
2904 5587 2956 5643 1.
2980 5587 3034 5643 2.

3215 5515 3306 5570 tm
3333 5520 3599 5572 occantur
3629 5513 3679 5572 l.
3699 5513 3752 5572 2.
