3920 6054
221 243 332 298 929

1631 234 1821 291 LIBER
1861 232 2162 288 TERTIUS.

3443 245 3549 302 930

221 375 314 430 bis
349 381 403 430 et
432 374 802 431 nobilioribus
845 374 957 439 “33,
1013 371 1343 429 Polonorum
1377 370 1696 426 conculcata
1723 366 1827 423 sub
1857 365 2281 439 Aintroductis,
2343 367 2684 440 ignoscendo
2741 385 2900 426 suum
2945 374 3190 430 animum
3250 377 3540 450 mitigavit,

217 468 478 539 pedibus,
503 475 589 523 est
615 474 823 522 exacta.
855 467 934 522 lbi
964 482 1187 539 quoque
1225 481 1352 521 cum
1401 462 1660 519 Bohemis
1703 461 1832 516 Zbi-

216 573 399 631 gneus
451 555 698 612 interfuit
753 557 841 611 cui
923 555 1131 630 fugisse
1211 554 1467 610 similiter
1536 568 1700 624 quam
1754 551 1830 605 ibi

217 650 444 706 stetisse
477 650 600 722 plus
631 649 855 721 profuit.
899 651 1088 706 Poloni
1128 664 1256 706 vero
1287 649 1358 704 de
1412 647 1677 704 Bohemia
1709 663 1833 702 cum

221 741 434 817 ingenti
473 741 714 812 tripudio
747 751 1080 809 remeantes,
1118 739 1484 811 omnipotenti
1514 741 1624 794 Deo
1654 747 1839 813 grates

221 833 543 905 rependunt
555 833 865 902 aeternales,
877 845 934 889 et
949 833 1238 890 Bolezlavo
1255 831 1615 902 triumphanti
1641 830 1834 886 laudes

223 921 469 978 referunt
493 922 882 994 triumphales.
1351 974 1356 980 .

293 1017 380 1072 24.
420 1018 509 1052 ¹⁶³⁴
539 1022 611 1074 De
638 1020 939 1072 vastatione
966 1021 1122 1072 terra:
1155 1018 1369 1072 Prusia:
1392 1032 1488 1086 per
1519 1016 1756 1071 Polonos.

294 1106 422 1160 Item
449 1107 685 1178 impiger
703 1106 1024 1161 Bolezlavus
1045 1105 1242 1176 yemali
1268 1114 1511 1176 tempore
1541 1121 1649 1160 non
1673 1104 1830 1176 quasi

217 1195 534 1251 desidiosus
574 1197 631 1250 in
673 1197 786 1252 otio
818 1196 1110 1268 requievit,
1167 1195 1266 1250 sed
1329 1195 1600 1249 Prussiam
1637 1204 1831 1249 terram

219 1284 467 1355 aquiloni
519 1285 876 1358 contiguam.
935 1285 1062 1358 gelu
1144 1284 1493 1340 constrictum
1542 1283 1833 1349 introivit,

216 1391 344 1430 cum
368 1376 532 1430 etiam
564 1375 792 1430 Romani
827 1375 1108 1447 principes
1138 1376 1192 1429 in
1237 1375 1488 1430 barbaris
1512 1375 1832 1430 nationibus

218 1467 587 1534 debellantes,
631 1467 683 1521 in
719 1467 1038 1538 praeparatis
1086 1467 1490 1522 munitionibus
1522 1474 1828 1539 yemarent,

222 1575 406 1630 neque
450 1565 561 1614 tota
597 1576 755 1630 yeme
795 1559 1116 1615 militarent.
1169 1561 1301 1615 Illuc
1346 1561 1492 1614 enim
1546 1560 1830 1624 introiens,

1930 464 1986 512 et
2009 459 2347 530 Zhignevum
2393 475 2515 513 cum
2549 461 2730 515 verbis
2783 463 3163 532 hujuscemodi
3209 469 3547 525 conditionis

1935 549 1988 604 in
2017 550 2300 606 Poloniam
2343 551 2637 616 revocavit,
2669 552 2950 618 videlicet,
3009 555 3054 610 si
3103 557 3290 613 verbis
3325 574 3437 614 sum
3467 560 3550 614 le-

1935 647 2174 720 gationis
2228 664 2385 702 mens
2438 648 2664 702 humilis
2711 651 3093 718 concordaret,
3139 661 3194 708 et
3230 654 3274 709 si
3329 671 3393 710 se
3447 671 3546 726 pro

1937 738 2110 794 milite
2143 755 2254 794 non
2287 755 2385 808 pro
2417 739 2642 795 domino
2679 749 2978 812 reputaret,
3030 761 3132 799 nec
3164 746 3328 800 ullam
3354 761 3550 815 super-

1938 831 2084 888 biam
2145 833 2412 904 deinceps
2474 851 2575 888 nec
2639 835 2810 890 ullum
2869 837 3174 894 dominium
3227 846 3550 907 ostentaret,

1936 925 2174 983 fraterna
2203 928 2428 983 caritate
2462 930 2552 963 ¹⁶ί⁵
2588 931 2838 1001 qumdam
2873 933 3093 986 castella
3135 933 3240 988 sibi
3272 934 3450 1001 daret,
3498 945 3552 992 et

1936 1019 1979 1074 si
2028 1035 2211 1074 veram
2263 1021 2622 1076 humilitatem
2687 1022 2742 1076 in
2797 1038 2862 1077 eo
2918 1039 3216 1094 veramque
3265 1029 3543 1082 caritatem

1936 1113 2300 1183 prospiceret,
2334 1129 2557 1183 semper
2578 1129 2703 1167 eum
2727 1114 2780 1168 in
2810 1115 3010 1170 melius
3047 1117 3274 1172 cottidie
3308 1121 3398 1154 ¹⁶⁶⁶
3427 1135 3526 1190 pro

1935 1208 2182 1256 moveret
2229 1201 2338 1270 (an.
2381 1201 2570 1270 illi);
2638 1201 2724 1255 sin
2781 1219 2910 1258 vero
2950 1207 3348 1261 contumaciam
3400 1208 3550 1262 illam

1935 1294 2238 1364 antiquam,
2273 1295 2328 1348 in
2377 1296 2544 1349 corde
2593 1295 2926 1350 discordiam
2981 1300 3302 1363 occultaret,
3356 1302 3552 1355 melius

1936 1392 2101 1450 esset,
2150 1391 2394 1456 apertam
2425 1386 2759 1440 discordiam
2790 1387 2877 1422 “5‘7
2909 1405 3074 1458 quam
3120 1389 3319 1444 iterum
3351 1408 3545 1447 novam

1932 1475 2260 1531 seditionem
2313 1476 2366 1529 in
2413 1476 2692 1530 Poloniam
2745 1485 3064 1546 reportaret.
3127 1481 3188 1533 At
3235 1480 3546 1552 Zhignevus

1933 1568 2225 1622 stultorum
2268 1567 2512 1622 consiliis
2567 1569 2946 1639 acquiescens,
3007 1573 3293 1642 promissae
3359 1575 3551 1644 subje-

214 1649 397 1722 glacie
425 1649 638 1704 lacuum
671 1660 726 1704 et
755 1651 1016 1722 paludum
1045 1667 1143 1722 pro
1175 1658 1344 1723 ponte
1387 1651 1662 1714 utebatur,
1703 1651 1833 1722 quia
1864 1690 1913 1758 Β
1935 1656 2136 1711 ctionis
2157 1665 2212 1711 et
2239 1657 2564 1711 humilitatis
2592 1657 2818 1712 minime
2850 1660 3188 1726 recordatus,
3213 1663 3278 1716 ad
3308 1662 3551 1717 Bolezla-

207 1738 414 1794 .nullus
443 1739 730 1794 “meditus
759 1740 900 1795 alius
932 1741 1022 1774 ¹⁶³⁶
1055 1741 1110 1794 in
1152 1741 1299 1795 illam
1325 1741 1552 1811 patriam
1595 1741 1681 1774 ¹⁶³ῖ
1728 1740 1830 1794 nisi

219 1827 450 1882 lacubus
507 1827 596 1860 ¹δ³⁸
627 1836 682 1882 et
741 1828 1039 1899 paludibus
1090 1829 1386 1884 invenitur.
1434 1829 1535 1894 Qui
1585 1845 1707 1884 cum
1759 1829 1832 1883 la-

217 1935 320 1974 cus
359 1927 414 1976 et
445 1919 676 1991 paludes
722 1921 1114 1992 pertransisset
1143 1932 1199 1977 et
1229 1922 1284 1976 in
1313 1928 1510 1978 terram
1549 1921 1830 1977 habitabi-

216 2013 324 2068 lem
360 2015 720 2086 pervenisset,
755 2031 866 2072 non
905 2016 961 2071 in
997 2032 1109 2072 uno
1151 2015 1274 2073 loco
1313 2015 1538 2081 resedit,
1595 2032 1704 2072 non
1745 2033 1832 2073 ca-

217 2104 551 2171 stella,-non
610 2106 882 2174 civitates,
914 2109 1044 2181 quia
1097 2108 1175 2164 ibi
1213 2109 1384 2172 nulla,
1434 2109 1539 2163 sibi
1589 2108 1828 2174 obsedit,

221 2197 430 2268 quippe
459 2198 570 2254 situ
614 2198 720 2254 loci
755 2207 811 2256 et
857 2201 1120 2256 naturalis
1176 2201 1380 2272 positio
1435 2199 1682 2275 regionis
1737 2214 1836 2270 per

221 2287 434 2343 insulas
463 2287 696 2344 lacubus
733 2289 821 2326 ¹⁶³⁹
861 2297 916 2346 et
937 2291 1234 2362 paludibus
1264 2297 1347 2348 est
1375 2291 1610 2358 munita,
1651 2298 1706 2346 et
1740 2306 1838 2362 per

215 2387 397 2436 sortes
429 2381 791 2438 hereditarias
817 2383 1072 2440 ruricolis
1100 2391 1156 2439 et
1196 2383 1597 2440 habitatoribus
1622 2384 1832 2453 dispar-

221 2471 337 2526 tita.
383 2471 552 2543 Igitur
598 2470 830 2543 belliger
877 2471 1196 2528 Bolezlavus
1227 2489 1326 2543 per
1371 2473 1522 2528 illam
1550 2472 1841 2527 barbaram

203 2563 500 2618 .nationem
524 2562 727 2634 passim
759 2563 1090 2627 discurrens,
1125 2564 1367 2636 praedam
1399 2565 1725 2620 immensam
1751 2566 1844 2601 ¹⁶⁴⁰

213 2654 390 2724 cepit,
411 2647 562 2709 viros
606 2659 660 2708 et
711 2653 993 2720 mulieres,
1039 2670 1242 2726 pueros
1284 2663 1338 2711 et
1382 2655 1616 2726 puellas,
1655 2671 1842 2712 servos

209 2753 267 2800 et
323 2742 550 2799 ancillas
583 2743 1022 2798 innumerabiles
1078 2745 1391 2814 captivavit,
1451 2743 1688 2800 aediﬁcia
1744 2745 1839 2800 vil-

213 2836 406 2907 lasque
462 2834 662 2890 multas
685 2834 1057 2889 concremavit
1131 2850 1255 2890 cum
1313 2834 1520 2906 quibus
1573 2834 1835 2891 omnibus

211 2925 270 2981 in
302 2924 583 2981 Poloniam
623 2923 746 2978 sine
793 2923 988 2996 prcelio
1037 2925 1324 2992 remeavit,
1367 2926 1516 2998 quod
1564 2927 1827 2998 prcelium

215 3027 328 3073 tum
363 3017 450 3052 ¹⁶⁴¹
480 3017 726 3074 invenire
756 3019 880 3089 plus
894 3019 978 3073 his
1000 3019 1261 3074 omnibus
1289 3020 1588 3090 exoptavit.

217 3109 291 3164 25
339 3109 428 3149 ι⁶⁸²
450 3113 526 3164 De
575 3081 865 3166 concordia
900 3111 1136 3180 Zbigney
1163 3112 1314 3178 falsa
1367 3081 1494 3168 citm
1524 3113 1823 3168 Bolezlauo.
1857 3081 1906 3150 ϐ

295 3204 552 3260 Hostibus
587 3205 771 3277 itaque
807 3205 1146 3270 Bolezlavus,
1185 3206 1331 3262 sicut
1361 3207 1569 3262 dictum
1606 3216 1710 3275 est,
1743 3223 1830 3262 re-

219 3291 464 3357 frenatis,
521 3295 720 3349 ducem
770 3295 1126 3350 Bohemieum
1172 3295 1355 3369 coegit
1393 3294 1613 3350 fratrem
1663 3297 1832 3350 mini~

220 3399 392 3451 mum,
430 3399 596 3454 quem
647 3399 814 3453 supra
858 3383 1120 3446 diximus.
1163 3383 1220 3438 in
1267 3385 1590 3440 hereditatis
1624 3395 1828 3440 sortem

202 3475 489 3545 recipere,
516 3473 846 3546 quibusdam
877 3474 1194 3528 civitatibus
1224 3474 1367 3545 (I73)
1396 3473 1503 3528 sibi
1543 3474 1690 3529 datis
1720 3476 1831 3545 (an.

207 3564 404 3635 .1111).
445 3564 560 3628 Quo
607 3562 750 3617 facto
778 3562 1051 3637 Zbigaeus
1082 3561 1370 3617 Bolezlavo
1423 3577 1524 3618 suo
1563 3561 1715 3618 fratri
1759 3562 1840 3617 le-

221 3657 500 3731 gationem
543 3655 716 3722 misit,
753 3654 1187 3710 misericorditer
1249 3653 1646 3725 supplicando,
1703 3671 1842 3726 qua-

225 3750 374 3805 tinus
403 3748 643 3821 aliquam
695 3747 1018 3819 particulam
1053 3746 1375 3802 hereditatis
1416 3755 1679 3818 paternaa,
1703 3746 1849 3802 sicut

223 3845 334 3900 dux
359 3845 725 3900 Bohemorum
759 3857 860 3896 suo
900 3841 1075 3908 fratri,
1115 3840 1226 3896 sibi
1265 3857 1488 3913 quoque
1519 3841 1855 3897 concederet

221 3949 289 3988 ea
319 3931 664 3998 conditione,
700 3930 850 4001 quod
897 3930 1214 3986 nullatenus
1251 3930 1342 3964 ¹⁶³³
1372 3930 1429 3984 in
1457 3929 1738 4001 aliquibus
1779 3931 1858 3996 illi

231 4028 562 4092 coaequaret,
619 4019 718 4073 sed
761 4019 903 4074 sicut
945 4019 1102 4074 miles
1149 4019 1377 4074 domino
1415 4034 1637 4089 semper
1688 4027 1743 4073 et
1791 4020 1846 4076 in

233 4109 494 4166 omnibus
523 4107 799 4164 obediret.
847 4108 980 4162 Nam
1007 4123 1135 4163 eum
1165 4107 1254 4141 "5“
1303 4123 1406 4163 nec
1453 4123 1553 4178 per
1587 4122 1847 4162 caasarem

233 4215 338 4256 nec
369 4215 468 4270 per
490 4198 768 4254 Bohemos
797 4211 901 4252 nec
934 4212 1033 4267 per
1064 4196 1404 4252 Pomoranos
1437 4212 1496 4252 se
1528 4211 1692 4267 posse
1723 4196 1848 4252 vin-

231 4309 356 4350 cere
385 4290 718 4359 confidebat,
741 4292 838 4346 sed
864 4291 1014 4362 quod
1052 4290 1264 4346 viribus
1293 4299 1349 4347 et
1391 4291 1557 4347 armis
1592 4291 1847 4348 obtinere

234 4405 344 4446 non
387 4396 624 4461 poterat,
668 4387 977 4443 humilitate
1016 4387 1196 4442 saltim
1228 4393 1283 4442 et
1329 4386 1570 4443 fraterna
1616 4387 1846 4445 karitate

235 4484 622 4559 praesumebat.
666 4483 840 4539 Verba
879 4481 1102 4554 quidem
1147 4481 1281 4537 satis
1331 4483 1478 4538 bona
1525 4492 1580 4538 et
1619 4481 1847 4555 pacifica

1933 1761 2058 1798 vum
2119 1761 2228 1800 non
2271 1745 2554 1800 humiliter
2610 1747 2706 1800 sed
2754 1759 3078 1821 arroganter
3121 1756 3204 1804 est
3231 1750 3534 1823 ingressus,

1931 1849 2034 1888 nec
2061 1834 2204 1888 sicut
2256 1835 2419 1890 homo
2469 1834 2634 1904 longo
2689 1842 2796 1892 tam
2853 1837 3018 1892 exilio
3063 1838 3381 1909 castigatus,
3425 1849 3544 1892 tan-

1933 1921 2112 1993 tisque
2135 1922 2414 1978 laboribus
2435 1930 2490 1977 et
2519 1923 2756 1977 miseriis
2777 1923 3056 1996 fatigatus,
3079 1943 3264 1996 ymmo
3285 1927 3428 1981 sicut
3449 1927 3550 1982 do-

1933 2014 2114 2068 minus
2141 1997 2264 2068 cum
2298 2029 2430 2068 ense
2457 2014 2830 2084 praecedente,
2862 2031 2986 2069 cum
3027 2016 3343 2086 simphonia
3376 2019 3552 2072 musi-

1933 2119 2122 2159 corum
2156 2103 2434 2175 tympanis
2457 2103 2734 2175 eteytaris
2767 2103 3165 2158 modulanlium
3198 2107 3556 2176 praecinente,

1937 2209 2048 2248 non
2081 2193 2410 2248 serviturum
2446 2193 2543 2248 sed
2577 2200 2926 2266 regnaturum
2961 2195 3306 2269 designabat,
3355 2212 3463 2250 non
3493 2213 3552 2250 se

1935 2283 2039 2338 sub
2073 2283 2240 2340 fratre
2273 2284 2631 2339 militaturum
2664 2285 2761 2338 sed
2802 2301 2971 2355 super
3003 2284 3226 2341 fratrem
3259 2285 3560 2356 imperatu-

1945 2389 2063 2430 rum
2087 2374 2488 2446 praetendebat.
2511 2374 2665 2438 Quod
2697 2374 2921 2444 quidam
2950 2375 3232 2446 sapientes
3263 2376 3314 2429 in
3351 2384 3556 2447 partem

1942 2471 2105 2527 aliam
2135 2486 2298 2542 quam
2353 2469 2628 2541 Zbigneus
2668 2469 2852 2524 forsan
2895 2469 3228 2544 cogitaverat
3268 2481 3558 2538 noverunt,

1934 2568 1998 2620 .et
2027 2561 2318 2617 consilium
2358 2560 2646 2616 Bolezlavo
2697 2559 2802 2614 tale
2849 2567 3266 2633 suggesserunt,
3326 2562 3473 2632 quod
3502 2577 3560 2615 se

1941 2649 2482 2708 statim'credidissc
2545 2650 2822 2720 pmnituit,
2873 2666 3203 2722 semperque
3268 2667 3325 2704 se
3367 2650 3562 2706 fecisse

1939 2739 2234 2812 paenitebit
2274 2739 2443 2810 (174),
2508 2738 2710 2794 talibus
2767 2738 3028 2794 videlicet
3086 2739 3269 2794 verbis
3321 2746 3560 2794 mentem

1938 2831 2232 2884 humanam
2261 2827 2658 2882 accendentes:
2701 2828 2802 2881 Hic
2856 2827 3008 2881 homo
3051 2829 3218 2882 tantis
3275 2828 3565 2882 calamita-

1932 2926 2074 2980 tibus
2095 2926 2378 2989 contritus,
2413 2927 2524 2978 tum
2553 2923 2709 2989 longo
2747 2923 2910 2976 emilio
2946 2921 3214 2989 detrusus,
3246 2923 3404 2976 aditu
3426 2925 3548 2993 pri-

1929 3037 2012 3076 mo
2051 3035 2172 3073 cum
2213 3023 2364 3073 tanto
2419 3019 2570 3085 fastu
2623 3017 2913 3088 superbiae,
2965 3016 3030 3070 de
3073 3017 3309 3085 singulis
3363 3019 3543 3073 adhuc

1931 3119 2162 3170 incertus
2186 3113 2519 3182 ingreditur,
2554 3112 2691 3182 quid
2725 3113 2894 3178 faciet
2937 3113 2997 3166 in
3023 3113 3233 3180 futuro,
3263 3115 3314 3168 si
3331 3114 3440 3168 sibi
3461 3128 3559 3182 po-

1933 3211 2095 3262 testas
2137 3206 2327 3275 aliqua
2385 3205 2451 3258 de
2488 3220 2649 3271 regno
2704 3204 2940 3258 Polonia
2975 3204 3342 3262 concedatur?
3393 3203 3548 3257 Aliud

1932 3312 2153 3368 quoque
2219 3296 2398 3364 majus
2457 3303 2512 3349 et
2579 3293 2950 3364 periculosius
2995 3302 3350 3361 asserentes,
3401 3295 3548 3364 quod

1935 3388 2056 3458 ipse
2085 3386 2347 3441 videlicet
2377 3386 2652 3456 Zbigneus
2681 3384 2988 3454 quemlibet
3015 3385 3284 3454 cujusque
3312 3383 3555 3457 generis,

1937 3483 2164 3536 divitem
2203 3482 2322 3534 sive
2367 3495 2689 3550 pauperem,
2726 3479 2840 3548 jam
2882 3488 3162 3547 repertum
3200 3486 3255 3532 et
3284 3477 3558 3532 constitu-

1943 3583 2055 3629 tum
2077 3573 2330 3634 haberet,
2349 3571 2444 3641 qui
2473 3571 2816 3627 Bolezlavum
2837 3580 3110 3642 Oportuno
3140 3569 3247 3625 sibi
3278 3570 3398 3624 loco
3421 3583 3563 3625 con-

1947 3665 2186 3721 siderato
2224 3662 2307 3717 vel
2341 3661 2570 3717 cultello
2617 3663 2703 3718 vel
2763 3662 2870 3716 alio
2923 3662 3174 3734 quolibet
3231 3660 3564 3716 ferramento

1950 3758 2292 3821 confoderet,
2349 3772 2514 3828 quem
2547 3756 2879 3811 homicidam
2911 3757 3052 3827 ipse,
3109 3755 3151 3809 si
3208 3766 3338 3810 tunc
3377 3753 3568 3809 mortis

1958 3850 2259 3924 periculum
2305 3848 2553 3912 evitaret,
2613 3849 2842 3904 honoris
2899 3848 3080 3920 magni
3141 3846 3379 3902 culmine
3424 3845 3566 3901 sicut

1961 3958 2130 3997 unum
2159 3941 2227 3995 de
2250 3939 2891 4011 principibusexaltarct.
2925 3940 3031 3994 Sed
3074 3955 3174 3994 nos
3195 3938 3369 4013 magis
3390 3938 3571 3993 credi-

1962 4050 2085 4088 mus
2113 4033 2182 4087 ab
2215 4031 2352 4103 ipsis
2402 4031 2558 4086 malis
2594 4032 3040 4088 consiliatoribus
3081 4034 3182 4087 hoc
3235 4030 3404 4087 fuisse
3457 4047 3572 4086 ma-

1949 4126 2254 4190 chinatum,
2309 4140 2472 4196 quam
2529 4140 2769 4196 unquam
2823 4123 2892 4178 ab
2952 4123 3073 4195 ipso
3128 4113 3368 4199 Zhigneo
3425 4124 3560 4178 satis

1947 4216 2142 4272 humili
2199 4216 2442 4287 satisque
2499 4215 2736 4286 simplici
2793 4217 2898 4270 tale
2959 4215 3173 4271 facinus
3239 4215 3561 4287 cogitatum.

1949 4305 2190 4376 Ideoque
2236 4304 2421 4358 minus
2467 4303 2802 4367 mirandum,
2845 4303 3108 4370 juvenem
3157 4307 3314 4356 aetate
3361 4301 3566 4356 ﬂoren-

1951 4398 2081 4457 tem,
2107 4391 2160 4446 ia
2194 4391 2430 4461 imperio
2457 4390 2872 4453 consistentem,
2907 4390 3194 4444 iracundia
3221 4389 3561 4459 stimulante,

1960 4483 2272 4554 sapientum
2329 4497 2552 4553 quoque
2607 4480 2839 4536 consilio
2887 4487 3242 4555 suggerente,
3302 4481 3574 4552 quotlibet

234 4577 587 4644 videbantur,
617 4575 717 4630 sed
764 4573 912 4630 aliud
942 4582 1217 4645 promtum
1259 4572 1315 4627 in
1343 4573 1531 4649 lingua
1561 4573 1774 4641 forsan,
1805 4563 1863 4629 εί
1963 4574 2174 4631 facinus
2205 4579 2549 4644 perpetrare,
2588 4585 2696 4643 quo
2743 4570 2934 4627 mortis
2983 4571 3282 4642 periculum
3342 4571 3573 4627 evitaret

235 4667 384 4723 aliud
406 4667 650 4722 clausum
675 4666 730 4720 in
751 4671 975 4737 pectore
1001 4663 1312 4720 tenebatur.
1343 4662 1450 4718 Sed
1471 4664 1590 4718 haec
1617 4663 1854 4718 dicenda

233 4776 338 4816 suo
370 4761 491 4815 loco
520 4757 861 4825 differamus,
889 4763 944 4812 et
972 4755 1243 4812 Bolezlavi
1294 4755 1716 4827 responsionem
1751 4773 1851 4811 au-

237 4849 470 4903 diamus.
529 4846 725 4902 Audita
770 4846 913 4900 Iama
940 4843 1120 4899 fratris
1151 4850 1260 4898 tam
1295 4843 1602 4898 humillima
1630 4845 1842 4916 suppli-

237 4939 848 5008 catione,,Bolezlavus
905 4955 934 4992 a
993 4937 1251 5010 perjuriis
1300 4946 1374 4994 tot
1423 4938 1734 5004 transactis,
1787 4939 1858 4994 ab

239 5028 458 5098 injuriis
485 5033 564 5084 tot
607 5027 772 5082 illatis
809 5026 878 5081 ab
918 5026 1118 5081 alienis
1164 5026 1426 5102 gentibus
1476 5025 1530 5081 in
1571 5025 1853 5083 Poloniam

311 5195 403 5230 ¹⁶³³
431 5193 713 5252 nobilibus
749 5194 805 5248 2.
904 5193 994 5228 ¹⁶³⁴
1032 5192 1188 5247 XXIV
1217 5193 1359 5250 deest
1386 5194 1437 5248 1.
1468 5193 1523 5248 2.

238 5267 492 5322 exhibent
518 5267 569 5320 1.
596 5265 650 5320 2.
759 5264 848 5299 ¹⁶³⁸
879 5263 1014 5319 lacis
1041 5265 1092 5318 1.
1123 5264 1159 5319 2

238 5339 381 5394 deest
408 5338 459 5391 1.
498 5337 552 5390 2.
619 5336 710 5371 ¹⁶⁴³
737 5336 904 5391 null'a
942 5336 1196 5390 exhibent
1232 5337 1284 5390 1.
1316 5337 1372 5390 2.

233 5413 368 5491 post,
385 5408 602 5491 deleuit,
625 5407 720 5464 sed
745 5409 938 5491 forsan
966 5408 1164 5491 obiitus
1189 5407 1363 5491 delere
1392 5412 1872 5491 nechsupe-rjlyum,
1906 5408 2052 5491 quod
2075 5407 2286 5491 addunt
2313 5408 2468 5490 codd:
2563 5407 2772 5489 "5“.die
2799 5425 2815 5491 ς

1658 5478 1747 5515 ⁸⁸⁸⁸
1781 5483 1864 5537 ita
1900 5478 2142 5543 restitui;
2175 5481 2214 5534 i.
2248 5496 2302 5548 q.
2338 5479 2390 5532 in
2449 5479 2550 5544 ira,
2585 5479 2765 5534 anima
2801 5480 3010 5550 impetu
3061 5478 3122 5534 P.

239 5478 515 5536 discordia
559 5494 668 5550 pro
711 5486 958 5550 apertam
999 5479 1331 5534 discordiam
1391 5480 1442 5533 1.
1484 5478 1536 5533 3.

239 5551 332 5587 ’δι’
361 5549 694 5626 peragatum
722 5549 776 5604 2.

1960 4673 2015 4719 et
2051 4678 2282 4718 securus
2309 4678 2340 4716 a
2387 4660 2602 4716 cunctis
2641 4658 2859 4715 insidiis
2887 4659 3202 4731 imperaret.
3239 4659 3431 4715 Nullus
3481 4667 3566 4716 ta-

1960 4770 2084 4810 men
2112 4752 2304 4809 credat
2327 4751 2460 4807 illud
2492 4756 2779 4822 peccatum
2807 4751 2863 4806 in
2891 4750 3093 4822 spiritu
3115 4751 3204 4785 '5“
3234 4751 3410 4807 fuisse
3441 4767 3569 4825 per-

1961 4855 2232 4920 petratum
2254 4847 2351 4902 sed
2376 4862 2441 4902 ex
2464 4845 2917 4918 presumptione,
2942 4861 3052 4901 non
3077 4861 3144 4901 ex
3161 4846 3572 4904 deliberatione

1959 4936 2055 4992 sed
2080 4953 2143 4991 ex
2173 4935 2470 4991 occasione
2499 4942 2859 5009 propagatum
2893 4935 3000 4987 “‘9.
3033 4933 3087 4988 Si
3121 4932 3272 4989 enim
3299 4933 3578 5009 Zbigneus

1960 5028 2243 5084 humiliter
2267 5036 2322 5083 et
2352 5028 2637 5098 sapienter
2665 5025 2973 5092 adveniret,
3024 5025 3167 5080 sicut
3205 5025 3371 5080 homo
3411 5026 3578 5083 mise-

1567 5121 1788 5178 VARIIE
1815 5122 2190 5179 LECTIONES.

1598 5193 1688 5228 ¹⁶³δ
1729 5195 1912 5250 nullus
1941 5196 1996 5251 1.
2035 5196 2091 5250 2.

1292 5266 1380 5300 ¹⁶³⁹
1408 5263 1541 5320 lacis
1581 5266 1633 5319 1.
1661 5266 1716 5321 2.
1799 5267 1888 5302 '“0
1917 5266 1976 5322 in
2009 5280 2256 5320 mensam
2281 5266 2495 5319 incuria
2520 5266 2710 5322 scribe
2736 5268 2771 5320 2

2185 5193 2275 5228 ωδ
2305 5192 2452 5247 illius
2487 5194 2541 5248 2.
2629 5194 2716 5229 ³⁸³⁷
2757 5194 2964 5250 nullam

2891 5265 2976 5300 ¹⁶⁸¹
3011 5280 3134 5320 cum
3161 5266 3216 5321 2.

3006 5194 3207 5264 pat‘am
3229 5209 3333 5264 pro
3366 5193 3403 5247 i.
3435 5211 3471 5247 ι.
3515 5211 3569 5264 p.

3307 5265 3398 5299 ποις

1458 5336 1548 5370 ¹⁶⁵⁸
1570 5337 1717 5392 enim
1759 5338 1810 5392 1.
1841 5337 1896 5395 2.
1965 5337 2057 5372 “"5
2088 5335 2310 5406 predam
2339 5351 2554 5392 en'onee
2573 5337 2828 5392 additum
2854 5338 2968 5405 fuit
2996 5336 3050 5391 3.
3081 5337 3227 5405 quod
3259 5339 3371 5405 ipse
3397 5337 3576 5391 scriba

2563 5407 2655 5443 ¹⁶⁴⁶
2684 5409 2772 5464 die
2799 5407 3025 5464 cottidie
3065 5407 3194 5478 cod.
3261 5406 3349 5440 “‘7
3384 5414 3574 5478 aperte

3183 5476 3240 5532 in
3279 5491 3379 5548 spe
3418 5476 3572 5534 codd.

1798 5619 2010 5678 NOTAE.

311 5692 453 5766 (I73)
495 5691 656 5749 Satec
694 5691 999 5763 provincia.
1033 5691 1280 5760 Cosmas,
1319 5709 1397 5760 Ill,
1431 5691 1518 5748 37.
1557 5692 1616 5751 Κ.

2025 5692 2177 5764 (174)
2203 5692 2282 5750 Ib.
2311 5709 2392 5759 Ill,
2421 5693 2510 5750 54.
2539 5692 2605 5749 K.
