3912 6044
405 271 503 329 931

1676 259 2029 318 ΕΗΒΟΝῘΟᾹΞ
2062 257 2462 316 POLONORUM

409 395 698 453 ricordiam
730 392 822 428 “5°
850 391 1145 463 petiturus,
1205 406 1315 445 non
1355 390 1499 446 sicut
1536 390 1814 457 dominus,
1856 390 2013 462 quasi
2037 393 2092 461 Α
2114 393 2228 443 tum
2273 387 2518 460 Egidium
2575 387 2721 458 (177)
2753 393 3113 459 sanctumque
3170 403 3353 464 regem
3388 389 3758 461 Stephanum

407 483 664 541 vanitatis
687 482 929 537 fascibus
960 486 1309 553 regnaturus,
1338 496 1442 535 nec
1464 480 1582 551 ipsc
1622 481 1678 534 in
1713 480 2015 550 dampnum

408 579 835 650 irrecuperabile
876 576 1192 641 corruisset,
1234 591 1337 631 nec
1370 575 1508 630 alios
1561 576 1616 629 in
1675 576 1883 630 crimen
1933 575 2016 629 la-

409 668 712 726 mentabile
758 666 1057 738 posuisset.
1107 665 1245 729 Quid
1280 663 1452 737 ergo?
1508 664 1838 718 Accusamus
1888 663 2015 716 Zbi-

406 781 607 842 gneum
639 771 695 818 et
721 777 1047 817 excusemus
1086 759 1466 814 Bolezlavum?
1497 759 1873 830 Nequaquam.
1904 758 2012 813 Sed

406 862 590 917 minus
620 867 701 915 est
720 863 1003 930 peccatum
1029 856 1109 910 ira
1139 855 1590 927 praecipitationis
1628 871 1692 910 ex
1724 856 2012 911 occasione

405 951 530 1005 data
557 951 895 1019 perpetrare,
929 961 1092 1017 quam
1121 944 1256 998 illud
1287 944 1599 999 faciendum
1651 944 1771 1014 ipsa
1798 944 2009 998 delibe-

408 1041 619 1095 ratione
651 1037 739 1071 ίδδι
774 1042 1127 1108 pertractare.
1172 1034 1280 1089 Nos
1310 1049 1439 1089 vero
1472 1050 1573 1089 nec
1614 1040 1840 1104 peccato
1878 1033 2016 1088 deli-

405 1127 704 1185 berationis
742 1125 1125 1198 paenitentiam
1170 1125 1530 1197 denegamus,
1587 1122 1684 1177 sed
1733 1123 1789 1176 in
1836 1123 2014 1192 poeni-

405 1224 575 1280 tentia
622 1229 807 1277 tamen
848 1235 1162 1291 personam,
1227 1206 1463 1279 tetatem.
1520 1217 2010 1287 opportunitatem,

407 1311 834 1384 perpendamus.
867 1309 986 1363 Non
1016 1308 1162 1362 enim
1191 1306 1448 1361 convenit
1471 1312 1595 1375 post
1628 1304 1830 1360 malum
1861 1304 2012 1360 inre-

401 1403 813 1476 cuperabiliter,
869 1406 1237 1471 perpetratum
1292 1398 1494 1453 malum
1548 1398 1708 1468 pejus
1764 1399 2008 1466 evenire,

401 1497 497 1551 sed
526 1496 606 1549 illi
635 1494 729 1565 qui
755 1493 936 1547 sanari
970 1498 1149 1563 potest
1177 1491 1336 1547 decet
1357 1491 1631 1546 medicum
1661 1490 2009 1547 discretionis

2114 480 2407 535 occasione
2456 478 2738 549 colloquii,
2792 480 3140 550 paucissimis
3194 482 3300 537 hoc
3342 482 3757 542 rescientibus.

2114 587 2327 626 summa
2383 571 2677 626 devotione
2730 574 3145 627 consummavit.
3199 573 3465 629 Omnibus
3519 574 3757 646 quippe

2114 660 2310 715 diebus
2332 660 2481 714 illius
2512 661 2945 735 quadragesima
2974 661 3065 696 ¹⁶⁶⁰
3089 662 3208 716 sola
3236 671 3540 719 contentus
3572 666 3756 735 panis

2114 758 2169 807 et
2199 768 2352 823 aquae
2380 751 2684 806 refectione
2726 752 3017 821 jejunaret,
3061 754 3162 808 nisi
3196 755 3327 810 tanti
3370 754 3582 811 laboris
3634 774 3749 813 oc-

2114 844 2333 899 casione
2380 844 2646 898 discretio
2697 844 2990 913 praesulum
3041 852 3096 901 et
3135 846 3396 902 abbatum
3449 850 3647 904 missis
3690 859 3753 904 et

2113 936 2461 990 orationibus
2487 934 2620 989 illud
2650 935 2924 1004 jejunium
2973 938 3217 993 caritatis
3246 939 3516 1011 obsequio
3555 941 3747 996 viola-

2115 1033 2216 1079 ret.
2251 1024 2493 1099 Singulis
2522 1039 2745 1095 quoque
2784 1024 2980 1080 diebus
3009 1026 3077 1080 ab
3109 1027 3349 1098 hospitio
3387 1027 3598 1085 tamdiu
3633 1046 3746 1101 pe-

2114 1113 2280 1168 dibus
2312 1114 2647 1184 quandoque
2694 1113 2857 1168 nudis
2877 1130 2998 1169 cum
3030 1116 3309 1187 cpiscOpis
3351 1127 3405 1173 et
3427 1119 3750 1189 capellanis

2113 1203 2426 1265 incedebat,
2467 1202 2645 1258 donec
2682 1204 2845 1257 horas
2905 1212 3184 1275 perpetuae
3233 1206 3460 1279 virginis
3503 1207 3744 1280 dieique

2113 1295 2414 1351 canonicas
2444 1303 2771 1366 septemque
2805 1296 3043 1366 psalmos
3073 1312 3197 1351 cum
3226 1298 3424 1353 letania
3453 1300 3741 1370 paeniten-

2110 1388 2270 1444 tiales
2308 1389 2667 1460 adimplebat,
2707 1398 2764 1443 et
2816 1390 3145 1462 plerumque
3206 1407 3424 1447 cursum
3479 1394 3735 1463 psalterii

2109 1484 2232 1547 post
2273 1476 2660 1532 defunctorum
2709 1478 2926 1552 vigilias
2971 1480 3328 1553 adjungebat.
3386 1481 3444 1534 ln
3488 1481 3738 1552 pedibus

401 1582 767 1639 medicamine
789 1581 1104 1635 subvenire.
1129 1579 1492 1650 Quapropter,
1507 1579 1636 1651 quia
1650 1579 1796 1650 quod
1811 1579 2003 1634 factum

2114 1570 2279 1625 etiam
2321 1570 2579 1640 pauperis
2624 1569 2935 1636 abluendis,
2976 1571 3032 1624 in
3086 1572 3410 1626 elemosinis
3458 1573 3738 1628 faciendis

390 1681 503 1741 est,
537 1673 592 1727 ίη
630 1672 803 1727 altera
840 1677 995 1741 parte
1034 1685 1145 1725 non
1182 1677 1366 1740 potest
1396 1670 1450 1723 in
1481 1677 1681 1724 statum
1714 1670 2004 1740 pristinum
2034 1699 2081 1741 η
2112 1660 2184 1713 ita
2217 1659 2451 1713 devotus
2479 1665 2535 1713 et
2582 1659 2862 1714 studiosus
2893 1675 2990 1730 per
3043 1667 3213 1716 totam
3255 1662 3397 1716 viam
3447 1661 3595 1717 illius
3638 1678 3738 1733 pe-

402 1766 716 1834 restaurari,
746 1771 962 1836 oportet
1002 1771 1211 1836 partem
1260 1765 1352 1799 ¹⁶⁶²
1391 1763 1685 1832 inﬁrmam,
1716 1764 2007 1820 medicina;
2032 1750 2083 1767 υ
2109 1750 2495 1825 regrinationis
2525 1751 2818 1816 existebat,
2849 1753 2997 1823 quod
3031 1753 3214 1808 nullus
3269 1754 3525 1825 indigens
3556 1754 3625 1808 ab
3662 1768 3735 1810 eo

398 1872 683 1928 capacem,
708 1856 763 1909 in
795 1861 937 1911 stam
969 1854 1250 1927 dignitatis
1278 1854 1527 1928 vigilanti
1561 1854 1652 1889 ωδε
1680 1855 1862 1910 studio
1886 1856 2005 1909 dis-
2099 1840 2544 1911 misericordiam
2591 1856 2846 1911 quaerens
2885 1841 3009 1895 sine
3064 1841 3442 1898 misericordia
3493 1843 3738 1898 recede-

397 1948 661 2003 cretionis
690 1946 1027 2003 conservari.
1081 1946 1236 2001 Unde
1281 1954 1494 2002 constat
1528 1945 1748 2002 infirmo
1788 1947 2003 2018 corpori

2110 1933 2222 1987 bat.
2250 1932 2329 1986 Ad
2357 1947 2765 2003 quemcumque
2798 1933 2979 1988 locum
3020 1932 3395 2003 episcopalem
3426 1934 3514 1988 vel
3552 1933 3737 1988 abba-

396 2038 553 2093 aliter
605 2036 877 2107 corporali
933 2036 1183 2092 subsidio
1230 2036 1555 2104 ministrari,
1624 2045 1678 2092 et
1733 2037 2003 2092 infirmum

2112 2022 2242 2077 tiam
2274 2023 2362 2078 vel
2392 2023 2807 2093 prmposituram
2834 2023 2943 2078 dux
2964 2024 3415 2095 septentrionalis
3443 2025 3731 2090 veniebat,

393 2126 627 2198 spiritali
656 2126 1023 2181 medicamine
1054 2128 1375 2183 sustentari.
1438 2129 1542 2184 Sed
1585 2129 1929 2184 Bolezlavum
1958 2130 2012 2183 in

397 2221 520 2289 hoc,
550 2220 698 2292 quod
738 2218 846 2274 tale
898 2220 1032 2291 quid
1068 2222 1266 2296 egerit,
1306 2238 1650 2290 accusamus,
1699 2223 1753 2277 in
1794 2224 1898 2279 hoc
1932 2232 2015 2278 ta-

396 2327 544 2378 men,
580 2311 729 2383 quod
775 2311 943 2384 digne
983 2312 1306 2383 paenituerit
1345 2319 1399 2369 et
1437 2314 1569 2368 satis
1614 2314 2004 2382 humiliavcrit,

392 2401 791 2456 collaudamus.
830 2400 1078 2456 Vidimus
1122 2402 1271 2457 enim
1323 2404 1485 2458 talem
1553 2405 1751 2472 virum,
1798 2411 2004 2461 tantum

394 2491 724 2563 principem,
757 2498 862 2547 tam
904 2493 1230 2549 deliciOsum
1267 2495 1529 2563 juvenem
1572 2495 1803 2567 primam
1853 2496 2004 2550 kari-

395 2599 518 2637 nam
558 2584 703 2655 (175)
756 2585 1125 2653 jejunantem,
1184 2586 1410 2642 assidue
1471 2587 1658 2643 cinere
1699 2597 1753 2643 et
1819 2587 2003 2643 cilicio

394 2673 544 2728 humi
565 2673 911 2744 provolutum
936 2676 1047 2743 “‘5‘,
1075 2676 1383 2732 lacrimosis
1409 2678 1667 2749 suspiriis
1696 2678 2000 2751 irrigatum,

394 2767 463 2821 ab
495 2768 736 2823 humano
782 2768 1060 2825 consortio
1106 2776 1161 2825 et
1198 2770 1476 2842 colloquio
1517 2779 1852 2841 separatum,
1898 2772 2001 2825 hu-

392 2874 539 2913 mum
575 2875 672 2930 pro
703 2874 914 2925 mensa,
944 2859 1174 2915 herbam
1200 2876 1300 2931 pro
1341 2861 1555 2915 mantili
1596 2860 1761 2931 (176),
1799 2876 1996 2929 panem

391 2960 573 3000 acrem
608 2947 699 2981 ¹⁶⁶⁵
723 2962 822 3016 pro
849 2946 1084 3014 deliciis,
1124 2963 1322 3018 aquam
1357 2963 1455 3017 pro
1488 2955 1705 3001 nectare
1735 2953 2000 3016 reputan-

389 3039 519 3087 tem.
553 3033 823 3088 Praeterea
865 3034 1175 3105 pontifices,
1236 3035 1483 3101 abbatcs,
1534 3035 1827 3105 presbitcri
1868 3036 1998 3090 mis-

2112 2114 2408 2185 cpiscOpus
2436 2113 2608 2183 ipsius
2648 2114 2750 2169 loci
2798 2114 2883 2168 vel
2937 2113 3108 2169 abbas
3157 2115 3244 2169 vel
3300 2115 3630 2185 praepositus
3674 2125 3734 2171 et

2114 2203 2232 2274 ipse
2273 2219 2367 2257 rex
2421 2202 2761 2273 Ungarorum
2793 2201 3222 2257 Colummannus
3260 2202 3595 2274 aliquotiens
3622 2205 3733 2259 ob—

2107 2294 2250 2348 viam
2285 2293 2573 2348 Bolezlavo
2604 2308 2729 2348 cum
2760 2292 3013 2348 ordinata
3042 2293 3404 2363 processionc
3444 2295 3726 2364 procede-

2108 2382 2220 2438 bat.
2256 2383 2379 2453 lpse
2419 2391 2600 2436 autem
2649 2380 2968 2437 Bolezlavus
3006 2382 3216 2453 ubique
3263 2398 3487 2454 semper
3511 2383 3729 2455 aliquid

2109 2488 2209 2542 per
2238 2471 2504 2527 ecclesias
2545 2468 2835 2536 offerebat,
2875 2470 2973 2524 sed
3001 2471 3059 2524 in
3089 2469 3197 2524 illis
3235 2470 3370 2526 locis
3399 2471 3731 2543 principali-

2110 2562 2214 2618 bus
2245 2561 2467 2618 nonnisi
2499 2577 2693 2616 aurum
2723 2567 2778 2615 et
2818 2560 2985 2631 pallia
3024 2560 3360 2631 proferebat.
3390 2561 3451 2615 Et
3476 2562 3558 2617 sic
3598 2562 3731 2617 reli-

2104 2651 2258 2726 giose
2286 2666 2384 2721 per
2404 2657 2574 2706 totam
2607 2648 2898 2723 Ungariam
2931 2649 3000 2704 ab
3041 2649 3326 2721 episcopis
3354 2655 3411 2705 et
3433 2650 3730 2706 abbatibus

2103 2749 2158 2797 et
2176 2740 2490 2812 praepositis
2521 2742 2607 2775 ίδδι
2642 2741 3165 2812 precipiebatur,ita
3185 2740 3445 2798 munifice
3474 2742 3582 2798 sibi
3610 2758 3728 2799 θοι-υ

2105 2831 2294 2901 porale
2324 2830 2614 2885 servitium
2643 2829 2711 2883 ab
2738 2830 2874 2901 ipsis
2902 2846 3027 2886 cum
3060 2846 3276 2885 summa
3302 2831 3589 2904 diligentia
3618 2848 3725 2902 pa-

2102 2919 2327 2973 rabatur
2401 2927 2457 2972 et
2484 2919 2638 2989 ipsos
2666 2918 2784 2989 ipse
2817 2919 3079 2985 donabat,
3121 2926 3175 2975 et
3201 2920 3319 2991 ipse
3355 2921 3425 2975 ab
3462 2921 3596 2992 ipsis
3626 2921 3730 2977 do-

2102 3013 2354 3067 nabatur.
2394 3012 2606 3084 Ubique
2639 3021 2752 3067 tum
2809 3029 2937 3068 eum
2978 3013 3216 3068 ministri
3262 3015 3409 3088 regis
3435 3022 3512 3087 ‘et
3549 3015 3728 3070 servi-

388 3123 463 3177 sis
491 3128 546 3176 οι
586 3121 819 3190 jejunus
866 3085 994 3177 gum
1037 3123 1273 3195 quisque
1312 3139 1412 3194 pro
1445 3085 1561 3179 sui;
1600 3125 1810 3180 viribus
1839 3124 2000 3195 adju-
2025 3085 2074 3153 Ο
2102 3106 2236 3160 tium
2268 3104 2628 3176 sequebatur,
2672 3115 2729 3160 et
2768 3106 2860 3160 ubi
2912 3106 3232 3195 Bolealavus
3267 3106 3593 3180 diligentius
3641 3108 3726 3162 vel

386 3212 606 3278 vabant,
662 3221 715 3266 et
764 3211 819 3265 in
865 3213 1015 3267 omni
1066 3212 1453 3284 solempnitate
1501 3216 1781 3286 przecipua
1819 3215 1903 3269 vel
1944 3214 1999 3268 in

386 3301 743 3357 ecclesiarum
792 3303 1303 3359 consecrationibus
1333 3305 1541 3377 aliquid
1580 3306 1687 3359 sibi
1719 3312 1773 3361 et
1813 3306 1997 3377 pceni-

390 3391 561 3447 tentia
587 3392 853 3448 canonica
880 3393 1205 3449 auctoritate
1247 3393 1582 3449 relaxabant.
1626 3396 1855 3465 Insuper
1883 3396 2002 3466 ipse

387 3482 585 3536 missas
639 3482 867 3537 cottidie
907 3498 1004 3553 pro
1053 3484 1318 3552 peccatis,
1376 3498 1475 3554 pro
1514 3483 1790 3549 defunctis
1845 3486 1999 3539 cele-

390 3574 558 3639 brari,
611 3575 979 3648 psalteriaquc
1024 3577 1116 3611 ¹⁶δ⁶
1146 3577 1354 3632 cantari
1393 3576 1648 3644 faciebat,
1689 3584 1742 3631 et
1794 3578 1848 3631 in
1903 3593 2001 3647 pa-

384 3667 605 3724 scendis
633 3675 687 3723 et
714 3668 1017 3725 vestiendis
1038 3669 1127 3705 ¹⁶³⁷
1157 3669 1495 3741 pauperibus
1520 3686 1731 3741 magnae
1761 3670 2002 3725 caritatis

386 3762 644 3819 solatium
674 3762 1051 3835 impendebat.
1088 3764 1149 3819 Et
1194 3764 1342 3835 quod
1374 3764 1551 3834 majus
1591 3763 1698 3817 hiis
1743 3764 2002 3819 omnibus

388 3859 443 3907 et
472 3854 813 3924 praecipuum
854 3852 910 3905 in
942 3851 1264 3921 poenitentia
1296 3858 1579 3921 reputatur
1607 3853 1720 3920 ηδε,
1753 3855 1996 3911 auctori-

387 3962 494 4009 tate
525 3955 802 4009 dominica
835 3955 985 4009 fratri
1017 3970 1119 4011 suo
1150 3954 1510 4016 satisfaciens,
1546 3972 1809 4011 concessa
1840 3958 1999 4012 venia

386 4046 773 4101 concordatur.
811 4046 983 4100 Unum
1012 4062 1235 4118 quoque
1267 4047 1584 4102 Bolezlavus
1614 4047 1848 4103 fructum
1882 4065 1997 4120 pte-

387 4148 638 4203 nitentiae
663 4148 797 4203 satis
828 4149 1125 4221 dignum...
1154 4148 1266 4217 “’59,
1288 4150 1433 4221 quod
1460 4158 1639 4221 potest
1663 4151 1901 4222 reputari
1930 4151 1999 4207 de

388 4258 536 4308 tanto
569 4253 820 4325 principe
858 4254 1069 4309 cunctis
1125 4254 1529 4326 paenitentibus
1559 4255 1715 4326 quasi
1756 4255 1993 4331 signum.

381 4352 539 4418 Nam,
580 4369 707 4410 cum
749 4354 869 4426 ipsc
902 4370 1011 4411 non
1043 4356 1302 4410 ducatum
1334 4356 1430 4410 sed
1472 4372 1700 4428 regnum
1742 4356 1999 4429 magnifi-

379 4471 505 4510 cum
552 4456 910 4529 gubernaret,
963 4474 1027 4513 ac
1063 4456 1131 4512 de
1173 4458 1408 4515 diversis
1464 4465 1520 4513 et
1563 4459 1995 4515 christianorum

377 4553 432 4602 ct
460 4562 799 4621 paganorum
861 4548 1181 4605 nationibus
1208 4549 1445 4605 hostium
1476 4550 1770 4617 dubitaret,
1798 4559 2001 4606 semet-

378 4646 558 4717 ipsum
610 4663 951 4722 regnumque
989 4666 1150 4706 suum
1197 4652 1528 4707 servandum
1571 4652 1774 4708 divinae
1803 4660 1996 4724 poten-

374 4745 465 4800 tiae
515 4750 943 4819 commendavit,
998 4759 1053 4808 et
1084 4752 1190 4808 iter
1243 4752 1707 4827 peregrinationis
1746 4755 1815 4809 ad
1868 4770 1992 4809 san-

2102 3195 2477 3268 negligentius
2517 3195 2876 3266 reciperetur,
2912 3194 3311 3251 notificandum
3351 3197 3469 3270 regi
3521 3213 3553 3250 a
3610 3197 3727 3251 suis

2102 3290 2470 3347 familiaribus
2523 3292 2837 3347 notabatur.
2897 3292 2960 3347 Et
3025 3292 3344 3363 quicunque
3401 3292 3728 3364 diligentius

2104 3399 2231 3438 eum
2260 3393 2317 3438 et
2344 3384 2632 3440 honestius
2679 3384 2930 3454 recipere
2976 3384 3289 3449 videbatur,
3345 3384 3558 3439 amicus
3602 3400 3725 3439 esse

2104 3476 2250 3548 regis
2279 3476 2366 3531 vel
2396 3476 2627 3550 gratiam
2657 3477 2785 3531 inde
2831 3477 3103 3548 consequi
3134 3477 3257 3532 sine
3296 3475 3468 3532 dubio
3497 3475 3728 3531 diceba-

2104 3572 2211 3620 tur.
2242 3565 2373 3620 Cum
2405 3566 2499 3620 tali
2531 3565 2826 3621 devotione
2866 3565 3103 3636 spiritali
3139 3566 3343 3637 talique
3376 3566 3468 3600 ¹⁶⁶²
3495 3580 3729 3620 venera-

2104 3659 2253 3714 tione
2274 3658 2564 3729 temporali
2596 3657 2914 3712 Bolezlavus
2943 3658 3010 3711 de
3031 3673 3131 3712 sua
3155 3658 3605 3731 peregrinatione
3629 3672 3718 3712 re-

2103 3750 2325 3817 meavit,
2359 3765 2538 3820 neque
2574 3756 2758 3804 tamen
2812 3750 2867 3802 in
2915 3765 3143 3822 regnum
3191 3766 3350 3803 suum
3384 3749 3608 3805 rediens
3641 3750 3726 3804 vi-

2102 3852 2214 3900 tam
2246 3844 2573 3914 paenitentis
2603 3844 2962 3915 habitumque
2994 3843 3454 3918 peregrinationis
3486 3843 3725 3917 abnega-

2101 3938 2196 4005 vit,
2237 3939 2335 3991 sed
2391 3937 2458 3991 ad
2499 3938 2813 4007 sepulcrum
2868 3954 3042 4009 usque
3084 3937 3230 3991 beati
3284 3936 3525 3991 martiris
3556 3937 3724 3991 Adal-

2104 4030 2270 4096 berti,
2318 4030 2523 4100 pascha
2575 4030 2667 4063 ¹⁶⁶³
2722 4029 2940 4085 Domini
2981 4029 3361 4084 celebraturus
3408 4030 3521 4099 (an.
3557 4029 3719 4095 1113,

2100 4124 2239 4192 Apr.
2276 4122 2382 4191 13),
2406 4138 2528 4177 cum
2563 4121 2757 4176 eodem
2796 4121 3261 4193 peregrinationis
3308 4121 3591 4191 preposito
3634 4122 3721 4155 ⁸³⁸⁸

2102 4213 2447 4284 perduravit.
2484 4213 2543 4266 Et
2573 4213 2716 4267 sicut
2744 4212 2972 4268 cottidie
3003 4212 3261 4283 preprius
3296 4212 3363 4266 ad
3389 4211 3569 4267 locum
3593 4228 3720 4267 san-

2101 4305 2170 4359 cti
2219 4304 2459 4359 martiris
2495 4303 2814 4368 accedebat,
2845 4312 2994 4360 tanto
3036 4304 3290 4358 devotius
3320 4319 3444 4358 cum
3478 4303 3721 4358 lacrimis

2018 4426 2077 4496 D
2099 4402 2153 4451 et
2181 4395 2526 4451 orationibus
2553 4395 2719 4449 nudis
2749 4395 2987 4465 pedibus
3018 4394 3327 4450 incedebat.
3378 4394 3509 4448 Cum
3535 4401 3719 4450 autem

2099 4487 2168 4542 ad
2187 4488 2379 4543 urbem
2403 4495 2459 4543 et
2486 4487 2844 4558 sepulchrum
2876 4488 3046 4543 sancti
3078 4487 3317 4542 martiris
3349 4487 3721 4557 pervenisset,

2101 4585 2334 4649 quantas
2363 4578 2698 4634 elemosinas
2740 4579 2795 4633 in
2836 4578 3178 4650 pauperibus
3203 4576 3482 4651 erogavit!
3512 4588 3718 4651 quanta

2099 4683 2199 4739 per
2253 4668 2543 4724 ecclesiam
2575 4675 2632 4723 et
2685 4668 2739 4722 in
2782 4668 3051 4723 altaribus
3092 4668 3183 4703 ¹⁶⁶⁵
3211 4674 3536 4723 ornamenta
3575 4684 3717 4739 prae-

2096 4756 2358 4812 sentavitl
2393 4757 2542 4828 Opus
2573 4771 2798 4811 aureum
2847 4756 3031 4811 existit
3068 4757 3406 4827 operationis
3437 4757 3529 4792 ¹⁶⁶⁶
3551 4772 3713 4830 argu_

1722 4855 1943 4910 VARUE
1982 4856 2355 4914 LECTIONES.

454 4917 545 4952 ¹⁶δ⁰
574 4919 958 4982 misericordia
987 4925 1038 4977 1.
1074 4924 1128 4977 2.

379 4992 589 5065 rig_o_l’.
623 4991 889 5065 vigilandi
925 4997 973 5049 1.
1003 4995 1294 5065 jugulandi
1325 4997 1377 5051 2.

376 5132 516 5186 cidit
537 5134 779 5201 uerbum,
823 5132 875 5189 ύ.
928 5152 974 5191 c.
1016 5139 1278 5193 ostendit.

374 5204 800 5272 quadragesimc
846 5207 895 5259 1.
932 5208 987 5260 2.

375 5273 468 5308 ³⁸³³
499 5273 675 5346 pacba
699 5292 914 5331 errones
940 5277 994 5332 2.
1112 5279 1203 5314 ¹⁶⁶⁴
1226 5273 1517 5351 proposito
1547 5282 1598 5335 2.

1240 4925 1450 5000 ‘f‘f‘ﬂipe
1471 4925 1907 5000 deliberacionis
1936 4944 2035 5000 pro
2067 4928 2187 5000 ipsa
2217 4929 2630 4985 deliberacionc
2667 4931 2714 4982 1.
2749 4927 2799 4984 2.

672 4998 889 5098 gilandi
925 4998 973 5049 1.
1003 4998 1294 5065 jugulandi
1325 4998 1377 5051 2.
1467 4998 1558 5031 ¹⁶δ⁴
1590 4999 1935 5069 pervolutum
1969 4999 2022 5054 ‘2.

719 5064 739 5096 8
770 5065 1071 5098 Anna-tot“.
1100 5072 1211 5098 mm:
1244 5068 1279 5098 ω
1342 5068 1437 5098 τιηή
1471 5068 1537 5098 An
1577 5074 1816 5098 ..ηιηδυννι
1850 5075 2022 5098 ,κηρυκι

378 5060 535 5142 codd.
640 5060 739 5142 βεδε
770 5060 1298 5142 deputatur'crat2,
1342 5068 1457 5142 sed,
1468 5068 1538 5142 de
1577 5060 1820 5125 notatum
1848 5073 2060 5139 punctis
2100 5072 2415 5140 subpositis,
2444 5076 2492 5126 et
2522 5073 2570 5126 ’e
2601 5060 2826 5141 desuper
2850 5060 3117 5142 scriptum
3138 5077 3384 5142 apparet.

1394 5140 1656 5216 “filectio
1688 5143 1880 5196 Chron.
1929 5144 2410 5216 pigjnctPoloni'ce;
2455 5143 2578 5216 illis
2622 5140 3044 5216 quadragesima
3080 5140 3362 5198 nonfrecte
3411 5159 3514 5214 pro
3563 5142 3706 5216 illius

1095 5209 1180 5281 ΨΦ
1225 5209 1602 5281 prepositibus
1654 5227 1832 5267 errore
1887 5209 2077 5266 scriba:
2122 5214 2176 5266 2.

1690 5283 1780 5319 “‘55
1808 5283 2073 5337 alteribus
2099 5284 2134 5337 2

3379 4930 3472 4965 ¹⁶⁵⁸
3497 4933 3577 4985 ita
3594 4946 3709 4986 cor-

3300 5002 3390 5036 ¹⁶⁵⁴
3418 5001 3709 5058 vescendis

3300 5077 3367 5108 mf
3496 5073 3586 5108 1659
3609 5089 3704 5108 om-

3609 5089 3706 5128 ex-

2914 4930 3007 4964 ¹⁶⁶²
3030 4937 3201 4986 artem
3227 4930 3281 4985 2.

2128 5001 2219 5034 1655
2241 5016 2425 5056 acrum
2476 5001 2529 5054 2.
2628 5000 2719 5035 ¹⁶⁵⁶
2745 4999 3119 5072 psalteriaquc
3155 5000 3205 5056 2.

2315 5215 2405 5248 ¹⁶⁶²
2436 5213 2505 5268 de
2544 5229 2759 5271 erronce
2795 5213 3017 5269 addidit
3046 5216 3140 5269 sed
3179 5218 3398 5285 punctis
3416 5213 3631 5270 notauit
3648 5215 3701 5269 2.

2255 5284 2347 5319 ’⁸⁵⁸
2365 5285 2545 5340 extitit
2576 5286 3015 5357 comperacionis
3046 5284 3293 5354 corrupte
3328 5301 3428 5356 pro
3474 5300 3523 5341 e.
3564 5300 3614 5340 ο.
3645 5286 3695 5340 2.

1920 5374 2128 5432 NOT/E.

447 5435 590 5511 (175)
622 5436 1105 5511 Quadragesimale
1129 5440 1423 5511 jejunium.
1460 5442 1521 5497 K.

445 5508 593 5584 (121E)
637 5508 909 5584 Stragula
946 5512 1005 5566 K-

373 5645 385 5655 θ
443 5577 592 5658 (1177)
624 5577 1173 5658 Ληὺῶἰδ-Ι).ηῶεἰᾶίἱ
1214 5584 1269 5637 in
1305 5585 1579 5658 comitatu
1619 5585 1982 5642 Semichiensi

372 5646 428 5699 in
463 5646 737 5728 Hungaria
777 5646 1096 5728 a__Ladisl5'o
1128 5670 1258 5728 rege
1298 5653 1545 5728 fundata,
1567 5664 1826 5728 exeunte
1853 5673 1981 5713 sae.

369 5730 451 5772 xu.
503 5722 717 5774 munita
774 5722 903 5778 olim
973 5732 1104 5780 erat.
1170 5722 1263 5779 Bel
1326 5723 1512 5802 Comp.
1564 5726 1743 5800 ﬂung.
1790 5743 1980 5802 geOgr.

2090 5446 2303 5519 Poson.
2347 5449 2504 5514 1777,
2544 5466 2579 5519 p
2638 5450 2758 5516 178,
2792 5447 2870 5503 Cf.
2900 5448 3183 5505 Mabillon.
3216 5450 3355 5504 Ann.
3389 5448 3618 5512 Bened.,
3643 5464 3695 5514 v,

2087 5518 2212 5592 128,
2240 5520 2337 5574 ubi
2361 5518 2561 5576 citatur
2608 5520 2851 5592 diploma
2891 5536 3069 5592 papze,
3110 5520 3445 5592 confirmans
3503 5519 3697 5592 funda-

2088 5588 2295 5663 tionem
2329 5592 2499 5663 hujus
2529 5588 3069 5663 _monasterii,'quod
3096 5599 3215 5663 erat
3260 5591 3571 5663 subjectum
3603 5590 3696 5663 ab-

2261 5661 2316 5717 S.
2387 5660 2610 5736 )Egidii,
2662 5662 2717 5718 S.
2778 5660 2955 5719 Gilles'
3000 5664 3056 5718 in
3111 5662 3251 5719 valle
3328 5662 3579 5718 Flaviana
3641 5661 3693 5717 in

2130 5764 2142 5785 ‹
2206 5748 2273 5786 ia.

2130 5746 2273 5786 auia.
