3912 6044
177 285 289 353 986

1594 275 1784 333 LIBER
1823 275 2120 334 TERTIUS.

3408 285 3514 344 934

178 415 449 475 mentum,
479 407 631 478 quod
661 405 791 462 fecit
816 405 1138 462 Bolezlavus
1167 405 1421 478 reliquiis
1442 405 1617 461 sancti
1644 421 1793 460 mar—
1817 407 1869 476 Α
1885 405 2118 474 juslibet
2146 422 2246 477 per
2300 423 2504 462 annum
2547 409 2878 465 continuum
2941 419 3333 488 expugnatum.
3391 413 3512 485 Ipse

180 499 303 556 tiris
330 498 389 554 in
421 497 510 533 ¹⁶⁶⁷
539 511 653 552 suae
679 495 992 552 devotionis
1019 502 1076 551 et
1115 495 1457 568 pcenitentiae
1489 501 1794 550 testamen-

181 593 317 642 tum.
351 586 411 640 1n
442 585 536 640 illo
566 598 812 653 namque
843 582 1046 638 feretro
1093 585 1214 640 auri
1245 583 1528 656 purissimi
1558 583 1628 640 80
1656 600 1804 638 mar-

182 694 264 735 caa
293 683 669 748 continentur,
702 679 950 750 exceptis
981 679 1152 748 prelis
1191 677 1537 750 gemmisque
1592 676 1804 748 pretio-

185 769 284 836 sis,
315 784 440 840 que:
483 769 716 826 minoris
745 785 909 842 quam
948 785 1141 824 aurum
1187 768 1352 840 pretii
1383 783 1494 824 non
1523 767 1798 823 videntur.

185 863 248 920 1n
279 863 559 935 episcopis
579 879 710 920 vero
737 864 876 929 suis,
907 863 964 918 in
995 863 1360 936 principibus,
1391 863 1446 917 in
1477 861 1806 934 capellanis,

186 955 246 1010 in
265 955 559 1022 militibus,
590 955 649 1010 in
679 956 1005 1012 muneribus
1033 957 1112 1010 ita
1152 953 1442 1029 magniﬁce
1471 961 1527 1009 et
1546 953 1808 1009 muniﬁce

189 1044 394 1116 pascha
413 1053 662 1100 sanctum
679 1044 816 1101 illud
834 1044 1297 1118 gloriosissimum
1313 1044 1632 1109 celebravit,
1661 1044 1809 1115 quod

188 1135 444 1210 singulos
473 1136 742 1207 majorum
770 1143 825 1192 et
854 1151 1010 1208 paene
1051 1137 1327 1192 minorum
1359 1135 1621 1206 pretiosis
1648 1135 1814 1190 vesti-

195 1227 301 1282 bus
329 1226 636 1284 adornavit.
670 1228 746 1283 De
776 1227 1058 1283 canonicis
1113 1228 1204 1262 ¹⁶⁶⁸
1255 1232 1438 1282 autem
1478 1226 1625 1281 beati
1667 1241 1814 1280 mar-

191 1321 332 1387 tiris,
381 1321 453 1377 de
493 1321 817 1377 custodibus
873 1321 1125 1377 ecclesiae
1155 1322 1240 1377 vel
1283 1319 1571 1387 ministris,
1623 1319 1711 1375 vel
1741 1321 1812 1376 de

195 1409 416 1467 civibus
437 1409 616 1482 ipsius
642 1409 882 1465 civitatis
903 1409 977 1464 ita
1002 1408 1306 1464 liberaliter
1333 1408 1630 1474 ordinavit,
1663 1409 1813 1480 quod

191 1515 414 1568 omnes,
457 1501 608 1556 nullo
661 1500 1054 1571 praetermisso,
1111 1499 1199 1554 vel
1237 1498 1484 1555 vestibus
1520 1499 1608 1554 vel
1655 1499 1815 1570 equis

193 1589 281 1645 vel
334 1589 458 1645 aliis
489 1588 836 1656 muneribus,
887 1603 1343 1659 unumquemque
1396 1603 1495 1658 pro
1547 1587 1812 1659 qualitate

191 1683 482 1759 dignitatis
509 1689 564 1738 et
591 1683 824 1750 ordinis,
855 1682 1166 1739 honoravit.
1199 1682 1310 1738 Hac
1351 1682 1536 1754 itaque
1567 1682 1814 1756 peregri-

192 1775 416 1831 natione
445 1781 556 1830 tam
585 1773 847 1846 religiosa
883 1773 1181 1829 devotione
1207 1773 1504 1844 completa,
1547 1787 1656 1828 non
1685 1773 1811 1829 ideo

193 1876 380 1925 tamen
411 1878 495 1924 est
523 1869 798 1936 obsessio,
833 1867 976 1924 facta
1006 1869 1162 1940 prius
1191 1868 1362 1939 (178),
1393 1868 1462 1922 de
1489 1868 1674 1924 cordis
1708 1883 1812 1924 no-

190 1959 288 2016 stri
323 1959 589 2016 memoria
619 1959 702 2016 sic
731 1959 933 2026 deleta,
995 1974 1098 2014 nec
1137 1959 1303 2014 debet
1337 1959 1626 2032 quisquam
1673 1959 1808 2014 illud

194 2057 597 2120 praeposterum
635 2049 892 2104 ordinem
924 2057 1205 2120 reputare,
1235 2048 1406 2120 quod,
1447 2047 1690 2115 sifuerit
1732 2049 1787 2102 in

196 2145 512 2207 tersertum,
543 2139 751 2212 poterit
779 2146 974 2210 emptae
1033 2139 1367 2196 narrationis
1406 2146 1574 2196 totam
1605 2139 1808 2194 seriem

197 2231 542 2302 perturbare.

306 2344 378 2400 26
432 2344 544 2401 “6°.
577 2345 868 2400 Pomorani
886 2344 1242 2472 gragiderunt
1277 2349 1514 2400 castrum
1541 2345 1710 2403 Nakel

929 2431 958 2470 ο
1015 2431 1122 2471 ms.

929 2431 1122 2471 οιοηιε.

273 2507 444 2582 Igitur
489 2514 724 2564 castrum
781 2507 970 2574 Nakel,
1023 2506 1119 2563 ubi
1150 2507 1404 2578 prmlium
1467 2507 1602 2562 illud
1651 2506 1817 2562 fuisse

197 2595 498 2651 maximum
550 2595 808 2666 superius
844 2600 1188 2650 memoratur
1226 2595 1334 2664 (an.
1375 2593 1557 2664 1111),
1588 2601 1644 2648 et
1670 2592 1818 2648 unde

202 2687 508 2759 dampnum
547 2702 770 2759 semper
817 2685 1040 2742 Polonis
1093 2685 1356 2756 laborque
1391 2684 1690 2740 continuus
1719 2700 1816 2760 ge-

201 2786 449 2846 neratur,
481 2778 804 2835 Bolezlavus
841 2777 1060 2834 cuidam
1107 2777 1414 2832 Pomorano
1444 2791 1651 2849 genere
1707 2775 1813 2830 sibi

202 2869 545 2941 prOpinquo,
591 2867 888 2940 Suat0polc
941 2867 1236 2938 vocabulo,
1283 2874 1641 2924 concesserat
1693 2883 1816 2922 cum

1899 511 2121 568 quoque
2156 495 2492 564 Bolezlavus,
2525 513 2650 553 eum
2684 498 2759 553 ibi
2789 499 2954 555 fuerit
2995 502 3301 576 sagittatus,
3356 503 3424 556 ad
3455 520 3513 558 se
3617 567 3622 572 ι

1900 584 2293 640 vindicandum
2322 593 2406 641 est
2439 587 2664 656 majoris
2693 589 2786 644 irae
2807 591 3042 645 stimulis
3070 593 3326 664 agitatus.
3363 593 3514 648 Unde

1902 673 2198 746 Suat0polc
2227 692 2416 747 pacem
2469 694 2690 748 semper
2725 681 2810 735 vel
2875 688 3093 752 pactum
3135 683 3356 753 aliquod
3417 699 3518 754 per

1903 767 2110 822 amicos
2143 775 2196 822 et
2247 767 2547 825 familiares
2577 771 2847 826 Bolezlavi
2891 773 3231 844 requirebat,
3262 785 3317 830 et
3347 790 3517 846 pecu-

1909 855 2056 910 niam
2088 855 2165 910 illi
2207 872 2460 929 magnam
2495 875 2617 914 cum
2650 861 2938 916 obsidibus
2981 860 3271 918 oﬁ'erebat.
3310 864 3518 928 Quibus

1910 941 2077 996 rebus
2133 945 2444 1014 perpensis,
2501 947 2820 1003 Bolezlavus
2857 949 3236 1004 obsessionem
3285 951 3514 1018 dimisit,

1912 1029 2176 1084 redeundi
2213 1048 2482 1105 suamque
2517 1037 2908 1092 contumeliam
2943 1038 3258 1094 vindicandi
3301 1046 3518 1111 tempus

1911 1117 2186 1189 ydoneum
2215 1123 2558 1190 expectando
2591 1125 2874 1192 remeavit,
2906 1132 3228 1198 partemque
3267 1129 3516 1197 pecunia:

1911 1222 2103 1262 secum
2162 1207 2528 1282 obsidemque
2604 1210 2774 1268 ﬁlium
2851 1215 3026 1285 ipsius
3091 1216 3517 1290 primogenitum

1912 1303 2210 1372 asportavit
2239 1305 2349 1358 ‘6".
2385 1307 2522 1361 Item
2566 1324 2712 1364 anno
2751 1311 3008 1381 sequenti
3059 1313 3172 1383 (an.
3206 1314 3366 1385 1112)
3395 1330 3518 1370 cum

1915 1393 2036 1464 ipse
2067 1395 2360 1466 Suat0polc
2387 1413 2569 1470 neque
2601 1398 2765 1454 ﬁdem
2791 1401 2969 1457 datam
3003 1419 3184 1474 neque
3209 1405 3518 1474 pactionem

1913 1483 2114 1538 factam
2143 1485 2484 1553 observaret,
2519 1504 2700 1560 neque
2730 1489 2801 1544 de
2829 1492 3078 1561 periculo
3107 1489 3206 1546 ﬁlii
3233 1495 3520 1568 cogitaret,

1915 1591 2018 1631 nec
2046 1577 2116 1631 ad
2136 1577 2472 1650 colloquium
2521 1597 2645 1636 cum
2699 1582 2984 1638 Bolezlavo
3040 1585 3396 1640 constitutum
3428 1604 3521 1642 ve-

1840 1669 2036 1764 Bnire
2076 1671 2160 1725 vel
2213 1685 2430 1726 causam
2485 1675 2853 1730 excusationis
2909 1676 3126 1732 mittere
3180 1689 3520 1749 procuraret,

1914 1775 2074 1815 suum
2103 1760 2422 1817 Bolezlavus
2449 1765 2748 1819 exercitum
2781 1767 3154 1840 congregavit,
3197 1768 3522 1841 hostemque

1913 1847 2182 1920 perﬁdum
2209 1853 2612 1924 aliquantulum
2654 1855 2710 1910 in
2733 1857 2892 1932 virga
2913 1859 3222 1925 ferrea,sed
3259 1877 3366 1916 non
3402 1862 3522 1933 ple-

1911 1938 2086 2004 narie,
2109 1939 2366 1995 visitavit.
2415 1941 2537 2009 Qui,
2596 1960 2720 1999 cum
2753 1947 2820 2000 ad
2843 1947 3162 2012 _conﬁnium
3189 1949 3525 2007 Pomoranim

1912 2031 2272 2100 pervenisset,
2321 2033 2414 2087 ubi
2457 2035 2692 2105 quilibet
2745 2039 3004 2108 princeps
3049 2040 3190 2094 alius
3237 2058 3360 2098 cum
3413 2053 3525 2102 tota

1913 2119 2264 2176 multitudine
2295 2122 2587 2190 timuisset,
2640 2127 2885 2182 exercitu
2925 2129 3116 2184 relicto
3155 2145 3280 2186 cum
3337 2134 3528 2190 electis

1916 2213 2188 2270 militibus
2219 2215 2438 2274 inantea
2475 2223 2808 2292 preparavit,
2831 2231 2888 2278 et
2912 2225 3198 2281 castellum
3227 2227 3528 2302 Wysegrad

1918 2305 2226 2378 impetuose
2251 2325 2472 2380 capere,
2503 2314 2816 2370 castellanis
2854 2331 2964 2372 non
3013 2321 3527 2388 prremedilantibus

1917 2411 2023 2450 nec
2059 2399 2418 2467 praemunitis,
2474 2403 2734 2476 cogitavit
2777 2404 2940 2476 (179).
2989 2407 3090 2462 Ubi
3130 2425 3262 2465 vero
3301 2418 3525 2466 ventum

1919 2488 2086 2542 estad
2109 2488 2335 2545 ﬂuvium
2387 2492 2480 2563 qui
2497 2493 2722 2562 junctus
2746 2494 3039 2550 Wislae“573
3063 2497 3298 2566 flumini,
3331 2501 3527 2555 castel-

1919 2581 2029 2658 lum
2061 2581 2198 2638 illud
2228 2582 2285 2638 in
2311 2585 2516 2658 angulo
2547 2587 2712 2642 situm
2743 2588 3034 2644 fluviorum
3064 2591 3132 2646 ab
3160 2592 3242 2646 eis
3267 2607 3333 2647 ex
3358 2592 3530 2648 altera

1919 2679 2074 2741 parte
2106 2671 2410 2741 dividebat,
2438 2673 2530 2729 alii
2562 2674 2790 2732 ﬂuvium
2831 2677 2984 2733 illum
3016 2679 3220 2735 cursim
3254 2681 3367 2750 ωτι,
3390 2681 3532 2737 alius

1917 2765 2046 2814 ante
2100 2759 2268 2816 alium
2346 2766 2784 2835 transnatabant,
2857 2768 2946 2822 alii
3022 2784 3156 2824 vero
3220 2771 3531 2828 Mazovien—

1921 2852 2063 2910 sium
2105 2855 2196 2890 ¹⁶⁷⁸
2226 2873 2325 2927 per
2363 2857 2592 2940 Wislam
2647 2861 2873 2917 ﬂuvium
2929 2863 3151 2938 navigio
3207 2866 3524 2922 veniebant.

200 2961 326 3019 aliis
355 2961 598 3018 castellis
626 2961 881 3033 pluribus
913 2959 1018 3016 sub
1049 2959 1142 3014 tali
1173 2959 1454 3016 ﬁdelitalis
1500 2961 1820 3016 conditione
1921 2941 2126 3014 Sicque
2155 2945 2388 3020 conlisit
2439 2947 2758 3020 ignoranter
2785 2949 2842 3004 in
2882 2951 3029 3008 bello
3073 2952 3376 3025 dampnum
3411 2953 3530 3010 ﬁeri

205 3051 469 3118 retinere,
503 3050 660 3122 quod
683 3066 966 3122 nunquam
997 3049 1222 3105 deberet
1260 3049 1312 3104 ei
1339 3065 1499 3104 suum
1539 3049 1815 3104 servitium

1923 3037 2048 3109 plus
2085 3039 2439 3135 ϐψω-(180),
2470 3059 2633 3114 quam
2666 3053 2790 3101 octo
2820 3045 3019 3102 diebus
3049 3051 3421 3124 expugnando
3447 3067 3534 3107 ca-

205 3139 294 3196 γθι
320 3138 545 3194 castella
574 3153 743 3194 causa
757 3152 857 3209 pro
883 3135 1132 3210 qualibet
1149 3135 1444 3208 prohibere
1465 3153 1478 3190 ε
1501 3135 1600 3191 sed
1632 3142 1825 3208 postea
1862 3129 1900 3135 '
1924 3137 2096 3182 strum
2123 3129 2259 3184 illud
2288 3132 2499 3187 assultu
2528 3132 2707 3189 fuerat
2728 3150 2795 3189 ex
2818 3135 3027 3191 hostili.
3061 3137 3316 3194 Exercitu
3349 3146 3530 3195 tamen

205 3243 492 3300 nunquam
525 3227 765 3299 juratam
805 3225 929 3298 :sibi
973 3223 1293 3281 ﬁdelitatem
1349 3224 1598 3292 retinuit,
1643 3239 1824 3295 neque

205 3318 448 3375 veniens
486 3333 728 3392 unquam
785 3316 878 3351 157°
932 3316 1258 3388 promissam
1310 3315 1628 3371 servitutem
1669 3314 1826 3370 exhi-

203 3410 343 3476 buit,
383 3425 488 3465 nec
531 3405 888 3465 venientibus
942 3415 1130 3479 portas
1185 3407 1533 3463 castellorum
1583 3407 1824 3478 aperuit,

206 3513 420 3570 ymmo,
466 3497 610 3553 sicut
641 3495 886 3568 perﬁdus
937 3496 1114 3552 hostis
1144 3503 1199 3551 et
1246 3496 1493 3564 traditor,
1524 3496 1735 3552 viribus
1773 3503 1829 3551 et

203 3583 373 3641 armis
401 3601 503 3641 sua
525 3599 762 3657 seseque
809 3583 1111 3656 prohibuit.
1159 3583 1310 3638 Unde
1361 3583 1683 3639 Bolezlavus
1721 3582 1831 3638 dux

208 3675 668 3748 septentrionalis
694 3675 762 3730 ad
791 3675 1129 3732 iracundiam
1159 3675 1488 3740 concitatus,
1514 3675 1832 3732 convocatis

209 3771 544 3838 bellatorum
601 3771 928 3828 choortibus
975 3779 1213 3827 castrum
1255 3771 1424 3826 Nakel
1479 3771 1566 3805 ¹⁶⁷¹
1597 3770 1832 3827 fortissi-

212 3879 366 3919 mum
393 3863 613 3920 obsedit
641 3863 757 3934 (an.
790 3863 952 3928 1111,
985 3863 1131 3934 Sept.
1187 3863 1304 3932 29),
1361 3878 1516 3917 suam
1547 3863 1828 3918 vindicare

215 3951 608 4008 contumeliam
649 3951 962 4006 meditatus.
996 3951 1191 4023 Ibique
1247 3951 1317 4006 de
1355 3950 1495 4008 festo
1525 3952 1700 4007 sancti
1732 3951 1830 4006 Mi-

208 4043 420 4100 chaelis
439 4043 508 4098 ad
531 4043 868 4098 nativitatem
891 4059 1065 4114 usque
1083 4042 1418 4098 dominicam
1445 4043 1669 4110 sedens,
1692 4052 1746 4098 et
1765 4043 1829 4119 in

211 4137 365 4193 bello
413 4144 605 4194 contra
644 4143 884 4192 castrum
941 4136 1167 4192 cottidie
1223 4137 1506 4193 studiosus
1545 4137 1831 4202 incedens,

1927 3225 2038 3275 toto
2066 3220 2210 3276 circa
2238 3231 2474 3276 castrum
2505 3231 2863 3299 congregato,
2918 3227 3144 3298 jamque
3191 3229 3535 3286 diversorum

1925 3308 2414 3370 instrumentorum
2464 3320 2728 3384 apparatu
2769 3315 2960 3386 Oppidi
3005 3319 3360 3391 expugnandi
3395 3335 3537 3390 prae-

1929 3403 2117 3466 parato
2147 3398 2411 3468 Oppidani
2444 3401 2782 3471 pertinacem
2829 3403 2886 3458 in
2929 3404 3118 3460 hostes
3170 3405 3534 3462 obstinaciam

1930 3489 2201 3545 Bolezlavi
2229 3497 2562 3558 metuentes,
2582 3499 2806 3564 recepta
2829 3493 2938 3549 ﬁde
2973 3496 3064 3530 ¹⁶ῖ⁶
3093 3496 3433 3552 deditionem
3463 3499 3538 3554 fe-

1932 3586 2144 3642 cerunt,
2173 3579 2365 3651 sicque
2415 3596 2612 3635 manus
2649 3581 2922 3637 Bolcslavi
2970 3590 3316 3657 mortemque
3351 3602 3542 3642 evase-

1932 3677 2078 3722 runt.
2110 3667 2249 3722 lllud
2291 3683 2420 3722 vero
2467 3675 2700 3723 castrum
2733 3670 3051 3725 Bolezlavus
3076 3679 3201 3727 octo
3225 3673 3426 3729 diebus
3445 3690 3539 3730 ac-

1933 3760 2177 3832 quisivit,
2209 3769 2444 3832 octoque
2471 3761 2667 3816 diebus
2695 3762 2818 3817 aliis
2846 3762 2952 3817 sibi
2972 3764 3321 3835 retinendum
3345 3765 3422 3821 ibi
3450 3785 3540 3824 re-

1928 3853 2119 3909 sidens
2177 3855 2553 3924 praemunivit;
2616 3856 2690 3910 ibi
2750 3857 3030 3913 derelictis
3078 3859 3351 3930 praesidiis
3412 3861 3540 3918 inde

1931 3947 2309 4022 progrediens,
2345 3948 2638 4005 obsidione
2675 3959 2912 4006 castrum
2955 3953 3044 3987 ¹⁶⁷⁷
3084 3951 3234 4007 aliud
3293 3955 3383 3990 1⁸⁷⁸
3439 3955 3544 4011 cir-

1929 4036 2156 4091 cumivit
2186 4037 2296 4090 “‘7’.
2357 4037 2498 4092 lllud
2531 4055 2768 4111 namque
2799 4047 3039 4096 castrum
3071 4057 3197 4096 cum
3237 4043 3431 4113 majori
3460 4043 3547 4098 la-

1934 4125 2069 4181 bore
2101 4126 2498 4198 prolixiorique
2527 4127 2792 4184 dilatione
2847 4130 3163 4185 Bolezlavus
3191 4133 3550 4204 expugnavit,

215 4227 464 4282 laborem
511 4243 669 4282 suum
704 4226 759 4280 in
796 4241 995 4282 vanum
1043 4225 1265 4297 penitus
1291 4226 1662 4298 expendebat,
1706 4227 1836 4298 quia
1936 4218 2068 4290 quia
2096 4219 2280 4290 plures
2306 4220 2382 4274 ibi
2422 4227 2475 4274 et
2503 4219 2760 4276 fortiores
2791 4221 2864 4276 ibi
2893 4232 3226 4297 pugnatores
3257 4224 3552 4296 locumque

212 4317 502 4375 humidum
535 4334 638 4390 per
661 4317 866 4386 locum,
907 4332 1174 4389 aquosum
1229 4326 1284 4372 et
1332 4317 1688 4389 paludosum,
1719 4335 1833 4373 ma-

1936 4311 2288 4368 muniiiorem
2334 4314 2539 4368 assultu
2589 4313 2788 4369 bellico
2815 4313 3160 4385 exprobavit.
3205 4315 3412 4370 Paratis
3441 4317 3551 4389 igi-

219 4413 415 4472 chinas
445 4420 502 4468 et
538 4412 907 4468 instrumenta
945 4411 1147 4468 ducere
1177 4427 1288 4468 non
1337 4413 1575 4469 sinebat,
1611 4413 1842 4485 Insuper
1865 4391 1922 4460 Ι)
1944 4409 2032 4458 tur
2069 4419 2100 4456 a
2130 4403 2352 4460 Polonis
2383 4403 2766 4460 instrumentis
2823 4421 2887 4460 ac
2924 4405 3427 4461 machinationibus
3461 4423 3555 4462 ex-

205 4500 504 4558 castellum
530 4507 646 4556 erat
676 4505 733 4556 et
782 4499 916 4555 viris
943 4508 999 4555 et
1035 4499 1206 4554 rebus
1243 4499 1574 4556 necessariis
1621 4499 1704 4556 sic
1744 4499 1841 4556 ﬁr-
1942 4495 2248 4570 pugnandi,
2302 4495 2593 4552 Pomorani
2643 4496 2900 4552 similiter
2950 4497 3317 4552 instrumenta
3380 4499 3559 4553 modis

220 4595 452 4657 matum,
479 4589 630 4664 quod
658 4603 769 4645 non
799 4594 950 4644 esset
965 4588 1134 4642 armis
1161 4588 1248 4644 vel
1279 4588 1611 4644 necessitate
1641 4587 1718 4642 rei
1744 4602 1842 4642 cu—
1942 4583 2201 4640 omnibus
2253 4584 2595 4656 repugnandi
2647 4583 2900 4640 fecerunt
2957 4585 3086 4650 “3°;
3141 4585 3332 4641 Poloni
3375 4585 3560 4642 foveas

1569 4684 1786 4739 VARl/E
1830 4683 2109 4739 LECTION
2115 4682 2214 4737 ES.

295 4787 384 4823 1661
413 4792 471 4842 et
497 4785 552 4842 2_

221 4857 445 4914 missam
487 4857 648 4913 codd.
676 4861 724 4910 et
777 4856 901 4911 edd.
935 4855 996 4910 P.

225 4930 316 4964 “‘7‘
345 4944 567 4985 cursum
595 4928 647 4981 1.
679 4927 734 4981 2.

646 4785 737 4820 ¹⁶⁶⁸
775 4783 1086 4840 canoniciis
1123 4784 1175 4838 1.
1276 4783 1366 4816 ¹⁶⁶⁹
1392 4783 1466 4834 XX

646 4861 724 4908 ,et
777 4856 901 4908 edd.
935 4855 996 4908 P.
1082 4851 1466 4908 “71.Nakvel2

221 5074 451 5126 notavit.

224 5141 316 5176 “79
345 5141 596 5198 circuivit
621 5141 675 5197 2.

1276 4781 1366 4816 ¹⁶⁶⁹
1392 4779 1568 4834 XXVI.
1607 4780 1750 4834 deest
1771 4779 1822 4832 1.
1849 4779 1885 4832 2
1990 4777 2081 4850 "il"
2107 4779 2192 4832 ita
2227 4778 2534 4842 emendavi;
2576 4793 2760 4850 neque
2797 4777 3158 4834 venientibus
3197 4794 3382 4850 neque
3415 4795 3559 4850 pro-

1585 4851 1676 4885 ³⁸⁷³
1699 4850 1842 4922 idem
1887 4849 2110 4922 addidit
2157 4863 2372 4922 erronee
2398 4849 2453 4922 2.
2513 4850 2608 4904 sed
2645 4849 2835 4922 postea
2863 4850 3084 4906 delevit.
3159 4850 3254 4884 ¹⁶⁷³
3286 4849 3470 4922 Wysle
3503 4852 3557 4905 2.

843 4927 934 5002 ¹⁶⁷ιξ
965 4931 1077 4982 tota
1105 4925 1215 4980 hac
1243 4919 1490 5002 columna
1516 4937 1694 5002 usque
1706 4921 2013 5002 adiperbanz
2043 4919 2374 5002 congeriem
2395 4920 2544 5002 illam
2564 4921 2918 5002 comburam,
2948 4923 3335 5002 minutio_ribus
3354 4919 3562 5002 'litteris

221 5000 654 5080 εαᾷεηξίιυὶᾀειῃ
685 4997 780 5053 sed
795 4999 1094 5080 festinante
1114 5011 1288 5080 manu
1307 4997 1520 5080 _s-:ripta
1543 4991 1607 5048 2f
1658 4993 1774 5080 nm“
1797 4991 2055 5080 tidemr2tg
2087 4991 2380 5080 “'rbfiilllud
2404 4992 2708 5080 ⁸2,
2737 4994 2831 5080 sed
2859 5009 2969 5062 qua
2995 4995 3326 5080 superfluum
3349 4998 3517 5080 punct

544 5070 634 5104 ¹⁶⁷⁸
659 5064 924 5125 cremavit
952 5067 1196 5132 addidit,
1227 5067 1320 5122 sed
1348 5082 1459 5136 qua
1487 5067 1815 5136 superﬂuum
1839 5066 2058 5136 punctis
2081 5065 2293 5118 notavit
2322 5065 2374 5129 1,
2411 5064 2558 5134 quod
2577 5065 2740 5118 etiam
2769 5064 2822 5119 2.
2850 5067 3054 5134 posuit,
3087 5065 3179 5120 sed
3208 5079 3314 5119 non
3344 5064 3558 5120 delevit.

781 5139 872 5174 ¹⁶⁸⁰
901 5142 983 5194 ita
1017 5144 1152 5194 recte
1171 5138 1332 5194 addit
1354 5133 1502 5193 "Chr.
1527 5133 1708 5207 princ.
1737 5133 1847 5191 Pol.
1875 5151 1934 5204 ι).
1968 5133 2058 5188 91.

2123 4991 2212 5026 "‘77
2243 4991 2380 5046 illud
2404 4992 2626 5047 addidit
2653 4992 2708 5059 2,
2737 4994 2831 5048 sed
2859 5009 2969 5062 qua
2995 4995 3326 5064 superﬂuum
3349 4996 3563 5062 punctis

1795 5233 2000 5292 ΝΟΤᾹΞ.

297 5342 440 5414 (178)
471 5341 602 5398 Ideo
634 5356 758 5414 quae
787 5340 845 5394 in
886 5339 1068 5414 capite
1103 5341 1361 5414 sequenti
1388 5343 1611 5414 narrat.
1622 5340 1845 5414 auctor,

226 5404 480 5485 tempore
509 5404 847 5485 antecedunt
883 5404 1152 5485 Boleslayi
1185 5404 1402 5485 iternad
1443 5406 1507 5485 _S.
1553 5404 1844 5485 dimdium:

227 5475 420 5556 Itaque
454 5499 576 5539 cum
610 5483 1001 5556 Giesebrechto
1055 5479 1252 5556 Wend.
1302 5477 1524 5556 Gesch,
1559 5493 1615 5556 ῃ,
1780 5475 1851 5556 ob

229 5547 572 5612 mentionem
619 5554 818 5636 factam
868 5551 1190 5608 Colomanni
1257 5549 1424 5621 regis,
1477 5547 1588 5672 qui
1629 5547 1766 5601 obiit
1819 5547 1851 5600 4

229 5627 388 5683 Febr.
423 5627 584 5691 1114,
618 5635 722 5680 iter
756 5625 895 5680 illud
925 5624 994 5678 ad
1021 5637 1226 5678 annum
1267 5621 1407 5675 1113
1439 5635 1489 5673 vi
1535 5627 1847 5691 eturrevo-

229 5698 494 5768 candum,
527 5689 582 5754 et
619 5696 825 5753 bellum
872 5703 1061 5753 contra
1101 5693 1485 5768 lPomoranos,
1527 5690 1673 5764 quod
1717 5689 1850 5747 Roe-

228 5549 572 5612 mentionem
621 5554 818 5610 factam
868 5551 1190 5608 Colomanni
1257 5549 1424 5621 regis,

2127 5331 2300 5456 lk‘263
2329 5348 2455 5388 cum
2501 5347 2648 5387 anno
2688 5332 2826 5388 1118
2864 5331 3172 5401 conjunxit,
3225 5331 3292 5386 ad
3333 5329 3468 5386 1111
3510 5338 3568 5387 et

2024 5475 2268 5599 (179)(ξῇ
2295 5475 2401 5599 ὴὲο
2455 5473 2684 5530 castello
2715 5473 2784 5530 cf.
2813 5490 3100 5530 excursum
3145 5473 3204 5528 11
3250 5473 3400 5544 apud
3430 5474 3568 5532 Roe-

1954 5561 2019 5616 pe
2050 5587 2062 5600 .
2098 5563 2134 5611 ι,
2278 5586 2290 5599 .
2373 5586 2387 5601 .
3219 5615 3222 5616 ν

2026 5617 2168 5692 (180)
2211 5617 2474 5692 Damnum
2526 5617 2687 5673 civile
2739 5625 2822 5674 est
2879 5619 3140 5673 damnum
3179 5615 3407 5692 civium,
3441 5619 3564 5681 scil.

1955 5687 2306 5745 Polonorum.
2338 5687 2400 5748 P.
