3920 6054
418 233 526 294 935
1403 211 1768 270 BERENGOSI
1810 205 2083 265 ABBATIS
2124 206 2179 264 S.
2221 205 2464 264 MAXIM!
2503 206 2762 263 TREVIR.
3673 203 3800 258 936

414 368 652 436 aequant,
685 367 884 415 terram
912 352 1172 428 lignaque
1201 351 1568 418 comportant,
1617 357 1727 414 quo
1755 339 1932 396 levius
1959 354 2024 394 ac
2049 343 2094 409 Α
2126 336 2324 392 dentes
2345 353 2508 408 quam
2539 338 2740 393 collum
2770 337 3136 392 extendentes
3172 352 3298 392 cum
3330 337 3554 410 ignavia
3589 349 3798 436 more-

416 423 726 526 planiusad
765 423 1003 503 castrum
1043 458 1166 498 cum
1207 439 1450 494 turribus
1479 435 1682 510 ligneis
1717 433 2026 496 accedant;
2130 436 2343 483 rentur.
2387 428 2666 483 Interdum
2718 434 2900 483 tamen
2941 444 3065 484 cum
3098 427 3386 483 Bolezlavo
3411 433 3661 498 pactum
3703 423 3797 479 fa-

414 517 704 600 l’omorani
729 544 920 594 contra
938 533 1152 590 lardum
1183 531 1446 603 lignaque
1471 527 1626 598 picea
1650 531 1866 596 parant,
1905 522 2028 594 qui-
2131 535 2256 574 cere
2277 528 2628 590 castrumque
2667 519 2901 574 reddere
2941 520 3275 594 cogitabant,
3335 519 3635 575 interdum
3693 517 3796 552 "5“

415 638 518 692 bus
559 631 818 706 paulatim
874 625 1190 698 congeriem
1232 621 1380 676 illam
1429 618 1775 674 comburam.
1839 614 2030 669 Tribus
2131 609 2385 706 inducias
2434 615 2711 706 petentes,
2759 609 2842 664 vel
2875 609 3137 706 auxilium
3171 616 3568 706 efspectantes
3630 606 3791 660 illud

415 699 573 780 enim.
595 717 878 778 castellani
907 715 1121 771 vicibus
1147 713 1513 766 instrumenta
1544 705 1736 762 omnia
1775 705 1845 759 de
1873 718 2033 758 muro
2132 702 2421 757 consilium
2497 699 2846 756 differebant.
2925 701 3140 756 Interea
3199 700 3388 756 Poloni
3461 715 3790 770 nunquam

417 811 820 868 descendentes
849 803 1051 860 furtive
1091 800 1531 860 combusserunt,
1569 794 1860 864 tribusque
1893 789 2034 845 vici-
2133 793 2620 864 otiosi,nunquam
2651 791 2936 859 desidiosi,
2966 799 3046 847 tot
3067 791 3354 846 laboribus
3371 789 3670 866 etvigiliis
3699 787 3795 843 fa-

420 902 524 956 bus
553 899 750 956 iterum
781 895 874 950 illa
904 891 1096 948 Poloni
1121 893 1568 946 construxerunt.
1598 885 1675 939 Ita
1703 899 1908 953 nempe
1942 881 2029 916 ¹⁶⁸¹
2137 883 2286 958 tigati
2319 883 2682 949 desistebant,
2715 884 2810 939 sed
2863 890 3100 940 castrum
3139 898 3336 955 capere
3383 883 3471 938 vel
3540 879 3791 936 insidiis

407 989 824 1064 .turresligneze
847 983 1118 1040 Bolezlavi
1148 979 1374 1036 castello
1402 977 1598 1033 vicinae
1623 975 1864 1041 stabant,
1886 973 2033 1044 quod
2136 973 2460 1028 insistebant
2515 974 2806 1029 Pomorani
2847 991 2972 1029 vero
3007 975 3168 1030 talem
3202 973 3470 1029 Bolezlavi
3507 974 3788 1027 méntem

409 1061 704 1136 castellani
736 1076 804 1129 de
837 1069 1264 1144 propugnaculis
1291 1083 1412 1122 cum
1458 1066 1539 1120 eis
1577 1064 1744 1118 armis
1787 1071 1840 1117 et
1895 1061 2037 1136 igni-
2137 1074 2192 1120 et
2217 1065 2582 1121 intentionem
2617 1066 3047 1141 cognoscebant,
3095 1066 3244 1138 quod
3275 1065 3606 1122 nullatenus
3641 1081 3788 1119 eva—

423 1175 525 1229 bus
564 1167 966 1243 repugnabant.
1027 1164 1082 1218 Si
1132 1161 1464 1234 quandoque
1519 1157 1708 1212 Poloni
1753 1155 2036 1209 castellum
2138 1159 2271 1214 dere
2302 1175 2498 1214 manus
2535 1159 2708 1229 ipsius
2739 1159 2843 1214 nisi
2873 1167 3050 1215 castro
3091 1159 3311 1214 reddito
3359 1159 3782 1230 praevalebant,

423 1261 612 1326 armis,
663 1260 811 1330 igne,
855 1253 1134 1327 lapidibus
1178 1251 1364 1306 stratis
1417 1250 1506 1283 ¹⁶⁸²
1537 1247 1900 1318 ἰηιροιθὺειηῑ,
1939 1261 2032 1300 08-
2139 1262 2194 1310 et
2215 1269 2280 1308 ex
2314 1255 2412 1310 hor
2439 1253 2681 1310 maxime
2710 1253 3207 1326 dil‘tidebant.quia
3240 1254 3308 1308 de
3337 1253 3651 1324 Suatopole
3673 1267 3782 1307 suo

423 1353 638 1411 stellani
684 1349 940 1404 similiter
979 1344 1158 1401 modis
1183 1341 1443 1399 omnibus
1487 1340 1662 1395 vicem
1709 1337 2039 1393 contrariam
2140 1344 2366 1400 domino
2435 1343 2644 1398 nullum
2687 1342 2951 1397 auxilium
2999 1343 3383 1412 expectabant.
3441 1341 3606 1396 Unde
3675 1356 3780 1412 pm

429 1442 854 1517 repugnabant.
912 1440 986 1493 De
1035 1435 1255 1491 Polonis
1297 1432 1498 1487 multos
1549 1429 1831 1485 castellani
1877 1429 2043 1501 sagit-
2144 1440 2393 1504 tempore
2424 1431 2714 1486 consilium
2748 1431 2994 1502 partibus
3031 1431 3278 1502 utrisque
3316 1431 3448 1486 satis
3477 1429 3778 1501 ydoneum

431 1535 501 1590 tis
534 1534 624 1568 ¹⁶⁸³
669 1539 723 1586 et
752 1528 1028 1600 lapidibus
1057 1523 1440 1588 vulnerabant,
1471 1522 1540 1576 de
1569 1519 1880 1576 castellanis
1915 1535 2044 1574 vero
2145 1523 2410 1588 inierunt,
2451 1520 2736 1575 castellum
2795 1519 3056 1576 videlicet
3095 1518 3205 1574 ﬁde
3251 1529 3476 1592 recepta
3517 1519 3782 1574 tradide—

430 1624 623 1681 Poloni
657 1623 844 1693 plures
884 1618 1113 1674 cottidie
1164 1614 1529 1687 perimebant.
1569 1613 1729 1666 Erant
1768 1612 1914 1667 enim
1957 1628 2047 1681 pa-
2073 1659 2121 1728 Β
2153 1619 2298 1679 runt,
2355 1611 2575 1682 ipsique
2605 1611 2725 1665 sani
2783 1625 2906 1666 cum
2954 1611 3070 1665 suis
3125 1610 3403 1673 omnibus,
3456 1607 3780 1665 incolumes

543 1719 554 1728 .
609 1719 620 1728 .
813 1721 823 1728 .
1056 1711 1066 1722 ο
1101 1711 1185 1728 ..τοι
1249 1709 1285 1728 γε
1318 1708 1511 1728 -_f-n-_n-
1546 1706 1737 1728 l--il2-_
1786 1721 2015 1728 --.αλ-ρ..
2158 1723 2251 1728 -----
2281 1707 2383 1728 ,ξιξ
2427 1706 2584 1728 ιει.--ει
2635 1706 2882 1728 -ι.3-..--..ι

429 1719 557 1791 gani
590 1719 660 1772 de
691 1721 863 1770 morte
889 1711 1069 1768 securi
1101 1711 1212 1777 ωδε,
1243 1709 1289 1764 si
1318 1708 1515 1764 virtute
1546 1706 1744 1762 bellica
1780 1721 2048 1776 caperen-
2073 1706 2121 1728 υ
2149 1723 2258 1780 quo
2279 1707 2384 1761 sibi
2427 1706 2606 1766 libuit.
2632 1706 2904 1761 abierunt.

432 1821 539 1882 tur,
575 1821 631 1868 et
662 1811 788 1866 ideo
819 1809 911 1843 ¹⁶⁸⁵
959 1804 1260 1872 malebant,
1293 1811 1353 1858 ut
1384 1819 1506 1857 cum
1569 1801 1710 1855 fama
1749 1816 1808 1854 se
1849 1799 2045 1854 defen-

1457 1903 1484 1926 ’
1769 1901 1991 1956 VARL’E
2033 1899 2407 1957 LECTIONES.

499 2009 586 2045 ¹⁶⁸¹
616 2024 854 2080 namque
879 2008 935 2080 2.
1012 2007 1124 2080 f6”
1152 2004 1312 2080 statis
1341 2004 1391 2057 1.
1417 2003 1480 2080 Δ2.
1557 2003 1654 2080 mf”:
1676 2004 1754 2055 ita
1787 2003 2004 2056 vitiatur
2032 2003 2316 2070 legendum
2350 2000 2422 2066 cf.
2455 2000 2581 2056 Chr.
2629 2001 2804 2067 princ.
2849 1992 2964 2054 Pol.
2992 2015 3052 2069 p.
3086 2000 3178 2054 91.
3273 1999 3364 2033 ‘5“
3389 2013 3586 2054 secum
3618 2015 3778 2053 erro-

426 2097 518 2136 nec
543 2081 596 2135 1.
618 2080 672 2134 2.
765 2074 854 2115 ῖ⁰⁸⁸
887 2079 976 2132 ide
1003 2077 1056 2132 2.
1148 2077 1238 2111 ³⁸⁸⁵
1269 2075 1486 2130 interim
1517 2074 1673 2128 codd.

1794 2342 1938 2381 ANNO
1981 2341 2170 2381 DOMINI
2203 2341 2366 2380 MCXII.

1263 2467 2942 2694 BERENGOSUS

711 2787 1248 2913 ABBAS
1334 2787 1477 2911 S.
1567 2783 2225 2909 MAXIMI
2308 2779 3504 2908 TREVIRENSIS-

1496 3114 2004 3204 NOTITIA
2069 3113 2716 3204 HISTORICA

1233 3271 1490 3340 (Fumea
1524 3271 1774 3326 Biblioth.
1812 3273 1949 3326 med.
1981 3276 2028 3325 et
2060 3272 2164 3338 inf.
2201 3273 2350 3337 Lat.,
2382 3277 2514 3325 tom.
2550 3269 2590 3336 I,
2625 3285 2748 3342 pag.
2785 3269 2936 3337 214.)

493 3529 839 3600 Berengosus
868 3525 1082 3600 ordinis
1119 3527 1510 3600 S.Benedicti,
1540 3525 1711 3600 abbas
1739 3525 2052 3600 S_._I\Ia_ximi
2091 3527 2449 3594 Trevirensis,
2470 3542 2593 3600 non
2626 3527 3096 3600 utBellarminus,
3127 3528 3373 3582 editione
3419 3527 3598 3600 prima
3631 3526 3763 3583 libri
3855 3539 3860 3548 ‘

425 3599 494 3656 de
525 3601 582 3656 S.
619 3597 702 3662 8.,
732 3599 938 3654 saeculo
965 3615 1057 3663 vn,
1091 3598 1190 3652 sed
1218 3598 1321 3651 sub
1345 3597 1661 3670 duodecimi
1700 3597 1854 3670 initia
1881 3598 2060 3652 clarus
2089 3615 2218 3653 ann.
2249 3601 2406 3664 1112,
2434 3599 2502 3653 ab
2547 3599 2780 3654 Henrico
2805 3599 2844 3653 V
2875 3600 3206 3670 imperatore
3237 3597 3548 3670 impetravit
3585 3600 3762 3670 privi-

425 3670 628 3743 legium
657 3686 755 3742 pro
785 3670 1071 3743 advocatia
1101 3686 1213 3743 sum
1239 3670 1510 3743 abbatize,
1527 3669 1861 3743 scripsitque
1885 3670 2150 3738 opuscula
2195 3671 2340 3724 edita
2375 3670 2561 3724 Coloni
2574 3687 2618 3725 In
2660 3671 2810 3743 1532i
2827 3678 2892 3743 et
2949 3669 3136 3743 recusa
3186 3670 3240 3724 in
3281 3669 3642 3743 Bibliotliecis
3667 3671 3766 3725 Pa-

425 3740 590 3807 trum,
623 3740 678 3796 et
703 3740 1000 3795 novissime
1025 3741 1274 3811 Lugdun.
1311 3751 1440 3813 tom.
1476 3741 1588 3804 XII,
1625 3744 1694 3813 De
1723 3741 1946 3794 Ian/lcet
1969 3744 2460 3796 inrcntionccrucis
2478 3745 2774 3796 ﬂaminicae
2801 3741 2972 3796 libros
3001 3742 3092 3808 Ill,
3128 3758 3250 3813 pag.
3276 3742 3416 3804 349;
3450 3741 3648 3795 librum
3689 3745 3761 3797 De

425 3815 686 3880 mysterio
713 3813 1161 3884 tiinAiADominici,
1187 3817 1243 3884 et
1267 3815 1342 3866 De
1363 3812 1474 3864 luce
1499 3812 1705 3884 visibili
1724 3818 1771 3865 ct
1789 3813 2074 3884 invisibili,
2090 3828 2190 3882 per
2211 3829 2374 3881 quam
2391 3816 2612 3882 antiqui
2632 3818 2815 3884 patres
2837 3819 3142 3867 meruerunt
3157 3814 3448 3880 illustrari,
3483 3829 3608 3884 pag.
3633 3813 3760 3880 367,

427 3889 484 3958 et
510 3897 794 3958 sermones
822 3881 966 3958 V‘De
990 3883 1347 3958 martyribus,
1369 3883 1792 3958 ςςηηνθεεονίἱιμε.Δ
1814 3881 2146 3958 dedicatione
2175 3885 2422 3958 Ecclesia:
2458 3890 2508 3938 et
2522 3881 2874 3958 ’ucn'er—atione
2898 3885 3287 3958 reliquiarum,
3322 3900 3446 3958 pag.
3481 3881 3605 3940 376.
3641 3884 3758 3958 Fal-

430 3953 561 4008 litur
589 3952 837 4036 oudinus
866 3954 1014 4032 (tom:
1064 3952 1132 4016 ll,
1165 3970 1289 4034 pag.
1326 3953 1513 4036 1905),
1547 3953 2404 4036 cum-huic"[ferengosohtribuit
2445 3956 2902 4036 commentarium
2957 3952 3640 4036 in'Apoealyp’siﬁhquem
3675 3957 3768 4012 Be-

431 4023 670 4100 rengarii
700 4021 1038 4100 Turonensis
1069 4021 1188 4076 esse
1215 4021 1328 4100 jam
1355 4023 1792 4078 demonstratum
1819 4023 1938 4079 fuit.
1971 4021 2142 4079 Sicuti
2170 4026 2438 4081 Bernonis
2469 4035 2550 4081 est
2582 4043 2690 4081 non
2715 4027 3030 4100 Berengosi,
3055 4021 3214 4099 quod,
3234 4021 3600 4083 c'i'ascrib'unt
3619 4044 3765 4085 non-

432 4093 565 4149 nulli
607 4093 683 4148 De
705 4092 935 4164 jejuniis
963 4093 1205 4158 Quatuor
1230 4094 1584 4165 Temporum.

1220 4370 2152 4483 BEBENGOSI
2271 4376 2970 4482 ABBATIS

638 4577 790 4680 DE
879 4579 1290 4684 LAUDE
1387 4583 1530 4686 ET
1633 4584 2408 4690 INVENTIONE
2507 4587 3014 4692 ΒΑΝΟΊἙ
3103 4587 3547 4691 GRUGIS

1763 4764 1923 4833 (Bibl.
1956 4766 2105 4820 Patr.
2141 4765 2255 4834 xu,
2288 4767 2436 4833 349.)

1564 5016 1887 5088 INCIPIT
1965 4979 2218 5087 LIBER
2294 5017 2635 5090 PRIMUS

1732 5149 1813 5203 DE
1845 5149 2057 5205 LAUDE
2096 5151 2147 5204 S.
2197 5148 2446 5205 CRUCIS.

2041 4927 2272 4942 ﬁ

958 5296 1164 5352 CAPUT
1223 5297 1501 5356 PRIMUM.
2067 5311 2116 5373 (ζ
2143 5304 2476 5376 praevideret
2500 5314 2898 5378 opportunum,
2927 5314 2987 5362 ut
3007 5306 3174 5370 ﬁlios.
3196 5309 3291 5380 qui
3320 5318 3480 5364 erant
3501 5310 3754 5383 dispersi,

425 5403 498 5456 De
530 5417 588 5456 eo
617 5401 763 5472 quod
781 5404 1038 5478 Dominus
1067 5408 1271 5478 ante.”
1301 5407 1486 5475 primo
1514 5409 1853 5478 prophetiam
1882 5416 1931 5465 σε
1963 5413 2033 5465 ιε-
2142 5402 2508 5468 congregaret
2549 5395 2608 5450 in
2646 5412 2840 5462 unum,
2895 5397 2962 5452 ad
3013 5396 3399 5453 redimendum
3454 5399 3753 5468 hominem,

495 5473 1018 5561 ῃνᾳεφξεὶξτιασ
1061 5475 1253 5531 deinde
1295 5473 1462 5532 {tatus
1485 5473 1530 5532 ei
1567 5473 1765 5548 passus
1795 5483 2038 5536 arborem
2140 5502 2304 5558 quem
2337 5487 2574 5560 propria:
2613 5489 2924 5546 voluntatis
2953 5488 3240 5545 arbitrium
3271 5507 3301 5545 a
3331 5491 3444 5547 Deo
3470 5492 3672 5561 divisit,
3697 5495 3752 5550 in

499 5557 675 5650 (imm
701 5545 961 5601 αεθθηάτί·
2139 5545 2358 5630 vineam
2394 5545 2667 5647 Ecclesiae,
2700 5577 2878 5650 primo
2894 5586 2950 5634 et
2981 5580 3226 5636 secundo
3251 5595 3460 5648 servos,
3493 5545 3757 5639 εει-κίοιεί-

499 5647 628 5702 Cum
686 5652 909 5723 antiqua
957 5654 1218 5713 divinitas
1267 5658 1510 5714 humano
1573 5661 1762 5735 generi
1819 5671 2039 5734 tempus
2140 5665 2272 5722 lium
2302 5670 2467 5725 misit.
2504 5671 2604 5736 Qui
2637 5647 3044 5728 ostendendum
3075 5687 3136 5728 se
3167 5687 3350 5729 verum
3397 5647 3522 5730 esise
3551 5687 3750 5750 regem,
