3920 6054
194 349 295 404 937

1161 345 1242 402 DE
1285 346 1497 402 LAUDE
1538 346 1620 403 ET
1665 346 1790 402 lNV.
1836 344 1889 401 S.
1932 343 2181 399 CRUCIS.
2225 372 2293 384 —
2334 335 2459 401 LIB.
2503 341 2542 398 1.

3413 343 3515 395 938

195 489 322 538 ante
352 497 412 536 se
442 480 596 553 quasi
624 496 830 548 servos,
865 496 926 537 ac
962 495 1168 549 servos,
1201 481 1545 552 prophetiam
1587 481 1804 552 prmml-
1827 483 1883 554 Α
1907 480 2162 551 impietas
2194 477 2512 532 Christianae
2546 490 2766 548 semper
2801 482 2884 530 est
2911 473 3108 529 aemula
3133 472 3330 528 saluti:
3363 473 3517 545 quia,

195 571 331 625 sitet
359 570 559 644 legem,
583 571 804 643 quando
828 570 895 625 ad
923 571 1345 642 prmparandum
1370 571 1614 628 hominis
1645 570 1806 627 ocule-

192 659 295 714 stis
336 659 525 731 patriae
585 661 748 724 viam,
797 658 973 730 primo
1006 659 1074 713 ad
1121 659 1394 715 Abraham
1453 661 1701 716 secundo
1741 659 1809 714 ad

197 750 441 822 Moysen,
484 752 644 807 tertio
683 751 834 807 venit
863 750 930 805 ad
976 751 1220 808 Mariam.
1273 751 1346 806 Ex
1375 767 1483 823 qua
1528 751 1807 816 videlicet,

200 859 269 896 ne
291 843 377 898 vel
404 843 568 898 homo
600 859 663 898 ex
692 842 1068 914 passionibus,
1101 843 1184 898 vel
1217 843 1359 898 Deus
1386 843 1576 899 lateret
1605 859 1669 898 ex
1698 843 1809 898 vir-

200 934 428 1002 tutibus,
454 951 641 990 verum
676 950 733 990 se
777 934 945 989 Deum
979 943 1034 990 et
1068 935 1351 990 hominem
1396 934 1652 990 humanis
1681 951 1814 1006 prie-

195 1025 431 1080 sentavit
459 1025 768 1094 obtutibus,
808 1035 869 1081 ut
909 1025 1078 1081 nullis
1110 1042 1290 1081 rerum
1343 1026 1812 1098 praepedientibus

197 1113 515 1183 obstaculis,
545 1123 599 1170 et
626 1116 790 1171 homo
809 1115 1137 1186 probaretur
1164 1131 1229 1170 ex
1259 1116 1552 1188 angustiis,
1583 1123 1637 1172 et
1668 1117 1812 1172 Deus

197 1222 262 1261 ex
293 1205 593 1261 miraculis.
632 1206 733 1261 Per
765 1207 871 1261 hoc
901 1222 1141 1278 namque
1170 1207 1340 1278 quod,
1371 1223 1470 1277 pro
1510 1214 1696 1262 nostra
1723 1223 1812 1262 sa-

196 1293 307 1348 lute
340 1310 622 1365 passurus,
661 1294 912 1351 arborem
946 1295 1126 1350 crucis
1173 1294 1446 1361 ascendit,
1488 1295 1680 1366 procul
1711 1294 1812 1349 du-

194 1386 287 1442 bio
332 1402 530 1456 purum
585 1403 644 1440 se
673 1386 954 1442 hominem
1017 1386 1294 1450 ostendit;
1332 1402 1431 1456 per
1461 1386 1567 1442 hoc
1605 1393 1811 1453 autem,

189 1475 338 1546 quod
378 1482 610 1530 mortem
668 1491 820 1529 suam
877 1474 1303 1530 resurrectionis
1344 1474 1519 1548 gloria
1561 1474 1811 1542 calcavit,

192 1585 384 1625 verum
416 1585 476 1624 se
508 1569 676 1624 Deum
712 1585 836 1624 esse
868 1569 1211 1624 monstravit.
1251 1568 1358 1623 Sed
1393 1578 1447 1624 et
1475 1569 1580 1624 hoc
1618 1568 1817 1625 divini-

193 1661 290 1716 tati
328 1661 477 1715 illius
508 1676 619 1716 non
643 1660 828 1716 minus
855 1660 1024 1716 debet
1054 1660 1345 1729 attitulari,
1376 1660 1524 1732 quod
1547 1659 1664 1730 ipsa
1691 1676 1817 1731 pas-

194 1749 369 1805 sionis
390 1766 503 1805 sua:
537 1750 658 1804 dies
690 1749 756 1804 ad
780 1751 970 1805 horam
1011 1749 1305 1804 videbatur
1333 1748 1706 1812 obtenebrari,
1755 1748 1811 1802 in

1909 571 2124 626 sicutin
2163 570 2314 643 ligno
2363 568 2543 624 crucis
2607 568 2864 622 humanae
2917 565 3109 620 salutis
3174 565 3521 638 impugnavit

1910 670 2212 730 auctorem,
2242 661 2312 716 ita
2357 659 2674 716 Christiana:
2727 657 3014 732 religionis
3054 657 3238 712 adhuc
3267 673 3520 713 exsecra-

1912 761 1999 810 tur
2030 755 2318 810 honorem.
2353 753 2506 809 Unde
2533 752 2730 807 mirum
2759 765 2870 806 non
2910 756 2994 805 est
3029 749 3177 821 quod
3219 749 3383 804 iidem
3413 748 3516 804 Ju-

1914 846 2040 911 ἀεὶ,
2077 845 2488 918 pallioinvidiae
2511 842 2708 911 induti,
2740 842 2939 898 divinm
2971 840 3159 912 pietati
3186 848 3240 896 et
3265 842 3518 897 humanae

1916 937 2164 993 invidere
2193 936 2375 1002 saluti,
2408 935 2536 990 dum
2567 951 2665 1006 per
2694 933 2947 989 eamdem
2989 932 3250 988 invidiam
3285 948 3393 1004 qua
3441 933 3520 1004 ip-

1915 1043 2032 1082 sum
2069 1033 2349 1080 auctorem
2385 1024 2524 1079 lucis
2551 1023 2605 1077 in
2661 1023 2918 1093 passione
2966 1028 3340 1093 peremerunt,
3397 1027 3520 1092 post

1916 1116 2228 1190 passionem
2261 1117 2380 1184 ejus
2413 1115 2619 1186 lignum
2643 1114 2822 1169 crucis
2851 1111 3286 1178 absconderunt,
3325 1119 3385 1168 ut
3411 1111 3522 1168 cla-

1915 1208 2027 1262 rius
2053 1206 2167 1261 sole
2199 1211 2254 1260 et
2285 1203 2633 1260 manifestius
2664 1203 2783 1258 luce
2814 1202 2962 1256 salus
3012 1201 3174 1257 nobis
3205 1201 3258 1255 in
3302 1211 3522 1257 auctore

1914 1298 2039 1355 vitae
2082 1307 2137 1352 et
2166 1296 2358 1352 salutis
2384 1296 2601 1350 deesset
2635 1294 2687 1348 in
2715 1309 2898 1350 cruce.
2931 1293 3038 1364 lpsi
3081 1299 3262 1348 tamen
3295 1289 3369 1346 illi
3403 1291 3526 1348 fue-
3625 1360 3634 1362 η,

1918 1394 2063 1454 runt,
2105 1387 2174 1442 de
2206 1385 2411 1458 quibus
2445 1383 2708 1454 scriptum
2744 1390 2859 1438 est:
2891 1388 3073 1454 partes
3100 1383 3346 1452 vulpium
3367 1386 3528 1437 erunt

1917 1476 2088 1545 (Psal.
2126 1479 2272 1540 Lxu),
2323 1473 2450 1528 dum
2497 1486 2595 1543 pro
2639 1486 2854 1527 summo
2889 1470 3034 1542 Rege
3075 1469 3294 1540 vulpem
3356 1469 3530 1524 Czesa-

1917 1579 2029 1619 rem
2064 1563 2356 1635 eligentes,
2390 1578 2516 1635 erga
2549 1561 2719 1616 Deum
2763 1575 2866 1615 nec
2899 1557 3066 1614 facies
3090 1558 3382 1620 voluerunt
3413 1575 3529 1613 mu-

1915 1665 2032 1711 tare
2065 1671 2168 1711 nec
2195 1663 2430 1710 mentes.
2475 1655 2628 1708 Unde
2661 1669 2760 1724 pro
2789 1650 3021 1723 perﬁdia
3059 1650 3275 1706 illorum
3311 1650 3530 1721 plenius

1917 1749 2290 1806 ostendendat
2320 1763 2416 1818 pro
2442 1748 2648 1820 quibus
2669 1747 2724 1801 in
2769 1745 2878 1802 ﬁde
2903 1745 3097 1801 Christi
3130 1745 3374 1801 nondum
3407 1760 3526 1800 con—

194 1856 303 1912 qua
329 1855 428 1910 pro
460 1839 784 1894 redimenda
814 1838 1037 1913 generis
1078 1839 1302 1894 humani
1349 1837 1656 1893 substantia
1684 1810 1809 1908 ῥέπε·
1843 1810 1894 1879 Β
1919 1843 2151 1898 turbatae
2177 1810 2518 1909 sunt'gentes
2575 1845 2622 1895 et
2668 1841 2931 1896 inclinata
2976 1843 3101 1894 sunt
3152 1854 3322 1906 regna
3363 1839 3524 1907 (Psal.

196 1945 292 1984 sus
321 1936 405 1983 est
431 1944 615 1993 cruce,
673 1928 840 1982 clavis
878 1935 933 1981 et
968 1927 1178 1983 lancea.
1231 1927 1353 1982 Haec
1387 1927 1595 1998 quippe
1625 1942 1811 1981 sacro-

194 2029 384 2075 sancta
415 2020 608 2074 salutis
658 2020 911 2074 humanae
944 2028 1072 2073 sunt
1101 2018 1373 2092 stigmata,
1415 2019 1615 2090 quibus
1653 2016 1813 2074 nobis

193 2127 358 2166 verus
389 2112 538 2166 Isaac
567 2110 809 2166 caelestis
847 2110 1137 2166 medicinae
1185 2111 1366 2166 oleum
1423 2109 1706 2164 deferebat
1750 2124 1813 2164 ac

189 2203 471 2275 stigmata,
503 2202 726 2274 quando
771 2201 913 2258 sicut
956 2202 1103 2256 aries
1134 2202 1278 2256 inter
1308 2217 1522 2274 vepres,
1556 2209 1809 2272 peccato-

194 2306 317 2344 rum
379 2291 557 2346 crucis
589 2289 851 2345 cornibus
874 2290 1112 2356 haerens,
1170 2305 1364 2344 sanare
1423 2289 1681 2363 dignatus
1729 2298 1812 2345 est

185 2397 338 2436 omne
371 2389 534 2452 caput
571 2382 914 2450 languidum,
941 2388 990 2435 et
1015 2397 1161 2436 omne
1187 2397 1276 2436 cor
1304 2396 1524 2435 maerens
1565 2382 1714 2448 (Isai.
1744 2383 1807 2451 ι).

198 2469 321 2525 Haec
351 2477 477 2525 sunt
534 2469 624 2524 illa
668 2469 944 2543 stigmata,
981 2468 1181 2540 quibus
1224 2469 1278 2522 in
1308 2485 1401 2523 ara
1442 2469 1618 2524 crucis
1647 2485 1804 2524 sum-

190 2578 316 2616 mus
347 2561 614 2617 Sacerdos
644 2560 990 2616 sacerdotum
1042 2575 1218 2634 genus
1255 2561 1555 2615 humanum
1609 2562 1663 2614 in
1695 2577 1806 2618 uno

190 2651 417 2706 homine
449 2649 622 2705 voluit
649 2649 884 2704 liberare
910 2664 1008 2719 per
1037 2656 1232 2714 totum,
1264 2651 1486 2720 quando
1537 2649 1806 2706 sacritieio

183 2739 451 2815 singulari
483 2746 537 2794 et
577 2738 752 2813 gratia
782 2737 1058 2793 communi
1095 2737 1146 2792 in
1179 2753 1289 2793 uno
1329 2738 1808 2793 consuluitomni-

185 2833 311 2897 bus,
346 2840 400 2886 et
444 2832 497 2885 in
549 2831 813 2886 omnibus
843 2829 960 2885 uni.
1017 2830 1138 2884 llaec
1194 2829 1355 2884 etiam
1393 2830 1486 2885 illa
1531 2831 1804 2906 stigmata,

181 2924 386 2997 quibus
405 2923 499 2978 Dei
521 2922 686 2978 Filius
701 2921 1083 2978 inaestimabile
1108 2921 1269 2977 nobis
1288 2929 1531 2994 paterna!
1553 2923 1806 2978 dilectio-

180 3017 268 3071 nis
303 3015 546 3072 ostendit
575 3016 816 3090 signum,
859 3015 1080 3088 quando
1107 3019 1328 3085 peccata
1359 3020 1544 3071 nostra
1576 3017 1804 3086 pertulit

1912 1935 2057 1999 XLV),
2114 1946 2214 2002 per
2238 1943 2464 2000 campos
2505 1927 2935 1998 Scripturarum,
2971 1943 3056 1981 ex.
3115 1944 3220 2000 gr.,
3252 1941 3319 1982 eo
3365 1927 3528 1982 latius

1907 2026 2021 2094 jam
2054 2033 2242 2080 noster
2273 2023 2620 2078 discursurus
2649 2029 2734 2077 est
2763 2035 2966 2086 sermo,
2994 2037 3102 2092 quo
3133 2037 3196 2074 ca
3236 2036 3358 2092 qua:
3391 2035 3522 2092 pro-

1914 2117 2172 2189 ponenda
2219 2123 2346 2170 sunt
2402 2114 2602 2170 melius
2640 2112 3004 2169 ostendantur
3057 2112 3311 2183 exemplo
3358 2128 3522 2183 quam

1911 2211 2113 2268 verbo:
2147 2220 2206 2266 ut
2236 2211 2386 2266 enim
2431 2209 2634 2264 invidia
2661 2207 2976 2263 Judaeorum
3027 2206 3177 2275 justa
3217 2205 3390 2277 possit
3439 2224 3522 2261 ra-

1911 2305 2060 2360 tione
2082 2303 2277 2375 sopiri,
2319 2318 2382 2358 ex
2431 2300 2672 2373 antiquis
2718 2299 2803 2354 his
2850 2297 3101 2352 Patribus
3153 2307 3264 2352 tres
3321 2313 3522 2370 progro-

1911 2395 2077 2450 nendi
2107 2401 2236 2450 sunt
2275 2394 2396 2458 viri,
2441 2409 2508 2448 ne
2538 2391 2707 2447 verba
2748 2390 3003 2446 Veritatis
3035 2405 3065 2443 a
3093 2389 3253 2444 nobis
3291 2389 3518 2445 videan-

1909 2497 1997 2544 tur
2026 2487 2277 2562 neglecta
2315 2503 2457 2552 esse,
2486 2485 2688 2558 quibus
2713 2484 2918 2539 dictum
2955 2490 3062 2539 est:
3090 2486 3152 2539 In
3179 2500 3267 2538 ore
3293 2483 3517 2538 duorum

1905 2579 1987 2633 vel
2033 2581 2202 2634 trium
2237 2582 2449 2632 testium
2497 2582 2597 2631 stet
2627 2591 2776 2630 omne
2825 2575 3043 2629 verbum
3085 2577 3156 2644 (ΙΙ
3206 2576 3326 2631 Cor.
3376 2578 3512 2644 xm).

1907 2661 2202 2721 Sciendum
2223 2672 2307 2720 est
2334 2670 2515 2720 autem
2545 2663 2718 2735 quod,
2748 2664 2892 2719 sicut
2917 2663 3083 2719 iidem
3111 2663 3209 2718 viri
3230 2672 3357 2718 sunt
3383 2673 3510 2728 tres,

1905 2758 2110 2829 Joseph
2131 2757 2364 2826 scilicet,
2399 2759 2548 2813 Isaac
2579 2765 2632 2812 et
2662 2757 2895 2828 Moyses,
2927 2756 2999 2810 ita
3041 2772 3139 2828 per
3170 2757 3408 2829 antiqua
3438 2757 3515 2811 di-

1905 2847 2150 2902 vinitatis
2180 2846 2585 2912 archistcrium,
2619 2847 2817 2917 triplex
2869 2846 3028 2901 nobis
3067 2845 3275 2902 debent
3305 2863 3514 2918 appor-

1905 2948 2017 2997 tare
2047 2940 2388 3013 mysterium.

2546 3011 2752 3067 CAPUT
2783 3012 2874 3068 111.

181 3112 242 3164 in
271 3125 488 3180 corpore
517 3125 611 3165 suo
636 3125 798 3180 super
813 3109 1018 3177 lignum
1047 3110 1092 3179 (Ι
1133 3111 1279 3165 Petr.
1318 3108 1398 3178 ιι),
1433 3115 1491 3163 ιιι
1541 3107 1802 3180 antiquus
1831 3169 1874 3190 Π
1908 3103 1978 3156 De
2015 3103 2638 3190 com‘paithioegtﬂquqrg
2656 3103 2853 3171 ῙοεθΡῘι
2879 3100 3038 3190 νιιιδςί
3062 3101 3134 3190 Sid
3177 3101 3404 3168 “91mm.
3436 3097 3521 3158 υεὶ

185 3201 360 3258 hostis
411 3203 468 3256 in
517 3203 701 3274 seipso
753 3219 820 3258 eo
850 3202 1078 3258 acrioris
1114 3207 1232 3257 atro
1264 3201 1383 3271 ejus
1445 3201 1660 3256 invidiae
1693 3207 1805 3256 tor-
1827 3171 1876 3237 Ο

185 3300 373 3348 mento
425 3293 780 3356 cruciaretur,
817 3307 926 3364 quo
961 3292 1154 3347 eodem
1197 3290 1370 3363 ligno,
1411 3307 1522 3362 quo
1577 3291 1800 3358 vicerat,

184 3383 518 3439 vinceretur.

847 3469 1051 3524 CAPUT
1084 3469 1148 3524 11.

181 3583 425 3650 Qualiter
460 3596 686 3648 regnum
725 3581 898 3635 crucis
937 3580 1006 3633 ab
1044 3578 1246 3633 Helena
1274 3580 1462 3645 regina
1502 3583 1798 3645 inventum,

252 3655 336 3709 vel
373 3669 408 3706 a
442 3653 643 3708 Judwis
671 3653 832 3720 prius
861 3651 1057 3716 fuisset
1085 3650 1479 3714 absconditum,
1511 3654 1562 3704 et
1583 3650 1648 3704 de
1674 3665 1803 3720 pro-

250 3725 521 3796 positione
539 3726 702 3778 trium
727 3737 992 3787 errorum,
1026 3721 1326 3776 secundum
1347 3723 1549 3791 triplea:
1569 3721 1802 3790 ejusdem

253 3798 393 3866 ligni
423 3797 758 3864 mysterium.

258 3924 435 3989 Unde,
467 3923 607 3978 sicut
640 3922 730 3976 illa
764 3920 1037 3992 passionis
1069 3919 1365 3976 Dominica)
1391 3919 1514 3975 dies
1543 3920 1802 3976 universo

188 4017 396 4074 mundo
429 4016 708 4088 quondam
761 4023 879 4070 erat
922 4013 1206 4086 Optabilis,
1239 4013 1312 4068 ita
1342 4020 1397 4068 et
1431 4012 1532 4068 ista
1563 4012 1684 4068 dies
1715 4028 1801 4067 sa-

186 4105 492 4163 cratissima
525 4121 634 4160 non
668 4104 848 4158 minus
887 4103 1049 4158 nobis
1094 4103 1260 4157 debet
1289 4118 1410 4157 esse
1443 4101 1800 4158 venerabilis:

186 4198 467 4272 quomodo
498 4196 639 4252 sicut
669 4197 724 4250 in
758 4195 848 4250 illa
880 4195 970 4248 die
1002 4194 1249 4250 Salvator
1290 4201 1477 4250 noster
1508 4209 1648 4264 opus
1696 4207 1803 4248 no-

185 4295 312 4344 strae
345 4286 746 4356 redemptionis
779 4283 1042 4354 implevit,
1089 4284 1162 4338 ita
1189 4292 1244 4338 ct
1269 4284 1324 4338 in
1352 4283 1450 4338 hac
1471 4283 1562 4355 die
1592 4282 1804 4356 lignum

147 4353 162 4366 ’
188 4353 724 4430 Dominicum-nobis
756 4353 1106 4427 manifestare
1136 4373 1398 4427 decrevit.
1439 4371 1502 4426 Et
1533 4353 1663 4426 ideo
1688 4371 1808 4425 dies

185 4468 290 4522 ista
315 4482 382 4520 eo
413 4464 663 4520 festivius
703 4481 733 4519 a
766 4463 927 4518 nobis
979 4462 1148 4518 debet
1183 4462 1475 4531 celebrari,
1506 4477 1615 4534 quo
1647 4461 1703 4516 in
1741 4476 1807 4516 ea

184 4556 393 4629 lignum
424 4555 568 4609 idem
602 4554 947 4609 Dominicum
980 4552 1195 4618 debuit,
1227 4552 1445 4608 f‘hristo
1501 4553 1801 4616 revelante,

184 4651 405 4717 nudari,
441 4650 676 4705 maxime
739 4667 860 4705 cum
891 4649 959 4704 de
1005 4649 1106 4704 hac
1151 4649 1240 4704 die
1271 4648 1406 4702 nihil
1463 4647 1612 4702 aliud
1658 4647 1807 4701 Scri-

190 4747 348 4811 ptura
370 4739 626 4812 loquatur
646 4739 852 4806 divina,
895 4738 1000 4792 nisi
1033 4738 1180 4810 quod
1223 4736 1383 4792 hodie
1425 4751 1555 4791 crux
1591 4735 1805 4790 Domini

193 4831 414 4888 inventa
434 4839 516 4886 est
534 4831 603 4887 ab
635 4830 839 4886 Helena
866 4830 1077 4904 regina.
1111 4830 1265 4884 Sicut
1295 4829 1442 4883 enim
1476 4827 1530 4881 in
1562 4826 1808 4898 catalogo

188 4932 500 4980 sanctorum
534 4924 824 4994 praesentis
858 4922 972 4977 diei
1007 4921 1394 4976 Kalendarium
1435 4924 1687 4985 testatur,
1723 4917 1809 4970 In-

191 5012 378 5068 ventio
400 5013 454 5066 S.
489 5012 666 5067 crucis
697 5011 818 5067 dies
842 5012 942 5066 ista
972 5018 1220 5077 vocatur,
1253 5008 1513 5080 quoniam
1544 5006 1809 5063 hodierna

191 5105 285 5160 die
324 5105 516 5160 eadem
571 5121 700 5160 crux
751 5103 1013 5174 probatur
1047 5102 1289 5168 inventa,
1334 5101 1388 5154 in
1431 5116 1540 5172 qua
1587 5098 1810 5174 generis

193 5199 423 5254 humani
464 5197 771 5252 substantia
816 5194 1012 5250 Christi
1055 5193 1155 5249 fuit
1213 5192 1472 5264 passione
1501 5193 1805 5262 redempta,

199 5291 308 5346 Sed
362 5291 622 5362 quoniam
684 5289 870 5343 multis
941 5287 1122 5341 adhuc
1178 5285 1396 5340 videtur
1449 5285 1812 5357 incognitum,

196 5398 432 5454 quarea
485 5377 690 5434 Judaeis
748 5379 956 5453 lignum
1013 5376 1148 5430 illud
1181 5374 1524 5430 Dominicum
1573 5375 1686 5444 jam
1721 5373 1815 5428 diu

199 5473 394 5529 fuisset
414 5469 816 5535 absconditum,
853 5468 980 5523 ideo
1014 5483 1158 5522 nunc
1184 5482 1381 5521 causas
1406 5465 1611 5536 causis,
1643 5472 1698 5519 et
1729 5480 1818 5518 res

202 5570 552 5636 opponentes
582 5561 767 5628 rebus,
795 5575 892 5631 pro
924 5557 1148 5614 modulo
1175 5562 1363 5612 nostro
1398 5571 1571 5628 pauca
1599 5556 1667 5609 de
1698 5555 1821 5626 plu-

206 5657 362 5714 ribus
389 5656 519 5712 inde
560 5655 830 5711 dicemus.
864 5651 1025 5707 Scitis
1056 5649 1260 5706 ctenim
1292 5649 1443 5721 quia,
1477 5647 1618 5704 sicut
1656 5645 1822 5720 perfi-

213 5746 302 5801 dia
332 5745 552 5802 inimica
581 5751 665 5801 est
695 5740 845 5810 fidei,
877 5747 932 5796 et
969 5739 1159 5796 vitium
1200 5738 1424 5805 virtuti;
1473 5737 1554 5792 sic
1598 5736 1823 5794 Judaica

577 5885 875 5946 PATROL.
921 5878 1118 5944 CLX.

1833 4417 1891 4487 D

2116 3171 2316 3241 fratres
2353 3171 2469 3241 ejus
2495 3173 2570 3226 ad
2600 3174 2940 3242 Synagogam
2969 3173 3302 3229 Iudaeorum.

1977 3284 2173 3338 Verum
2231 3283 2360 3339 licet
2389 3282 2595 3354 Joseph
2630 3283 2819 3352 junior
2875 3293 3022 3339 esset
3067 3299 3131 3339 ex
3162 3284 3359 3350 tribus,
3400 3284 3517 3355 ipse

1904 3381 2089 3430 tamen
2119 3375 2176 3428 in
2200 3376 2304 3430 hac
2344 3373 2728 3446 propositione
2761 3373 2922 3430 nobis
2949 3374 3055 3429 erit
3087 3374 3320 3445 primus,
3359 3381 3418 3429 ut
3459 3374 3514 3428 in

1903 3467 2049 3521 scala
2081 3465 2359 3532 Ecclesiae,
2409 3465 2566 3536 quasi
2598 3465 2666 3519 de
2720 3464 2893 3537 gradu
2950 3463 3004 3518 in
3043 3465 3276 3539 gradum
3321 3479 3512 3519 ascen-

1903 3555 2087 3611 dendo
2127 3555 2415 3626 paulatim,
2449 3554 2518 3611 de
2557 3570 2668 3611 uno
2701 3554 2767 3608 ad
2801 3553 3032 3609 alterum
3074 3553 3354 3609 valeamus
3382 3570 3515 3623 per-

1905 3643 2092 3700 venire
2109 3642 2446 3698 summatim.
2476 3642 2581 3698 Sed
2611 3643 2664 3697 in
2699 3643 2801 3696 hac
2833 3641 3210 3713 propositione
3244 3641 3381 3696 nulli
3414 3657 3516 3698 no-

1903 3743 2074 3790 strum
2095 3735 2260 3790 debet
2290 3751 2413 3790 esse
2445 3734 2690 3801 taedium,
2723 3733 2770 3788 si
2801 3750 2924 3790 cum
2958 3733 3157 3789 eodem
3177 3733 3383 3806 Joseph
3405 3732 3513 3789 fra-

1908 3836 2019 3883 tres
2037 3829 2158 3898 ejus
2171 3843 2234 3884 ac
2249 3827 2470 3883 Iudaeos
2498 3825 2836 3882 deducamus
2877 3827 2930 3880 in
2961 3826 3231 3894 medium,
3254 3827 3518 3900 quoniam

1901 3918 2076 3975 Judaei
2119 3933 2249 3993 erga
2279 3916 2568 3973 Dominum
2610 3914 2802 3970 eadem
2835 3914 3044 3970 invidia
3075 3915 3298 3972 fuerunt
3341 3916 3518 3989 pleni,

1906 4031 2067 4087 quam
2104 4029 2233 4086 erga
2264 4013 2470 4084 Joseph
2505 4010 2850 4082 fratres'ejus
2888 4010 3198 4067 habuerant
3237 4011 3396 4067 deni:
3427 4011 3524 4067 Ju-

1905 4106 2012 4161 dzei
2046 4106 2194 4161 enim
2220 4122 2346 4178 erga
2387 4104 2676 4161 Dominum
2736 4103 2987 4160 eamdem
3036 4104 3258 4162 invidia:
3297 4121 3514 4161 causam

1905 4213 2126 4270 semper
2145 4197 2444 4262 habebant,
2477 4213 2640 4269 quam
2661 4212 2791 4270 erga
2817 4196 3021 4269 Joseph
3049 4196 3244 4252 fratres
3271 4196 3391 4265 ejus
3416 4197 3518 4251 ha-

1908 4288 2040 4344 bere
2095 4287 2365 4350 solebant,
2423 4287 2551 4341 dum
2617 4301 2715 4356 pro
2752 4285 3014 4357 singulari
3055 4285 3230 4358 gratia
3277 4283 3424 4339 illius
3467 4284 3521 4340 in

1911 4378 2126 4432 camino
2154 4376 2378 4431 invidiae
2403 4375 2476 4430 ita
2499 4374 2834 4429 videbantur
2849 4373 3038 4444 coqui,
3070 4380 3131 4428 ut
3154 4388 3263 4428 non
3298 4379 3525 4444 possent

1909 4466 2214 4537 quidquam
2235 4466 2461 4534 paciﬁce
2492 4464 2636 4533 loqui
2665 4463 2812 4531 (Gen.
2871 4462 3095 4532 xxxv").
3126 4461 3384 4516 Etludzei
3407 4461 3525 4534 qui-

1908 4561 2033 4616 dem
2064 4559 2316 4615 eamdem
2365 4557 2628 4612 invidiam
2663 4572 2792 4629 erga
2824 4555 3112 4612 Dominum
3144 4555 3434 4624 habentes,
3466 4557 3521 4611 in

1908 4665 2138 4712 mortem
2167 4653 2341 4724 ipsius
2389 4657 2656 4706 acuerunt
2706 4649 2923 4724 linguas
2967 4665 3096 4705 suas
3126 4651 3271 4706 sicut
3294 4666 3523 4722 serpen-

1908 4752 2007 4811 tes,
2032 4761 2135 4800 nec
2157 4743 2447 4814 prOphetia
2471 4742 2563 4796 illa
2581 4741 2863 4796 videretur
2881 4741 3166 4797 mendosa.
3190 4744 3378 4798 Locuti
3397 4749 3522 4800 sunt

1908 4835 2190 4888 adversum
2217 4849 2297 4888 me
2346 4834 2537 4900 lingua
2563 4832 2749 4886 dolosa
2806 4830 2972 4902 (Psal.
3001 4835 3166 4902 cvm).
3208 4831 3364 4887 Unde
3395 4832 3524 4889 licet

1911 4925 2060 4980 nulla
2087 4925 2323 4981 societas
2362 4923 2433 4978 sit
2472 4923 2580 4978 luci
2625 4925 2692 4977 ad
2732 4921 3007 4989 tenebras,
3038 4923 3124 4978 vel
3167 4922 3232 4978 ad
3267 4923 3524 4978 tenebras

1910 5013 2070 5079 lucis,
2107 5013 2271 5067 iidem
2305 5019 2494 5067 tamen
2519 5010 2712 5066 fratres
2752 5026 2815 5064 ac
2841 5009 3016 5065 Judaei
3048 5011 3344 5067 Dominicaa
3375 5025 3527 5067 com-

1911 5104 2142 5177 parandi
2172 5113 2300 5160 sunt
2354 5104 2527 5170 cruci,
2580 5103 2814 5158 maxime
2861 5119 2985 5158 cum
3030 5120 3128 5175 per
3165 5103 3524 5176 antiphrasin]

1911 5197 2162 5252 eamdem
2193 5196 2514 5252 societatem
2560 5194 2800 5250 habeant
2829 5195 2897 5250 ad
2930 5210 3149 5250 crucem
3178 5211 3340 5267 quam
3374 5204 3530 5250 tene-

1917 5286 2029 5341 brae
2060 5287 2264 5341 habere
2289 5285 2544 5341 videntur
2571 5284 2638 5340 ad
2662 5284 2856 5340 lucem.
2893 5283 3046 5340 Sicut
3073 5285 3219 5340 enim
3251 5286 3304 5340 in
3336 5284 3526 5340 fratri-

1917 5375 2023 5430 bus
2060 5375 2264 5448 Joseph
2298 5373 2540 5430 fraterna
2566 5374 2732 5445 cmpit
2758 5373 2998 5430 deficere
3029 5373 3280 5443 dilectio,
3313 5375 3443 5430 dum
3476 5375 3533 5429 in

1920 5465 2212 5522 traditione
2238 5463 2388 5519 illius
2419 5469 2769 5519 recesserunt
2809 5462 2866 5518 in
2902 5463 3150 5518 Dothaim
3192 5463 3341 5535 quod
3363 5464 3536 5519 inter-

1922 5561 2168 5626 pretatur
2193 5553 2442 5621 defectio;
2475 5552 2549 5608 ita
2569 5549 2743 5606 Judaei
2775 5567 2989 5625 magna:
3019 5549 3348 5608 defectionis
3369 5567 3400 5606 a
3426 5551 3539 5610 Deo

1922 5645 2085 5701 divisi
2118 5652 2245 5700 sunt
2263 5652 2428 5712 sorte,
2463 5643 2595 5699 dum
2627 5656 2796 5712 usque
2823 5642 2898 5697 ad
2923 5648 3165 5711 mortem,
3195 5647 3414 5700 mortem
3443 5660 3543 5700 au-

1925 5741 2026 5792 tem
2056 5741 2230 5794 crucis
2263 5738 2525 5808 (Philipp.
2558 5740 2642 5805 ιι),
2676 5749 2776 5805 pro
2798 5734 2976 5806 ipsius
3004 5728 3386 5813 cogitaverunt
3407 5751 3547 5792 mor-

3090 5873 3171 5942 30
