3920 6054
405 266 510 322 939

1388 269 1754 328 BERENGOSI
1795 272 2063 329 ABBATIS
2106 260 2436 333 sfMAxnm
2481 279 2744 334 TREVIR.

3627 284 3735 339 940

406 399 478 454 te.
513 389 936 460 Sedlsciendum
988 399 1069 444 est
1121 391 1290 462 quod,
1346 393 1489 449 inter
1534 396 1674 451 alios
1717 396 2010 453 duodecim
2035 404 2090 472 Α
2115 403 2537 472 surrectionem,
2576 406 2656 459 sic
2707 405 2970 461 extractio
2998 405 3181 462 crucis
3227 423 3257 461 a
3289 414 3432 462 terra
3471 408 3734 464 eamdem

401 481 620 549 fratres,
670 481 780 546 duo
822 489 1032 537 tantum
1088 484 1347 556 antiquos
1379 486 1573 542 imitati
1625 496 1755 545 sunt
1807 496 2009 561 patres,

401 576 662 648 quoniam
691 576 895 647 Joseph
955 585 1009 632 et
1047 576 1214 633 frater
1245 579 1365 649 ejus
1406 581 1717 650 Benjamin,
1749 601 1870 640 cum
1903 601 2012 641 cae-

399 665 534 735 teris
564 664 825 731 fratribus
855 665 934 721 ire
965 666 1263 722 noluerunt
1294 669 1348 737 in
1385 671 1656 740 Dothaim,
1701 672 1856 744 quia,
1885 689 2009 728 cum

398 775 511 815 non
534 759 642 815 Liaa
670 761 769 830 sed
801 761 1056 817 Rachelis
1077 772 1270 828 essent
1300 763 1419 831 ﬁlii,
1449 766 1750 838 participes
1785 767 2007 823 fraterni

397 867 508 908 non
549 851 829 910 debebant
864 870 986 910 esse
1016 855 1251 910 consilii.
1298 856 1402 912 Alii
1433 864 1613 913 autem
1667 858 1880 926 fratres,
1913 860 2006 931 qui

397 947 508 1000 nati
541 945 757 1002 fuerant
790 961 854 1002 ex
888 947 1103 1004 ancillis
1133 956 1227 1004 aut
1258 949 1371 1018 Lia,
1396 951 1552 1022 quasi
1582 967 1680 1022 pro
1713 952 2004 1008 traditione

396 1039 637 1096 fraterna
669 1039 800 1096 foris
823 1042 1054 1112 dispersi
1084 1053 1239 1097 erant
1269 1043 1326 1098 in
1368 1044 1479 1111 via,
1521 1045 1802 1117 quomodo
1835 1045 1890 1100 in
1917 1061 2006 1100 sa-

395 1151 537 1208 gena
560 1135 848 1202 Ecclesize,
883 1136 1028 1192 inter
1058 1136 1235 1194 bonos
1265 1146 1319 1193 et
1343 1139 1516 1194 malos
1546 1140 1727 1210 pisces
1757 1139 1837 1194 sic
1867 1141 2002 1196 ordo

396 1225 714 1293 distinctus,
750 1235 811 1283 ut
839 1234 893 1282 et
922 1228 1049 1282 mali
1075 1228 1361 1283 mittantur
1391 1229 1554 1296 foras,
1589 1238 1643 1285 et
1667 1230 1798 1286 boni
1831 1247 2005 1286 rema-

397 1327 564 1374 neant
595 1319 758 1374 intus.
791 1319 945 1374 Unde
977 1322 1255 1392 quomodo
1295 1321 1462 1377 iidem
1501 1322 1694 1379 fratres
1725 1340 1789 1379 ac
1825 1325 2002 1380 Judazi

396 1408 628 1480 piscium
659 1408 876 1470 illorum
908 1407 1134 1482 ﬁguram
1178 1410 1506 1476 habuerunt,
1549 1413 1618 1467 de
1646 1413 1849 1483 quibus
1877 1414 2006 1469 scri-

395 1507 545 1569 ptum
577 1506 682 1566 est,
711 1501 878 1554 malos
909 1505 1088 1555 autem
1131 1503 1285 1568 fm'as
1314 1505 1574 1557 miserunt
1614 1502 1828 1573 (Matth.
1863 1509 2001 1573 xm),

394 1594 594 1648 mirum
643 1609 752 1649 non
794 1601 876 1648 est
920 1595 1088 1666 quod,
1131 1595 1311 1667 qualis
1353 1612 1482 1670 erga
1520 1598 1724 1670 Joseph
1780 1598 2006 1654 fratrum

392 1695 617 1737 suorum
650 1690 766 1737 erat
790 1682 1016 1750 invidia,
1060 1683 1182 1739 talis
1211 1700 1339 1756 erga
1371 1683 1642 1741 Christum
1663 1687 2002 1754 Judaeorum,

391 1771 683 1826 videbatur
712 1787 832 1826 esse
865 1769 1114 1842 perﬁdia.
1157 1773 1453 1828 Sciendum
1485 1781 1568 1829 est
1615 1782 1796 1830 autem
1829 1777 2000 1846 quod,

390 1865 531 1920 sicut
557 1881 621 1920 ex
663 1866 858 1920 merito
890 1865 1051 1921 bona:
1079 1867 1314 1923 actionis
1342 1868 1545 1938 Joseph
1579 1878 1768 1940 typum
1799 1869 2001 1924 meruit

389 1956 596 2013 habere
636 1957 949 2024 Salvatoris,
983 1958 1056 2013 ita
1087 1975 1196 2015 non
1237 1977 1302 2014 ex
1343 1960 1608 2030 Operibus
1655 1962 1856 2031 carnis,
1901 1962 1999 2016 sed

391 2061 455 2100 ex
471 2045 735 2116 operibus
766 2046 904 2100 lucis
942 2047 1260 2118 mysterium
1294 2048 1347 2102 in
1376 2065 1442 2104 eo
1481 2048 1885 2122 prmﬁguratum
1918 2057 2000 2105 est

389 2139 583 2194 crucis.
620 2138 768 2194 Sicut
823 2137 968 2194 enim
1008 2140 1210 2212 Joseph
1251 2141 1570 2213 aliquandiu
1597 2141 1862 2198 inclusus
1895 2143 1998 2198 fuit

394 2227 448 2281 in
496 2227 750 2296 cisterna,
793 2227 865 2282 ita
904 2243 1034 2283 crux
1073 2229 1357 2285 Dominica
1408 2229 1502 2284 diu
1547 2230 1759 2286 inclusa
1789 2241 1904 2286 erat
1945 2232 1998 2285 in

391 2326 556 2386 terra,
576 2318 960 2390 quoadusque,
980 2317 1152 2393 gratia
1172 2326 1505 2389 coeperante
1527 2328 1851 2390 superna,et
1871 2337 2001 2375 crux

391 2426 421 2462 a
450 2417 610 2474 terra,
638 2417 693 2462 et
726 2407 936 2479 Joseph
969 2409 1244 2464 levaretur
1269 2426 1300 2463 a
1334 2409 1598 2468 cisterna.
1627 2411 1710 2478 Et,
1743 2412 1883 2467 sicut
1909 2411 2003 2467 Jo-

387 2502 523 2571 seph
567 2518 597 2555 a
635 2500 892 2556 fratribus
931 2501 1044 2556 suis
1097 2503 1354 2558 venditus
1411 2511 1494 2558 est
1553 2504 1864 2570 lsmaelitis,
1920 2504 2000 2560 sic

387 2593 731 2663 principibus
761 2593 1108 2648 sacerdotum
1138 2593 1378 2650 Christus
1407 2596 1664 2651 venditus
1720 2604 1802 2652 est
1825 2598 1892 2650 ab
1918 2598 1999 2651 ls-

389 2680 654 2736 maelitis:
695 2683 978 2753 quoniam,
1010 2682 1153 2738 sicut
1191 2683 1394 2754 Joseph
1437 2684 1492 2738 in
1524 2685 1778 2739 exsilium
1822 2684 1994 2739 tradi-

386 2783 474 2830 tus
518 2784 602 2831 est
629 2776 862 2832 consilio
896 2775 1052 2831 Judze
1110 2776 1457 2847 patriarchae,
1508 2778 1588 2832 sic
1642 2779 1696 2832 in
1761 2785 1993 2834 mortem

383 2871 562 2925 crucis
601 2871 831 2926 traditus
874 2880 956 2925 est
987 2868 1233 2927 Christus
1265 2873 1497 2927 consilio
1535 2873 1690 2927 Judm
1732 2872 1991 2928 lscarioth

382 2962 764 3016 heresiarchre.
821 2961 1055 3016 Proinde
1106 2962 1427 3017 multiformi
1488 2962 1710 3017 malitiae
1767 2963 1989 3019 fratrum

384 3050 599 3104 illorum
650 3066 758 3104 non
791 3051 1092 3124 incongrue
1123 3061 1476 3122 comparatur
1523 3051 1731 3106 malitia
1779 3052 1992 3108 Judan-

381 3154 522 3203 rum,
581 3138 840 3209 quoniam
904 3155 1074 3193 unum
1124 3139 1382 3210 idemque
1421 3141 1737 3211 mysterium
1795 3141 1990 3196 Christi

379 3237 486 3284 tam
519 3229 597 3284 illi
629 3229 1084 3300 blaspliemavere
1116 3248 1278 3302 quam
1305 3231 1410 3285 isti.
1437 3231 1590 3287 Sicut
1617 3233 1765 3287 enim
1800 3233 1876 3286 illi
1909 3250 1992 3288 se-

377 3323 617 3378 cundum
670 3323 912 3395 antiquae
944 3323 1249 3379 divinitatis
1286 3324 1556 3394 judicium
1616 3326 1990 3396 conscriptum

373 3412 579 3486 Joseph
609 3414 826 3470 fratrem
874 3433 1032 3471 suum
1076 3416 1382 3472 tenebrosze
1439 3417 1687 3472 falsitatis
1727 3418 1987 3473 vendideo

372 3517 497 3564 runt
526 3510 580 3584 in
608 3510 919 3584 Egyptum,
955 3511 1028 3566 ita
1059 3519 1112 3566 et
1161 3511 1245 3566 isti
1276 3512 1345 3566 ad
1373 3512 1700 3567 imitandum
1737 3513 1986 3583 ejusdem

372 3583 594 3654 malitiae
622 3583 862 3672 signum,
904 3601 960 3654 in
989 3600 1440 3657 tenebrosissimo
1475 3602 1712 3674 quodam
1741 3601 1860 3658 loco
1889 3603 1990 3669 Do-

371 3689 632 3750 minicum
667 3691 1077 3747 occultaverant
1104 3691 1435 3763 lignumJ‘It
1474 3691 1618 3746 sicut
1654 3688 1857 3762 JoSeph
1887 3707 1988 3747 ne-

370 3786 547 3857 quitia
573 3785 797 3841 fratrum
835 3803 1057 3843 suorum
1089 3787 1222 3842 olim
1256 3788 1311 3841 in
1355 3803 1638 3843 carcerem
1667 3796 1752 3843 est
1784 3796 1986 3855 trusus,

370 3876 452 3929 sic
486 3873 694 3929 malitia
731 3875 1044 3930 Judaaorum
1082 3885 1136 3930 et
1166 3893 1292 3931 crux
1345 3876 1398 3930 in
1451 3878 1685 3940 occulto,
1740 3885 1794 3932 et
1836 3877 1989 3933 Chri-

369 3975 488 4023 stus
513 3967 850 4037 in‘sepulcro
891 3968 1113 4038 iacebat
1153 3969 1423 4037 inclusus,
1453 3977 1512 4024 ut
1557 3971 1856 4026 humanum
1891 3987 1986 4044 ge-

373 4074 476 4114 nus
522 4058 576 4110 in
625 4057 728 4112 hoc
777 4057 984 4128 duplici
1025 4060 1285 4130 mysterio
1321 4060 1395 4114 ita
1441 4060 1641 4116 divinae
1673 4061 1988 4118 dilectionis

371 4147 675 4217 privaretur
699 4145 881 4218 signo,
912 4152 971 4202 ut
992 4164 1094 4204 nec
1124 4148 1232 4203 vita
1262 4149 1366 4203 sibi
1389 4148 1456 4204 de
1489 4150 1725 4218 Christo,
1759 4168 1860 4207 nec
1889 4169 1981 4208 sa-

348 4223 455 4292 lus
476 4235 797 4307 proveniret
827 4252 857 4290 a
889 4236 1058 4310 ligno.

1009 4345 1216 4403 CAPUT
1257 4347 1340 4401 ιν.

371 4435 826 4503 Quemadmodum
863 4437 1057 4505 Joseph
1097 4436 1352 4490 liberatus
1403 4441 1480 4490 est
1527 4452 1562 4490 a
1617 4452 1846 4503 carcere,
1902 4437 1985 4492 vel

2114 499 2293 563 potest
2317 491 2552 548 haberes
2577 493 3034 567 igniﬁcationem;
3061 495 3366 566 quia,sicut
3390 495 3596 568 Joseph
3630 513 3734 569 pro

2113 584 2292 640 salute
2323 583 2548 640 fratrum
2579 601 2803 641 suorum
2835 593 3112 642 extractus
3160 595 3247 644 est
3297 603 3329 642 a
3361 589 3625 656 cisterna,
3653 591 3736 653 ita

2112 690 2241 730 crux
2271 675 2554 730 Dominica
2584 691 2687 748 pro
2711 677 2887 733 salute
2922 678 3253 750 populorum
3286 679 3453 735 hodie
3472 680 3733 736 traheba-

2110 774 2198 822 tur
2225 785 2255 824 e
2295 773 2455 824 terra.
2489 769 2569 836 Et,
2613 770 2753 826 sicut
2785 770 2853 825 ad
2882 787 3048 826 unam
3092 771 3459 844 eamdemque
3498 773 3732 844 respicit

2107 858 2502 930 sortem,quod
2532 857 2839 931 velJoseph
2871 874 3168 928 carcerem,
3200 861 3288 916 vel
3320 861 3562 917 Christus
3594 857 3732 918 evaJ-

2108 957 2256 1003 serat
2309 957 2568 1017 mortem,
2615 950 2694 1005 sic
2723 950 2943 1006 virtutis
2990 951 3279 1024 utriusque
3329 953 3479 1008 cruci
3535 952 3729 1008 Domi-

2107 1038 2245 1093 nica:
2271 1040 2474 1110 justam
2515 1056 2811 1112 possumus
2839 1041 3108 1097 rationem
3141 1041 3415 1107 conferre,
3469 1059 3592 1115 quae
3653 1043 3725 1098 ad

2105 1132 2355 1186 eamdem
2389 1131 2615 1207 ﬁguram
2658 1133 2824 1188 hodie
2857 1135 3035 1190 soluta
3069 1143 3152 1190 est
3207 1135 3486 1210 ergastulo
3535 1146 3724 1192 terrae.

2107 1223 2378 1281 Praeterea
2407 1243 2538 1282 vero
2569 1227 2750 1282 ethoc
2779 1243 2888 1283 non
2911 1235 2994 1283 est
3023 1228 3300 1283 silendum
3342 1245 3372 1284 a
3403 1229 3592 1295 nobis,
3625 1231 3724 1286 sed

2104 1330 2157 1386 si
2175 1315 2426 1372 iritaliter
2446 1317 2632 1387 potius
2659 1316 3068 1372 discutiendum
3095 1325 3177 1373 est
3207 1317 3382 1383 vobis,
3409 1319 3558 1389 quod
3589 1335 3722 1374 crux

2105 1405 2388 1462 Dominica
2410 1406 2475 1459 ad
2518 1406 2773 1460 eumdem
2805 1406 3027 1461 modum
3057 1406 3222 1461 hodie
3255 1406 3483 1462 liberata
3526 1414 3612 1462 est
3650 1407 3720 1461 ab

2106 1489 2414 1554 inclusione
2461 1503 2708 1558 veterna,
2749 1511 2859 1567 quo
2889 1496 2957 1550 de
2990 1511 3212 1551 carcere
3244 1496 3547 1556 Pharaonis
3586 1498 3718 1552 olim

2111 1577 2377 1636 liberatus
2410 1589 2492 1636 est
2519 1583 2724 1653 Joseph
2767 1592 2820 1638 et
2854 1584 3135 1655 pincerna.
3176 1585 3329 1640 Unde
3371 1586 3576 1660 gratias
3609 1587 3719 1642 Deo

2108 1673 2273 1744 quod.
2306 1673 2449 1728 sicut
2477 1674 2678 1745 Joseph
2717 1681 2770 1730 et
2802 1675 3048 1732 Christus
3079 1677 3401 1748 spiritaliter
3421 1694 3590 1732 unam
3623 1678 3722 1732 ha-

2107 1761 2339 1817 buerant
2366 1772 2593 1830 sortem,
2615 1765 2742 1818 dum
2770 1771 2823 1819 et
2851 1765 3057 1836 Joseph
3099 1765 3302 1820 missus
3338 1775 3421 1820 est
3446 1766 3503 1820 in
3536 1782 3721 1822 carce-

2103 1871 2238 1920 rem,
2279 1862 2333 1910 et
2365 1855 2608 1910 Christus
2655 1856 2708 1910 in
2742 1864 2992 1923 mortem,
3036 1857 3107 1911 ita
3149 1856 3490 1912 Christianus
3539 1873 3721 1930 popu-

2101 1944 2404 2000 lusJuJaeis
2427 1946 2574 2000 nulla
2606 1948 2817 2002 ratione
2835 1947 3316 2019 volebatparcere,
3349 1948 3717 2020 quoadusque

2102 2037 2311 2110 lignum
2345 2039 2689 2095 Dominicum
2730 2041 2969 2112 antiquae
3009 2042 3342 2096 reclusionis
3386 2042 3723 2122 educeretur

2099 2146 2130 2184 a
2157 2146 2398 2198 carcere,
2422 2131 2524 2185 sub
2559 2133 2750 2187 eadem
2775 2132 3033 2189 videlicet
3054 2133 3716 2206 spiritalisinteliigentize

2100 2231 2264 2289 sorte,
2296 2226 2620 2298 quaJoseph
2648 2227 2880 2283 eductus
2909 2234 2990 2282 est
3027 2244 3056 2282 a
3100 2243 3343 2296 carcere,
3378 2236 3432 2285 et
3470 2227 3720 2307 Christus

2103 2334 2131 2374 8
2163 2329 2358 2376 morte.

2761 2415 2968 2472 CAPUT
2992 2416 3052 2473 V.

2101 2521 2550 2588 Quemadmodum
2567 2523 2760 2590 Joseph
2789 2539 2822 2576 a
2853 2523 3138 2577 Pharaone
3161 2525 3351 2592 torque
3389 2538 3580 2587 aurea,
3615 2540 3719 2577 an-

2170 2594 2403 2661 nutoque
2440 2593 2762 2647 induebatur
2816 2597 2865 2648 ct
2921 2594 3080 2660 stola,
3144 2597 3218 2648 sic
3284 2594 3493 2661 lignum
3540 2598 3720 2652 crucis

2170 2666 2387 2731 gemmis
2408 2668 2454 2716 et
2485 2679 2615 2718 auro
2637 2665 2943 2719 decoratum
2971 2669 3047 2719 est
3065 2665 3132 2720 ab
3161 2663 3360 2720 Helena
3391 2667 3608 2733 regina.

2170 2773 2332 2848 Ergo,
2393 2773 2535 2828 sicut
2574 2772 2918 2830 sufﬁcienter
2968 2782 3050 2830 est
3090 2775 3292 2830 dictum
3334 2775 3574 2846 qualiter
3622 2776 3718 2831 Jo-

2096 2867 2233 2937 seph
2277 2868 2333 2920 in
2373 2882 2616 2934 carcere,
2657 2867 2741 2922 vel
2791 2868 3035 2923 Christus
3077 2868 3133 2922 in
3181 2875 3355 2924 morte
3396 2884 3496 2938 pro
3545 2868 3714 2925 nobis

2095 2960 2268 3016 factus
2293 2969 2376 3017 est
2427 2962 2802 3030 maledictum,
2839 2964 2915 3018 ita
2963 2963 3094 3034 quid
3146 2979 3270 3019 cum
3323 2963 3524 3034 Joseph
3586 2973 3718 3034 post

2093 3049 2442 3105 eductionem
2481 3051 2718 3106 carceris
2747 3069 2778 3106 a
2820 3052 3098 3108 Pharaone
3130 3052 3201 3107 sit
3233 3051 3457 3119 factum,
3485 3070 3516 3107 a
3550 3053 3717 3108 nobis

2092 3155 2378 3194 remanere
2409 3155 2519 3195 non
2571 3139 2740 3196 debet
2784 3141 3068 3197 intactum.
3113 3141 3242 3205 Sed,
3286 3140 3416 3214 quia
3465 3157 3717 3214 sequens

2093 3233 2367 3288 sententia
2395 3232 2470 3288 ita
2500 3233 2719 3289 videtur
2740 3235 3018 3290 cohaerere
3057 3251 3180 3289 cum
3223 3234 3422 3306 priori,
3450 3243 3509 3290 ut
3547 3251 3722 3301 causa,

2093 3321 2294 3377 silendi
2327 3339 2674 3396 nequaquam
2707 3324 3107 3395 imponendum
3150 3325 3220 3379 sit
3264 3323 3541 3382 silentium
3607 3326 3717 3389 ori,

2093 3412 2322 3487 dignum
2369 3422 2457 3468 est
2485 3422 2545 3468 ut
2584 3429 2682 3484 pro
2712 3413 3106 3470 conﬁrmandis
3139 3412 3385 3468 ﬁdelium
3416 3412 3716 3469 animabus

2092 3501 2160 3556 de
2194 3501 2278 3555 his
2307 3517 2429 3572 qua:
2482 3509 2788 3572 sequuntur
2819 3502 3003 3574 aliqua
3033 3502 3302 3559 dicamus.
3351 3502 3505 3558 Sicut
3560 3504 3724 3576 enim.

2089 3591 2321 3662 Joseph,
2345 3608 2375 3646 a
2406 3592 2614 3663 praefati
2642 3593 2878 3648 carceris
2917 3594 3196 3667 ergastulo
3246 3593 3477 3661 solutus,
3507 3601 3712 3666 torque

2089 3699 2275 3752 aurea,
2298 3685 2397 3740 sed
2424 3695 2480 3741 et
2501 3685 2705 3741 annulo
2729 3702 2792 3741 ac
2820 3685 2958 3741 stola
2987 3685 3288 3760 ﬁguraliter
3314 3696 3429 3742 erat
3452 3687 3709 3754 indutus,

2090 3778 2163 3834 ita
2195 3780 2442 3834 Christus
2471 3797 2501 3834 a
2533 3786 2708 3836 morte
2733 3797 2830 3851 pro
2864 3781 3104 3836 humana
3137 3782 3479 3856 resurgendo
3505 3782 3712 3845 salute.

2086 3873 2309 3928 indutus
2347 3877 2424 3926 est
2469 3873 2794 3940 fortitudine
2832 3878 2880 3930 et
2909 3876 3198 3942 praecinxit
3243 3890 3298 3930 se
3348 3876 3521 3946 (Psat,
3577 3877 3711 3943 xcn)

2086 3967 2310 4023 virtute.
2347 3969 2537 4023 Adhuc
2567 3968 2732 4023 etiam
2766 3970 2922 4041 quasi
2951 3969 3227 4026 sententia
3256 3970 3371 4025 haec
3403 3985 3513 4026 non
3553 3969 3713 4025 sufﬁ-

2088 4057 2196 4112 ciat
2227 4057 2363 4122 sola,
2420 4057 2720 4113 dicendum
2753 4066 2839 4113 est
2889 4058 3049 4114 nobis
3095 4059 3230 4131 quid
3266 4065 3460 4131 torque
3513 4076 3711 4128 aurea,

2087 4151 2186 4206 sed
2216 4158 2270 4206 et
2301 4152 2506 4207 annulo
2563 4153 2926 4226 signiﬁcetur,
2960 4171 3024 4211 ac
3070 4156 3230 4211 stola.
3289 4155 3441 4210 Sicut
3467 4156 3619 4210 enim
3653 4158 3711 4211 in

2086 4244 2226 4300 stola
2265 4245 2495 4316 byssina
2546 4254 2599 4302 et
2641 4255 2839 4318 torque
2879 4264 3045 4304 aurea
3090 4249 3296 4320 duplex
3331 4249 3464 4305 latet
3494 4249 3712 4306 intelli-

2085 4339 2295 4414 gentia,
2325 4340 2457 4394 dum
2490 4356 2591 4410 per
2620 4340 2842 4412 byssum
2883 4359 3011 4399 caro
3054 4343 3328 4415 virginea,
3360 4349 3414 4398 et
3461 4359 3562 4414 per
3591 4352 3712 4400 tor—

2085 4443 2251 4499 quem
2291 4427 2534 4482 cmlestis
2574 4428 2917 4502 signiﬁcatur
2958 4431 3269 4502 sapientia;
3299 4432 3456 4487 sicin
3497 4433 3713 4490 annulo

444 4509 691 4597 Christus
723 4523 758 4560 a
797 4511 987 4574 morte,
1029 4509 1105 4560 sic
1130 4509 1349 4574 signum
1391 4511 1567 4562 crucis
1596 4509 1881 4563 liberatum
1907 4514 1982 4564 est
2009 4515 2065 4583 D
2086 4516 2214 4572 ﬁdei
2241 4519 2442 4572 summi
2472 4518 2788 4574 Sacerdotis
2817 4519 3201 4596 praefiguntur
3247 4521 3556 4597 negotium,
3609 4522 3708 4591 qui
3779 4543 3787 4552 ’

440 4596 473 4631 a.
486 4581 488 4584 ’
503 4580 811 4633 reclusione.

442 4692 614 4764 Igitur
643 4691 1110 4762 quemadmodum
1155 4692 1291 4746 satis
1325 4691 1568 4747 evidenti
1600 4693 1811 4748 ratione
1842 4693 1980 4748 rela-

368 4791 483 4860 tum
525 4790 608 4838 est
637 4782 872 4854 qualiter
918 4783 973 4837 in
1005 4784 1304 4855 sepultura:
1345 4783 1645 4839 Dominicaa
1689 4793 1879 4856 typum
1913 4785 1983 4839 li-

367 4893 538 4950 gnum
565 4877 745 4932 crucis
778 4874 871 4930 diu
902 4875 1195 4930 videbatur
1223 4876 1580 4944 occultatum,
1615 4877 1686 4931 ita
1713 4893 1861 4932 nunc
1887 4894 1981 4934 vo-

369 4971 454 5027 bis
487 4973 540 5026 iu
589 4970 1015 5026 resurrectionis
1070 4971 1366 5026 Dominicm
1407 4971 1759 5028 referendum
1791 4978 1872 5026 est
1915 4971 1984 5026 si-

367 5081 535 5141 gnum
569 5064 804 5136 qualiter
838 5062 908 5117 ad
938 5063 1195 5118 eumdem
1229 5064 1450 5118 modum
1479 5065 1534 5117 S.
1569 5064 1746 5120 crucis
1796 5065 1982 5119 eleva—

368 5162 479 5211 tum
512 5162 591 5209 est
619 5153 850 5226 lignum.
877 5151 1012 5216 Quia
1042 5152 1191 5206 enim
1219 5153 1487 5208 Dominici
1519 5153 1770 5225 corporis
1799 5154 1980 5225 sepul-

368 5251 490 5298 tura
535 5241 883 5297 inveniendze
915 5240 1096 5294 crucis
1129 5248 1345 5310 poterat
1371 5256 1495 5296 esse
1524 5239 1716 5314 figura,
1750 5241 1980 5314 dignum

369 5346 452 5392 est
496 5343 574 5403 ut,
608 5336 751 5392 sicut
793 5334 998 5390 carceri
1051 5335 1256 5405 Joseph
1313 5345 1368 5389 et
1413 5336 1710 5406 sepultura:
1765 5335 1982 5391 Domini

369 5429 616 5497 ejusdem
664 5427 845 5484 crucis
916 5425 1359 5497 comparavimus
1415 5427 1859 5491 absconsionem,
1907 5427 1982 5484 ita

368 5531 515 5570 nunc
539 5516 812 5587 apertioni
846 5514 1084 5572 carceris
1135 5521 1190 5569 et
1241 5515 1634 5572 resurrectioni
1665 5516 1978 5582 Salvatoris,

368 5606 614 5671 ejusdem
644 5608 824 5668 erucis
843 5607 1186 5662 attitulemus
1214 5606 1611 5664 inventionem.
1648 5607 1800 5663 Sicut
1829 5609 1978 5665 enim

368 5695 628 5748 extractio
655 5696 860 5766 Joseph
890 5713 920 5751 a
950 5698 1187 5752 cisterna
1219 5697 1554 5752 Dominicam
1587 5698 1860 5772 significat
1890 5716 1981 5758 re-

2085 4621 2184 4677 per
2205 4607 2454 4662 Petrum:
2487 4609 2610 4672 Vos,
2640 4608 2840 4679 inquit,
2877 4613 3000 4664 estis
3030 4625 3194 4678 genus
3252 4610 3492 4675 electum,
3523 4610 3710 4677 regale

2083 4694 2445 4750 sacerdotium
2499 4697 2545 4766 (Ι
2569 4698 2710 4750 Petr.
2763 4698 2839 4766 ιι).
2896 4698 3048 4753 Unde
3078 4698 3366 4754 sciendum
3401 4707 3483 4754 est
3530 4700 3710 4770 quod,

2084 4786 2227 4841 sicut
2263 4787 2465 4858 Joseph
2497 4804 2525 4842 a
2574 4787 2858 4845 Pharaone
2889 4789 3094 4846 annulo
3146 4797 3200 4846 et
3229 4791 3390 4858 stola,
3421 4796 3476 4844 et
3508 4800 3714 4860 torque

2085 4891 2253 4930 aurea
2281 4881 2508 4930 ornatus
2549 4882 2632 4930 est
2668 4874 2994 4951 figuraliter,
3032 4878 3112 4934 sic
3145 4878 3350 4933 llelena
3381 4877 3711 4932 beatissima

2083 4969 2294 5043 lignum
2321 4970 2500 5025 crucis
2527 4971 2812 5027 exornavit
2843 4971 3225 5040 historialiter,
3258 4972 3484 5044 quando
3513 4971 3586 5026 de
3615 4987 3715 5036 re-_

2081 5062 2222 5134 galis
2241 5061 2633 5117 muniﬁcentiae
2661 5063 2918 5120 thesauro
2946 5063 3195 5120 eamdem
3225 5079 3443 5120 crucem
3465 5063 3711 5138 gemmis

2082 5150 2362 5205 decoravit
2388 5157 2442 5204 et
2470 5166 2623 5206 auro.
2657 5152 2848 5207 Adhuc
2877 5153 3066 5222 etiam,
3099 5153 3242 5209 sicut
3271 5153 3478 5222 Joseph
3507 5159 3704 5224 typum

2086 5238 2247 5294 nobis
2269 5239 2583 5309 praetendit,
2606 5240 2829 5311 quando
2849 5241 3086 5298 diversis
3108 5241 3438 5296 muneribus
3450 5249 3705 5314 ornatus,

2088 5347 2310 5387 currum
2332 5331 2693 5399 iucunditatis
2722 5333 2991 5402 ascendit,
3040 5333 3119 5389 sic
3161 5333 3367 5388 Helena
3398 5333 3714 5388 sacratissi-

2084 5439 2174 5478 ma
2198 5423 2366 5481 hodie
2394 5424 2555 5480 nobis
2577 5440 2746 5480 cornu
2779 5426 2970 5481 salutis
2995 5426 3190 5493 erexit,
3223 5427 3355 5482 dum
3389 5441 3489 5496 pro
3519 5434 3713 5480 nostra

2083 5517 2261 5572 salute
2304 5533 2526 5572 crucem
2571 5517 2908 5574 Dominicam
2954 5519 3025 5573 de
3057 5518 3183 5574 imis
3231 5518 3298 5574 ad
3326 5533 3544 5574 summa
3574 5533 3713 5588 pro-

2079 5606 2244 5668 vexit.
2276 5606 2717 5674 Praetereavero,
2744 5608 2886 5664 sicut
2915 5608 3147 5680 Joseph,
3173 5624 3340 5680 curru
3369 5607 3715 5664 sublimatus

2081 5700 2272 5774 regali,
2302 5717 2439 5757 voce
2467 5702 2808 5772 praeconaria
2830 5705 3030 5760 meruit
3059 5704 3264 5776 ubique
3291 5703 3606 5775 praedicari,
3627 5704 3714 5758 sic
