3920 6054
186 289 283 351 9M

1156 284 1236 344 DE
1276 287 1489 345 LAUDE
1533 285 1611 345 ET
1653 286 1782 344 lNV.
1827 287 1885 346 S.
1931 284 2185 343 CRUCIS.
2228 317 2296 329 --
2337 286 2459 343 LIB.
2506 288 2547 344 l.

3414 291 3517 346 9&2

185 442 242 497 in
267 440 462 497 eodem
502 440 645 498 facto
672 440 910 513 duplicis
938 439 1129 516 gratiae
1173 438 1491 512 mysterium
1522 439 1687 496 nobis
1716 454 1799 495 re-
1819 420 1878 491 Α
1901 418 2085 516 “indi:
2119 420 2368 516 qua")?
2399 432 2560 475 93°00
2609 416 2793 516 fratris
2821 418 2907 474 ευί
2933 418 3175 516 iunioris
3199 419 3329 476 Olim
3354 421 3523 493 ἱυεδίί

186 528 422 601 liquerat
446 529 681 605 grande,
714 530 847 585 dum
894 529 961 583 ad
1023 528 1275 585 eamdem
1331 527 1559 601 ﬁguram
1592 528 1801 601 lignum

186 623 365 679 crucis
394 637 426 677 a
452 623 636 695 plebe,
669 632 723 679 et
750 620 998 679 Chﬁstus
1027 622 1360 694 praedicatur
1386 638 1416 677 a
1443 621 1679 678 Joanne.

836 731 1042 787 CtPUT
1073 732 1159 789 Vl.

191 820 650 890 Quemadmodum
672 822 887 891 Ioseph,
918 822 1250 889 frumentum
1283 821 1600 877 venditurus
1636 820 1808 887 Egy-

258 894 364 963 pti,
393 894 586 947 horrea
612 895 757 961 regis
785 895 1025 963 aperuit,
1050 895 1129 947 sic
1155 893 1357 948 Helena
1382 895 1574 961 regina
1600 891 1811 958 lignum

261 966 435 1019 crucis
458 966 519 1020 in
556 964 744 1020 horreo
768 965 1022 1020 Ecclesia:
1057 964 1210 1020 nobis
1241 966 1453 1035 aperire
1491 963 1806 1035 promeruit.

265 1075 453 1131 Relato
480 1075 646 1149 igitur
670 1063 805 1148 quid
834 1075 1041 1146 Joseph
1074 1091 1168 1131 rex
1207 1073 1563 1146 [Egyptiacus
1594 1073 1810 1142 fecerit,

192 1167 543 1224 referendum
567 1174 647 1224 est
676 1168 841 1223 etiam
866 1167 998 1239 quid
1035 1167 1152 1238 ipse
1179 1167 1386 1238 Joscph
1404 1181 1528 1222 cum
1545 1163 1815 1241 {Egyptiis

193 1274 357 1315 causa
400 1258 760 1315 humanitatis
790 1257 988 1333 egerit,
1032 1273 1102 1312 ne
1142 1258 1231 1313 cui
1290 1267 1530 1314 vestrum
1561 1256 1817 1312 videatur

195 1348 505 1423 indignum,
533 1349 580 1403 si
625 1348 825 1403 factum
868 1347 1019 1402 illius
1051 1346 1395 1403 Dominicum
1444 1345 1715 1401 referatur
1744 1340 1813 1397 ad

191 1437 427 1514 lignum.
461 1437 611 1493 Sicut
658 1437 806 1492 enim
853 1452 1059 1500 carcer,
1112 1450 1221 1509 quo
1256 1435 1358 1492 fuit
1402 1434 1668 1501 inclusus,
1726 1431 1813 1489 vel

194 1548 408 1600 currus,
431 1547 543 1605 quo
577 1539 695 1588 erat
720 1530 1069 1599 sublimatus,
1103 1528 1405 1587 Dominicis
1435 1529 1584 1586 cruci
1617 1543 1816 1583 conve-

193 1626 412 1681 nienter
440 1631 524 1680 est
552 1633 922 1696 comparatus,
955 1625 1037 1682 sic
1063 1622 1368 1701 λευριὶδοί
1423 1622 1684 1679 frumenti
1723 1622 1815 1677 di-

196 1722 337 1778 visio
367 1721 701 1778 vcnerandze
732 1722 913 1777 eidem
946 1722 1096 1778 cruci
1127 1721 1293 1776 simili
1319 1728 1402 1776 est
1426 1719 1639 1775 ratione
1659 1734 1809 1774 com-

198 1812 464 1885 paranda.
498 1812 795 1869 Sciendum
827 1819 909 1867 est
963 1811 1169 1884 quippe
1205 1811 1376 1883 quod,
1420 1809 1563 1865 sicut
1586 1808 1817 1879 Joscph,

198 1906 533 1963 frumentum
585 1906 915 1962 venditurus
972 1904 1263 1979 Egyptiis,
1314 1905 1509 1960 horrea
1534 1902 1817 1959 charitatis

196 1989 433 2072 aperuit,
484 1998 565 2054 sic
619 1998 824 2054 Helena
875 1996 1247 2054 sacratissima
1308 1997 1519 2072 lignum
1584 1995 1640 2050 in
1704 2010 1815 2067 quo

195 2110 429 2168 granum
464 2092 725 2149 frumenti
754 2098 1031 2148 mortuum
1075 2090 1177 2146 fuit
1205 2091 1373 2147 hodie
1406 2089 1566 2146 nobis
1596 2088 1814 2173 aperire

199 2183 528 2255 promeruit,
559 2197 629 2237 nc
661 2196 783 2237 cum
821 2181 1091 2248 Manasse,
1124 2180 1217 2252 qui
1265 2179 1655 2251 interpretatur
1681 2177 1819 2231 obti-

193 2275 301 2335 oio,
325 2273 561 2345 amplius
583 2272 807 2329 daretur
837 2272 894 2328 in
919 2272 1278 2338 oblivionem,
1310 2271 1408 2326 sed
1430 2286 1553 2325 cum
1585 2268 1816 2339 Joseph,

196 2363 290 2435 qui
321 2368 509 2421 auctus
538 2363 759 2431 dicitur,
799 2363 857 2419 in
898 2362 1262 2419 Christianam
1306 2361 1488 2433 potius
1518 2369 1820 2433 augeretur

192 2455 545 2529 religionem.
569 2456 727 2513 Unde
765 2457 894 2528 quia
923 2472 1024 2527 per
1051 2455 1265 2527 antiqui
1292 2453 1586 2526 perfidiam
1616 2452 1816 2518 hostis,

197 2545 357 2615 panis
389 2544 516 2601 fidei
550 2552 606 2602 et
643 2545 926 2601 charitatis
954 2546 1060 2617 jam
1094 2560 1239 2615 pene
1270 2541 1550 2599 defecitin
1585 2540 1821 2597 sitarciis

1848 522 1851 529 '
1904 511 2190 571 abscondi.
2251 512 2481 586 Dignum
2533 513 2741 585 quippe
2779 519 2861 569 est
2901 513 2981 582 u't,
3021 514 3164 571 sicut
3189 530 3256 571 ex
3306 516 3523 572 horreis

1904 606 2107 678 Joseph
2130 606 2378 665 caelestis
2409 606 2566 682 grani
2606 607 2761 679 prius
2798 607 2902 664 fuit
2931 609 3220 665 enucleata
3256 610 3520 678 medulla,

1910 696 1983 753 ita
2012 698 2082 753 de
2128 698 2337 770 scypho
2397 698 2519 768 ejus
2548 699 2813 771 spiritalis
2853 701 3185 758 sacramenti
3219 701 3331 771 jam
3363 702 3524 759 vobis

1908 787 2242 858 pr0pinetur
2256 787 2521 861 ampulla,
2544 788 2680 844 utin
2704 789 3094 847 observatione
3119 791 3255 847 tanti
3281 790 3525 863 mysterii

1909 882 2208 954 participes
2233 882 2354 938 sitis
2380 882 2571 957 gratiae
2603 883 2721 952 Dei,
2755 898 2917 956 quam
2947 884 3001 939 in
3051 884 3418 943 absconsione
3448 886 3521 941 li-

1911 976 2006 1049 gni
2050 976 2321 1034 Dominici
2353 978 2632 1051 quondam
2684 979 2976 1050 perdidere
3024 979 3221 1037 Judaei.
3284 981 3384 1038 Per
3424 982 3525 1040 hoc

1916 1070 2086 1139 enim,
2121 1072 2268 1143 quod
2295 1071 2473 1129 Judaei
2507 1082 2614 1129 tam
2656 1073 2929 1145 profunde
2959 1075 3115 1147 quasi
3147 1074 3202 1131 in
3236 1092 3330 1132 ore
3370 1085 3526 1133 terrai

1914 1161 2123 1235 lignum
2157 1165 2334 1219 crucis
2374 1164 2806 1234 absconderunt,
2838 1166 3038 1225 factum
3083 1168 3288 1242 Joseph
3332 1170 3528 1226 imitari

1915 1251 2235 1323 noluerunt,
2268 1253 2362 1324 qui
2394 1260 2685 1327 postquam
2726 1255 2795 1311 ad
2827 1255 3090 1328 inquisita
3141 1256 3367 1314 fratrum
3408 1275 3533 1315 suo-

1916 1356 2033 1396 rum
2067 1357 2303 1414 quazque
2332 1342 2722 1400 convenientia
2750 1345 3060 1415 respondit,
3093 1347 3316 1402 tandem
3348 1347 3405 1402 in
3437 1363 3532 1404 ore

1914 1432 2059 1488 sacci
2084 1432 2319 1500 junioris
2349 1433 2614 1504 scyphum
2662 1442 2982 1510 argenteum
3013 1436 3325 1492 abscondit.
3382 1437 3531 1494 Sicut

1916 1536 2016 1594 per
2042 1521 2309 1591 scyphum
2341 1521 2607 1593 splendor
2631 1523 2782 1579 verbi
2809 1523 3072 1592 caelestis,
3106 1534 3161 1581 et
3182 1541 3281 1597 per
3310 1543 3529 1583 saccum

1919 1608 2102 1665 littera
2131 1610 2456 1681 exprimitur
2484 1610 2643 1686 legis,
2673 1612 2747 1668 ita
2778 1628 2876 1685 per
2893 1628 2956 1670 os
2983 1614 3124 1670 sacri
3152 1616 3387 1685 iunioris
3415 1618 3531 1672 ani-

1918 1721 2007 1760 ma
2045 1704 2295 1779 signatur
2323 1706 2588 1773 hominis,
2631 1707 2677 1762 si
2720 1715 2904 1763 tamen
2944 1710 3284 1781 peramplius
3322 1720 3377 1775 et
3403 1728 3532 1784 per-

1919 1797 2116 1856 fectius
2131 1799 2315 1855 eidem
2340 1800 2587 1856 adhaeret
2608 1802 2875 1866 scientiae,
2901 1803 2970 1857 de
2990 1819 3101 1876 qua
3126 1804 3392 1876 scriptum
3413 1813 3529 1860 est:

1915 1889 2113 1944 Anima
2139 1889 2275 1959 justi
2297 1890 2461 1946 sedes
2507 1899 2590 1946 est
2618 1892 2930 1965 sapientim.
2965 1894 3119 1951 Unde
3149 1896 3412 1969 quoniam
3436 1897 3532 1952 Jo-

1916 1981 2053 2052 scph
2077 1982 2132 2036 in
2165 1982 2482 2040 summitate
2511 1983 2695 2040 cordis
2721 1985 2829 2048 sui,
2870 1986 3028 2056 quasi
3060 1986 3115 2041 in
3144 2002 3241 2043 ore
3272 1988 3436 2055 sacci,
3467 1989 3534 2044 il-

1917 2076 2023 2131 lam
2044 2092 2268 2150 semper
2290 2077 2513 2134 inclusit
2548 2078 2860 2146 scientiam,
2893 2081 2963 2135 de
2989 2097 3097 2155 qua
3124 2083 3388 2155 scriptum
3419 2092 3529 2140 est:

1921 2164 1991 2221 Os
2011 2165 2160 2235 justi
2203 2167 2557 2223 meditabitur
2605 2169 2933 2238 sapientiam
2986 2169 3156 2239 (Psal.
3198 2175 3339 2242 xvi);
3406 2172 3531 2228 ideo

1921 2270 2017 2312 cor
2043 2256 2165 2325 ejus
2196 2273 2480 2330 nunquam
2508 2258 2734 2315 recessit
2760 2275 2791 2314 a
2821 2258 2944 2334 lege
2976 2258 3167 2331 ipsius.
3216 2260 3346 2327 Sed,
3380 2277 3528 2333 quo-

1921 2347 2067 2402 niam
2121 2364 2151 2403 a
2200 2347 2434 2420 perfidia
2462 2349 2706 2406 Judaicse
2737 2350 3040 2423 impietatis
3081 2352 3244 2426 longe
3284 2363 3529 2409 remotus

1920 2442 2037 2492 erat
2071 2438 2312 2509 scyphus
2352 2438 2499 2494 idem
2529 2439 2809 2506 veritatis;
2841 2438 2969 2495 ideo
3025 2440 3342 2497 thesaurum
3376 2442 3525 2498 illum

1920 2530 2343 2587 desiderabilem
2372 2547 2593 2588 servare
2619 2548 2732 2589 non
2764 2539 3019 2604 poterant
3060 2533 3116 2588 in
3150 2534 3344 2592 intimo
3371 2551 3532 2591 men-

196 2635 423 2704 nostris,
456 2651 685 2692 necesse
702 2643 786 2692 est
812 2642 872 2691 ut
906 2635 973 2690 ad
1003 2651 1193 2690 verum
1224 2634 1428 2705 Joscph
1460 2649 1560 2705 pro
1590 2641 1820 2704 paterno
1920 2620 2010 2686 ῑίεν
2051 2619 2131 2675 de
2161 2636 2271 2692 (Ιυο
2320 2621 2583 2693 scriptum
2625 2631 2738 2678 θεῖε
2791 2621 3103 2679 Thesauri”
3146 2624 3532 2681 ἀθείάοτεὼίιίε

194 2740 340 2796 pane
368 2740 491 2779 cum
520 2724 754 2796 prodigo
787 2723 881 2780 ίιιο
921 2721 1034 2779 {mo
1079 2736 1427 2778 recurramus
1458 2719 1567 2776 ﬁde
1599 2735 1695 2796 γεο
1725 2718 1821 2791 qui
1923 2706 2223 2779 requiescit
2269 2708 2324 2764 in
2356 2725 2452 2765 ore
2506 2710 2796 2782 sapientis.
2838 2710 2994 2768 Unde
3052 2712 3250 2770 mirum
3299 2729 3407 2770 non
3448 2722 3530 2769 est

193 2828 449 2868 reversus
481 2812 548 2868 ad
592 2820 836 2884 patrem:
893 2812 1116 2879 Quanti,
1172 2810 1373 2883 inquit,
1405 2810 1724 2865 mercenarii
1759 2810 1817 2864 in
1917 2801 2088 2872 quod,
2109 2801 2237 2858 licet
2253 2804 2322 2858 ab
2349 2820 2459 2859 una
2480 2805 2743 2880 progenie
2770 2804 2978 2861 fuerint
2995 2806 3199 2878 Joscph
3226 2815 3281 2862 et
3295 2806 3528 2873 Hebrai,

196 2902 353 2961 domo
382 2908 560 2976 patris
590 2907 710 2961 ,τηυξ
763 2904 1040 2960 abundant
1076 2904 1336 2974 panibus,
1368 2918 1461 2971 ego
1504 2905 1681 2957 autem
1732 2900 1817 2955 hic
1917 2889 1974 2945 in
1992 2890 2097 2947 hoc
2116 2898 2301 2947 tamen
2324 2891 2468 2949 facto
2491 2892 2655 2948 aliam
2687 2892 3054 2951 intentionem
3080 2895 3275 2952 habuit
3295 2896 3530 2968 Joscph,

194 2994 342 3061 fame
382 3008 540 3064 pereo
587 2992 737 3064 (Luc.
762 2993 878 3066 xv).
919 2991 1031 3047 Nisi
1060 2992 1209 3047 enim
1264 2992 1331 3046 ad
1383 2988 1816 3062 promerendum
1919 2986 1976 3035 et
2004 2980 2166 3035 aliam
2196 2980 2392 3049 Judaei,
2432 2979 2563 3038 dum
2610 2996 2708 3054 pro
2739 2983 2960 3039 diversa
3008 2984 3272 3057 qualitate
3301 2987 3529 3045 merito-

193 3084 520 3140 aeternitatis
570 3100 801 3158 regnum
857 3083 927 3140 de
990 3083 1219 3139 zizaniis
1254 3084 1512 3139 vitiorum
1555 3081 1819 3137 faciamus
1851 3136 1894 3158 η
1919 3087 2063 3138 rum.
2089 3072 2307 3129 diversa
2337 3074 2501 3130 etiam
2554 3073 2657 3131 fuit
2685 3075 2941 3132 voluntas
2977 3077 3342 3151 singulorum.
3378 3079 3533 3136 Sicut

198 3176 362 3232 nobis
387 3175 682 3233 fasciculos
709 3177 778 3232 ad
809 3176 1274 3243 comburendum,
1329 3190 1677 3248 nequaquam
1723 3173 1816 3229 illo

201 3266 335 3322 boni
389 3266 575 3339 Operis
631 3265 916 3338 manipulo
972 3266 1363 3338 perveniemus
1399 3265 1469 3320 ad
1512 3265 1704 3326 Deum,
1747 3263 1818 3317 de

198 3372 309 3431 quo
352 3358 617 3429 scriptum
651 3365 760 3413 est:
798 3360 1064 3412 Triticum
1102 3360 1418 3427 congregato
1467 3358 1527 3410 in
1573 3356 1818 3411 horreum

196 3461 374 3502 meum
402 3447 617 3517 (Matth.
672 3446 804 3518 xm).
838 3445 1100 3511 Proinde,
1132 3445 1276 3499 sicut
1318 3460 1381 3498 ex
1424 3449 1701 3515 praecepto
1726 3442 1815 3497 Jo-

196 3541 335 3611 seph
361 3538 557 3611 quinta
589 3554 715 3612 pars
758 3536 973 3609 frugum
1015 3537 1388 3613 Egyptiarum
1438 3535 1563 3590 data
1592 3542 1675 3590 est
1705 3534 1817 3609 regi

201 3633 277 3688 ita
317 3630 563 3703 quinque
613 3645 810 3685 sensus
847 3629 1020 3685 nostri
1069 3627 1357 3684 deferendi
1395 3633 1523 3682 sunt
1557 3627 1613 3681 in
1645 3626 1817 3683 obse-

199 3723 390 3796 quium
422 3721 541 3789 Dei,
567 3715 627 3777 ut
650 3736 763 3793 pm
793 3720 988 3793 quinta
1019 3727 1196 3792 parte,
1234 3735 1356 3792 qua).
1382 3717 1691 3774 debebatur
1734 3733 1823 3774 re-

198 3814 385 3888 gibus,
410 3811 660 3885 quinque
681 3824 941 3867 sensuum
965 3820 1277 3867 nostrorum
1297 3808 1602 3865 custodiam
1618 3808 1822 3865 divinis

198 3921 426 3977 semper
450 3904 831 3977 mancipamur
860 3903 1097 3977 legibus.
1126 3903 1234 3958 Nisi
1250 3903 1397 3959 enim
1413 3902 1479 3957 ad
1508 3902 1821 3975 exemplum

199 3997 394 4072 legalis
437 3996 765 4054 sacramenti
819 3996 1244 4071 primogenitum
1284 3994 1527 4051 hominis
1575 3993 1822 4050 redima-

210 4092 333 4145 mus
354 4089 601 4162 quinque
633 4088 783 4144 siclis
813 4086 1049 4161 argenti,
1079 4085 1220 4140 nihil
1258 4085 1421 4140 nobis
1441 4084 1688 4157 quinque
1707 4086 1826 4141 vul-

205 4192 401 4235 nerum
427 4178 621 4233 Christi
671 4175 960 4249 profecere
989 4176 1221 4243 vibices,
1255 4175 1459 4247 quibus
1487 4174 1541 4229 in
1588 4189 1682 4229 ara
1703 4189 1829 4229 cru-

202 4274 283 4330 cis
314 4273 564 4346 quinque
603 4286 866 4327 sensuum
898 4277 1213 4325 nostrorum
1266 4269 1443 4324 voluit
1471 4282 1664 4323 sanare
1689 4268 1829 4323 cica-

203 4364 389 4419 trices.
423 4362 601 4432 Unde,
640 4378 713 4417 ne
741 4361 911 4416 iidem
940 4376 1139 4416 sensus
1187 4360 1358 4415 nostri
1388 4375 1510 4415 cum
1562 4358 1827 4433 Egyptiis

203 4467 236 4506 a
268 4450 377 4507 fide
430 4458 487 4506 et
533 4451 798 4508 charitate
835 4449 1128 4507 videantur
1166 4448 1368 4520 jejuni,
1399 4464 1586 4503 verum
1617 4447 1823 4519 JOscph

206 4545 507 4618 implorare
565 4544 837 4601 debemus
895 4543 1146 4600 oratione
1204 4543 1512 4608 communi;
1554 4549 1828 4614 quatenus

1918 3163 2065 3218 enim
2096 3164 2309 3236 Joscph
2333 3166 2401 3221 ad
2422 3165 2799 3240 castigandam
2826 3167 3081 3225 fratemaz
3108 3170 3409 3243 impietatis
3430 3187 3528 3227 au-

1919 3252 2156 3323 daciam,
2170 3254 2228 3310 in
2244 3254 2556 3311 reclusione
2568 3256 2762 3327 scyphi
2777 3256 2928 3313 illius
2949 3260 3340 3316 contumeliam
3355 3267 3531 3318 muta-

1919 3342 2080 3399 vit'in
2108 3343 2360 3416 gratiam,
2394 3344 2470 3399 ita
2505 3344 2680 3400 Judaei
2721 3347 2999 3404 contrario
3028 3348 3097 3403 ad
3126 3348 3530 3405 obscurandam

1921 3428 2241 3488 Christianae
2290 3431 2577 3506 religionis
2635 3434 2977 3497 memoriam,
3043 3436 3099 3491 in
3160 3436 3531 3494 absconsione

1918 3519 2100 3576 crucis
2128 3522 2520 3579 contumeliam
2563 3522 2726 3578 nobis
2764 3524 2950 3594 potius
3000 3531 3329 3596 optaverunt
3364 3543 3528 3599 quam

1922 3611 2172 3688 gloriam.
2226 3614 2285 3669 lu
2326 3629 2436 3686 qua
2461 3614 2719 3671 videlicet
2748 3631 2808 3671 re
2853 3615 3021 3672 nimis
3062 3616 3338 3674 malitiose
3377 3618 3531 3674 fece-

1924 3714 2070 3777 runt,
2103 3709 2232 3764 dum
2262 3709 2331 3764 ad
2384 3710 2777 3766 contumeliam
2822 3719 3062 3767 nostram
3101 3718 3251 3768 tanto
3283 3719 3535 3785 tempore

1924 3801 2245 3858 thesaurum
2276 3802 2587 3860 Divinitatis
2613 3803 3044 3873 absconderant,
3076 3820 3202 3861 cum
3245 3805 3419 3863 satius
3447 3806 3531 3863 eis

1927 3900 2075 3949 esset
2095 3910 2218 3950 cum
2239 3893 2443 3968 Joscph
2465 3896 2734 3968 scyphum
2764 3896 3013 3954 veritatis
3043 3897 3343 3967 invenisse,
3369 3915 3533 3972 quam

1928 4000 2029 4056 pro
2090 3983 2299 4041 invidia
2354 3984 2789 4045 Christianorum
2832 3989 3026 4046 tandiu
3081 3989 3292 4066 lignum
3358 3991 3537 4048 crucis

1928 4079 2306 4136 abscondisse.
2356 4080 2416 4137 Et
2464 4098 2611 4151 cum,
2672 4084 2827 4153 juxta
2885 4093 3223 4158 praeceptum
3277 4086 3436 4161 legis,
3469 4087 3537 4143 ad

1927 4169 2305 4245 obtegendum
2365 4171 2556 4229 fimum
2595 4173 2839 4231 Judaicte
2903 4175 3107 4244 sordis,
3161 4191 3286 4233 cum
3340 4177 3536 4233 eodem

1929 4263 2133 4336 Joscph
2156 4264 2417 4336 paxillum
2446 4267 2889 4338 compuuctionis
2915 4277 3138 4340 portare
3153 4268 3420 4324 deberent
3434 4271 3537 4325 sub

1929 4357 2113 4416 balteo
2150 4359 2356 4424 cordis,
2407 4362 2717 4417 eeontrario
2762 4360 2915 4429 fidei,
2974 4363 3096 4434 spei
3150 4370 3205 4418 et
3260 4363 3542 4421 charitatis

1929 4452 2164 4508 amisere
2195 4452 2479 4524 paxillum,
2519 4454 2650 4508 dum
2699 4468 2798 4526 per
2845 4454 3067 4511 invidiae
3096 4454 3376 4510 stimulum
3434 4455 3541 4510 Do-

1930 4542 2145 4599 minicas
2173 4544 2353 4600 crucis
2380 4553 2564 4599 texere
2594 4544 2875 4600 vexillum.
2910 4544 3017 4600 Sed
3050 4545 3154 4602 hoc
3192 4546 3389 4602 mirum
3424 4562 3535 4603 non

208 4637 349 4708 ipse,
392 4636 485 4708 qui
520 4651 619 4707 pro
648 4635 889 4690 humana
918 4633 1093 4688 salute
1125 4630 1406 4704 quondam
1452 4630 1672 4686 volebat
1701 4645 1830 4686 esu-
1928 4638 2012 4686 est
2041 4631 2185 4703 quod
2215 4632 2320 4687 sub
2348 4631 2535 4687 balteo
2587 4631 2772 4688 cordis
2831 4632 3093 4703 paxillum
3126 4648 3237 4690 non
3296 4635 3537 4692 habuere

207 4726 319 4783 rire
356 4727 411 4783 in
465 4727 698 4803 [Egypto
747 4723 1126 4781 tribulationis
1178 4722 1356 4789 istius,
1390 4721 1692 4793 unieuique
1724 4736 1831 4777 no-
1929 4720 2397 4791 compunctionis,
2428 4721 2521 4792 qui
2571 4719 2627 4776 in
2670 4721 2865 4778 intimo
2898 4722 3144 4779 habuere
3184 4725 3386 4781 mentis
3415 4743 3540 4800 scy-

207 4823 384 4873 strum
446 4816 641 4871 horrea
687 4812 972 4870 charitatis
1018 4812 1281 4887 dignetur
1325 4810 1565 4883 aperire,
1595 4825 1827 4883 granum
1929 4810 2102 4882 phum
2166 4811 2404 4883 perdere
2470 4812 2810 4886 dilectionis,
2860 4816 2994 4887 quia
3045 4833 3209 4873 curru
3258 4819 3540 4891 superbize

207 4904 470 4961 videlicet
505 4902 658 4960 verbi
700 4903 941 4959 caelestis
969 4901 1219 4959 interiori
1244 4900 1482 4958 offerens
1506 4900 1700 4967 menti,
1734 4898 1827 4973 qui
1929 4919 2043 4959 suae
2073 4903 2129 4959 in
2159 4919 2435 4961 carcerem
2467 4904 2757 4963 diabolicae
2813 4908 3165 4980 captivitatis~
3194 4912 3542 4984 praecipitati,

207 5007 313 5066 per
333 5001 568 5049 mortem
596 4992 776 5049 crucis
804 4991 1051 5063 seipsum
1092 5005 1413 5062 comparare
1440 4990 1617 5047 voluit
1657 5003 1830 5064 grano
1934 4995 2003 5051 ab
2026 4996 2230 5052 horreo
2274 4995 2532 5053 Ecclesiae
2563 5005 2619 5054 et
2645 4999 2855 5073 scypho
2884 5000 3171 5072 sapientiae
3201 5001 3354 5060 fuere
3383 5019 3545 5076 sepa-

210 5085 497 5142 frumenti.
841 5153 1045 5167 mam
1935 5087 2061 5145 rati.
2091 5086 2247 5144 Unde
2276 5103 2348 5145 ne
2369 5103 2472 5144 nos
2502 5088 2699 5146 eodem
2730 5092 2903 5149 modo
2925 5093 2992 5148 ab
3015 5086 3544 5167 antiquot’haraone

1936 5176 2226 5237 videamur
2277 5177 2626 5247 incarcerari,
2667 5195 2826 5237 curru
2865 5180 3191 5238 humilitatis
3246 5189 3301 5238 et
3340 5184 3548 5254 patien-

1938 5269 2030 5326 tia;
2071 5282 2194 5325 cum
2226 5269 2427 5342 Joscph
2455 5270 2730 5328 debemus
2766 5272 2990 5339 elevari,
3017 5281 3078 5330 ut
3112 5273 3172 5329 in
3209 5274 3409 5331 horreo
3443 5275 3546 5332 Ec-

1940 5358 2124 5415 clesiae
2167 5372 2278 5415 non
2307 5357 2484 5415 solum
2513 5360 2777 5432 spiritalis
2828 5362 2990 5419 tritici
3043 5378 3305 5420 mensura
3354 5364 3550 5435 cibari,

295 5453 483 5530 igitur,
514 5452 655 5508 sicut
693 5450 937 5507 medulla
966 5449 1152 5518 tritici,
1206 5464 1331 5521 quae
1362 5447 1466 5504 sub
1511 5447 1842 5524 {Egyptiacae
1942 5453 2041 5511 sed
2089 5452 2253 5509 etiam
2284 5452 2497 5525 scypho
2525 5454 2770 5512 coelestia
2822 5455 3031 5529 eloquii
3058 5444 3379 5514 mereamur
3425 5475 3550 5516 cum

220 5543 509 5600 servitutis
525 5540 683 5614 palea
699 5538 1010 5597 diutissime
1031 5537 1209 5606 latuit,
1237 5537 1395 5613 grani
1426 5538 1671 5595 calcatis
1698 5552 1838 5594 veu-
1939 5541 2476 5600 Christoinebriante
2494 5546 2693 5617 potari.
2713 5547 2911 5620 Sicque
2933 5545 3168 5618 spiritali
3184 5559 3530 5608 sacramento
3541 5566 3571 5622 ,ι

218 5636 476 5696 tilatiouc
509 5639 621 5710 jam
662 5634 827 5692 nobis
865 5634 1216 5707 apertissime
1244 5633 1439 5707 patuit,
1484 5634 1559 5690 ita
1596 5634 1841 5706 scyphus
1939 5632 2097 5707 quasi
2135 5624 2308 5706 opere
2356 5632 2765 5708 distinguentcs
2801 5635 3138 5710 anaglypho,
3186 5638 3321 5709 quid
3360 5641 3557 5696 eodem

231 5731 567 5803 inefloseph
598 5744 950 5803 nequaquam
992 5727 1155 5785 debet
1187 5742 1217 5782 a
1247 5736 1425 5785 vestra
1469 5726 1734 5785 charitate
1761 5741 1845 5783 re-
1945 5739 2163 5782 carcere
2201 5731 2254 5780 et
2285 5739 2472 5795 curru,
2504 5724 2707 5798 quidve
2745 5725 3022 5784 frumento
3077 5726 3422 5803 significetur
3465 5741 3559 5788 aut

837 5153 1045 5211 CAPUT
1086 5154 1198 5209 Vll.

218 5269 675 5339 Quemadmodum
690 5267 884 5339 Ioseph
904 5270 963 5322 in
981 5282 1132 5323 sacco
1146 5268 1349 5335 fratris
1355 5267 1602 5337 iunioris
1620 5267 1840 5325 abscon-

354 5343 439 5397 dit
465 5342 751 5412 scyphum,
790 5344 870 5396 sic
894 5339 1068 5395 ludat
1098 5339 1307 5407 lignum
1344 5340 1702 5395 Dominicum.
