3920 6054
416 241 456 318 '9
468 265 527 319 t3

1418 266 1778 325 BERENGOSI
1821 271 2093 326 ABBATIS
2133 273 2186 331 S.
2231 273 2466 332 MAXIMI
2506 276 2770 339 TBEWR.

3651 280 3755 346 ou

419 397 652 469 scypho,
684 394 914 467 dignum
945 398 1027 449 est
1053 401 1112 449 ut
1142 392 1519 452 inventionem
1546 396 1601 454 S.
1643 399 1822 454 crucis
1861 400 2028 457 hodie
2050 407 2105 476 Α
2131 404 2448 492 ᾼΗοριιδιιος
2477 408 2578 462 nisi
2611 408 2819 480 Judaei;
2852 411 2987 484 quid
3019 428 3147 469 vero
3170 428 3267 484 per
3297 421 3493 486 puteos
3517 419 3630 474 nisi
3653 437 3758 492 pro

417 504 530 545 non
581 486 884 543 debeamus
927 486 1209 557 praeterire
1264 486 1507 557 silentio,
1566 505 1730 561 quam
1794 492 2028 547 carceris

416 581 723 654 apertio,et
750 595 944 636 currus
963 579 1237 648 ascensio,
1265 596 1498 653 quamve
1522 580 1778 639 frumenti
1806 583 2024 653 divisio,

415 680 472 729 et
499 670 694 743 scyphi
723 674 949 727 testatur
968 667 1238 726 inventio.

1032 773 1242 831 CAPUT
1271 774 1408 831 Vlll.

414 870 591 927 Sicuti
616 868 693 924 ad
731 868 1032 938 exemplum
1056 869 1211 923 Isaac
1262 868 1403 923 oculi
1423 868 1729 925 Judteorum
1759 871 2030 939 caligat-e—

485 945 634 1006 runt,
665 941 881 1013 quando
908 954 1031 1013 _pro
1082 939 1301 1013 inuidia
1341 940 1771 997 Christianorum
1820 944 2022 1013 lignum

485 1013 659 1067 crucis
688 1011 1106 1073 absconderant;
1137 1012 1216 1064 ita
1242 1011 1449 1078 lignum
1469 1015 1643 1067 crucis
1672 1014 1813 1067 idem
1841 1011 2020 1083 popu-

486 1085 569 1138 lus
589 1085 791 1138 invitus
820 1084 1056 1151 aperuit,
1089 1097 1193 1151 quo
1235 1083 1384 1136 lsaac
1407 1084 1580 1150 ﬁlium
1608 1100 1767 1138 suum
1786 1088 2023 1141 nesciens

484 1155 775 1210 benedixit.

486 1246 620 1301 Ecce
650 1242 778 1316 quia
814 1256 994 1297 sermo
1043 1247 1230 1296 noster
1257 1241 1655 1312 aliquantulum
1695 1249 1779 1297 est
1821 1244 2025 1299 dilatus

412 1353 538 1393 cum
575 1336 796 1406 .laphet,
827 1332 957 1388 dum
1009 1347 1108 1403 pro
1138 1331 1490 1403 prmdicando
1529 1335 1793 1405 mysterio
1820 1336 2020 1401 crucis,

412 1423 733 1497 aliquandiu
774 1420 1048 1476 imlnorati
1091 1436 1282 1475 sumus
1328 1436 1452 1476 cum
1483 1421 1710 1493 Joseph,
1764 1431 1930 1479 restat
1964 1433 2023 1480 ut

409 1519 521 1587 jam
551 1532 614 1571 ex
653 1522 887 1583 utraque
919 1511 1042 1586 lege
1071 1510 1277 1583 absque
1302 1512 1481 1582 pretio
1511 1522 1917 1570 commutantes
1942 1516 2024 1571 vi-

417 1621 547 1659 num
572 1613 629 1659 et
649 1604 752 1670 Iac,
786 1602 856 1656 de
886 1601 1098 1656 horreis
1126 1600 1330 1672 .loseph
1358 1602 1426 1656 ad
1456 1609 1652 1672 puteos
1681 1612 2024 1660 transeamus

406 1681 583 1751 lsaac.
618 1693 723 1749 Sed
757 1692 1077 1765 priusquam
1128 1692 1198 1747 de
1228 1692 1438 1748 eisdem
1470 1694 1652 1763 puteis
1682 1694 1891 1767 aliquid
1934 1696 2022 1750 di-
2051 1718 2066 1767 _-

2129 491 2373 550 funditas
2420 497 2669 571 signatur
2705 499 3109 572 Scripturarum
3142 503 3236 558 Dei
3260 504 3287 558 ?
3326 504 3504 563 Judaei
3538 491 3754 565 etenim

2126 582 2431 655 AIIOphylis
2443 602 2553 643 non
2574 587 2877 663 incongrue
2894 599 3306 663 comparantur,
3326 595 3419 667 qui
3439 596 3494 650 in
3512 597 3758 654 abscon-

2128 672 2287 729 sione
2316 675 2450 749 ligni
2485 678 2755 735 Dominici
2787 682 3040 739 humanae
3069 684 3233 740 saluti
3264 685 3357 741 diu
3388 687 3749 758 insidiantur,

2131 779 2244 821 non
2265 769 2615 825 attendentes
2628 770 2886 828 videlicet
2902 773 3141 847 elogium
3164 775 3296 831 illud
3309 779 3585 847 proverbii
3603 782 3752 837 anti-

2128 858 2244 932 qui,
2276 859 2332 914 in
2372 876 2484 932 quo
2523 861 2730 918 dictum
2772 871 2885 919 est:
2917 867 2985 922 In
3023 867 3241 923 insidiis
3292 872 3406 924 suis
3452 874 3750 942 capientur

2122 951 2297 1022 iniqui
2327 955 2504 1019 (Prov.
2534 954 2631 1022 χι).
2665 955 2819 1012 Unde
2863 957 3059 1013 mirum
3110 976 3220 1016 non
3251 969 3337 1017 est
3386 964 3557 1035 quod,
3598 965 3748 1022 sicut

2124 1044 2393 1117 A110phyli
2421 1062 2620 1118 aquam
2633 1048 2812 1103 vivam
2837 1049 3167 1121 obruerunt,
3197 1053 3327 1109 dum
3352 1063 3568 1127 puteos,
3600 1074 3746 1130 quos

2127 1134 2277 1188 lsaac
2297 1134 2526 1203 foderat,
2562 1137 2730 1193 humo
2780 1140 3156 1210 repleverunt,
3205 1143 3287 1199 sic
3313 1144 3493 1200 Judaei
3525 1147 3578 1201 in
3614 1147 3745 1204 abs.

2125 1226 2390 1282 consione
2442 1226 2575 1302 ligni
2626 1228 2898 1287 Dominici
2936 1247 3132 1304 aquam
3170 1233 3316 1289 illam
3362 1235 3600 1292 obruere
3655 1254 3746 1294 su-

2124 1328 2373 1383 pernam,
2403 1314 2472 1370 de
2503 1332 2611 1387 qua
2649 1317 2912 1389 scriptum
2972 1327 3099 1375 est:
3145 1322 3250 1388 Qui
3302 1323 3492 1380 biberit
3537 1341 3740 1397 aquam

2120 1423 2291 1480 quam
2315 1424 2408 1477 ego
2438 1410 2509 1466 do
2535 1414 2603 1479 ei,
2622 1412 2714 1481 ﬁet
2736 1416 2793 1468 in
2812 1430 2867 1468 eo
2892 1404 3019 1481 fons
3041 1432 3196 1486 aquae
3219 1418 3463 1474 salientis
3481 1422 3541 1475 in
3566 1424 3739 1477 vitam

2121 1503 2377 1555 (sternam
2400 1502 2576 1571 (Joan,
2600 1503 2691 1574 tv).
2719 1504 2823 1560 Sed
2847 1506 3049 1579 gratias
3073 1507 3183 1563 Deo
3201 1509 3373 1580 quod,
3397 1510 3541 1565 sicut
3563 1512 3739 1578 lsaac,

2123 1588 2190 1642 ad
2222 1590 2679 1663 exstinguendam
2710 1593 2859 1649 sitim
2900 1595 3269 1662 credentium,
3310 1597 3562 1655 invenire
3622 1617 3743 1658 me-

2122 1680 2233 1736 ruit
2262 1691 2457 1752 puteos
2487 1700 2749 1755 aquarum
2781 1686 3106 1751 viventium,
3141 1689 3221 1744 sic
3246 1689 3419 1746 ludas
3450 1691 3736 1761 Hebraeus,

413 1800 623 1850 camus,
646 1781 722 1837 nil
750 1753 990 1838 obstatsi
1015 1780 1083 1835 de
1112 1780 1351 1855 caligine
1382 1753 1667 1837 oculorum
1701 1753 1822 1853 ejus
1849 1800 2021 1856 pauca
2051 1753 2097 1821 Β
2121 1769 2251 1826 licet
2280 1772 2408 1828 ιιυῖο
2446 1776 2599 1846 Operi
2634 1792 2693 1831 5°
2750 1777 3056 1834 θιθηιίῑθτθῖ
3094 1778 3408 1855 indignum:
3451 1783 3734 1841 hOdiema

416 1876 834 1948 praemittamus,
876 1873 1153 1945 praecipue
1205 1889 1353 1939 cum,
1386 1874 1695 1929 secundum
1737 1891 2021 1947 compara-

414 1971 619 2025 tionem
645 1967 777 2023 boni
804 1974 858 2021 et
897 1964 1050 2028 mali,
1080 1965 1302 2020 caecitas
1338 1966 1489 2021 illius
1518 1968 1748 2022 cazcitati
1793 1968 2021 2024 Judaeov

412 2072 531 2111 rum
551 2054 720 2129 digne
746 2052 919 2124 possit
939 2053 1165 2124 aequari.
1190 2053 1306 2108 Non
1333 2059 1417 2107 est
1445 2062 1626 2110 autem
1644 2055 1769 2110 sine
1794 2071 1849 2111 re
1875 2056 2024 2127 quod

413 2150 553 2205 hanc
580 2147 879 2203 cacitatem
911 2143 1058 2200 filius
1088 2144 1319 2201 incurrit
1356 2146 1604 2214 Abrahte,
1638 2148 1887 2219 quamvis
1915 2164 2022 2204 ca:-

411 2238 547 2294 citas
573 2226 685 2303 illa,
737 2249 860 2305 qua:
911 2232 1145 2304 contigit
1194 2232 1252 2287 in
1305 2234 1491 2302 lsrael,
1553 2250 1663 2291 non
1717 2236 1913 2293 fuisset
1960 2253 2024 2293 ex

411 2328 681 2385 Abraham
721 2336 776 2382 et
822 2326 976 2392 Sara,
1007 2325 1105 2381 sed
1135 2341 1199 2382 ex
1248 2327 1392 2401 Agar
1429 2336 1484 2383 et
1517 2328 1739 2384 lsmacl.
1777 2330 1832 2384 Si
1877 2330 2025 2387 enim

413 2426 544 2481 Sara
575 2423 842 2479 referatur
870 2420 940 2475 ad
980 2422 1136 2496 Agar.
1173 2421 1342 2476 altera
1374 2422 1531 2477 alteri
1556 2422 1807 2479 libertate
1839 2424 2027 2496 dispar

411 2526 466 2572 et
495 2515 816 2572 conditione
873 2512 933 2568 ﬁt
968 2529 1094 2584 par;
1138 2512 1271 2585 quia
1314 2528 1423 2570 non
1459 2514 1702 2587 ignotum
1736 2523 1820 2570 est
1869 2517 2026 2572 vobis

412 2627 537 2683 qua:
568 2610 657 2665 vel
694 2608 785 2664 illa
815 2606 1011 2663 fuisset
1039 2612 1132 2661 aut
1160 2605 1273 2671 illa,
1297 2622 1419 2661 cum
1443 2623 1554 2661 una
1583 2617 1731 2663 esset
1759 2608 1950 2675 libera,
1972 2617 2027 2664 et

411 2699 518 2753 alia
556 2696 771 2753 ancilla.
808 2695 961 2751 Unde
998 2694 1262 2766 quoniam
1317 2695 1568 2750 libertate
1608 2696 1774 2759 unius
1802 2696 2026 2753 donavit

411 2808 514 2848 nos
544 2791 705 2857 Deus,
734 2789 862 2845 ideo
893 2785 1152 2844 servitute
1182 2787 1409 2844 alterius
1446 2787 1681 2858 deprimi
1714 2804 1824 2844 non
1855 2790 2023 2844 debe-

410 2900 554 2950 mus,
586 2890 647 2938 ut
675 2897 799 2937 cum
854 2880 1004 2949 lsaac
1034 2885 1141 2935 tam
1200 2878 1496 2949 perfectam
1529 2894 1934 2951 consequamur
1962 2880 2025 2935 li-

408 2975 699 3039 bertatem,
731 2979 791 3026 ut
818 2970 1075 3041 exemplo
1110 2970 1262 3024 illius
1311 2985 1659 3041 nequaquam
1704 2971 2018 3027 Judteorum

2124 1861 2214 1917 die
2256 1864 2596 1921 Dominicum
2654 1868 2940 1925 invenerat
2979 1871 3213 1947 lignum.
3271 1873 3541 1932 Praeterea
3580 1892 3732 1949 vero,

2124 1955 2263 2010 sicut
2291 1956 2565 2029 Allophyli
2610 1968 2804 2030 puteos
2841 1962 3264 2033 Scripturarum,
3306 1972 3451 2022 terra
3506 1967 3737 2023 malitiae

2125 2057 2237 2098 suae
2266 2044 2333 2098 ad
2368 2045 2471 2101 hoc
2492 2047 2836 2125 conabantur
2864 2051 3103 2107 obruere
3136 2069 3205 2108 ne
3245 2054 3511 2125 spiritalis
3559 2056 3734 2111 intel-

2124 2133 2366 2209 ligentiae
2397 2138 2465 2193 de
2500 2139 2582 2194 eis
2616 2156 2745 2195 vera
2775 2149 2961 2212 posset
3005 2160 3148 2215 aqua
3204 2145 3503 2216 proﬂuere,
3542 2148 3620 2203 ita
3649 2151 3745 2205 Ju-

2126 2228 2229 2283 daei
2263 2229 2475 2304 lignum
2534 2232 2590 2287 S.
2640 2233 2819 2288 crucis
2841 2234 2935 2290 diu
2963 2234 3225 2291 volebant
3255 2237 3423 2294 humo
3449 2239 3742 2309 suﬂ'ocare,

2126 2336 2195 2374 ne
2222 2321 2463 2393 mysterii
2490 2322 2743 2378 salutaris
2763 2324 2891 2380 inde
2914 2326 3078 2382 nobis
3104 2336 3293 2400 posset
3316 2330 3464 2385 unda
3492 2348 3737 2389 manare.

2128 2406 2281 2463 Unde
2310 2425 2535 2465 necesse
2564 2418 2647 2466 est
2677 2412 2836 2468 nobis
2866 2421 2944 2479 ut,
2978 2414 3123 2470 sicut
3153 2417 3303 2473 lsaac
3328 2418 3397 2473 de
3426 2421 3612 2490 puteis
3643 2437 3739 2493 pa—

2127 2506 2268 2555 trum
2301 2516 2528 2556 suorum
2558 2502 2625 2557 ad
2659 2503 2764 2558 hoc
2793 2504 3007 2560 solebat
3040 2507 3246 2575 ejicere
3287 2518 3487 2564 terram
3528 2521 3588 2566 ut
3618 2529 3745 2584 gra-

2126 2590 2214 2646 tiae
2254 2591 2507 2646 salutaris
2541 2608 2739 2664 aquam
2782 2602 2970 2665 posset
3000 2595 3248 2652 invenire
3294 2614 3617 2671 supernam,
3665 2603 3741 2657 ita

2126 2690 2180 2737 ct
2206 2698 2307 2738 nos
2336 2698 2435 2753 pro
2463 2684 2792 2755 inquirenda
2822 2685 3085 2756 spiritalis
3143 2687 3526 2763 intelligentia:
3564 2691 3739 2757 unda,

2127 2773 2317 2849 tandiu
2339 2774 2735 2848 cogitationum
2758 2782 3069 2830 nostrarum
3103 2776 3410 2833 debeamus
3441 2787 3739 2850 penetrare

2124 2848 2416 2936 profunda,
2459 2866 2816 2939 quoadusque
2844 2866 2912 2922 de
2942 2876 3112 2938 puteo
3141 2869 3328 2925 cordis
3365 2848 3536 2925 nostri
3569 2873 3742 2927 totius

2123 2957 2344 3013 malitia:
2384 2965 2529 3013 terra
2564 2958 2800 3027 sublata,
2849 2976 2949 3030 per
2982 2961 3305 3032 mysterium
3355 2963 3536 3018 crucis
3593 2980 3739 3020 verae

408 3065 690 3120 imitemur
713 3062 1043 3118 caecitatem.
1074 3060 1131 3115 Si
1160 3059 1307 3115 enim
1352 3060 1472 3130 ipse
1497 3060 1897 3132 aliquantulum
1921 3078 2020 3118 ex-
2057 3124 2093 3132 Α
2121 3051 2453 3108 innocenti“?
2486 3069 2625 3124 Pura
2666 3054 2828 3110 ηοδίε
2859 3054 3216 3126 resplendeat
3254 3073 3419 3129 aqua-

406 3155 702 3214 terioribns
729 3153 907 3209 oculis
930 3151 1188 3226 caligavit
1218 3151 1370 3217 ,dum
1398 3151 1454 3206 in
1494 3153 1681 3224 seipso
1721 3153 2017 3210 caecitatem
2046 3124 2095 3193 (δ

401 3254 717 3311 Iudaeorum
740 3247 1061 3323 spiritaliter
1074 3247 1446 3320 praesignavit,
1475 3248 1646 3304 multo
1673 3249 1850 3325 magis
1871 3251 2016 3307 idem

398 3342 660 3401 Judaieus
712 3339 952 3413 populus
981 3339 1169 3394 lumen
1208 3338 1455 3394 veritatis
1518 3338 1750 3394 interius
1805 3340 2015 3407 amisit;

399 3436 530 3491 dum
563 3434 619 3489 in
649 3429 1021 3488 absconsione
1053 3429 1187 3505 ligni
1221 3428 1492 3485 Dominici
1529 3429 1775 3501 seipsum
1815 3432 1884 3486 ab
1915 3432 2012 3489 Ec-

397 3524 580 3582 clesiae
609 3522 822 3578 unitate
861 3519 1070 3576 divisit.
1131 3517 1237 3573 Sed
1267 3518 1472 3591 gratias
1517 3517 1625 3573 Deo
1658 3520 1832 3590 quod,
1866 3520 2009 3577 sicut

395 3615 541 3673 oculi
567 3615 884 3671 Judaeorum
915 3611 1072 3683 quasi
1105 3625 1227 3666 cum
1260 3610 1409 3666 lsaac
1437 3610 1570 3665 olim
1608 3610 2006 3685 caligaverunt.

394 3707 525 3763 dum
559 3721 657 3778 pro
689 3704 889 3774 injuria
938 3701 1365 3758 Christianorum
1395 3702 1652 3757 eumdem
1688 3702 2007 3759 thesaurum

396 3791 1147 3855 Divinitatisoccultaverunt,
1177 3789 1257 3844 sic
1287 3787 1432 3845 idem
1457 3792 1696 3861 populus
1729 3791 1784 3846 in
1814 3792 2009 3848 inven-

392 3889 544 3945 tione
565 3888 617 3943 S.
647 3885 829 3941 crucis
842 3884 1100 3939 eamdem
1132 3882 1582 3939 benedictionem
1616 3884 1775 3940 nobis
1805 3885 2011 3943 invitus

2765 3168 2975 3224 CAPUT
3036 3169 3095 3225 Χ.

2120 3256 2388 3323 Quomodo
2416 3260 2606 3327 puteus
2625 3258 2732 3323 ille,
2765 3260 2855 3313 cui
2880 3273 3070 3314 nomen
3095 3264 3172 3314 est
3200 3262 3429 3315 vivmttis
3459 3265 3510 3316 et
3544 3263 3745 3316 viden—

2190 3330 2281 3392 tis.
2311 3332 2593 3383 convenire
2617 3334 2791 3399 possit
2825 3334 2986 3400 puteo
3016 3332 3192 3386 divini
3221 3334 3505 3399 sanguinis
3535 3338 3587 3388 et
3621 3349 3741 3402 my-

2187 3402 2348 3454 sterio
2375 3403 2575 3455 crucis.

2181 3508 2320 3584 Ergo
2339 3509 2481 3566 sicut
2498 3511 2565 3565 ad
2585 3511 2992 3567 emundandam
3026 3513 3264 3569 carnalis
3284 3520 3339 3571 et
3360 3515 3733 3574 immunditiaa

2109 3597 2349 3652 cloacam
2370 3597 2423 3652 in
2455 3599 2637 3670 puteis
2661 3600 2808 3656 Isaac
2832 3601 3136 3671 spiritalem
3164 3603 3479 3659 invenimus
3501 3620 3730 3677 aquam.

2109 3690 2185 3747 ita
2215 3710 2362 3749 nunc
2410 3694 2571 3749 nobis
2621 3695 2691 3750 ad
2738 3695 3113 3771 irrigationcm
3148 3696 3369 3769 proﬁcit
3420 3701 3653 3768 mentis,
3687 3704 3736 3757 si

2109 3804 2232 3844 cum
2265 3790 2462 3846 eodem
2505 3791 2657 3848 lsaac
2712 3792 2894 3848 adhuc
2942 3810 3311 3865 properemus
3349 3796 3415 3850 ad
3471 3804 3733 3868 puteum,

2110 3881 2199 3936 cui
2232 3897 2433 3937 nomen
2463 3891 2518 3938 et
2555 3884 2792 3940 viventis
2819 3891 2874 3940 et
2920 3886 3184 3943 videntis.
3237 3888 3387 3943 Licet
3425 3889 3577 3944 enim
3614 3888 3735 3945 illic

393 3977 630 4040 inﬂuxit,
669 3991 779 4047 qua
816 3972 1074 4045 prmfatus
1123 3972 1273 4027 lsaac
1310 3973 1589 4044 quondam
1631 3972 1804 4030 tilium
1850 3992 2007 4032 suum
2110 3973 2260 4044 putei
2293 3974 2406 4029 sint
2460 3976 2664 4047 plures,
2706 3986 2765 4033 et
2815 3978 2903 4033 hic
2958 3995 3125 4047 unus,
3165 3996 3265 4050 per
3297 3996 3492 4036 omnes
3545 3992 3734 4037 tamen

392 4067 651 4123 nesciens
678 4064 963 4121 benedixit
1017 4064 1171 4119 Sicut
1201 4063 1348 4118 enim
1392 4063 1542 4120 lsaac
1573 4063 1687 4121 filio
1707 4082 1809 4123 suo
1838 4067 2008 4124 bene-
2109 4064 2276 4119 unius
2299 4067 2628 4121 sacramenti
2667 4067 2830 4123 nobis
2856 4067 3084 4125 offertur
3111 4087 3337 4138 munus,
3372 4074 3641 4144 quoniam
3678 4074 3734 4127 in

391 4160 689 4216 dictionem
720 4157 978 4213 nesciens
1009 4154 1268 4227 porrexit,
1309 4162 1365 4210 et
1394 4162 1577 4211 tamen
1608 4157 1740 4229 quid
1774 4159 1824 4214 ei
1858 4159 2007 4216 fulu-
2106 4156 2365 4211 omnibus
2394 4173 2505 4212 una
2535 4156 2709 4232 ﬁgura
2745 4168 3014 4228 versam".
3046 4163 3175 4217 dum
3227 4163 3281 4217 ίη
3312 4163 3549 4238 singulis
3599 4166 3731 4236 qui-

391 4272 507 4312 rum
539 4261 687 4311 esset
740 4253 905 4327 longe
962 4258 1090 4307 ante
1134 4249 1437 4322 prospexit,
1485 4250 1566 4306 sic
1611 4251 1873 4308 Judaicus
1908 4254 2004 4310 ille
2108 4243 2322 4317 busque
2353 4258 2506 4302 saera
2535 4247 2816 4319 Scriptura
2843 4250 3113 4325 signatur.
3159 4251 3290 4316 Quis
3320 4260 3502 4307 autem
3533 4261 3621 4309 est
3653 4255 3733 4308 vi-

390 4346 628 4418 ροριιιιιε
688 4341 1004 4414 exemplum
1080 4355 1326 4411 sequens
1381 4338 1630 4408 ejusdem
1714 4340 2002 4408 lsraelitze,
2105 4351 2260 4403 vens,
2290 4335 2395 4390 nisi
2428 4336 2590 4401 Deus,
2631 4338 2701 4392 de
2732 4356 2843 4410 quo
2888 4340 3301 4411 scriptumest:
3342 4344 3493 4397 Vivit
3540 4344 3732 4397 Domi-

387 4440 595 4515 lignum
619 4437 817 4505 crucis,
840 4434 991 4508 quod
1024 4433 1268 4490 revelare
1298 4432 1476 4488 noluit
1495 4438 1713 4503 sponte,
1740 4433 2004 4489 revelavit
2021 4469 2080 4540 D
2103 4441 2204 4540 ηξξε
2232 4425 2612 4540 fite!!de
2817 4445 2965 4528 ’ζιειξε
2992 4429 3226 4540 φ’(ιξξαι.
3268 4447 3375 4540 xi"

388 4513 578 4584 ἰπὶ-νίκα
2021 4513 2080 4540 ν
2103 4513 2177 4569 sit
2211 4514 2428 4578 videns,
2472 4514 2593 4586 ipse
2634 4517 2796 4572 nobis
2836 4517 3139 4574 insinuavit
3177 4536 3242 4574 ex
3278 4535 3361 4586 se,
3387 4519 3481 4591 qui
3519 4520 3591 4574 ad
3622 4519 3730 4575 Na-

1027 4592 1237 4649 CAPUT
1270 4593 1363 4663 IX.
2104 4605 2323 4662 thanael
2353 4608 2480 4664 Cum
2507 4622 2663 4675 esses,
2697 4608 2896 4681 inquit,
2927 4610 3024 4665 sub
3055 4613 3182 4680 ﬁcu,
3208 4610 3327 4666 uidi
3356 4615 3404 4667 te
3442 4610 3622 4680 (Joan.
3657 4612 3725 4683 ι).

391 4690 457 4743 Ut
481 4687 763 4758 Allophyli
791 4689 1000 4779 .putfos
1036 4688 1191 4779 lsgac
1219 4685 1879 4779 emugiunt;

2127 4701 2202 4758 lic
2231 4710 2314 4757 est
2344 4709 2543 4773 puteus
2573 4703 2664 4759 ille
2691 4705 2903 4773 vivens,
2962 4706 3031 4762 de
3081 4722 3193 4779 quo
3221 4708 3357 4762 dixit
3388 4708 3689 4778 Apostolus
3715 4727 3728 4761 :

456 4757 622 4825 guunt
651 4758 829 4841 crucis
880 4757 1296 4841 absconderant.
1340 4758 1410 4811 Et
1434 4757 1884 4840 quemadmodum
1927 4760 1996 4811 ιι.
2102 4792 2252 4848 Vivit
2277 4757 2401 4846 υώῆ
2439 4757 2500 4847 ἰὴ
2531 4757 2635 4847 ΜΘ
2689 4757 2933 4850 οήῆείιξε
2975 4757 3168 4866 mai“.
3231 4798 3290 4865 η)
3354 4757 3737 4868 ωτεχεηψιο

457 4845 622 4868 nhil")
677 4829 814 4868 uirum
891 4834 1168 4868 nwmtnm
1220 4832 1296 4868 net
1349 4828 1417 4868 ab
1499 4827 1701 4868 Ilplnnn
1752 4844 1945 4868 omniain
3297 4837 3311 4861 ’

691 4831 701 4841 ο
903 4832 913 4841 ι
974 4845 983 4856 .
1770 4846 1784 4860 1
1863 4833 1869 4840 ·
2113 4827 2249 4848 νιυιο
2281 4827 2401 4846 υῸΙυ
2440 4827 2500 4847 ιιι
2553 4827 2633 4847 "OG
2689 4827 2782 4850 υιιι
2799 4827 2932 4850 ωιιιο
2975 4827 3168 4866 ιυιιιιιι.
3231 4827 3311 4865 ΙΙ),
3357 4827 3414 4851 υι
3470 4827 3663 4868 (ΞᾹΌΙΙΙΙΔ

456 4845 650 4910 gnnm_
677 4829 816 4910 idem
891 4834 1169 4910 intentant
1220 4832 1296 4881 cst
1335 4828 1417 4910 ιαζ)
1494 4827 1702 4910 Helena
1752 4844 1945 4910 tegula
1980 4872 1995 4910 ε
2098 4879 2244 4910 "HM
2275 4880 2659 4910 “mmmhmm
2691 4890 2939 4910 Μαι-ω’*
2976 4900 3039 4910 Μ
3065 4885 3456 4910 “annm,”
3506 4886 3663 4910 ,mm.

458 4879 661 4955 Eié"‘éb
682 4879 865 4955 “lsaac
896 4879 975 4954 in
995 4879 1217 4953 Veisdem
1241 4879 1425 4968 puteis
1461 4913 1603 4967 pura
1654 4879 1875 4955 inventa
1917 4879 1997 4955 est

2127 4879 2246 4934 llius
2275 4880 2660 4953 unusquisque
2691 4890 2942 4938 nostrum
2975 4900 3040 4939 ex
3062 4885 3459 4956 eodem‘pnteo
3506 4886 3733 4941 hauriat

1248 4996 1256 5002 -
2097 4979 2153 5026 et
2182 4970 2346 5038 vivat,
2375 4971 2445 5026 de
2472 4988 2583 5043 quo
2613 4973 2880 5044 scriptum
2926 4982 3037 5030 est:
3081 4975 3147 5031 Si
3186 4978 3309 5046 quis
3356 4978 3495 5043 sitit,
3537 4978 3736 5032 veniat

457 4988 626 5028 aqua.

457 4991 626 5043 aqua.
1248 4996 1256 5002 '
2097 4991 2153 5026 Cl.
2182 4991 2346 5038 VIVZH,
2375 4991 2445 5026 00
2472 4991 2583 5043 quo
2613 4991 2880 5044 scriptum
2926 4991 3037 5030 08ιῖ
3081 4991 3144 5031 οι
3186 4991 3309 5046 quis
3356 4991 3495 5043 εῑειι,
3537 4991 3723 5032 verum

457 5064 725 5132 Quoniam
762 5064 851 5135 [f.,
885 5062 1025 5119 Hora
1055 5070 1141 5117 est
1156 5060 1289 5130 jam]
1315 5067 1396 5126 ut,
1423 5060 1566 5117 sicut
1588 5062 1996 5132 praemittimus,
2098 5065 2147 5149 et
2175 5060 2325 5114 bibat
2354 5061 2526 5129 (Joan.
2559 5063 2678 5132 vn.)
2720 5060 3111 5134 Unusquisque
3165 5064 3312 5119 enim
3371 5063 3620 5119 ﬁdelium
3650 5079 3723 5119 ex

386 5157 454 5214 ad
487 5165 684 5229 puteos
712 5155 836 5212 illos
860 5153 1097 5210 transire
1127 5152 1452 5221 debeamus,
1483 5153 1553 5209 de
1574 5154 1778 5226 quibus
1804 5155 1999 5226 limpi-
2099 5148 2268 5221 puteo
2300 5148 2449 5204 illius
2476 5151 2811 5206 wternaliter
2840 5152 3028 5220 habet,
3062 5152 3158 5224 qui
3201 5154 3464 5209 omnibus
3492 5154 3628 5209 vivit
3670 5164 3730 5209 et

386 5249 563 5305 dioris
584 5263 741 5321 aqum
772 5245 969 5318 pocula
1016 5244 1174 5301 vobis
1192 5245 1487 5317 prOpinare
1525 5246 1823 5302 valeamus.
1858 5245 2002 5300 Nihil
2100 5242 2287 5296 omnia
2312 5241 2486 5311 videt,
2531 5258 2653 5299 cum
2697 5243 2926 5315 praefato
2954 5245 3167 5307 scilicet
3202 5247 3353 5301 lsaac
3384 5246 3439 5300 in
3464 5246 3562 5302 illo
3600 5262 3724 5302 me-

384 5338 534 5394 enim
554 5338 756 5404 obstat,
784 5335 831 5391 si
849 5343 1069 5408 puteos,
1096 5349 1236 5406 quos
1261 5334 1412 5390 lsaac
1437 5334 1584 5405 apud
1602 5334 1837 5390 alienam
1870 5335 2000 5390 olim
2103 5333 2270 5401 riens,
2304 5333 2367 5390 et
2388 5336 2445 5390 in
2471 5336 2566 5392 illo
2590 5336 2802 5405 vivens,
2836 5337 2967 5410 quia
2994 5346 3049 5394 et
3075 5338 3271 5393 vivens
3299 5345 3526 5394 vocatur
3555 5345 3611 5394 et
3638 5339 3730 5393 vi-

384 5423 600 5481 foderat
623 5431 867 5500 gentem.
896 5423 954 5480 in
967 5423 1178 5478 honore
1208 5421 1259 5476 S.
1281 5423 1461 5478 crucis
1486 5421 1652 5478 hodie
1677 5438 2001 5480 revocemus
2100 5423 2241 5480 dens
2300 5424 2451 5482 Sicut
2477 5424 2627 5480 enim
2682 5427 2853 5495 lsaac,
2883 5427 3192 5483 secundum
3227 5427 3481 5484 altiorem
3513 5426 3729 5517 intelli-

385 5515 734 5581 admentem,
753 5529 822 5575 ne
846 5512 1168 5586 mysterium
1214 5511 1349 5567 illud
1368 5512 1592 5568 humani
1620 5512 1826 5569 silentii
1854 5522 1997 5570 tetro
2096 5517 2338 5591 gentiam
2378 5518 2600 5584 mentis,
2639 5518 3019 5575 deambulavit
3057 5534 3157 5591 per
3199 5521 3344 5580 viam
3385 5536 3509 5592 quae
3566 5514 3731 5576 ducit

385 5607 718 5663 suti‘oeemus
765 5609 941 5674 fumo,
1020 5607 1259 5680 qualiter
1322 5606 1595 5679 Allophyli
1669 5607 1998 5666 insidiantes
2097 5609 2165 5663 ad
2212 5617 2440 5681 puteum
2471 5609 2560 5665 cui
2591 5625 2797 5692 nomen
2825 5617 2912 5667 est
2953 5611 3214 5681 viventis,
3264 5611 3343 5670 sic
3371 5627 3542 5669 verus
3575 5614 3731 5669 lsaac

385 5690 611 5746 eosdem
641 5702 840 5763 puteos
880 5694 1234 5765 repleverunt
1274 5694 1460 5752 humo.
1503 5695 1643 5762 Quid
1692 5696 1860 5769 igitur
1898 5714 1998 5768 per
2098 5713 2197 5769 per
2217 5698 2534 5771 mysterium
2567 5690 2766 5767 crucis,
2793 5706 3021 5773 puteum
3055 5701 3182 5758 vita:
3212 5701 3429 5774 aperire
3455 5702 3732 5776 dignatus
