3920 6054
228 237 336 296 945

1204 244 1286 301 DE
1327 245 1540 304 LAUDE
1578 246 1659 302 ΕΤ
1699 246 1828 302 ων..
1869 247 1923 300 S.
1967 243 2224 301 CRUClS.
2265 275 2334 285 —
2371 245 2496 300 LIB.
2543 245 2584 301 l.

3451 245 3559 301 946

229 376 314 424 est
343 368 572 436 mundo,
603 370 658 424 in
699 384 809 442 quo
847 369 1048 426 divina:
1101 373 1348 428 scientiae
1387 389 1584 446 aquam
1651 380 1841 448 posset
1860 371 1917 444 Α
1942 371 2136 427 candis
2165 371 2490 443 corporibus
2514 385 2706 428 eorum
2747 370 2800 426 ei
2839 368 3120 448 mentibus
3149 385 3348 440 aquam
3379 369 3462 425 eis
3487 369 3556 426 de

227 459 447 515 haurire
476 459 544 515 de
573 460 868 532 profundo.
905 461 1036 528 Sed,
1069 462 1210 518 sicut
1247 479 1349 534 per
1377 471 1627 535 puteum,
1661 471 1719 522 ut
1747 467 1834 521 di-

227 558 372 606 ctum
415 557 520 619 est,
557 551 898 624 profunditas
929 567 1098 608 sacrae
1128 553 1385 611 lectionis
1431 554 1716 629 ﬁguratur,
1762 557 1838 612 ita

228 660 326 716 per
352 645 519 711 viam,
553 662 678 718 quae
699 645 851 702 ducit
889 647 958 702 ad
990 655 1241 720 puteum,
1292 648 1572 707 humilitas
1601 651 1840 709 Domini-

228 750 308 790 cae
342 735 618 808 passionis
653 737 922 812 signatur,
953 753 1054 810 per
1081 755 1244 811 quam
1283 739 1447 796 nobis
1493 756 1662 797 sacrae
1694 741 1844 798 Scri-

229 834 402 898 ptum
423 828 630 885 ﬂuenta
647 840 875 902 patuere
904 833 1192 904 spiritalia,
1225 850 1348 906 quae
1376 842 1505 891 ante
1526 835 1842 907 passionem

229 919 447 975 Domini
473 921 636 994 legali
660 923 866 978 latuere
896 923 998 978 sub
1028 924 1208 995 palea.
1241 925 1398 981 Unde
1428 933 1487 982 ut
1533 933 1592 981 et
1620 941 1741 993 nos,
1775 926 1842 981 ad

231 1011 545 1082 exemplum
579 1013 729 1068 Isaac
753 1012 822 1068 de
854 1019 1020 1084 puteo
1050 1013 1146 1069 illo
1186 1014 1531 1070 inebriemur
1558 1015 1840 1082 Altissimi,

229 1098 300 1154 de
325 1114 434 1171 quo
458 1101 723 1172 scriptum
767 1110 850 1158 est
878 1103 1052 1159 Bibite
1079 1108 1130 1158 et
1172 1105 1535 1167 inebriamini.
1582 1106 1844 1160 charissi-

226 1191 304 1245 mi
327 1191 502 1258 (Cant.
554 1191 613 1261 ι),
648 1190 877 1264 dignum
909 1200 995 1247 est
1045 1199 1105 1248 ut
1151 1193 1220 1248 ad
1245 1193 1386 1248 viam
1436 1210 1558 1267 quae
1588 1195 1654 1250 ad
1687 1210 1845 1250 eum-

226 1279 352 1334 dem
381 1279 533 1335 ducit
563 1279 740 1350 ipsum
773 1281 1153 1352 praeviatorem
1185 1299 1484 1356 sequamur
1509 1291 1563 1340 et
1613 1285 1834 1353 ducem,

225 1373 322 1444 qui
353 1374 422 1428 ad
474 1373 802 1430 currendam
854 1373 997 1428 viam
1045 1373 1324 1445 passionis
1355 1375 1577 1447 pertulit
1629 1375 1683 1431 in
1714 1391 1836 1432 cor-

226 1479 365 1536 pore
393 1481 492 1522 suo
526 1465 732 1534 clavos,
759 1465 1008 1522 lanceam
1024 1473 1078 1523 et
1103 1481 1338 1524 crucem.

869 1577 1078 1634 CAPUT
1105 1578 1197 1634 XI.

1943 469 2103 533 petra
2120 461 2400 534 produxit,
2419 463 2672 520 sicverus
2685 461 2776 517 ille
2792 459 3008 533 Moyses
3021 459 3360 531 pmniteutiae
3375 460 3552 532 aquis,

1941 555 2196 612 vitiorum
2237 571 2338 612 nos
2391 555 2555 612 faciat
2597 554 2900 610 emundare
2956 552 3193 619 cloacas,
3239 554 3337 623 qui
3365 553 3554 608 eduxit

1941 663 2138 719 aquam
2175 648 2242 702 de
2269 652 2448 718 petra,
2474 651 2522 703 et
2547 647 2778 703 deduxit
2832 650 3093 716 tanquam
3118 645 3346 713 [lumina
3382 659 3554 715 aquas

1951 740 2114 810 (Psal.
2131 739 2349 810 Lxxvu).

2570 826 2779 883 CAPUT
2808 827 2921 882 ΧΠ.

1945 941 2099 996 Sicut
2122 940 2327 1008 Moyses
2375 953 2409 991 α
2438 941 2610 991 matre
2626 950 2736 1008 sua
2786 932 3091 1008 reconditus
3122 937 3218 1008 gest
3245 935 3304 1008 in
3330 934 3556 1008 ﬁscella,

2012 1012 2089 1066 ita
2121 1005 2260 1064 om
2286 1010 2560 1063 Dominica
2602 1007 2703 1061 diu.
2757 1005 3073 1060 abscondita
3103 1006 3219 1072 fuit
3276 1006 3334 1058 in
3375 1006 3554 1074 Syna-

2012 1097 2173 1150 goga.
2206 1083 2275 1134 Et
2330 1080 2507 1134 eodem
2530 1078 2686 1134 modo
2737 1092 2874 1132 crus:
2900 1079 3120 1130 inventa
3153 1077 3333 1150 estin
3387 1080 3550 1150 terra,

2013 1147 2118 1224 quo
2150 1154 2354 1220 Moyses
2383 1153 2632 1206 inventus
2669 1153 2746 1206 est
2771 1151 2830 1202 in
2890 1150 3041 1219 ripa,
3083 1148 3166 1201 vel
3213 1147 3457 1202 Christus
3495 1148 3554 1202 in

2013 1225 2274 1281 Ecclesia.

2009 1335 2281 1390 Praeterea
2307 1345 2437 1388 vero
2467 1339 2522 1386 et
2554 1331 2656 1386 hoc
2683 1347 2714 1385 a
2763 1329 2922 1385 nobis
2951 1343 3298 1400 nequaquam
3327 1326 3553 1384 silentio

1939 1425 2106 1480 debet
2127 1421 2413 1487 abscondi,
2439 1421 2610 1495 quod,
2637 1421 2694 1476 in
2725 1419 3038 1492 exemplum
3061 1419 3254 1490 Moysi,
3287 1434 3419 1474 crux
3450 1417 3552 1475 Do-

1943 1513 2078 1568 mini
2101 1511 2381 1586 quondam
2417 1509 2708 1566 videbatur
2746 1507 2960 1574 reconi,
3025 1505 3155 1579 quia
3178 1506 3318 1562 sicut
3336 1505 3553 1577 Moyses

1934 1603 2088 1672 juxta
2126 1601 2302 1674 ripam
2331 1599 2574 1654 ﬂuminis
2619 1614 2650 1653 a
2677 1605 2852 1653 matre
2887 1611 2988 1652 sua
3018 1594 3335 1652 reconditus
3377 1601 3463 1649 est
3491 1593 3548 1648 in

227 1667 1841 1768 οαξίζζιξέῇρέξιζζιέξρζᾈΡ
1861 1697 1912 1766 Β
1935 1667 2277 1761 ﬁscella-sic
2303 1693 2514 1768 lignum
2545 1691 2724 1748 crucis
2752 1707 2782 1745 a
2808 1690 3097 1764 Synagoga
3127 1687 3221 1742 diu
3251 1685 3546 1742 abscondi-

290 1740 459 1809 juata
485 1741 666 1808 ripam
686 1741 946 1807 ﬂuminis,
969 1745 1046 1794 sic
1074 1741 1143 1794 ab
1169 1740 1372 1794 Helena
1399 1742 1587 1810 regina
1625 1743 1686 1796 in
1708 1740 1838 1797 Cal-

301 1813 468 1866 earia:
490 1811 606 1865 lora
637 1811 840 1879 lignum
866 1813 1141 1867 inventum
1169 1816 1248 1866 est
1269 1813 1464 1868 crucis.

299 1920 489 1996 lgitur,
509 1920 661 1993 quia,
683 1921 991 1977 secundum
1018 1921 1361 1994 Apostolum,
1393 1935 1504 1976 non
1535 1935 1716 1976 escam
1747 1935 1836 1976 vo-

227 2011 310 2065 bis
337 2010 618 2078 dedimus,
651 2011 749 2066 scd
777 2012 880 2076 lac,
909 2011 1038 2066 dum
1072 2011 1129 2066 in
1178 2009 1353 2085 ﬁgura
1384 2008 1680 2066 Dominica:
1712 2024 1839 2064 cru-

227 2103 308 2158 cis
339 2103 592 2174 quaadam
623 2103 780 2160 vobis
807 2103 1185 2159 enarravimus
1211 2104 1280 2159 de
1317 2103 1523 2174 Joseph
1580 2112 1635 2160 et
1666 2105 1835 2169 lsaac,

232 2194 461 2269 dignum
493 2205 578 2251 est
608 2205 667 2252 ut
676 2197 789 2268 jam
821 2196 891 2251 ad
919 2196 1301 2267 explicandam
1321 2196 1479 2253 vobis
1506 2196 1667 2253 aliam
1699 2211 1838 2265 rem,

227 2288 423 2346 eodem
456 2285 622 2342 modo
675 2287 746 2342 de
777 2287 928 2342 lsaac
957 2294 1298 2342 transeamus
1325 2286 1393 2342 ad
1415 2286 1656 2358 Moysen.
1691 2284 1843 2340 Sicut

225 2377 373 2432 enim
403 2376 616 2448 Moyses
637 2375 797 2444 juxta
822 2375 995 2446 ripam
1029 2374 1275 2430 ﬂuminis
1317 2391 1382 2430 ea
1413 2375 1505 2431 die
1536 2375 1727 2430 divino
1758 2375 1838 2428 in-

225 2475 426 2524 ventus
453 2475 540 2524 est
596 2467 844 2533 numine,
886 2467 944 2522 in
975 2483 1088 2538 qua
1136 2466 1513 2523 descendebat
1555 2465 1666 2522 ﬁlia
1705 2466 1839 2522 Pha-

225 2559 414 2616 raonis
443 2569 503 2614 ut
529 2559 808 2614 lavaretur
851 2558 908 2613 in
937 2558 1189 2626 ﬂumine,
1227 2559 1311 2613 sic
1349 2557 1619 2613 hodierna
1649 2557 1740 2612 die
1768 2555 1838 2612 ab

227 2654 472 2712 Ecclesia
501 2653 684 2724 plebis
723 2652 933 2708 bifariaa
973 2653 1183 2726 lignum
1225 2652 1408 2708 crucis
1443 2651 1725 2706 inventum
1755 2660 1861 2711 est.

222 2745 278 2799 in
298 2743 420 2800 loco
443 2740 720 2796 Calvariae.
748 2740 926 2809 Quod,
948 2742 1077 2814 quia
1107 2758 1208 2813 per
1231 2741 1503 2812 judicium
1538 2739 1840 2796 Divinitatis

222 2832 500 2891 occultum
534 2831 590 2886 in
620 2832 816 2888 eodem
865 2832 989 2889 loco
1023 2833 1116 2888 diu
1147 2833 1439 2888 videbatur
1483 2847 1605 2887 esse
1647 2833 1838 2904 sepul-

221 2936 360 2994 tum,
393 2927 522 2983 ideo
556 2925 721 2982 nobis
753 2926 896 2982 elabi
926 2941 1042 2982 non
1089 2926 1256 2982 debet
1305 2943 1336 2982 a
1389 2925 1656 2983 memoria
1685 2927 1833 3000 quod

224 3035 291 3075 ex
313 3018 522 3075 invidia
561 3018 876 3093 Juda’orum
908 3018 1037 3074 inde
1062 3019 1226 3074 habet
1275 3018 1520 3074 historia.
1554 3019 1656 3074 Per
1706 3036 1834 3093 sug-

221 3113 528 3188 gestionem
585 3091 1134 3169 enim‘ludaicorum
1189 3111 1510 3184 pontiﬁcum
1570 3091 1840 3168 Adrianus

222 3209 522 3280 imperator
575 3207 762 3264 scelus
800 3207 1138 3280 perpetravit
1192 3206 1535 3274 horriﬁcum,
1590 3207 1719 3263 dum
1769 3207 1838 3263 ad

223 3295 631 3350 ostendendum
663 3296 906 3351 Judaicae
948 3295 1232 3367 pravitatis
1261 3297 1596 3367 exemplum,
1629 3296 1683 3350 in
1717 3297 1839 3354 loco

222 3389 318 3444 ubi
345 3389 740 3463 lignumjacuit
769 3389 1140 3455 Dominicum,
1165 3389 1365 3444 Veneri
1385 3388 1677 3444 tediﬁcavit
1696 3398 1842 3444 tem-

221 3479 396 3549 plum,
430 3494 499 3533 ne
530 3477 837 3532 Christiana
867 3477 1090 3533 devotio
1120 3477 1206 3532 vel
1238 3493 1418 3551 genua
1445 3477 1521 3530 ibi
1571 3477 1836 3544 ﬂecteret,

217 3581 312 3628 aut
352 3580 603 3627 votorum
636 3587 860 3628 suorum
920 3572 1033 3630 Deo
1083 3572 1345 3627 libamina
1399 3572 1673 3628 redderet.
1726 3572 1834 3628 Sed

213 3664 418 3737 gratias
448 3664 560 3720 Deo
598 3665 769 3736 quod,
797 3664 941 3720 sicut
974 3664 1088 3720 ﬁlia
1115 3664 1417 3720 Pharaonis
1445 3665 1726 3720 vasculum
1759 3665 1828 3720 il-

216 3755 312 3810 lud
344 3755 648 3819 evacuavit,
705 3755 762 3809 in
792 3771 903 3827 quo
943 3754 1161 3827 Moyses
1216 3754 1535 3828 aliquandiu
1589 3749 1837 3811 inclusus

216 3847 476 3915 latitavit,
519 3847 601 3902 sic
633 3847 835 3902 lis-lena
869 3847 1061 3923 regina
1091 3848 1358 3919 templum
1388 3848 1546 3914 illud,
1587 3849 1736 3920 quod
1766 3849 1834 3904 ad

222 3938 478 4007 injuriam
515 3939 609 3994 Dei
660 3938 806 3994 idem
835 3939 1108 3996 Adrianus
1136 3939 1462 4007 construxit,
1509 3939 1575 3994 ad
1624 3939 1838 3996 confes-

219 4031 435 4086 sionem
462 4030 671 4086 diaboli
689 4032 961 4087 hodierna
974 4032 1064 4088 die
1087 4031 1378 4088 destruxit.
1403 4031 1834 4101 Praetereavero,

222 4117 369 4173 sicut
397 4117 610 4190 Moyses
635 4118 706 4173 de
737 4117 906 4174 ﬂuvio
924 4119 1189 4190 spiritalis
1214 4119 1594 4192 intelligentiae
1617 4119 1839 4174 haurire

222 4212 423 4268 meruit
453 4229 648 4284 aquam
681 4211 882 4267 divinas
927 4212 1200 4280 scientiae,
1234 4213 1306 4268 ita
1336 4219 1392 4268 ct
1422 4228 1523 4269 nos
1551 4213 1605 4267 in
1634 4220 1838 4285 myste-

221 4301 304 4356 rio
330 4301 513 4357 crucis
554 4301 772 4356 haurire
813 4299 1088 4356 debemus
1140 4316 1309 4372 aquas
1357 4309 1560 4356 nostrae
1615 4301 1834 4356 redem-

221 4391 456 4462 ptionis,
495 4391 566 4446 de
594 4392 799 4463 quibus
837 4391 1101 4463 scriptum
1134 4397 1243 4446 cst:
1275 4393 1554 4447 Haurietis
1583 4408 1756 4462 aquas
1773 4394 1833 4448 in

217 4482 426 4549 gaudio
489 4483 555 4537 de
597 4483 840 4550 fontibus
908 4483 1209 4538 Saluatoris
1259 4484 1410 4547 (lsai.
1458 4482 1576 4553 xu).
1638 4482 1832 4540 Adhuc

219 4572 406 4640 etiam,
460 4573 603 4630 sicut
645 4574 856 4645 Moyses
897 4573 951 4628 in
992 4573 1217 4629 deserto
1265 4573 1471 4628 montis
1522 4573 1676 4641 Sina,
1733 4575 1827 4632 ubi

219 4682 503 4739 nunquam
567 4666 733 4721 Filius
805 4666 1048 4722 hominis
1106 4665 1426 4738 requievit,
1483 4664 1613 4720 ﬁliis
1667 4667 1831 4724 lsrael

217 4774 388 4830 aquas
425 4757 798 4814 amarissimas
850 4757 1138 4814 dulcorare
1186 4756 1496 4824 consuevit,
1551 4757 1622 4812 ita
1670 4773 1832 4814 verus

213 4845 432 4917 Moyses
461 4862 562 4917 per
591 4845 909 4918 mysterium
933 4846 1113 4902 crucis
1133 4845 1444 4902 dulcoravit
1468 4861 1640 4917 aquas
1669 4862 1825 4901 ama-

217 4953 304 4992 ras
334 4946 388 4992 et
419 4937 776 5004 insanabiles,
805 4938 1028 5010 quando
1065 4937 1337 4994 suavitate
1369 4937 1564 5004 indita,
1595 4953 1690 4993 eas
1728 4955 1830 4996 no-

215 5027 301 5080 bis
327 5023 460 5082 fecit
485 5042 608 5082 esse
639 5026 930 5098 potabiles.
967 5027 1049 5091 Et,
1077 5027 1218 5082 sicut
1249 5043 1414 5082 verus
1445 5026 1660 5098 Moyses
1687 5028 1830 5085 filios

217 5114 379 5168 Israel
435 5115 504 5168 ab
532 5113 786 5190 Egyptia
833 5115 1098 5170 servitute
1138 5115 1398 5189 dignatus
1446 5123 1531 5171 est
1568 5116 1826 5184 liberare,

215 5208 438 5282 quando
467 5225 662 5266 currus
692 5209 1000 5266 Pharaonis
1043 5219 1098 5265 et
1120 5211 1420 5266 exercitum
1453 5212 1574 5280 ejus
1595 5211 1828 5283 projecit

215 5302 272 5356 in
299 5317 471 5356 mare.
520 5301 598 5355 sic
627 5301 831 5357 Helena
871 5301 1192 5357 beatissima
1225 5317 1443 5358 crucem
1485 5303 1824 5359 Dominicum

215 5413 244 5450 a
266 5395 492 5450 Judaica
523 5394 687 5449 hodie
717 5395 1032 5466 captivitate
1063 5395 1340 5462 liberavit,
1381 5405 1438 5451 et
1475 5396 1530 5450 in
1558 5395 1684 5451 sinu
1725 5395 1824 5451 Ec-

215 5485 417 5550 clesia’,
440 5483 598 5556 quasi
631 5490 818 5553 Optato
846 5485 1118 5550 inlittore,
1142 5484 1448 5540 collocavit.
1479 5484 1634 5540 Unde
1662 5500 1823 5541 oran-

214 5580 342 5634 dum
376 5587 460 5635 est
490 5578 654 5634 nobis
677 5585 754 5642 ut,
789 5579 933 5635 sicut
967 5579 1110 5634 idem
1143 5579 1356 5653 Moyses
1378 5579 1704 5637 Hebraicum
1728 5597 1826 5652 po-

215 5668 400 5738 pulum
426 5666 690 5723 miraculo
710 5666 1450 5738 Divinitatisinstruxit,dum
1484 5669 1620 5741 {pro}
1653 5669 1822 5726 medi-

1938 1798 2051 1847 tum
2083 1796 2198 1846 erat
2226 1789 2284 1844 in
2314 1796 2478 1844 terra.
2518 1787 2647 1852 Sed,
2683 1785 2828 1841 sicut
2858 1784 3070 1856 Moyses
3098 1783 3167 1838 ad
3206 1783 3379 1854 ripam
3434 1781 3545 1836 ﬂu-

1939 1883 2126 1951 minis,
2147 1881 2233 1940 vel
2265 1880 2512 1936 Christus
2541 1879 2801 1934 invcntus
2819 1884 2902 1934 est
2921 1877 2990 1932 ad
3021 1891 3220 1949 aquam
3252 1875 3548 1946 baptisma-

1938 1974 2026 2040 tis,
2066 1973 2145 2029 sic
2181 1970 2477 2027 Thermlth
2527 1967 2640 2024 ﬁlia
2693 1966 3021 2033 Pharaonis,
3072 1966 3128 2020 id
3167 1973 3251 2020 est
3303 1963 3546 2020 Ecclesia

1936 2067 2183 2142 gentium
2212 2064 2424 2140 lignum
2457 2061 2802 2119 Dominicum
2861 2058 3109 2115 invenire
3145 2057 3348 2114 meruit
3378 2058 3431 2112 in
3458 2072 3543 2112 sa-

1938 2157 2107 2212 lutem
2137 2154 2500 2211 credentium.
2534 2151 2830 2208 Sciendum
2861 2156 2945 2206 est
2974 2154 3164 2204 autem
3205 2146 3376 2220 quod,
3405 2147 3547 2202 sicut

1939 2245 2011 2300 ad
2061 2243 2526 2300 considerandum
2575 2241 2714 2296 inibi
2759 2245 3016 2296 eventum
3073 2235 3178 2303 rei,
3217 2233 3370 2307 quasi
3418 2249 3544 2290 cum

1942 2332 2108 2388 Maria
2133 2347 2322 2388 sorore
2351 2329 2548 2402 Moysi,
2580 2327 2771 2401 procul
2791 2324 3124 2383 videbantur
3145 2330 3322 2379 astare
3347 2321 3545 2389 Judaei,

1938 2426 2018 2482 sic
2047 2440 2241 2481 omnes
2265 2424 2358 2497 qui
2387 2423 2633 2496 antiqua:
2651 2421 2790 2495 legis
2818 2420 3002 2476 adhuc
3029 2417 3214 2474 amicti
3241 2423 3370 2473 sunt
3397 2425 3546 2491 t0ga,

1938 2533 1969 2572 a
2009 2515 2266 2587 mysterio
2315 2514 2495 2569 crucis
2536 2511 2733 2568 Christi
2757 2511 2922 2584 longe
2948 2508 3205 2564 videntur
3230 2514 3376 2562 stare
3420 2522 3543 2562 cum

1939 2609 2246 2684 Synagoga.
2277 2606 2387 2662 Sed
2413 2606 2556 2662 sicut
2609 2603 2722 2660 tilia
2750 2601 3055 2659 Pharaonis
3085 2600 3356 2656 Christum
3383 2597 3548 2656 nobis

1941 2699 2239 2756 reservavit
2260 2699 2314 2754 in
2341 2697 2611 2765 masculo,
2633 2695 2762 2751 dum
2791 2695 3016 2768 Moysen
3039 2692 3309 2748 inclusum
3328 2691 3546 2747 elevare

1936 2793 2148 2849 solebat
2197 2807 2265 2847 ex
2311 2789 2554 2857 vasculo,
2611 2789 2696 2844 sic
2736 2787 2978 2843 Ecclesia
3025 2784 3294 2860 gentium
3334 2784 3542 2859 lignum

1935 2885 2115 2941 crucis
2158 2885 2228 2939 ad
2259 2885 2559 2940 humanum
2591 2880 2757 2936 hodie
2808 2879 3147 2935 revelaverat
3175 2891 3356 2941 usum,
3396 2876 3544 2949 quod

1934 2997 2001 3037 ex
2027 2980 2234 3036 invidia
2261 2977 2573 3034 Judaeorum
2609 2974 2703 3030 diu
2729 2971 2952 3044 jacebat
3003 2971 3297 3029 inclusum.
3329 2971 3411 3038 Et,
3437 2969 3547 3028 sic-

1861 3069 1994 3140 Cut
2025 3070 2116 3124 illa
2177 3067 2440 3125 ﬁscellam
2499 3066 2706 3138 reperit
2757 3063 2812 3118 in
2845 3062 3146 3135 papilione,
3199 3061 3282 3120 sic
3303 3062 3549 3119 Ecclesia

1939 3175 2156 3215 crucem
2218 3155 2555 3214 Dominicam
2608 3151 2770 3210 hodie
2803 3153 2859 3208 in
2907 3151 3239 3220 reclusione,
3284 3153 3545 3225 quoniam

1939 3264 2047 3304 una
2077 3247 2383 3318 eademque
2434 3243 2613 3319 gratia
2663 3259 2792 3298 crux
2825 3242 2990 3298 hodie
3057 3241 3282 3297 inventa
3361 3250 3444 3298 est
3491 3243 3545 3296 in

1941 3348 2104 3407 terra,
2145 3338 2239 3410 qui
2266 3336 2512 3409 quotidie
2543 3335 2758 3406 Moyses
2789 3334 2844 3389 in
2883 3335 3024 3406 ripa,
3063 3335 3152 3390 vel
3184 3334 3431 3390 Christus
3460 3335 3544 3390 in-

1941 3431 2162 3488 venitur
2213 3430 2270 3484 in
2306 3425 2576 3484 Ecclesia!
2623 3427 2662 3482 0
2703 3427 2839 3482 mira
2886 3425 3181 3482 clementia
3215 3426 3332 3493 Dei,
3383 3443 3414 3482 ο
3455 3427 3542 3481 lux

1937 3519 2140 3576 clarior
2191 3519 2332 3584 aliis,
2374 3517 2464 3572 lux
2521 3516 2614 3570 illa
2664 3515 2793 3582 diei,
2841 3516 2894 3570 in
2949 3531 3080 3587 qua,
3120 3515 3189 3569 ad
3229 3515 3542 3586 exemplum

1935 3611 2183 3680 ejusdem
2215 3606 2500 3664 lsraelitici
2527 3599 2704 3672 ducis,
2733 3607 2804 3660 de
2833 3605 2954 3662 loco
2981 3603 3306 3660 reclusionis
3334 3605 3540 3678 lignum

1934 3701 2204 3758 elevatum
2231 3709 2315 3754 est
2342 3695 2548 3753 crucis!
2601 3695 2813 3751 Gratias
2841 3695 2986 3750 enim
3032 3695 3146 3750 Deo
3191 3693 3362 3768 quod,
3402 3695 3544 3752 sicut

1935 3789 2050 3845 ﬁlia
2085 3787 2385 3844 Pharaonis
2418 3784 2724 3842 infantibus
2765 3783 3113 3840 Hebraeorum
3145 3801 3400 3858 magnam
3448 3786 3545 3842 hu-

1937 3882 2258 3938 manitatem
2291 3879 2704 3937 demonstravit.
2740 3878 2913 3950 patris
2941 3878 3026 3933 sui
3085 3877 3392 3934 masculum
3419 3896 3540 3934 cum

1937 3977 2159 4035 feminis
2209 3975 2531 4044 reservavit,
2561 3975 2642 4031 sic
2672 3974 2912 4031 Ecclesia
2963 3975 3054 4030 Dei
3101 3975 3158 4030 in
3201 3990 3332 4031 vero
3363 3975 3543 4047 Moyse

1938 4086 2138 4145 magna
2177 4077 2260 4125 est
2300 4068 2474 4145 gratia
2516 4075 2750 4136 servata,
2791 4067 2921 4122 dum
2954 4082 3087 4122 crux
3115 4067 3400 4124 Dominica
3433 4075 3542 4124 tam

1939 4159 2199 4216 masculis
2237 4175 2402 4232 quam
2429 4157 2652 4214 feminis
2693 4157 2862 4214 hodie
2889 4163 2972 4212 est
3009 4157 3078 4211 ab
3106 4157 3306 4212 llelena
3351 4158 3543 4233 regina

1940 4259 2260 4310 monstrata.
2328 4252 2560 4319 Idcirco,
2599 4252 2646 4306 si
2687 4250 2989 4324 nequitiam
3029 4248 3331 4305 Pharaonis
3393 4259 3541 4306 recte

1851 4366 1908 4436 D
1932 4349 2168 4405 velimus
2195 4347 2571 4416 considerare,
2596 4346 2796 4401 mirum
2820 4361 2932 4400 non
2963 4344 3217 4416 estquod
3256 4344 3327 4399 de
3359 4343 3542 4399 infan-

1931 4439 2079 4494 tibus
2107 4438 2462 4495 llebraaorum
2501 4435 2777 4491 masculos
2801 4433 2962 4503 jussit
2985 4433 3264 4500 occidere,
3294 4439 3349 4488 et
3378 4433 3537 4489 femi-

1933 4547 2032 4587 nas
2069 4546 2370 4586 reservare.
2422 4526 2711 4594 Quoniam,
2753 4525 2896 4581 sicut
2948 4525 3174 4580 masculi
3215 4532 3272 4580 et
3319 4524 3538 4580 feminae

1935 4619 2188 4692 personis
2217 4618 2609 4674 discernuntur
2631 4613 2889 4689 geminis,
2929 4612 3010 4668 sic
3041 4613 3270 4669 virtutes
3305 4612 3362 4668 in
3393 4629 3540 4668 mas-

1931 4713 2090 4778 culis,
2125 4721 2180 4769 et
2214 4713 2347 4770 vitia
2387 4711 2677 4788 signantur
2731 4709 2787 4764 in
2819 4707 3060 4764 feminis.
3094 4707 3272 4778 Unde,
3314 4725 3384 4766 ne
3439 4725 3540 4784 pro

1931 4804 2280 4861 reservandis
2326 4802 2545 4859 feminis
2600 4809 2656 4856 et
2710 4799 3032 4856 occidendis
3075 4799 3336 4856 masculis
3365 4801 3541 4859 hostis

1929 4900 2190 4972 antiquus
2235 4897 2484 4956 cordium
2517 4905 2830 4952 nostrorum
2861 4893 3158 4966 recipiatur
3185 4895 3241 4950 in
3281 4896 3538 4964 vasculis,

1929 4991 2195 5047 orandum
2224 4999 2310 5047 est
2341 4989 2503 5045 nobis
2531 4997 2591 5044 ut
2641 5003 2803 5043 verus
2851 4987 3063 5060 Moyses
3101 4986 3266 5042 nobis
3293 4986 3538 5043 tribuere

1930 5081 2191 5153 dignetur
2220 5081 2318 5135 has
2339 5079 2573 5134 virtutes
2597 5077 2868 5154 geminas,
2903 5085 2963 5134 ut
2991 5077 3048 5132 in
3075 5075 3407 5133 collectione
3434 5077 3540 5130 vir-

1930 5181 2106 5230 tutum
2145 5179 2198 5228 et
2237 5171 2551 5228 abscisioue
2580 5171 2839 5226 vitiorum
2867 5185 3212 5225 reservemus
3243 5167 3534 5232 masculos,

1927 5274 1982 5323 ct
2009 5265 2329 5322 occidamus
2353 5263 2610 5332 feminas,
2663 5280 2732 5320 ne
2770 5262 2886 5318 veri
2927 5261 3227 5317 Pharaonis
3256 5259 3539 5315 videamur

1925 5355 2117 5412 subire
2144 5353 2472 5420 dominium,
2504 5353 2599 5426 qui
2625 5369 2816 5408 sexum
2839 5349 3273 5424 jussitoccidere
3312 5364 3535 5406 mascu-

1930 5447 2123 5516 linum,
2157 5455 2211 5502 et
2242 5461 2525 5501 reservare
2560 5443 2912 5499 femininum.
