3920 6054
229 211 340 286 949

1191 204 1274 259 DE
1313 201 1529 259 LAUDE
1567 201 1649 258 ET
1688 200 1823 256 lNV.
1863 200 1920 256 S.
1962 195 2216 254 CRUCIS.
2259 224 2328 236 —-
2367 193 2494 249 LIB.
2537 192 2579 248 l.

3466 184 3572 239 950

229 343 402 410 petrae
449 335 599 392 illius
625 350 768 393 vena
822 333 1028 412 debent
1066 338 1261 404 potare
1311 336 1546 399 secreta,
1607 329 1678 386 de
1732 345 1842 403 qua
1867 331 1918 401 Α
1950 327 2141 412 fotum
2165 323 2322 380 dabis
2349 322 2504 378 nobis
2534 319 2882 412 in‘lacrymis
2910 318 2970 370 in
3011 329 3270 412 mensura
3297 310 3481 410 (Ibid),
3513 311 3576 377 Et

227 430 492 502 scriptum
537 435 650 484 est:
707 427 973 484 Bibebant
1025 429 1202 480 autem
1261 439 1436 482 omnes
1487 423 1554 478 de
1599 423 1846 494 spiritali

228 508 577 594 consequente
600 535 684 576 eos
704 524 866 591 petra
921 518 966 590 (1
997 519 1114 575 Cor.
1149 517 1225 589 χ).
1276 515 1451 583 Unde,
1483 531 1553 571 ne
1603 529 1705 570 nos
1755 513 1846 570 siti

234 625 534 687 pereamus
589 617 684 665 aut
707 608 876 678 fame,
903 607 1130 681 dignum
1174 611 1257 662 est
1283 612 1343 660 ut
1370 601 1470 676 per
1531 601 1848 674 mysterium

230 703 411 780 crucis
439 701 593 758 verbi
623 699 868 757 caelestis
895 714 1038 770 aqua
1061 696 1374 764 reﬁciamur
1403 705 1458 752 et
1481 710 1645 770 pane,
1673 694 1850 750 maxi-

231 811 322 872 me
335 810 458 850 cum
491 793 658 850 iidem
692 801 802 848 tres
839 789 940 846 viri
969 790 1116 846 sitim
1148 789 1456 845 animarum
1477 787 1608 844 inde
1636 788 1851 860 possint

235 883 532 939 emendare
562 897 662 955 per
702 887 899 948 totum,
927 879 975 934 si
1005 895 1149 934 unus
1191 877 1356 934 nobis
1387 893 1610 950 panem,
1659 882 1714 932 et
1741 876 1852 932 duo

235 978 493 1050 dederint
528 984 738 1050 potum.
763 975 873 1032 Sed
899 973 1120 1030 interim
1162 971 1326 1028 nobis
1349 969 1489 1026 nihil
1519 969 1741 1032 obstare
1766 970 1850 1026 vi-

235 1067 419 1135 detur,
447 1065 493 1122 si
521 1065 733 1136 Joseph
763 1080 795 1118 a
823 1063 1043 1118 duobus
1067 1061 1190 1117 aliis
1221 1059 1504 1132 paulisper
1539 1067 1845 1131 separetur,

232 1163 292 1212 ut
321 1155 418 1213 ubi
447 1154 584 1212 ratio
613 1153 835 1210 videtur
861 1151 1158 1208 convenire
1191 1150 1411 1219 rationi,
1453 1149 1640 1206 denuo
1673 1149 1730 1203 in
1761 1149 1846 1206 lo-

228 1265 355 1304 cum
384 1263 542 1302 suum
576 1245 806 1319 pristina
839 1243 1044 1300 debeat
1073 1243 1312 1298 statione
1357 1242 1574 1312 reponi.
1619 1240 1848 1297 Duobus

233 1336 442 1410 quippe
467 1335 646 1390 modis
664 1333 910 1390 breviter
930 1332 1019 1387 hic
1039 1332 1301 1388 adnotare
1314 1331 1584 1386 debemus
1613 1329 1852 1404 qualiter

233 1421 336 1502 [in]
366 1425 522 1480 Isaac
549 1433 604 1480 et
644 1423 827 1495 Moyse
858 1437 1041 1479 causae
1077 1420 1278 1488 causis,
1321 1427 1375 1476 et
1397 1436 1483 1476 res
1517 1420 1850 1477 conveniant

237 1515 426 1582 rebus,
441 1513 678 1568 maxime
695 1527 820 1568 cum
842 1511 977 1584 [per]
1001 1509 1321 1567 afﬂuentem
1333 1509 1853 1582 sequentissenten-

1955 409 2084 470 ideo
2114 427 2347 469 necesse
2378 418 2462 466 est
2491 407 2654 465 nobis
2677 413 2739 462 ut
2768 421 2868 477 per
2912 403 3142 478 gratiam
3181 401 3272 456 Dei
3304 399 3566 472 omnipo-

1955 507 2124 564 tentis
2157 502 2453 578 przeceptis
2500 499 2800 556 Dominicis
2835 497 3065 570 implere
3107 493 3430 550 studeamus
3476 493 3576 564 hy-

1959 600 2108 656 drias
2128 596 2362 662 mentis;
2393 595 2468 650 ita
2495 593 2776 656 videlicet,
2812 597 2871 646 ut
2899 605 2998 662 per
3027 587 3304 660 duplicem
3350 584 3491 661 legis
3519 591 3576 640 ct

1949 687 2138 766 gratiae
2177 699 2462 741 nummum
2525 680 2690 738 bonis
2747 678 3012 751 operibus
3073 677 3402 748 impleamus
3481 689 3605 732 eas.

1952 795 2128 852 usque
2177 777 2246 834 ad
2305 791 2604 831 summum.
2645 771 2900 844 Alioquin
2955 767 3350 825 deﬁcientibus
3408 781 3577 822 caere-

1953 869 2155 926 moniis
2180 867 2321 942 legis
2341 864 2607 929 Hebraea,
2634 861 2835 918 frustra
2871 874 2971 932 pro
3003 857 3166 914 nobis
3182 859 3390 928 nuptiz
3417 858 3578 926 factae

1949 966 2161 1020 suntin
2185 963 2336 1018 Cana
2355 961 2596 1018 Galilrece
2619 958 2800 1030 (Joan.
2839 957 2922 1024 ιι),
2965 952 3072 1009 nisi
3112 953 3169 1007 in
3203 951 3445 1008 Ecclesia
3475 948 3572 1006 Dei

1948 1074 2014 1112 ex
2059 1057 2207 1112 bona
2251 1051 2673 1110 conversatione
2750 1047 3122 1112 credentium,
3165 1043 3414 1116 quotidie
3472 1041 3575 1096 im-

1953 1149 2220 1222 pleantur
2277 1143 2484 1216 nuptiae
2529 1139 2996 1197 discumbentium
3071 1135 3178 1192 Sed
3219 1134 3481 1208 quoniam
3518 1133 3574 1188 in

1947 1221 2204 1310 mysterio
2235 1231 2540 1290 Dominicae
2555 1229 2826 1301 passionis
2858 1233 2912 1282 et
2955 1224 3136 1280 crucis
3177 1223 3382 1294 duplex
3413 1221 3578 1277 nobis

1947 1329 2119 1403 gratia
2162 1332 2248 1382 est
2303 1327 2448 1392 data,
2506 1331 2564 1378 ut
2606 1323 2662 1376 in
2709 1317 3072 1374 sacramentis
3113 1315 3421 1370 Dominicis
3471 1329 3578 1369 nec

1949 1401 2078 1473 vino
2105 1415 2409 1471 debeamus
2434 1425 2624 1467 carere
2655 1425 2758 1464 nec
2787 1423 2953 1479 aqua,
2981 1405 3110 1462 ideo
3149 1413 3384 1476 utraque
3415 1401 3575 1456 defe-

1959 1513 2130 1569 renda
2157 1517 2286 1566 sunt
2309 1509 2364 1564 in
2397 1505 2730 1578 obsequium
2769 1502 2886 1568 Dei,
2921 1517 2990 1556 ne
3028 1500 3116 1556 vel
3156 1499 3240 1554 lex
3272 1498 3416 1553 desit
3441 1513 3571 1570 grae-

238 1608 327 1680 tiae
355 1605 686 1664 versiculum
715 1604 928 1680 integre
955 1602 1024 1658 de
1037 1602 1202 1682 nobis
1235 1602 1358 1658 sitis
1382 1601 1614 1657 internae
1642 1601 1855 1674 possint
1880 1631 1932 1700 Β
1962 1605 2073 1671 tiae,
2109 1603 2195 1660 vel
2225 1601 2401 1676 gratia
2429 1599 2562 1673 legi.
2619 1595 2915 1653 Sciendum
2967 1602 3054 1649 est
3094 1591 3302 1664 quippe
3349 1591 3498 1662 quia,
3528 1589 3573 1644 si

241 1699 564 1774 propulsare
620 1697 948 1772 periculum.
983 1697 1134 1752 Sicut
1175 1695 1326 1753 enim
1371 1695 1522 1751 Isaac
1567 1710 1634 1752 ex
1686 1702 1854 1768 puteo

240 1789 356 1858 illo,
384 1789 471 1846 cui
493 1803 698 1844 nomen
727 1793 812 1844 est
841 1786 1077 1843 viventis
1103 1793 1158 1840 et
1177 1784 1513 1854 videntis,in
1537 1783 1708 1862 ﬁgura
1725 1784 1852 1840 Sal-

236 1882 442 1939 vatoris
492 1881 720 1956 irrigare
777 1879 945 1936 debet
997 1877 1152 1933 arida
1194 1877 1418 1947 mentis,
1471 1877 1573 1946 sic,
1616 1885 1678 1934 ut
1733 1877 1856 1932 sitis

236 1971 486 2052 cordium
538 1976 849 2026 nostrorum
892 1967 1278 2042 exstinguatur
1320 1983 1351 2021 a
1389 1965 1592 2040 Moyse,
1635 1967 1692 2021 in
1730 1982 1858 2022 arca

235 2062 496 2122 Ecclesiae
550 2062 748 2135 poculo
802 2059 1073 2116 charitate
1117 2059 1383 2115 inebriari
1431 2059 1701 2116 debemus
1730 2075 1853 2116 cum

239 2153 374 2221 Noe,
415 2152 510 2208 ubi
536 2167 636 2224 per
673 2149 997 2224 mysterium
1046 2148 1227 2204 crucis
1263 2148 1620 2220 septiformis,
1651 2148 1856 2222 lgratiaa

243 2245 341 2302 Dei
371 2245 534 2302 nobis
577 2243 883 2300 inundante
925 2241 1156 2310 diluvio,
1199 2257 1398 2314 aquam
1443 2240 1608 2297 nobis
1643 2241 1857 2314 sapien-

245 2335 334 2392 tiae
392 2335 544 2392 Isaac
599 2349 663 2390 ex
707 2335 918 2406 puteo,
991 2338 1048 2388 et
1103 2330 1319 2408 Moyses
1389 2330 1736 2388 ministrabat
1791 2347 1857 2387 ex

246 2422 433 2481 ﬂuvio.

863 2513 1068 2570 CAPUT
1095 2513 1202 2570 XVI

241 2626 364 2694 Qui,
389 2623 682 2681 secundum
701 2623 972 2694 triplicem
985 2624 1295 2679 divinitatis
1309 2624 1575 2692 gratiam,
1591 2625 1858 2694 expromi-

306 2711 388 2752 me
412 2697 706 2766 nominatis
745 2693 883 2750 viris
923 2695 1120 2764 tribus,
1165 2709 1308 2751 unus
1346 2693 1577 2750 daturus
1631 2693 1854 2766 panem,

307 2768 408 2824 alii
431 2771 608 2822 autem
635 2781 862 2838 aquam.

253 2875 259 2883 ”
309 2879 449 2936 Ecce
488 2879 536 2934 si
565 2878 691 2952 quis
714 2861 826 2950 jam
859 2887 1078 2950 tempus
1107 2884 1162 2934 et
1209 2879 1394 2935 horam
1445 2877 1580 2934 velit
1601 2877 1858 2934 conside-

1961 1696 2046 1754 vel
2063 1695 2132 1750 ab
2155 1709 2266 1750 uno
2287 1692 2375 1748 vel
2415 1691 2484 1746 ab
2538 1689 2646 1744 alio
2675 1687 2862 1743 vinum
2915 1682 3264 1741 solummodo
3297 1682 3576 1736 deferatur

1957 1785 2014 1840 in
2037 1781 2368 1840 sacriﬁcium
2399 1776 2804 1848 Redemptoris,
2827 1772 3054 1846 sanguis
3083 1772 3204 1841 ejus
3234 1769 3427 1842 incipit
3454 1785 3574 1825 esse

1955 1880 2076 1936 sine
2103 1877 2284 1934 nobis.
2310 1875 2364 1930 Si
2393 1888 2527 1930 vero
2555 1887 2699 1944 aqua
2724 1871 2843 1926 sola
2871 1869 2957 1926 vel
2989 1868 3088 1932 illo,
3114 1850 3458 1921 ministretur
3483 1871 3575 1920 aut

1956 1970 2086 2034 isto,
2127 1967 2246 2024 sola
2282 1963 2444 2037 plebs
2502 1960 2698 2032 incipit
2728 1973 2852 2014 esse
2883 1957 3003 2012 sine
3044 1953 3278 2010 Christo.
3333 1954 3394 2009 Et
3421 1952 3570 2018 ideo,

1957 2064 2165 2121 sicutin
2195 2063 2313 2134 ipsa
2338 2065 2540 2116 sancta;
2571 2053 2761 2111 matris
2791 2051 3048 2110 Ecclesiae
3080 2049 3376 2111 didicimus
3403 2050 3572 2105 scho-
3657 2064 3662 2069 ‘

1960 2161 2032 2227 la,
2066 2159 2121 2214 in
2168 2154 2500 2213 sacrificium
2539 2150 2782 2217 Domini,
2833 2162 2938 2202 nec
2990 2147 3173 2202 vinum
3215 2145 3416 2212 solum,
3471 2159 3576 2200 nec

1961 2265 2105 2322 aqua
2151 2243 2452 2302 deferenda
2479 2242 2622 2310 sola,
2675 2238 2774 2296 sed
2835 2243 3128 2307 utrumque
3182 2233 3368 2306 potius
3407 2233 3571 2288 simul

1959 2342 2278 2408 misceatur,
2311 2345 2371 2394 ut
2401 2353 2469 2392 ex
2497 2343 2729 2406 utroque
2758 2347 2929 2387 unum
2975 2335 3386 2386 'sacramentum
3411 2327 3576 2400 Spiri-

1959 2434 2051 2490 tali
2091 2429 2527 2489 sanctiﬁcatione
2560 2424 2898 2499 perﬁciatur.
2957 2421 3033 2477 Ad
3092 2422 3198 2478 hoc
3227 2420 3397 2486 enim,
3433 2419 3575 2474 sicut

1960 2522 2228 2579 habemus
2253 2537 2318 2576 ex
2347 2511 2647 2575 traditione
2677 2513 2949 2579 ﬁdelium,
2985 2513 3040 2568 in
3071 2509 3322 2568 convivio
3355 2508 3577 2580 nuptia-

1958 2633 2080 2673 rum
2106 2630 2250 2688 aqua
2271 2613 2327 2669 in
2348 2612 2558 2679 vinum,
2583 2615 2638 2664 et
2659 2609 2745 2664 lex
2765 2604 3084 2662 mutabatur
3114 2603 3170 2658 in
3191 2601 3575 2677 Evangeliuln,

1958 2715 2018 2765 ut
2047 2714 2102 2764 et
2140 2721 2241 2763 nos
2283 2704 2339 2760 in
2369 2703 2533 2760 aliam
2583 2699 2881 2774 imaginem
2913 2698 2988 2752 ita
3025 2694 3480 2752 transformemur
3506 2692 3576 2748 ab

1959 2796 2372 2868 Omnipotente,
2412 2798 2489 2858 ut,
2521 2790 2666 2846 sicut
2717 2786 3053 2861 quandoque
3086 2787 3143 2840 in
3201 2791 3464 2854 corpore;
3500 2781 3573 2836 ita

1959 2901 2106 2941 nunc
2134 2893 2412 2940 mutemur
2433 2883 2490 2936 in
2521 2885 2727 2935 mente.
2765 2875 2874 2932 Sed
2895 2873 3184 2930 sciendum
3207 2877 3292 2928 est
3317 2870 3574 2944 quodlex

240 2987 361 3028 ι’ίιτθ
389 2971 670 3042 “Icilius.
701 2973 911 3040 ἀθηυον
953 2971 1098 3028 Sicut
1127 2971 1514 3044 praemismus,
1570 2971 1627 3026 in
1675 2971 1852 3035 locum
1879 3007 1929 3077 ρ
1957 2979 2012 3034 in
2036 2974 2413 3052 Evangelium,
2467 2979 2522 3028 et
2547 2985 2689 3044 aqua
2714 2983 2982 3026 conversa
3039 2967 3096 3022 in
3124 2965 3338 3030 vinum,
3395 2963 3575 3034 primo

693 3066 706 3077 ι
893 3073 902 3077 -
964 3073 972 3077 -
1049 3065 1082 3077 ,θ
1340 3072 1349 3077 -
1529 3065 1540 3076 ο
1727 3065 1738 3077 I
1813 3063 1846 3077 ,ο
1974 3072 1988 3077 -
2036 3070 2055 3077 Α
2145 3068 2232 3077 .-ι
2275 3067 2288 3077 ι
2354 3064 2386 3077 ,ς
2459 3064 2472 3077 ι
2593 3063 2666 3077 ιο.
2705 3063 2716 3073 ο
2757 3061 2791 3077 ι’
3031 3057 3227 3077 ,__!-_._
3263 3052 3573 3077 3—"--|-_:-

243 3083 408 3122 suum
433 3066 778 3122 revocandus
827 3073 910 3122 est
961 3065 1180 3133 tertius,
1226 3072 1498 3138 quatenus
1528 3065 1586 3120 in
1639 3063 1848 3121 caelesti

245 3157 302 3212 S.
334 3157 614 3214 Trinitatis
654 3157 975 3214 archistcrio
1006 3157 1224 3224 duobus
1248 3157 1372 3212 aliis
1397 3172 1629 3214 numero
1669 3157 1853 3212 socie—-

245 3255 336 3304 tur
363 3255 418 3303 et
458 3247 738 3319 mysterio.
782 3247 932 3302 Sicut
990 3246 1139 3302 enim
1171 3245 1373 3317 Joseph
1427 3247 1481 3303 in
1540 3261 1630 3300 ara
1675 3244 1856 3301 crucis

247 3355 445 3412 panem
477 3339 631 3394 illum
685 3339 848 3396 nobis
905 3338 1344 3410 praemonstravit
1384 3338 1442 3392 in
1475 3337 1744 3404 Hebraeis,
1789 3338 1858 3392 de

245 3448 356 3504 quo
384 3431 650 3503 scriptum
673 3437 756 3488 est
781 3449 794 3485 :
823 3433 1020 3487 Panem
1051 3431 1170 3486 creti
1188 3431 1335 3486 dedit
1355 3433 1426 3486 eis
1450 3430 1611 3500 (Psal.
1639 3428 1860 3499 Lxxvn),

244 3525 326 3580 sic
367 3525 517 3580 Isaac
547 3531 603 3580 et
629 3523 845 3596 Moyses
891 3523 1141 3595 quaedam
1174 3522 1414 3578 caelestis
1464 3523 1750 3594 sapientia:
1775 3538 1865 3576 se-

248 3625 398 3693 creta
427 3615 664 3691 gemina:
695 3615 1010 3671 dilectionis
1059 3614 1194 3670 bina
1225 3614 1388 3670 nobis
1440 3614 1648 3670 debent
1698 3613 1862 3668 mini-

247 3717 424 3764 strare
457 3713 707 3772 metreta.
751 3705 887 3762 Cum
918 3706 1066 3762 enim
1115 3713 1331 3763 metron
1363 3706 1570 3772 Grmcc,
1606 3721 1865 3762 mensura

250 3795 464 3851 dicatur
521 3795 730 3863 Latine,
761 3794 906 3851 binae
965 3801 1209 3850 metretze
1250 3794 1573 3850 eorumdem
1623 3795 1862 3851 virorum

223 3953 230 3960 ο
253 3885 400 3940 bene
420 3901 730 3942 convenere
750 3885 1036 3948 doctrinae,
1058 3885 1318 3958 quoniam
1333 3884 1484 3940 binis
1506 3884 1753 3940 metretis
1774 3891 1869 3939 aut

259 3978 432 4034 ternis
461 3979 686 4050 hydrias
717 3978 838 4033 illas
893 3979 1190 4050 implevere
1219 3993 1508 4050 supernas,
1539 3978 1607 4033 de
1661 3976 1866 4050 quibus

259 4071 521 4144 scriptum
551 4072 972 4142 est:.Capientes
1023 4071 1256 4140 singulm
1299 4074 1546 4127 metretas
1603 4071 1757 4125 binas
1787 4069 1869 4124 vel

259 4167 441 4234 ternas
467 4163 643 4232 (Joan.
685 4163 768 4234 ιι).
800 4163 1097 4220 Sciendum
1147 4169 1231 4218 est
1268 4163 1474 4236 quippe
1501 4161 1674 4234 quod,
1728 4161 1872 4217 sicut

260 4252 408 4308 binis
449 4251 698 4317 metretis
743 4251 965 4326 gemina
1020 4250 1242 4308 dilectio
1268 4252 1534 4326 signatur,
1584 4251 1664 4308 sic
1706 4250 1874 4306 ternis

261 4347 506 4403 metretis
535 4345 675 4404 ﬁdes
707 4347 762 4402 S.
801 4346 1084 4403 Trinitatis
1131 4347 1312 4419 typice
1340 4354 1698 4404 monstratur.
1725 4346 1874 4402 Prag-

261 4443 413 4490 terea
441 4451 594 4502 vero,
639 4435 782 4492 sicut
807 4451 875 4490 ex
914 4435 1194 4490 interioris
1223 4435 1477 4491 medullae
1531 4435 1876 4508 perspicacia

229 4575 233 4579 .
260 4522 414 4580 binis
439 4523 688 4580 metretis
713 4524 798 4579 lex
829 4523 1092 4598 ﬁguretur
1128 4533 1183 4580 et
1218 4524 1415 4596 gratia,
1446 4525 1528 4580 sic
1554 4525 1728 4582 ternis
1766 4539 1876 4580 me-

265 4612 649 4686 tretisgtriplex
677 4612 928 4687 signatur
953 4613 1089 4670 ordo
1134 4612 1506 4682 credentium,
1549 4614 1877 4688 coniugato-

219 4777 224 4782 ,
269 4724 386 4763 rum
417 4708 651 4778 scilicet,
678 4708 954 4784 virginum
995 4715 1050 4765 et
1081 4707 1510 4765 continentium.
1541 4709 1717 4776 Unde,
1739 4724 1881 4781 quo-

215 4843 220 4846 .
269 4800 416 4856 niam
442 4799 499 4855 in
526 4800 744 4856 duobus
783 4801 1057 4856 mandatis
1103 4807 1158 4855 et
1189 4798 1298 4856 ﬁde
1327 4799 1611 4862 Trinitatis
1641 4806 1758 4856 tota
1790 4801 1882 4854 lea:

265 4894 462 4965 pendet
489 4899 540 4948 et
563 4895 842 4966 prophetas
863 4895 1084 4963 (Matth.
1135 4895 1283 4964 xxii),
1313 4909 1426 4950 non
1449 4894 1751 4967 incongrue
1785 4894 1884 4949 tri-

215 5035 220 5040 .
271 4983 374 5038 bus
429 4983 516 5040 his
544 4983 674 5040 viris
710 4984 857 5040 binae
909 4987 995 5042 vel
1052 4993 1224 5042 terna:
1251 4999 1558 5064 convenere
1614 4989 1882 5050 metretaa,

272 5075 402 5146 quia
443 5077 688 5134 caelestis
736 5079 995 5134 alimonia
1025 5077 1276 5151 quotidie
1332 5078 1400 5133 ab
1445 5076 1527 5134 eis
1571 5076 1748 5132 tribus
1799 5076 1885 5132 his

272 5163 616 5232 ministratur
659 5166 968 5232 ordinibus,
1025 5167 1336 5242 coniugatis
1378 5166 1661 5232 videlicet,
1704 5165 1885 5222 conti-

273 5253 534 5310 nentibus
563 5261 618 5309 et
660 5255 988 5329 virginibus.
1031 5256 1184 5311 Sicut
1223 5254 1373 5310 enim
1400 5254 1606 5326 Joseph
1645 5270 1744 5326 per
1774 5271 1886 5325 my-

271 5345 499 5400 sterium
535 5347 737 5412 crucis,
771 5363 914 5418 pane
947 5347 1042 5404 illo
1072 5346 1216 5402 vires
1244 5345 1421 5402 reﬁcit
1449 5345 1782 5408 animarum.
1814 5345 1884 5402 de

272 5456 382 5512 quo
410 5439 616 5496 dictum
648 5447 758 5496 est:
789 5441 999 5499 Cibabis
1019 5457 1113 5496 nos
1141 5427 1282 5512 pane
1311 5441 1680 5509 lacrymarum
1715 5441 1880 5504 (Psal.

277 5534 493 5600 Lssix);
521 5532 600 5588 sic
631 5533 782 5588 Isaac
826 5541 882 5588 et
919 5532 1133 5604 Moyses
1167 5531 1336 5588 corda
1368 5538 1552 5588 nostra
1606 5537 1770 5602 potus
1819 5530 1885 5585 il-

275 5627 380 5680 lius
408 5625 590 5683 solent
615 5624 892 5684 inebriare
941 5623 1132 5698 ﬁgura,
1167 5625 1234 5680 de
1285 5639 1396 5696 quo
1435 5623 1708 5694 Scriptum
1770 5628 1880 5676 est:

1957 3069 2159 3128 deferri
2183 3064 2388 3141 [debet]
2407 3064 2477 3120 ad
2500 3061 2955 3128 architriclinum,
2973 3057 3236 3132 quoniam
3263 3057 3319 3111 in
3335 3052 3582 3112 Ecclesia

1953 3168 2073 3235 Dei,
2092 3183 2214 3238 quae
2237 3165 2292 3220 in
2317 3163 2494 3219 tribus
2523 3159 2809 3218 ordinibus
2839 3157 3036 3229 triplex
3065 3154 3231 3210 habet
3249 3151 3573 3208 triclinium.

1957 3258 2015 3312 in
2056 3255 2232 3330 ﬁgura
2263 3253 2551 3310 doctorum
2579 3247 2883 3320 principale
2914 3245 3133 3302 videtur
3155 3241 3362 3297 habere
3386 3239 3576 3330 domi-

1961 3329 2137 3401 nium.
2173 3343 2302 3398 Cum
2341 3339 2487 3396 enim
2545 3337 2742 3392 archos
2779 3334 2987 3400 Graece,
3055 3331 3312 3404 princeps
3369 3329 3582 3383 dicatur

1965 3433 2174 3499 Latine,
2225 3427 2542 3502 pastoribus
2584 3423 2953 3481 Ecclesiarum
3009 3436 3216 3476 nomen
3255 3418 3402 3474 istud
3433 3417 3578 3472 bene

1963 3522 2181 3577 videtur
2209 3517 2528 3583 convenire,
2559 3515 2692 3587 quia
2721 3528 2890 3583 super
2915 3520 3026 3566 tres
3058 3508 3392 3582 principales
3422 3507 3578 3563 ordi-

1967 3631 2066 3670 nes
2094 3613 2424 3688 dignitatum
2478 3609 2535 3664 in
2562 3606 2800 3662 triclinio
2857 3603 3115 3660 Ecclesiae
3146 3601 3329 3657 solent
3376 3600 3580 3656 habere

1965 3703 2354 3778 principatum.
2386 3698 2540 3755 Unde
2565 3696 2694 3770 quia
2717 3703 2847 3750 tunc
2874 3691 3198 3766 spiritaliter
3225 3707 3290 3745 ex
3331 3705 3474 3762 aqua
3499 3689 3577 3742 vi-

1968 3809 2098 3849 num
2131 3799 2216 3848 cst
2245 3792 2468 3854 factum,
2497 3783 2718 3858 quando
2746 3781 3066 3854 mysterium
3102 3779 3400 3836 Dominicae
3457 3793 3583 3850 pas-

1967 3885 2142 3942 sionis
2171 3889 2228 3938 et
2265 3880 2446 3937 crucis
2479 3877 2774 3934 videbatur
2823 3890 2945 3930 esse
2983 3881 3292 3944 peractum,
3347 3870 3578 3944 dignum

1965 3977 2070 4041 fuit
2091 3984 2150 4032 ut
2170 3973 2366 4052 gratia,
2393 3987 2514 4044 qua;
2528 3969 2682 4042 prius
2705 3969 2758 4024 in
2791 3983 2932 4040 aqua
2960 3964 3168 4022 latebat
3196 3963 3350 4036 alae]
3379 3962 3528 4029 vino,
3552 3978 3585 4017 a

1968 4073 2097 4130 ﬁliis
2117 4071 2378 4128 Ecclesia-3
2407 4069 2646 4141 primum
2669 4064 2872 4120 deferri
2905 4061 3140 4119 deberet
3181 4059 3579 4117 architriclino.

1972 4161 2231 4236 Alioquin
2262 4160 2318 4216 in
2348 4158 2544 4215 eodem
2574 4154 2706 4212 vino
2737 4161 2792 4210 et
2818 4169 2962 4226 aqua
3006 4151 3205 4207 frustra
3248 4150 3412 4206 nobis
3441 4155 3588 4206 esset

1976 4256 2178 4330 duplex
2205 4254 2378 4330 gratia
2399 4260 2636 4319 servata,
2671 4248 2777 4302 nisi
2809 4247 2994 4301 vinum
3027 4243 3164 4299 illud
3194 4259 3262 4298 ex
3302 4259 3446 4316 aqua
3474 4256 3584 4296 no-

1977 4351 2063 4406 bis
2094 4350 2221 4414 huc,
2244 4353 2300 4402 et
2319 4345 2423 4401 sibi
2443 4342 2751 4399 deferretur
2778 4337 2930 4404 illuc,
2953 4337 3022 4392 de
3047 4351 3158 4408 quo
3185 4334 3447 4405 scriptum
3472 4341 3583 4386 est:

1979 4445 2058 4500 Tu
2081 4446 2258 4498 autem
2278 4439 2508 4495 servasti
2529 4436 2722 4491 bonum
2733 4434 2920 4487 vinum
2930 4443 3098 4501 usque
3118 4425 3489 4496 adhuc(.l'oan.
3506 4425 3582 4494 ιι).

1973 4533 2102 4590 Tale
2128 4530 2338 4604 quippe
2391 4525 2581 4581 vinum
2622 4537 2732 4578 non
2763 4519 2928 4576 coriis
2963 4515 3240 4590 putribus,
3288 4513 3386 4568 sed
3429 4511 3590 4567 novis

1975 4601 2162 4694 potius
2191 4619 2426 4674 debetur
2454 4614 2510 4670 in
2539 4611 2784 4677 utribus;
2818 4605 3081 4680 quoniam
3106 4605 3247 4660 bene
3264 4601 3371 4658 sibi
3390 4605 3588 4694 cavere

1979 4688 2147 4766 debet
2171 4706 2352 4765 omnis
2382 4702 2628 4758 ﬁdelium
2660 4707 2859 4764 coetus,
2894 4711 2965 4751 ne
3017 4693 3072 4750 in
3105 4707 3277 4750 novos
3319 4699 3474 4748 utres
3503 4688 3589 4743 vi-

1982 4817 2111 4856 num
2143 4796 2308 4853 faciat
2342 4799 2520 4850 vetus.
2550 4789 2690 4856 Quid
2719 4793 2900 4842 autem
2937 4800 3039 4857 per
3071 4798 3245 4839 novos
3273 4788 3444 4848 utres,
3477 4779 3586 4834 nisi

1983 4885 2111 4942 novi
2131 4884 2422 4960 signantur
2450 4877 2730 4944 homines,
2768 4875 2815 4931 si
2846 4881 3028 4929 tamen
3052 4871 3299 4928 innovati
3327 4886 3429 4944 per
3465 4886 3592 4944 gra-

1984 4980 2112 5035 tiam
2146 4959 2240 5033 Dei
2279 4971 2695 5046 omnipotentis,
2729 4985 2838 5025 non
2867 4965 3164 5024 novitatem
3192 4962 3460 5036 corporis,
3492 4959 3593 5016 sed

1985 5067 2284 5127 novitatem
2333 5065 2574 5121 habeant
2620 5058 2861 5116 mentis?
2909 5057 3008 5124 Qui
3040 5056 3188 5113 enim
3229 5070 3330 5126 per
3357 5056 3590 5107 mortem

1985 5158 2166 5216 crucis
2201 5155 2333 5212 olim
2394 5160 2639 5210 mortuos
2671 5147 3032 5205 suscitaverat
3092 5150 3304 5218 putres,
3366 5139 3485 5210 ipse
3523 5137 3602 5216 ad.

1986 5229 2376 5322 excipiendum
2405 5243 2733 5319 sanguinem
2763 5255 2922 5295 suum
2973 5249 3147 5291 novos
3176 5244 3399 5302 semper
3427 5227 3597 5303 exigit

1987 5353 2157 5413 utres,
2196 5342 2290 5415 qui
2321 5342 2388 5398 ad
2419 5340 2672 5396 eamdem
2711 5335 2942 5392 formam
2979 5331 3033 5386 in
3079 5343 3281 5384 novum
3311 5322 3596 5379 hominem

1988 5446 2321 5496 renoventur
2351 5453 2381 5491 a
2403 5434 2603 5500 veteri,
2631 5447 2731 5504 per
2757 5445 2920 5503 quam
2953 5419 3198 5480 innovati
3227 5425 3356 5475 sunt
3382 5417 3596 5483 Petrus,

1987 5529 2187 5584 Paulus
2215 5535 2270 5583 et
2297 5523 2496 5581 caeteri.
2542 5520 2722 5586 Unde,
2763 5534 2831 5574 ne
2872 5520 3025 5570 utres
3069 5508 3596 5567 cordium'uostro-

1989 5634 2104 5691 rum
2138 5615 2350 5673 utribus
2409 5611 2516 5668 illis
2554 5607 2803 5680 dispares
2845 5600 3218 5666 inveniantur,
3277 5595 3345 5650 de
3396 5593 3596 5665 quibus
