3920 6054
364 146 462 204 951

1358 143 1735 231 ‘BERENGOSI
1775 142 2046 237 ΑΒΕΔ-518
2087 140 2141 198 8.
2183 142 2419 201 MAXIM!
2457 142 2718 201 TREVIR.

3582 144 3715 207 952

366 277 617 334 Veritas:
655 277 872 343 Vinum,
901 275 1102 348 inquit,
1150 290 1343 331 novum
1374 277 1432 330 in
1469 277 1614 329 utres
1652 288 1812 329 nouos
1840 270 1983 328 'mito.
2002 275 2057 345 Α
2082 276 2176 326 tur
2202 286 2313 327 esse
2341 276 2618 342 ﬁrmatum
2641 270 2798 344 (Luc.
2836 274 2966 339 xvd,
3008 278 3071 327 ut
3108 288 3291 345 neque
3322 287 3423 329 nos
3447 274 3515 328 ad
3555 273 3727 341 illos,

368 374 509 437 tunt,
534 373 588 425 et
610 370 764 424 ambo
791 372 1179 424 conservantur
1207 366 1422 438 (Matth.
1471 367 1581 436 ix):
1614 379 1841 420 necesse
1894 370 1980 420 est

368 467 426 514 ut
454 473 521 513 cx
547 455 748 528 pruina
784 454 1025 510 caelestis
1062 454 1277 531 gratiae,
1305 470 1429 510 cum
1447 462 1569 510 utre
1599 453 1693 508 illo
1719 451 1974 508 vitiorum

367 555 681 605 nostrorum
704 546 1000 621 frigescant
1026 545 1301 613 intestina,
1337 546 1406 601 de
1432 560 1542 618 quo
1574 544 1838 616 scriptum
1862 551 1973 599 est:

365 641 558 695 Factus
582 652 701 694 sum
712 640 850 693 sicut
870 641 986 693 uter
1006 638 1457 709 inpruina(Psal.
1472 635 1817 705 cxvm).Quia
1828 634 1975 690 enim

367 749 531 790 nemo
560 740 743 805 potest
762 732 1040 788 internum
1071 731 1277 788 habere
1299 731 1578 798 decorem,
1610 730 1715 786 nisi
1744 730 1800 785 in
1830 729 1981 787 vitiis

369 823 569 879 habeat
599 821 775 897 frigus
829 829 885 877 et
915 821 969 875 in
996 821 1197 877 virtute
1252 820 1518 877 calorem:
1549 820 1776 893 dignum
1810 829 1894 876 est
1922 830 1984 875 ut

368 915 749 988 unusquisque
798 920 1044 971 nostrum
1102 914 1359 969 eumdem
1410 914 1613 970 divinae
1670 914 1985 970 dilectionis

367 1007 607 1062 calorem
641 1006 839 1061 habeat
868 1005 923 1061 in
963 1021 1045 1073 se,
1102 1005 1173 1061 de
1202 1021 1312 1078 quo
1339 1006 1546 1061 dictum
1604 1013 1713 1061 est:
1752 1006 1985 1063 Concut-

368 1104 509 1158 cavit
558 1117 649 1157 cor
674 1117 846 1158 meum
890 1104 1042 1157 intra
1094 1117 1177 1156 me
1222 1101 1391 1158 (Psal.
1424 1100 1674 1172 xxxvm).
1726 1099 1982 1172 Alioquin

371 1192 507 1249 illud
540 1193 596 1248 in
629 1192 865 1249 Canticis
909 1193 1149 1249 clamare
1175 1207 1287 1247 non
1327 1192 1573 1249 valemus
1610 1190 1979 1247 fiducialiter:

369 1286 559 1355 Surge,
593 1288 815 1357 Aquilo.
831 1291 881 1342 et
904 1288 1049 1351 veni,
1081 1287 1282 1341 Auster
1305 1285 1486 1353 (Cant.
1532 1286 1629 1355 IV),
1678 1285 1783 1339 nisi
1813 1285 1981 1341 totius

370 1375 593 1432 malitia:
617 1375 791 1448 frigus
828 1376 911 1433 sic
942 1375 1173 1431 internae
1216 1372 1571 1447 cogitationis
1597 1373 1920 1429 excludatur
1947 1390 1978 1429 a

371 1466 632 1531 claustro,
694 1471 752 1520 ut
803 1465 974 1533 janua
1027 1463 1213 1519 cordis
1263 1479 1430 1519 causa
1494 1462 1566 1518 sit
1602 1462 1884 1535 Aquiloni,
1924 1470 1980 1518 et

2080 378 2183 419 nec
2210 364 2288 419 illi
2336 363 2403 420 ad
2448 380 2550 421 nos
2573 365 2747 420 velint
2782 364 2989 421 habere
3022 374 3291 421 meatum.
3328 363 3723 438 QuaprOpter,

2079 468 2148 508 ne
2179 470 2303 511 cum
2345 455 2555 510 eisdem
2584 455 2794 512 Judzeis
2844 454 3041 511 famem
3098 455 3374 528 patiamur
3428 461 3489 512 ut
3538 472 3726 512 canes

2079 541 2247 613 (Psal.
2279 545 2445 612 Lvni),
2482 544 2535 599 in
2586 544 2849 615 mysterio
2889 544 3066 600 crucis
3098 560 3129 599 a
3158 560 3289 600 vero
3311 544 3518 616 Joseph
3556 560 3721 617 quo-

2082 634 2214 690 tidie
2254 634 2415 691 nobis
2447 634 2725 706 spiritales
2755 634 3038 707 quaerendi
3077 642 3205 691 sunt
3233 652 3426 707 panes,
3465 644 3528 692 ut
3559 637 3723 694 sicut

2082 714 2177 781 ille
2206 742 2330 782 cum
2385 726 2628 782 medulla
2649 727 2839 797 tritici,
2874 726 2958 783 vel
2990 743 3113 783 cum
3168 727 3410 800 panibus
3454 731 3719 786 occurrit

2082 814 2338 890 fugienti,
2370 815 2451 871 sic
2476 817 2627 871 Isaac
2654 824 2709 872 et
2737 816 2949 888 Moyses
2977 833 3175 889 aquam
3208 818 3452 875 cmlestis
3482 820 3717 892 eloquii

2085 903 2382 960 sitibundte
2412 904 2662 960 deferant
2692 905 2880 960 menti.
2914 904 3211 961 Sciendum
3235 913 3319 962 est
3342 906 3491 962 enim
3522 909 3715 981 quod,

2084 996 2621 1069 sicutverusJoseph
2646 998 2923 1069 quondam
2943 1014 3084 1069 pane
3101 998 3198 1055 illo
3239 1000 3563 1071 spiritaliter
3576 1018 3717 1066 nos,

2084 1092 2139 1140 et
2170 1085 2461 1141 carnaliter
2482 1085 2633 1157 pavit
2673 1084 2948 1152 Hebraeos,
2975 1087 3042 1142 de
3065 1104 3176 1159 quo
3201 1089 3472 1160 propheta
3490 1091 3669 1145 David
3697 1107 3713 1143 :

2084 1177 2229 1231 Pane
2259 1176 2477 1249 (inquit)
2530 1178 2643 1233 cali
2672 1180 2945 1233 saturavit
2974 1193 3057 1233 eos
3099 1178 3267 1250 (Psal.
3303 1180 3437 1251 etv);
3487 1181 3570 1235 sic
3601 1196 3715 1235 ve-

2085 1283 2177 1322 rus
2202 1267 2359 1323 Isaac
2390 1274 2444 1323 et
2473 1283 2636 1323 verus
2686 1268 2899 1340 Moyses
2943 1285 3087 1342 aqua
3112 1270 3203 1325 illa
3230 1270 3441 1326 ccelesti
3470 1270 3713 1342 spirita-

2079 1356 2204 1411 liter
2233 1371 2334 1412 nos
2354 1362 2408 1411 et
2440 1354 2745 1431 figuraliter
2767 1366 3025 1429 potavere
3053 1359 3298 1428 Judaeos,
3330 1358 3399 1416 de
3429 1377 3538 1433 qua
3563 1359 3714 1417 scri-

2079 1453 2232 1521 ptum
2271 1455 2387 1503 est:
2417 1451 2575 1519 Aqua
2594 1451 2875 1520 sapientiae
2888 1452 3102 1521 potavit
3138 1466 3222 1507 eos
3273 1452 3461 1524 (Eccli.
3493 1452 3714 1524 xv).‘Et

368 1562 558 1628 aperta
586 1555 658 1611 sit
686 1557 899 1611 Austro.
953 1555 1315 1626 Quapropter,
1344 1553 1496 1626 "quia
1535 1553 1739 1610 divinis
1769 1570 1983 1626 nequa-
2008 1580 2058 1650 Β
2082 1540 2210 1595 ideo
2238 1555 2464 1642 ηεξεοδεθ
2493 1547 2576 1642 θεξ
2622 1540 2785 1597 “bis
2822 1548 2933 1650 “l3”
2952 1542 3092 1650 εἰξῑυῑ
3135 1559 3310 1650 ‘VBI'US
3338 1543 3543 1650 1056.1)?
3599 1559 3712 1650 ρει·

370 1670 532 1724 quam
567 1652 786 1725 placere
826 1651 1074 1707 valemus
1100 1649 1406 1719 obtutibus,
1447 1650 1552 1706 nisi
1609 1650 1782 1725 frigus
1811 1650 1865 1705 in
1907 1650 1981 1706 vi-

371 1741 461 1796 tiis
493 1750 547 1796 et
574 1740 813 1797 calorem
846 1738 1149 1794 habeamus
1179 1739 1236 1793 in
1267 1738 1585 1806 virtutibus,
1635 1754 1864 1795 necesse
1896 1746 1982 1794 est

371 1842 433 1888 nt
458 1833 525 1888 ad
556 1829 915 1888 celebrandas
953 1830 1177 1902 nuptias
1217 1830 1317 1886 Dei
1371 1830 1772 1903 omnipotentis
1822 1831 1983 1887 bonis

374 1922 621 1979 moribus
659 1927 715 1975 et
752 1919 941 1991 probis
969 1919 1185 1976 actibus
1215 1920 1545 1992 impleamus
1575 1920 1800 1992 hydrias
1829 1936 1980 1975 men-

370 2015 461 2082 tis,
488 2021 547 2069 ut
579 2013 633 2069 in
664 2012 923 2084 mysterio
956 2012 1134 2069 crucis
1160 2011 1327 2085 digne
1355 2012 1579 2069 haurire
1609 2013 1889 2085 possimus
1911 2012 1981 2068 de

372 2104 467 2158 illo
522 2100 783 2175 spiritalis
842 2100 1045 2157 laetitia:
1102 2101 1253 2169 vino,
1284 2101 1355 2157 de
1412 2116 1523 2173 quo
1543 2102 1819 2174 'scriptum
1861 2110 1976 2157 est:

373 2191 599 2247 Haurite
635 2206 793 2255 nunc,
824 2195 874 2245 et
892 2192 1030 2258 ferte
1058 2191 1434 2245 architriclino
1471 2192 1642 2252 (Joan.
1677 2191 1760 2261 ιι).

442 2285 579 2351 Quia
609 2285 776 2362 igitur
798 2285 931 2341 satis
970 2298 1250 2356 superque
1271 2284 1384 2352 jam
1432 2283 1672 2355 impleta:
1718 2294 1844 2341 sunt
1880 2304 1981 2343 nu-

373 2376 500 2447 ptiae
531 2374 1021 2439 discumbentium,
1073 2373 1202 2428 dum
1262 2372 1318 2427 in
1351 2373 1605 2430 convivio
1651 2374 1979 2447 spiritalium

371 2470 665 2527 verborum
692 2469 1045 2542 implevimus
1098 2468 1285 2541 hyrias
1326 2468 1619 2537 mentium,
1653 2477 1873 2542 tempus
1901 2478 1983 2527 est

373 2572 453 2631 ut,
475 2562 542 2618 ad
561 2561 932 2634 repentendas
946 2562 1059 2633 jam
1085 2560 1286 2633 prioris
1306 2561 1594 2617 sententiae
1620 2572 1897 2630 metretas,
1913 2564 1983 2619 de

373 2652 579 2724 nuptiis
609 2658 665 2707 et
694 2650 905 2724 hydriis
931 2649 999 2706 ad
1032 2649 1370 2722 patriarchas
1402 2658 1739 2707 revertamur
1767 2657 1821 2707 ct
1854 2668 1983 2724 pro-

372 2746 581 2815 phetas.
620 2744 857 2820 Dignum
884 2742 1091 2817 quippe
1119 2749 1201 2798 est
1226 2752 1286 2799 ut
1307 2742 1470 2811 sicut,
1504 2760 1605 2815 per
1633 2744 1833 2800 divinae
1866 2745 1984 2815 pie-

373 2836 497 2892 tatis
522 2834 848 2903 efficaci'im,
879 2836 1160 2907 paulisper
1179 2852 1210 2890 a
1238 2835 1360 2910 lege
1391 2835 1738 2890 vertebamur
1761 2835 1828 2889 ad
1851 2852 1979 2908 gra-

373 2927 523 2995 tiam,
555 2925 627 2979 ita
660 2941 807 2979 nunc
825 2924 890 2978 ad
926 2923 1353 2994 praeconandum
1379 2938 1560 2977 rerum
1603 2922 1853 2977 omnium
1878 2922 1982 2978 Re-

372 3034 519 3089 gem,
549 3016 618 3071 de
646 3016 777 3071 vino
802 3015 870 3069 ad
903 3014 1139 3079 laticem,
1184 3021 1239 3069 et
1283 3013 1352 3068 de
1405 3014 1583 3088 gratia
1635 3029 1980 3070 recurremus

373 3109 444 3165 ad
474 3109 673 3184 legem.
707 3106 836 3171 Sed,
870 3106 998 3160 licet
1020 3106 1181 3161 nobis
1208 3122 1408 3179 magna
1460 3104 1794 3161 eliciendum
1827 3105 1897 3162 sit
1927 3108 1978 3162 vi

381 3195 650 3271 quidquid
679 3194 1049 3251 hauriendum
1090 3203 1254 3249 estex
1281 3193 1463 3265 puteis
1486 3195 1635 3249 Isaac
1663 3201 1717 3249 et
1746 3211 1810 3250 ex
1858 3196 1981 3272 lege

374 3293 562 3365 Moysi,
610 3299 815 3357 tamen,
871 3287 1000 3361 quia
1062 3286 1412 3342 severitatem
1481 3286 1770 3358 utriusque
1809 3289 1977 3344 semel

371 3399 561 3439 sumus
600 3378 831 3452 experti,
859 3376 1056 3433 iterum
1087 3374 1156 3431 ad
1189 3390 1286 3432 eos
1316 3374 1548 3448 pristina
1603 3375 1871 3432 debemus
1902 3378 1983 3433 le—

366 3473 549 3528 ctione
573 3468 792 3526 reverti.
852 3466 1107 3523 Eamdem
1139 3467 1287 3521 enim
1326 3466 1434 3521 vim
1467 3483 1635 3538 super
1679 3482 1780 3523 nos
1812 3469 1978 3524 iidem

369 3562 573 3616 habent
605 3558 910 3630 prephette,
940 3571 1101 3627 quam
1135 3571 1304 3627 super
1341 3555 1579 3611 annulos
1610 3564 1661 3611 et
1714 3556 1973 3629 stipulam

368 3654 620 3709 videmus
649 3652 705 3706 in
734 3649 917 3722 lapide
939 3648 1008 3704 de
1031 3655 1308 3721 magnetc,
1338 3647 1467 3703 dum
1499 3648 1568 3703 ad
1598 3649 1847 3706 eamdem
1872 3652 1977 3707 for-

369 3761 511 3800 mam
542 3743 793 3818 cogimur
822 3740 1019 3797 iisdem
1052 3740 1283 3796 obedirc
1307 3740 1614 3811 prephetis,
1638 3758 1745 3813 qua
1766 3742 1976 3799 festuca

368 3837 450 3892 vel
509 3835 749 3890 annulus
777 3832 983 3888 servire
1045 3838 1321 3907 coguntur
1359 3831 1620 3903 potentire
1678 3835 1973 3909 magnetis.

367 3926 695 3984 Sicutenim
727 3925 819 3979 ille
871 3923 939 3979 ad
1000 3940 1060 3979 se
1089 3922 1324 3995 quadam
1379 3923 1713 3980 admiranda:
1764 3928 1978 3983 virtutis

368 4016 645 4075 contrahit
674 4022 789 4070 arte
834 4012 1105 4085 quidquid
1136 4013 1241 4068 sibi
1284 4011 1352 4068 de
1397 4014 1480 4067 his
1510 4014 1738 4071 adversa
1786 4015 1977 4071 obvia-

370 4108 509 4165 vcrit
537 4114 712 4180 parte,
741 4106 816 4162 ita
842 4113 897 4161 et
949 4120 1052 4161 nos
1081 4122 1181 4178 pro
1221 4107 1537 4182 peragendo
1564 4109 1789 4183 negotio
1836 4111 1979 4165 anti-

367 4214 499 4272 quo,
524 4196 591 4251 ad
622 4195 847 4252 eosdem
874 4195 1171 4266 prophetas
1198 4195 1446 4251 contrahi
1468 4195 1722 4251 videmur
1748 4214 1811 4252 ex
1834 4198 1978 4253 obli-

368 4303 495 4361 quo.
533 4284 767 4344 Proinde
800 4301 890 4352 ne,
923 4284 978 4340 in
1011 4286 1361 4357 exsequenda
1416 4287 1711 4357 proposita:
1753 4289 1981 4345 rationis

373 4379 611 4444 theoria,
636 4378 842 4451 Ioseph
875 4394 907 4432 a
933 4377 1152 4433 duobus
1180 4377 1301 4433 aliis
1325 4377 1551 4451 longius
1580 4379 1920 4453 digredietur
1948 4399 1981 4438 a

370 4468 479 4536 via,
524 4465 900 4524 necessarium
948 4474 1031 4521 est
1058 4474 1115 4521 ut
1146 4466 1256 4539 jam
1304 4480 1371 4520 eo
1401 4466 1565 4522 citius
1612 4468 1817 4523 debeat
1854 4468 1978 4524 aliis

366 4557 561 4615 sociari
590 4556 830 4624 duobus,
869 4571 979 4629 quo
1008 4570 1238 4610 numero
1274 4563 1329 4609 et
1380 4555 1640 4626 mysterio
1680 4556 1977 4612 subvenire

369 4645 536 4701 debet
582 4642 875 4700 ambobus.
938 4642 1106 4698 [idem
1171 4642 1317 4698 enim
1375 4643 1475 4698 viri
1505 4658 1572 4700 eo
1615 4644 1791 4718 magis
1821 4646 1974 4720 digni

366 4741 493 4791 sunt
526 4734 778 4789 humanae
830 4732 1115 4787 servitutis
1154 4731 1482 4800 ministerio,
1522 4748 1634 4805 quo
1682 4733 1843 4806 pauci
1875 4751 1981 4790 nu-

367 4830 586 4880 meroet
616 4823 801 4894 plures
829 4819 981 4877 fuere
1021 4820 1306 4893 mysterio,
1329 4821 1589 4895 quoniam
1631 4823 1774 4879 bene
1815 4823 1980 4880 nobis

367 4916 656 4990 utriusque
681 4913 1014 4970 Testamenti
1039 4914 1257 4991 gladius
1286 4914 1469 4971 innuit
1497 4915 1689 4988 biceps
1718 4916 1865 4989 quod
1922 4916 1979 4972 in

364 5010 447 5067 eis
493 5007 806 5065 intellectus
843 5014 927 5063 est
967 5006 1275 5080 multiplex.
1334 5008 1509 5072 Unde,
1566 5009 1830 5083 quoniam
1876 5010 1979 5064 sub

365 5103 531 5160 unius
556 5100 901 5175 professione
957 5099 1087 5155 fidei
1117 5100 1405 5172 multiplex
1437 5101 1492 5157 in
1525 5102 1607 5157 eis
1660 5101 1762 5156 fuit
1800 5102 1979 5176 gratia

365 5190 586 5260 Christi,
627 5190 757 5246 dum
785 5188 937 5245 aliud
967 5188 1212 5246 officium
1258 5196 1375 5245 erat
1422 5189 1522 5257 illi,
1569 5198 1624 5246 et
1660 5190 1809 5245 aliud
1852 5190 1971 5256 isti;

364 5299 591 5342 necesse
621 5290 704 5340 est
750 5290 809 5339 ut
839 5280 986 5356 apud
1013 5297 1114 5339 nos
1142 5298 1377 5354 pensare
1429 5282 1727 5359 diligenter
1757 5282 1977 5338 studea-

364 5389 488 5429 mus
504 5372 638 5445 quid
661 5372 730 5427 ab
752 5386 1090 5445 unoquoque
1107 5387 1295 5427 eorum
1321 5372 1488 5445 digne
1520 5388 1744 5444 sperare
1772 5370 1973 5426 debea-

364 5480 503 5522 mus.
564 5465 874 5523 Patrocinio
927 5463 1074 5520 enim
1124 5480 1313 5521 eorum
1391 5471 1445 5520 et
1498 5464 1673 5539 gratia
1726 5463 1819 5519 Dei
1868 5464 1974 5520 alio

364 5554 529 5611 modo
561 5555 870 5629 indigemus
900 5571 1022 5624 nos,
1050 5560 1105 5609 el
1124 5554 1233 5610 alio
1258 5553 1458 5617 Judaai,
1478 5554 1740 5626 quoniam
1771 5555 1823 5609 in
1853 5571 1971 5623 my-

363 5642 536 5700 sterio
572 5643 752 5701 crucis
774 5645 915 5702 inter
943 5659 1036 5703 nos
1080 5648 1129 5702 et
1173 5644 1294 5700 illos
1323 5648 1534 5701 tantum
1574 5644 1733 5700 chaos
1766 5644 1969 5699 videbi-

2083 1631 2399 1703 mysterium
2431 1632 2609 1688 crucis
2649 1648 2848 1687 manna
2879 1632 3014 1688 illud
3045 1633 3272 1690 caeleste
3318 1634 3572 1707 quotidie
3602 1635 3703 1689 dat

2082 1722 2263 1789 nobis,
2306 1722 2434 1777 fidei
2459 1722 2723 1779 dentibus
2747 1724 3162 1791 ruminandum,
3193 1725 3263 1781 de
3303 1741 3412 1798 quo
3443 1725 3707 1783 Psalmo—

2081 1813 2365 1886 graphus:
2416 1814 2562 1868 Pluit
2610 1813 2829 1885 (inquit)
2882 1831 3083 1871 manna
3128 1816 3205 1870 ad
3252 1817 3711 1873 manducandum

2085 1907 2248 1979 (Psal.
2285 1908 2518 1976 Lxxvn);
2552 1907 2632 1962 sic
2657 1922 2823 1964 verus
2854 1908 3001 1965 Isaac
3031 1916 3095 1965 ut
3118 1924 3280 1966 verus
3307 1909 3520 1983 Moyses
3559 1912 3713 1966 sitim

2083 1996 2232 2053 illam
2262 1998 2567 2053 animarum
2591 1997 2754 2055 nobis
2777 1998 3019 2056 debeant
3043 2002 3343 2059 emendare
3371 2002 3599 2069 viritim,
3634 2003 3711 2059 de

2082 2102 2192 2159 qua
2220 2086 2482 2158 scriptum
2530 2095 2648 2142 est:
2699 2089 2883 2144 Posuit
2922 2092 3154 2156 ﬂumina
3210 2093 3269 2146 in
3317 2092 3612 2159 desertum,
3653 2099 3713 2148 et

2079 2181 2258 2234 exitus
2288 2194 2561 2249 aquarum
2599 2181 2659 2235 in
2712 2179 3084 2253 sitim'(Psat.
3130 2186 3257 2254 ενι).
3310 2185 3503 2241 Adhuc
3529 2185 3704 2241 etiam

2083 2270 2455 2327 necessarium
2507 2277 2590 2326 est
2636 2279 2715 2338 ut,
2765 2271 2911 2329 sicut
2964 2288 3127 2330 verus
3188 2276 3393 2348 Joseph
3436 2278 3708 2349 mysterio

2082 2360 2327 2416 caelestis
2356 2361 2683 2416 sacramenti
2722 2360 2777 2415 in
2811 2362 3009 2418 horreo
3041 2362 3300 2419 Ecclesiae
3342 2365 3600 2436 quotidie
3627 2366 3715 2422 ei-

2085 2452 2213 2508 bare
2244 2468 2346 2509 nos
2373 2454 2512 2509 solet
2543 2471 2608 2509 ex
2650 2453 2815 2525 adipe
2848 2454 3135 2523 frumenti,
3164 2456 3243 2512 sic
3277 2458 3409 2512 bina
3436 2458 3523 2513 vel
3546 2466 3711 2515 terna

2084 2546 2347 2618 spiritalis
2377 2546 2758 2622 intelligentiae
2790 2555 3018 2604 metreta
3052 2558 3241 2621 potare
3272 2567 3375 2607 nos
3405 2552 3536 2607 velit
3555 2554 3711 2611 Isaac

2083 2638 2152 2693 de
2186 2637 2366 2709 puteis
2395 2645 2451 2693 et
2478 2638 2686 2710 Moyses
2731 2639 2799 2695 de
2840 2647 3011 2711 petra.
3046 2642 3248 2698 Taliter
3300 2643 3528 2715 quippe,
3560 2645 3709 2701 sicut

2085 2726 2363 2782 interioris
2404 2728 2548 2783 oculi
2581 2735 2761 2798 potest
2804 2728 3085 2803 dignosci,
3126 2732 3490 2803 perspicacia,
3531 2733 3591 2789 in
3620 2734 3709 2789 his

2084 2820 2257 2875 tribus
2286 2820 2418 2875 viris
2479 2819 2675 2889 triplex
2717 2820 2880 2876 nobis
2910 2822 3151 2877 occurrit
3186 2811 3385 2898 gratia,
3432 2823 3561 2879 dum
3605 2842 3708 2897 per

2082 2908 2312 2979 gratiam
2360 2909 2480 2979 ejus
2528 2909 2623 2980 qui
2652 2908 2892 2964 animam
2924 2909 3147 2967 satiabit
3196 2913 3419 2968 inanem
3447 2915 3558 2971 duo
3600 2930 3700 2973 no-

2005 2954 2170 3051 Cbis
2223 2954 2461 3053 offerant
2518 2954 2739 3070 gquam,
2787 3006 2841 3054 et
2894 3000 3089 3055 tertius
3123 3017 3344 3071 panem.
3401 3002 3531 3069 Sed,
3566 3004 3701 3060 licet

2082 3086 2246 3140 unius
2272 3086 2495 3158 generis
2550 3085 2709 3142 cibus
2744 3100 2840 3158 pro
2881 3087 3144 3159 qualitate
3202 3090 3492 3146 hominum
3541 3108 3695 3164 saepe

2084 3192 2192 3233 non
2223 3178 2517 3233 conveniat
2548 3177 2744 3246 tribus,
2774 3178 2938 3235 nobis
2969 3188 3150 3235 tamen
3181 3182 3588 3240 ostendendum
3617 3193 3704 3241 est

2087 3269 2175 3324 hic
2200 3269 2496 3325 devotione
2528 3269 2818 3343 singulari,
2881 3277 2936 3325 et
2967 3270 3180 3326 ratione
3219 3275 3522 3341 communi,
3564 3292 3702 3347 qua-

2084 3366 2211 3421 liter
2270 3365 2321 3419 in
2385 3365 2646 3436 mysterio
2701 3366 2881 3421 crucis
2932 3382 3075 3420 unus
3106 3366 3382 3432 omnibus,
3430 3378 3487 3423 et
3512 3385 3708 3426 omnes

2082 3454 2419 3510 conveniant
2450 3455 2563 3509 uni.
2626 3454 2801 3515 L’nde,
2835 3455 3095 3526 quoniam
3130 3455 3185 3509 in
3225 3456 3318 3511 illo
3350 3456 3468 3511 solo
3518 3465 3705 3513 nostra

2082 3549 2219 3606 fides
2234 3557 2289 3607 et
2308 3557 2493 3606 nostra
2528 3559 2608 3605 est
2631 3567 2761 3620 spes
2792 3550 2950 3619 cujus
2983 3549 3215 3625 figuram
3245 3550 3435 3606 habuit
3464 3551 3703 3623 Ioseph,

2078 3638 2229 3695 Isaae
2260 3647 2313 3695 et
2351 3639 2583 3710 Moyses,
2624 3638 2891 3693 orandum
2926 3638 3085 3693 nobis
3111 3645 3196 3693 est
3226 3646 3303 3705 ut,
3337 3638 3488 3695 sicut
3533 3656 3702 3696 verus

2076 3729 2283 3797 Joseph
2304 3744 2402 3798 per
2430 3727 2749 3798 mysterium
2782 3727 2963 3782 crucis
3010 3728 3258 3800 quotidie
3290 3744 3392 3784 nos
3424 3746 3569 3802 pane
3602 3730 3698 3787 illo

2081 3819 2257 3891 pascit
2284 3820 2340 3873 in
2363 3818 2653 3890 pnesentis
2686 3817 2944 3874 Ecclesiae
2971 3817 3158 3885 domo,
3192 3818 3260 3872 de
3290 3833 3399 3889 quo
3426 3819 3689 3889 scriptum

2079 3920 2192 3967 est:
2255 3913 2453 3967 Panem
2519 3914 2828 3979 angelorum
2878 3914 3245 3969 manducauit
3317 3916 3469 3970 homo
3521 3916 3691 3981 (Psal.

2081 4002 2313 4069 Lxxvn);
2343 3999 2425 4054 sic
2462 4016 2625 4055 verus
2656 4001 2804 4056 Isaac
2835 4001 3114 4058 devotioni
3156 4010 3355 4059 nostrae
3379 4004 3452 4058 ita
3474 4018 3533 4059 se
3562 4001 3705 4058 velit

2080 4093 2341 4148 exhibere
2367 4092 2647 4159 devotum,
2698 4099 2755 4148 ut
2784 4110 2851 4148 ex
2897 4102 3065 4166 puteo
3108 4095 3395 4168 sanguinis
3440 4095 3524 4151 sui
3580 4109 3694 4151 cm-

2080 4182 2234 4238 lestis
2260 4183 2449 4257 gratiae
2489 4182 2650 4237 nobis
2677 4182 2884 4238 tribuat
2923 4191 3133 4254 potum,
3167 4191 3439 4256 quatenus
3466 4200 3566 4256 per
3594 4200 3690 4239 ve-

2085 4287 2201 4325 rum
2234 4271 2457 4343 Moysen
2488 4270 2641 4338 fidei,
2677 4271 2794 4343 spei
2829 4280 2883 4327 et
2911 4272 3215 4335 charitatis,
3249 4274 3395 4329 trino
3424 4274 3689 4329 sublevati

2084 4360 2315 4434 remigio
2367 4359 2654 4431 praesentis
2736 4360 2921 4416 Str-culi
2988 4377 3140 4416 mare
3191 4361 3339 4417 sicco
3412 4362 3693 4433 possimus

2080 4450 2312 4505 transire
2339 4450 2602 4526 vestigio:
2656 4452 2730 4505 ita
2759 4460 2817 4506 ut
2845 4468 2944 4522 per
2974 4451 3285 4522 passionem
3318 4453 3439 4522 ejus
3477 4461 3533 4509 et
3561 4470 3688 4507 cru-

2080 4554 2197 4594 cem
2228 4555 2451 4611 semper
2495 4538 2893 4596 mortificemur
2932 4539 3001 4594 in
3032 4554 3285 4612 corpore,
3339 4547 3394 4595 et
3449 4541 3690 4596 viviticc-

2080 4647 2203 4686 mur
2240 4630 2299 4686 in
2356 4639 2562 4697 mente,
2609 4631 2765 4699 cujus
2804 4640 3040 4687 mortem
3080 4630 3286 4702 Joseph
3337 4632 3391 4686 in
3446 4648 3682 4687 carcere.

2081 4720 2232 4776 Isaac
2270 4721 2326 4776 in
2354 4720 2548 4786 ariete,
2581 4728 2636 4775 et
2664 4719 2879 4791 Moyses
2916 4717 3285 4795 prmtiguravit
3314 4720 3371 4778 in
3410 4728 3681 4791 serpente.

2080 4812 2235 4878 Quod
2266 4814 2383 4885 ipse
2417 4812 2579 4868 nobis
2619 4821 2882 4883 praestare
2924 4812 3207 4886 dignetur,
3247 4812 3342 4884 qui
3382 4828 3505 4868 cum
3535 4811 3687 4868 Patre

2082 4911 2137 4960 et
2165 4905 2370 4976 Spiritu
2398 4913 2587 4960 sancto
2640 4904 2771 4959 vivit
2800 4910 2855 4959 et
2886 4909 3079 4977 regnat
3128 4903 3181 4957 in
3232 4903 3431 4958 saecula
3460 4903 3689 4959 saeculo-

2083 5017 2222 5056 rum.
2257 5002 2448 5056 Amen.
2480 4999 2616 5066 Quia
2642 4999 2788 5055 enim
2830 4998 2943 5068 jam
2980 5016 3011 5054 a
3039 4997 3201 5054 nobis
3245 4998 3684 5055 concludendum

2079 5097 2161 5145 est
2209 5105 2442 5163 propere
2485 5089 2755 5162 quidquid
2805 5088 3199 5160 proposuimus
3241 5088 3311 5142 de
3368 5088 3593 5159 Joseph,
3632 5096 3685 5143 et

2083 5194 2252 5248 Isaac,
2285 5189 2340 5237 et
2375 5181 2583 5253 Moyse,
2611 5180 3071 5237 considerandum
3101 5188 3184 5236 est
3204 5179 3337 5252 quid
3364 5195 3546 5235 sermo
3569 5180 3682 5248 Dei,

2074 5276 2169 5356 qui
2194 5280 2279 5331 est
2299 5273 2490 5329 efﬁcax
2511 5279 2566 5329 et
2595 5272 2774 5340 vivus,
2802 5272 3101 5328 novissime
3138 5268 3227 5326 hic
3255 5287 3400 5325 unus
3430 5279 3687 5343 operetur

2075 5364 2130 5419 in
2153 5364 2358 5431 tribus;
2406 5365 2597 5437 sicque
2628 5378 2812 5419 sermo
2840 5370 3044 5427 noster,
3078 5362 3236 5434 quasi
3272 5369 3397 5432 post
3420 5362 3683 5417 devictam

2076 5476 2221 5516 cura:
2257 5460 2534 5516 saecularis
2565 5460 2814 5514 umbram
2847 5457 2934 5513 vel
2962 5456 3297 5524 turbam,'in
3330 5455 3539 5512 Christo
3562 5456 3686 5512 Jesu

2075 5553 2140 5608 ad
2176 5554 2345 5624 ipsam
2381 5552 2663 5625 perveniet
2695 5566 2984 5607 summam.
