3912 6044
187 179 300 238 953

1158 181 1252 237 DE‘
1283 179 1498 236 LAUDE
1537 179 1618 236 ET
1653 179 1783 236 lNV.
1827 179 1884 234 S.
1927 177 2176 234 CRUClS.
2218 207 2288 217 -—
2325 176 2452 232 LIB.
2495 175 2562 231 ll.

3418 179 3526 234 954

186 307 3504 333 W

1097 465 1542 558 INCIPIT
1605 463 1962 556 LIBER
2028 462 2626 553 SECUNDUS

1386 672 1471 727 DE
1511 669 1906 727 lNVENTlONE
1945 669 2000 726 S.
2042 668 2298 726 CRUCIS.

734 893 946 950 CAPUT
978 893 1258 950 PRIMUM.

183 987 354 1041 Beata
409 985 638 1052 Helena,
691 985 923 1070 {jusque
937 985 1094 1070 ﬁlius
1132 986 1516 1070 Constantinus
1554 987 1806 1055 Magnus,

639 1073 675 1111 a
694 1059 799 1112 Deo
836 1057 1072 1113 obtinuit
1098 1060 1355 1126 gratiam.

260 1163 520 1228 Quamvis
582 1177 694 1219 non
742 1163 920 1234 possit
947 1179 1072 1220 esse
1125 1162 1468 1236 incOgnitum
1495 1163 1644 1235 quod
1684 1169 1808 1234 post

185 1252 508 1324 passionem
542 1253 761 1310 Domini
790 1251 1004 1327 lignum
1043 1251 1387 1308 Dominicum
1417 1267 1450 1306 a
1474 1252 1683 1308 Judaeis
1711 1253 1806 1308 diu

183 1350 304 1397 erat
342 1341 752 1410 absconditum,
781 1341 1009 1416 dignum
1057 1347 1242 1396 tamen
1289 1346 1374 1398 est
1412 1350 1470 1396 ut
1499 1341 1567 1396 ad
1607 1342 1806 1414 ιιι-ωᾶὶ-

181 1432 418 1490 caudam
482 1435 733 1505 ejusdem
800 1434 1185 1490 sacratissime
1241 1433 1423 1491 crucis
1467 1435 1749 1490 victoriam
1783 1475 1800 1502 ,

181 1527 408 1598 quando
438 1528 524 1584 vel
559 1544 592 1584 a
619 1543 729 1600 quo
757 1527 982 1584 inventa
1011 1527 1102 1596 sit,
1135 1543 1456 1584 revocemus
1484 1527 1552 1583 ad
1582 1543 1807 1585 memo»~

183 1617 348 1676 riam.
371 1619 536 1674 Beata
561 1619 730 1695 igitur
749 1619 959 1676 Helena
977 1619 1322 1676 Trevirorum
1354 1619 1633 1692 quondam
1654 1620 1800 1675 indi-

177 1727 321 1787 gena
357 1711 616 1781 civitatis,
660 1719 785 1784 post
838 1713 1070 1788 gratiam
1126 1713 1479 1786 baptismatis
1538 1713 1802 1785 operibus

179 1803 352 1876 cwpit
387 1804 650 1861 insudare
681 1805 926 1876 pietatis,
969 1806 1098 1878 quia
1126 1822 1249 1862 cum
1282 1805 1524 1878 perfecta
1562 1806 1620 1861 in
1665 1805 1798 1873 ﬁde,

179 1905 238 1954 et
267 1898 572 1971 perfectior
609 1901 676 1955 in
708 1900 997 1969 charitate,
1039 1901 1242 1957 nobilis
1287 1909 1404 1958 erat
1443 1917 1671 1978 genere,
1700 1903 1799 1958 sed

179 1987 428 2044 nobilior
451 1988 760 2045 sanctitate.
786 1989 1080 2046 Nobilitate
1102 1989 1302 2044 etenim
1335 2005 1548 2046 morum
1575 2005 1798 2046 suorum

183 2074 528 2132 nobilitatem
599 2076 955 2148 praecellebat
1007 2077 1260 2143 aliorum,
1317 2077 1501 2133 sciens
1545 2079 1804 2135 videlicet

178 2167 311 2273 quia
351 2168 469 2273 haec
496 2176 580 2224 est
600 2168 864 2232 nobilitas
896 2169 1226 2273 indubitata,
1251 2185 1374 2242 quae
1419 2169 1584 2226 bonis
1631 2170 1801 2226 mori-
1823 2205 1874 2273 Β

178 2255 286 2310 bus
315 2256 578 2327 probatur
605 2264 818 2313 ornata.
855 2256 1010 2313 Unde
1041 2265 1096 2313 et
1127 2273 1192 2312 ex
1231 2258 1445 2313 semine
1478 2268 1797 2314 senatorum

180 2346 450 2403 nobilium
490 2347 735 2406 nobilem
795 2350 1090 2421 quemdam
1129 2351 1417 2425 generavit
1467 2349 1664 2416 ﬁlium,
1704 2351 1798 2423 qui

179 2441 488 2498 secundum
545 2441 820 2498 luminare
849 2441 1051 2512 majus,
1089 2444 1258 2514 'quod
1308 2444 1526 2498 videtur
1564 2459 1799 2514 praeesse

183 2527 323 2597 diei,
355 2529 623 2601 splendor
654 2529 755 2586 fuit
801 2530 1021 2602 imperii
1063 2531 1117 2586 in
1151 2531 1236 2586 his
1264 2548 1388 2604 quae
1417 2538 1576 2587 erant
1611 2531 1800 2586 saeculi

180 2626 239 2674 et
268 2619 326 2674 in
359 2619 447 2676 his
477 2636 600 2692 quae
617 2619 713 2696 Dei
767 2621 1130 2692 Quapmpter,
1160 2629 1220 2675 ut
1244 2620 1430 2675 divina
1459 2620 1564 2675 sibi
1595 2635 1800 2692 praeor-

185 2707 398 2763 dinavit
427 2709 658 2774 sanctio,
691 2723 804 2764 non
837 2709 1142 2782 incongrue
1172 2707 1563 2764 Constantinus
1588 2725 1618 2764 a
1649 2708 1796 2766 Con-

185 2806 372 2854 stante
401 2798 700 2854 vocabatur
723 2807 779 2855 et
799 2798 1136 2866 Constantio,
1167 2799 1410 2871 seipsum
1435 2799 1644 2856 scilicet
1669 2817 1798 2874 erga

179 2887 355 2942 Deum
411 2887 675 2959 majorem
719 2887 1082 2943 constantiam
1137 2887 1344 2942 habere
1390 2887 1794 2954 demonstrans,

179 2995 348 3050 quam
379 2979 548 3034 iidem
589 2987 846 3051 parentes
899 2979 986 3034 sui
1043 2979 1390 3036 Constantius
1425 2981 1654 3036 haberet
1703 2990 1798 3036 aut

182 3071 468 3127 Constans.
531 3072 640 3128 Sed
668 3072 796 3128 licet
853 3072 1163 3128 secundum
1220 3073 1551 3146 dignitatem
1607 3073 1797 3130 saeculi

186 3161 395 3218 nobilis
420 3171 565 3218 esset
587 3179 654 3218 ex
677 3163 891 3219 semine
923 3163 1113 3236 patris,
1145 3164 1385 3220 nobilior
1416 3173 1598 3221 tamen
1632 3167 1686 3220 in
1713 3166 1800 3220 his

189 3269 314 3326 quae
357 3253 451 3309 Dei
505 3260 633 3309 sunt
671 3263 790 3311 erat
827 3269 893 3308 ex
935 3255 1201 3330 progenie
1241 3254 1451 3322 matris,
1505 3256 1633 3311 dum
1678 3263 1802 3327 post

181 3349 459 3415 acceptam
497 3343 732 3417 gratiam
781 3343 878 3400 Dei
925 3343 1185 3410 viventis,
1243 3345 1516 3403 nobilitati
1553 3347 1802 3418 corporis

183 3434 524 3492 nobilitatem
581 3435 824 3508 praetulit
869 3436 1088 3492 mentis.
1146 3437 1274 3495 Post
1309 3439 1540 3514 gratiam
1594 3439 1802 3512 quippe

183 3527 462 3602 baptismi,
503 3547 612 3602 qua
637 3531 1116 3604 utriquesuperuo
1156 3533 1498 3589 reconciliati
1543 3541 1672 3588 sunt
1703 3551 1802 3606 pa-
1825 3579 1872 3606 η

185 3625 275 3694 tri,
307 3625 500 3682 eadem
533 3625 706 3682 virtus
734 3643 858 3700 quae
886 3627 1013 3682 data
1051 3634 1137 3684 est
1183 3627 1320 3698 ﬁlio,
1348 3629 1580 3684 dabatur
1607 3637 1662 3685 et
1683 3645 1800 3685 ma-

184 3721 276 3790 tri,
308 3721 438 3794 quia
467 3721 516 3776 si
547 3722 833 3778 historiam
863 3723 1152 3796 utriusque
1183 3724 1416 3779 velimus
1445 3724 1796 3780 considerare

182 3811 460 3880 subtilius,
491 3813 663 3868 Deum
682 3829 847 3885 quem
869 3813 1040 3870 coluit
1056 3821 1252 3881 mater,
1280 3813 1499 3870 colebat
1521 3823 1575 3870 et
1600 3813 1745 3869 ﬁlius

840 3924 1046 3982 CAPUT
1067 3926 1132 3982 ll.

182 4012 270 4068 Ab
285 4013 488 4086 Helena
509 4018 684 4068 matre
703 4015 960 4084 Syriam;
987 4031 1022 4070 a
1055 4015 1406 4072 Constantino
1432 4017 1546 4086 ﬁlio
1578 4019 1796 4073 Romam

253 4089 419 4158 atque
437 4085 726 4152 Graeciam,
757 4101 1038 4142 cmwersas
1063 4102 1193 4154 esse,
1226 4085 1469 4158 ipsisque
1492 4089 1620 4144 solis
1649 4091 1800 4144 inve-

255 4156 467 4211 nienda:
489 4158 662 4212 cmct's
691 4161 930 4225 gratiam
957 4156 1262 4214 commisam
1286 4156 1414 4214 esse.

258 4268 550 4340 Postquam
591 4284 726 4344 ergo
766 4268 911 4325 ﬁlius
971 4285 1070 4341 per
1105 4270 1425 4325 Silvestrum
1478 4269 1795 4340 pontiﬁcem

187 4359 330 4412 hanc
357 4357 587 4430 gratiam
615 4358 826 4430 recepit
852 4359 922 4413 ab
951 4359 1363 4430 Omnipotente,
1393 4365 1452 4412 ut
1483 4358 1540 4413 in
1581 4359 1790 4430 piscina

181 4445 374 4502 salutis
398 4461 429 4501 a
456 4447 612 4518 lepra
656 4447 713 4502 in
739 4463 972 4518 corpore
1009 4455 1066 4504 et
1095 4465 1128 4503 a
1163 4449 1310 4504 vitiis
1348 4450 1707 4506 mundaretur
1737 4451 1790 4506 in

185 4549 400 4596 mente:
429 4541 715 4606 continuo,
745 4548 804 4597 ut
839 4549 895 4598 et
933 4542 1071 4598 alios
1119 4543 1382 4599 educeret
1434 4545 1500 4600 de
1531 4548 1654 4600 lacu
1683 4549 1787 4600 mi-

181 4632 336 4686 seria:
371 4635 422 4687 et
456 4631 524 4686 de
569 4631 682 4686 luto
725 4632 875 4699 facis
912 4633 1078 4703 (Psal.
1127 4632 1331 4704 χχχιχ),
1381 4632 1547 4688 ﬁdem
1585 4642 1792 4690 sanctae

183 4718 464 4774 Trinitatis
492 4728 602 4775 tam
636 4719 897 4776 Romanis
935 4720 1104 4792 coepit
1139 4721 1392 4778 intonare
1427 4739 1590 4794 quam
1643 4723 1791 4778 Grie-

183 4813 280 4868 cis.
315 4812 417 4878 Qui
437 4813 565 4870 licet
596 4814 650 4868 in
672 4813 994 4871 fortitudine
1026 4823 1082 4873 et
1110 4817 1287 4887 major
1315 4818 1538 4873 essetin
1571 4819 1792 4884 virtute,

1829 897 1882 965 Α
1911 893 2106 968 gratia,
2153 907 2276 966 quze
2329 893 2454 946 data
2511 899 2596 947 est
2636 890 2753 958 uni,
2793 889 3026 946 dabatur
3080 890 3330 962 utrique:
3370 889 3524 956 dum,

1907 982 2052 1036 sicut
2100 981 2349 1053 utrisque
2403 979 2644 1036 caelestis
2703 979 3072 1050 inspiraverat
3132 979 3312 1046 Pater,
3358 978 3522 1034 ﬁdem

1907 1091 2068 1147 quam
2103 1076 2441 1147 praedicabat
2472 1074 2638 1143 ﬁlius,
2680 1075 3001 1146 prmdicavit
3041 1083 3095 1131 et
3142 1081 3336 1130 mater.
3393 1075 3522 1130 Cum

1907 1171 2054 1226 enim
2079 1187 2180 1243 pro
2209 1171 2498 1243 capiendis
2537 1170 2854 1226 hominibus
2881 1186 2980 1226 sua
3007 1171 3301 1244 utrobique
3324 1170 3522 1226 tende-

1909 1269 2030 1317 rent
2059 1264 2216 1330 retia,
2251 1262 2516 1318 coutinuo
2575 1263 2645 1317 ad
2675 1260 2837 1317 ﬁdem
2887 1261 3082 1317 Christi
3122 1263 3292 1318 Roma
3340 1261 3524 1317 trabe-

1908 1354 2137 1410 baluret
2167 1355 2388 1410 Graecia.
2435 1355 2664 1425 insuper
2687 1354 2876 1418 etiam,
2906 1370 2977 1410 ne
3015 1354 3243 1409 aliarum
3275 1353 3520 1428 gentium

1903 1446 2092 1513 corda,
2139 1447 2294 1519 quasi
2340 1463 2370 1500 a
2401 1445 2510 1501 ﬁde
2545 1447 2758 1518 jejuna,
2815 1445 3120 1502 deﬁcerent
3170 1446 3225 1500 in
3271 1448 3378 1513 via,
3421 1463 3521 1518 per

1902 1547 2132 1595 matrem
2160 1555 2425 1596 conversa
2465 1546 2550 1594 est
2590 1539 2767 1610 Syria,
2803 1546 2858 1594 et
2884 1553 2983 1610 per
3022 1537 3192 1594 ﬁlium
3234 1539 3520 1594 Romania.

1905 1629 2080 1696 Unde,
2129 1645 2252 1684 cum
2279 1644 2345 1684 ex
2379 1639 2483 1681 Iam
2519 1627 2680 1682 bonis
2707 1625 2995 1698 Operibus,
3037 1633 3092 1681 et
3122 1632 3298 1680 mater
3349 1625 3523 1697 proba

1903 1728 2048 1776 esset
2076 1727 2131 1775 ct
2161 1718 2307 1774 ﬁlius
2346 1718 2577 1789 probus,
2606 1717 2804 1772 mirum
2853 1733 2963 1773 non
3005 1723 3086 1772 est
3129 1717 3274 1788 quod
3325 1716 3519 1791 gratia,

1903 1830 2026 1886 quae
2059 1821 2270 1870 servata
2297 1820 2380 1868 est
2404 1811 2522 1877 uni,
2545 1819 2796 1867 servatur
2818 1811 3115 1878 ambobus,
3145 1811 3275 1866 dum
3303 1826 3403 1882 pro
3433 1811 3522 1864 in-

1902 1902 2178 1976 quirendo
2209 1901 2470 1972 mysterio
2501 1899 2636 1973 ligni
2669 1899 2924 1955 salutaris
2975 1900 3226 1971 utrisque
3254 1916 3373 1970 prae
3403 1915 3518 1955 cae-

1903 1991 2038 2046 teris
2065 1997 2279 2046 servata
2307 1997 2388 2044 est
2417 1989 2591 2064 gratia
2629 1989 2945 2062 singularis.
2990 1989 3064 2043 Ex
3094 1988 3336 2060 antiqua:
3367 1989 3518 2044 enim

1907 2080 2217 2137 Divinitatis
2238 2080 2468 2136 consilio
2491 2081 2844 2136 invenienda:
2875 2080 3054 2136 crucis
3081 2078 3324 2136 ofﬁcium
3359 2080 3520 2136 matri

1905 2174 2030 2229 huic
2059 2171 2381 2228 servabatur
2419 2179 2474 2227 et
2525 2171 2660 2237 ﬁlio,
2706 2179 2766 2228 ut
2820 2178 3048 2244 uterque
3079 2186 3268 2226 eorum
3312 2172 3417 2228 hoc
3449 2187 3514 2226 ex

1901 2264 2089 2318 divina
2132 2263 2307 2336 gratia
2365 2262 2682 2334 percepisse
2729 2279 2788 2316 se
2841 2269 3046 2329 nosset,
3098 2262 3245 2334 quod
3299 2267 3428 2316 ante
3456 2279 3519 2318 se

1899 2351 2042 2408 alius
2074 2353 2277 2407 habere
2319 2366 2430 2408 non
2462 2360 2669 2423 posset.
2715 2350 2889 2418 Unde,
2930 2367 3053 2406 cum
3097 2351 3280 2407 studio
3313 2350 3515 2406 ambo-

1901 2463 2020 2501 rum
2063 2447 2342 2501 inventum
2373 2445 2444 2500 sit
2507 2443 2688 2500 crucis
2743 2443 3042 2500 Dominicze
3080 2445 3364 2512 vexillum,
3415 2445 3519 2498 du-

1901 2538 2052 2592 bium
2085 2545 2171 2592 est
2191 2544 2372 2592 utrum
2402 2537 2456 2591 in
2499 2537 2602 2592 hac
2631 2535 2953 2592 inventione
2985 2536 3130 2591 illam
3164 2535 3519 2607 praeferamus

1899 2633 1992 2681 aut
2022 2625 2204 2680 illum:
2253 2625 2490 2679 maxime
2521 2640 2643 2680 cum
2676 2623 2744 2679 ad
2774 2625 2914 2680 hanc
2959 2623 3370 2695 inquisitionem
3406 2631 3514 2678 tam

1900 2714 1994 2769 diu
2021 2715 2104 2768 eis
2157 2722 2304 2770 esset
2350 2713 2698 2768 consiliarius
2747 2729 2893 2768 unus
2932 2729 2998 2768 ex
3029 2712 3202 2778 mille,
3231 2727 3518 2783 usquequo
3559 2781 3570 2788 _

1899 2804 1967 2858 ad
1993 2803 2246 2859 effectum
2277 2803 2527 2872 ejusdem
2581 2803 2766 2875 operis
2803 2803 2899 2858 illa
2929 2803 3274 2874 pervenisset
3305 2817 3366 2857 ac
3398 2801 3514 2856 ille.

1902 2895 2004 2950 Pcr
2036 2895 2314 2949 internum
2342 2894 2491 2949 enim
2529 2894 2908 2966 inspirationis
2948 2894 3241 2950 Deminicze
3269 2908 3516 2960 suasum,

1899 2985 2078 3041 eidem
2104 2983 2409 3041 inventioni
2442 2983 2592 3040 ﬁlius
2633 2984 2865 3055 praebuit
2889 2990 3090 3050 ortum,
3130 2989 3185 3038 et
3221 2991 3396 3038 mater
3423 2999 3519 3039 oc-

1900 3091 2126 3140 casum;
2161 3077 2289 3149 quia
2334 3077 2465 3132 dum
2499 3076 2568 3131 ad
2627 3076 2767 3130 hanc
2822 3073 3238 3147 inquisitionem
3287 3083 3518 3146 uterque

1901 3183 2093 3224 eorum
2123 3185 2182 3224 sc
2205 3167 2336 3223 fecit
2365 3167 2652 3234 acclivem,
2689 3165 2836 3221 ﬁlius
2865 3165 3184 3236 imponebat
3213 3164 3512 3239 originem,

1904 3269 1962 3314 et
1993 3265 2166 3313 mater
2195 3257 2382 3312 ﬁnem.

2545 3343 2752 3398 CAPUT
2785 3345 2877 3398 Ill.

1905 3459 2286 3519 Constantinus
2324 3465 2512 3515 contra
2543 3459 2803 3514 barbaros
2835 3461 2992 3526 signo
3035 3463 3206 3513 crucis
3237 3475 3292 3514 sc
3329 3475 3516 3513 amna-

1973 3537 2074 3597 vit,
2105 3538 2153 3586 ct
2179 3531 2473 3586 secundum
2500 3533 2716 3598 signum
2746 3531 2891 3599 quod
2919 3532 2979 3582 in
3017 3531 3139 3584 creto
3171 3531 3314 3584 vidit
3343 3531 3514 3586 hostes

1968 3605 2270 3675 prostravit
2298 3606 2348 3656 et
2367 3603 2518 3657 eicit.

1971 3717 2168 3772 Verum
2221 3731 2346 3770 cum
2405 3714 2616 3770 caelesti
2675 3712 3024 3769 solummodo
3051 3719 3240 3768 notum
3272 3713 3344 3768 sit
3373 3712 3516 3768 Patri

1897 3821 2070 3880 quare
2091 3803 2475 3860 sacratissimae
2505 3802 2688 3858 crucis
2729 3801 2976 3858 inventio
3013 3799 3126 3857 ﬁlio
3159 3801 3289 3856 huic
3319 3818 3514 3857 serva-

1900 3904 2050 3954 retur
2097 3904 2153 3952 et
2183 3895 2362 3964 matri,
2395 3895 2694 3952 dicendum
2755 3885 2840 3950 est
2891 3892 3050 3949 nobis
3097 3892 3336 3964 qualiter
3364 3910 3518 3950 arca-

1897 4007 2029 4046 num
2061 3991 2301 4062 antiquae
2331 3989 2640 4046 Divinitatis
2677 3987 2970 4044 consilium
3007 3987 3076 4042 ad
3123 3986 3514 4060 inquirendum

1900 4083 2108 4158 lignum
2158 4083 2300 4138 idem
2345 4082 2686 4138 Dominicum
2768 4087 2996 4136 matrem
3046 4089 3398 4154 provocasset
3451 4097 3518 4138 ac

1900 4171 2097 4228 ﬁlium.
2143 4171 2386 4238 Quodam
2417 4187 2548 4244 ergo
2590 4180 2862 4245 tempore,
2905 4185 3016 4228 non
3078 4171 3295 4227 modica
3328 4171 3515 4227 multi-

1896 4269 2030 4325 tudo
2058 4266 2414 4322 barbarorum
2455 4265 2594 4321 ﬁnes
2622 4266 2834 4337 ubique
2859 4265 3031 4336 erepit
3059 4265 3344 4322 devastare
3369 4266 3515 4320 Grae-

1893 4376 2105 4427 corum,
2138 4359 2292 4426 dum,
2335 4357 2490 4430 quasi
2521 4357 2576 4411 in
2609 4364 2856 4427 apertam
2887 4371 3261 4427 prorumpens
3288 4362 3513 4426 aposta-

1892 4450 2054 4518 siam,
2108 4457 2273 4504 totam
2355 4461 2498 4518 pene
2563 4444 2776 4500 solebat
2815 4458 3090 4515 occupare
3157 4441 3510 4498 Romaniam.

1894 4541 2281 4601 Constantinus
2319 4547 2500 4594 autem
2530 4539 2776 4594 nondum
2830 4537 3000 4592 Deum
3031 4535 3257 4604 timens,
3283 4535 3382 4592 scd
3413 4535 3510 4591 ho-

1895 4636 2075 4692 mines
2115 4635 2404 4701 reveritus,
2431 4650 2492 4690 se
2522 4643 2714 4690 contra
2763 4633 2952 4688 hostes
2987 4647 3121 4688 suos
3172 4631 3316 4688 sicut
3348 4631 3511 4687 miles

1893 4727 2123 4782 armavit
2149 4728 2432 4796 emeritus,
2458 4725 2588 4782 dum
2620 4725 2712 4780 die
2753 4734 3033 4797 noctuque
3058 4740 3186 4781 cum
3220 4724 3336 4780 suis
3364 4723 3518 4797 cogi-.

1899 4824 2012 4873 tare
2051 4817 2220 4888 coepit
2264 4833 2328 4874 ac
2366 4816 2673 4892 recOgitare
2703 4816 2944 4888 qualiter
2983 4823 3080 4871 aut
3109 4815 3388 4888 quomodo
3411 4830 3519 4870 eos

184 4921 342 4978 requa
365 4913 552 4963 tamen
579 4907 738 4962 lance
770 4923 870 4978 pro
906 4909 1218 4965 Judteorum
1249 4926 1314 4966 ac
1351 4909 1642 4984 gentilium
1671 4918 1790 4967 stu-
1823 4961 1872 4984 ,ἱ
1895 4910 2025 4965 inde
2064 4915 2254 4982 posset
2282 4909 2622 4981 propulsare.
2657 4909 2765 4964 Sed
2792 4924 2916 4964 cum
2960 4909 3092 4964 inde
3128 4907 3359 4981 singulis
3407 4923 3500 4962 no-

183 4961 302 5050 duit
335 4995 588 5052 laborare
615 4961 815 5066 salute,
855 4998 984 5053 dum
1033 4999 1190 5070 quasi
1220 4961 1438 5055 medijus
1484 5000 1798 5056 discurrens
1823 4961 1873 5030 ί)
1896 4961 2086 5056 ctibusI
2108 5008 2164 5054 et
2213 4961 2448 5072 sinrgulris
2501 4997 2819 5053 anxiaretur
2856 4995 3078 5062 diebus,
3111 4961 3253 5052 sicu‘t’
3289 5009 3512 5064 semper

181 5083 562 5142 interJudaeos
577 5093 794 5160 gentes,
821 5101 1078 5144 revocare
1098 5087 1268 5159 coepit
1296 5088 1635 5155 incredulos,
1663 5107 1798 5148 con-

182 5171 383 5232 fortare
421 5173 738 5230 credentes.
796 5175 1020 5230 Interim
1072 5182 1276 5244 autem,
1308 5177 1438 5233 dum
1496 5180 1588 5235 tali
1626 5183 1798 5242 devo-

185 5261 336 5324 tione
367 5262 645 5320 mundum
676 5261 786 5317 sibi
815 5269 872 5318 et
905 5279 965 5318 se
1000 5263 1108 5319 Deo
1151 5263 1406 5334 subjecit,
1449 5265 1550 5321 hac
1587 5274 1644 5322 et
1674 5266 1796 5322 illac

185 5363 358 5412 mater
393 5355 544 5414 illius
571 5356 828 5413 similiter
851 5357 1000 5425 fecit,
1025 5373 1093 5414 ex
1136 5358 1330 5414 intimo
1368 5359 1580 5414 scilicet
1605 5361 1792 5416 cordis

185 5447 312 5503 inde
349 5446 544 5504 crebra
579 5451 808 5506 trahens
823 5449 1082 5522 suspiria,
1121 5450 1271 5521 quod
1311 5449 1631 5507 Christianae
1661 5452 1790 5508 lidei

182 5547 287 5596 tam
319 5541 412 5596 diu
443 5542 596 5613 prius
624 5543 954 5618 repugnavit
981 5549 1036 5600 et
1067 5542 1242 5614 Syria.
1277 5543 1514 5600 Proinde
1545 5553 1722 5600 mater
1738 5555 1792 5601 et

184 5627 328 5686 illius
377 5645 444 5686 eo
475 5631 780 5688 studiosius
809 5632 984 5689 secuti
1012 5639 1138 5688 sunt
1169 5639 1444 5704 praecepta
1482 5633 1626 5702 vitae,
1680 5649 1790 5706 quo

1896 5091 2058 5146 anxia
2086 5105 2208 5146 cum
2241 5089 2470 5160 trepidis
2504 5094 2680 5144 mutat
2713 5089 2992 5145 sententia
3041 5087 3226 5144 rebus.
3285 5086 3508 5142 tandem

1899 5197 1996 5254 pro
2022 5182 2352 5237 declarando
2382 5181 2564 5236 crucis
2589 5183 2976 5238 sacratissime
3006 5181 3158 5253 ligno
3185 5185 3375 5234 contra
3404 5175 3513 5231 ini-

1893 5273 2070 5329 micos
2105 5288 2256 5341 suos,
2287 5272 2380 5328 tali
2427 5273 2690 5329 divinitus
2719 5273 2996 5329 relevatus
3038 5278 3123 5327 est
3149 5270 3330 5345 signo.
3365 5267 3514 5330 Qua-

1894 5360 2020 5416 dam
2050 5360 2216 5436 igitur
2259 5367 2418 5417 nocte
2463 5361 2519 5416 in
2563 5370 2735 5418 strato
2777 5377 2880 5418 suo
2933 5361 3254 5434 quiescens,
3290 5357 3509 5431 signum

1894 5449 2077 5509 crucis
2115 5449 2173 5504 in
2215 5449 2356 5506 ccelo
2393 5450 2552 5518 vidit,
2585 5457 2640 5507 et
2691 5457 2816 5524 post
2858 5449 3178 5520 hujusmodi
3234 5445 3504 5503 visionem

1893 5539 2075 5598 statim
2106 5539 2163 5594 in
2193 5539 2342 5595 hunc
2391 5554 2612 5596 sensum
2659 5555 2848 5597 vocem
2893 5538 2966 5594 de
2993 5536 3314 5595 coelestibus
3350 5534 3509 5592 audi-

1893 5634 1989 5708 vit,
2017 5633 2226 5692 scilicet
2247 5630 2397 5704 quod
2425 5633 2477 5688 in
2493 5632 2582 5689 die
2608 5631 2759 5702 belli,
2791 5631 2924 5688 etin
2947 5639 3198 5704 tempore
3221 5626 3504 5704 pugnandi
