3920 6054
405 165 512 223 955
1379 164 1751 224 BERENGOSI
1790 165 2069 221 ABBATIS
2113 166 2147 221 S
2211 167 2449 226 MAXIM!
2489 171 2753 229 TREVIR.
3640 182 3774 245 956

410 311 508 367 per
538 295 641 349 hoc
693 293 912 368 signum
949 293 1232 349 victoriam
1291 292 1522 348 deberet
1581 291 1787 347 habere
1826 291 2019 347 trium-
2043 297 2095 365 Α
2123 296 2293 351 missa
2318 300 2514 354 suntet
2536 304 2759 370 percata
2776 303 2971 371 multa,
3004 308 3267 374 quoniam
3296 268 3492 365 diutini
3508 310 3777 365 multm»

408 384 631 456 pliandi.
663 384 819 439 Unde
844 382 974 438 licet
1020 383 1201 439 adhuc
1251 398 1495 456 paganus
1522 381 1837 448 exstitisset,
1866 388 1923 436 et
1951 380 2021 436 de
2124 381 2275 451 (Luc.
2306 391 2421 455 vn),
2453 387 2718 444 continuo
2748 389 2818 444 ad
2856 391 3021 447 unius
3048 394 3145 449 Dei
3176 409 3476 452 conversus
3505 406 3600 455 est
3625 398 3774 455 cul-

409 476 667 547 mysterio
710 475 888 531 crucis
930 475 1176 531 nondum
1217 475 1522 547 quidquam
1561 474 1862 528 instructus
1895 472 2025 528 fuis-
2121 479 2278 538 tum;
2320 474 2470 547 quia,
2521 490 2592 531 ne
2631 476 2862 534 diversis
2893 479 3057 536 idolis
3095 481 3238 538 ultra
3287 484 3629 543 sacriﬁcaret
3700 487 3766 542 in

407 573 512 633 set,
544 566 808 623 continuo
840 575 1023 622 tamen
1065 566 1133 621 ad
1175 567 1426 621 eamdem
1482 565 1734 632 formam,
1767 580 1931 637 quam
1965 564 2022 619 in
2124 566 2329 639 templo
2382 568 2655 624 idolorum
2689 573 2992 644 communi,
3026 589 3137 631 non
3190 576 3379 632 multis
3408 586 3608 650 postea
3642 579 3773 636 diis

405 659 549 715 ccelo
576 658 818 726 videbat,
874 658 1021 714 aliud
1054 659 1269 733 signum
1328 658 1613 714 informari
1674 657 1931 714 faciebat.
1962 656 2024 711 Et
2123 661 2295 717 voluit
2320 659 2654 730 sacriﬁcare,
2688 665 2787 720 sed
2811 665 2906 721 uni
2958 667 3037 721 Ab
3069 667 3165 724 illo
3196 669 3401 742 quippe
3432 671 3523 726 die
3557 670 3770 728 coram

406 764 528 803 cum
588 747 706 801 dies
747 746 1041 802 accidisset
1067 755 1434 818 Opportunus,
1487 747 1540 801 in
1598 761 1708 817 quo
1763 745 2022 801 virtutem
2124 752 2234 809 Deo
2262 753 2459 810 nolens
2488 754 2671 812 facere
2701 772 2875 826 reum,
2924 758 2979 812 in
3019 760 3274 831 personis
3314 761 3543 828 trinum,
3574 772 3635 819 et
3702 765 3765 820 in

407 835 587 890 crucis
619 834 738 907 ipse
787 834 1079 890 cruciﬁxus
1108 842 1223 890 erat
1271 843 1592 907 ostensurus
1643 834 1709 889 ad
1759 848 2021 904 compro-
2123 842 2409 914 majestate
2439 859 2609 898 unum
2633 845 2881 902 adoravit
2909 849 3105 916 Deum,
3136 849 3266 904 dum
3298 848 3355 904 in
3387 866 3576 906 amore
3606 850 3769 907 con-

410 927 649 982 bandum
696 927 938 983 003105113
985 928 1173 1001 gratiae
1224 928 1467 1002 signum.
1523 935 1651 982 ³ηιο
1679 926 1852 982 δείδω
1884 924 2023 980 (ἶοῐι-
2124 936 2318 991 ditoris
2348 951 2445 992 cor
2473 938 2596 1007 ejus
2626 954 2694 996 eo
2742 942 2920 1015 magis
2957 950 3077 998 erat
3116 942 3390 1011 innixum,
3422 945 3577 1017 quod
3608 946 3767 1002 nihil

409 1020 639 1074 stantini
681 1019 825 1075 idem
855 1020 1201 1092 deportatum
1244 1029 1328 1075 est
1378 1020 1606 1094 lignum.
1659 1021 1718 1073 ln
1750 1034 1860 1091 quo
1890 1033 2026 1073 con-

2138 1028 2274 1084 tliud
2305 1034 2441 1086 scire
2467 1033 2658 1100 voluit,
2686 1038 2798 1091 nisi
2829 1036 3102 1092 Christum
3131 1041 3328 1106 Iesum,
3361 1044 3412 1094 et
3449 1039 3592 1095 hunc
3622 1057 3763 1096 eru-

408 1108 578 1204 tlictu,
612 1110 739 1204 licet
768 1109 907 1204 alter
933 1116 1123 1165 contra
1152 1109 1384 1204 alterum
1415 1108 1758 1204 obﬁrmatam
1790 1108 2020 1204 haberet
2120 1123 2340 1190 afﬁxam
2373 1123 2423 1194 (ι
2448 1125 2568 1180 Cor.
2606 1125 2687 1197 ιι).
2717 1126 2807 1183 Sic
2841 1127 3031 1203 igitur,
3069 1146 3191 1185 cum
3233 1131 3583 1203 quotidianis
3613 1149 3766 1204 pro-

408 1196 626 1265 faciem,
660 1198 957 1254 fortissime
991 1205 1175 1253 tamen
1234 1198 1383 1253 acies
1431 1198 1773 1272 impugnavit
1816 1197 2015 1263 aciem,

2138 1212 2369 1268 fectibus
2386 1214 2455 1270 de
2470 1216 2670 1272 virtute
2701 1217 2757 1272 in
2783 1196 3063 1289 virtutem,
3096 1221 3234 1277 etde
3250 1196 3445 1279 salute
3470 1196 3764 1280 cresceret

409 1286 769 1378 quoadusque
821 1287 968 1341 δοίθδ
1029 1287 1297 1340 immensa
1327 1301 1551 1341 suorum
1616 1303 1715 1357 Ρθτ
1763 1286 2018 1378 νίτίυίωη
2122 1309 2178 1363 in
2212 1308 2466 1378 salutem,
2495 1309 2699 1366 factum
2726 1318 2897 1368 estut
2926 1314 2982 1368 in
3014 1315 3149 1370 orbe
3171 1322 3443 1372 terrarum
3486 1333 3557 1374 eo
3590 1316 3764 1373 ﬁeret

406 1376 585 1480 ᾖτυοίε
612 1377 1163 1480 δοίθῖηῃξίίξδοηίιῖίξξ·
1188 1378 1646 1480 adversar“???
1693 1378 1820 1480 CQ"?
1866 1377 2017 1480 ﬁni-'3‘
2127 1399 2337 1473 ubique
2379 1376 2678 1473 potentior,
2733 1419 2843 1475 quo
2885 1405 2940 1460 in
2971 1406 3198 1464 servitio
3239 1407 3553 1464 Conditoris
3579 1409 3764 1480 eoepit

410 1463 621 1519 tirones
650 1464 863 1520 emeriti
893 1466 994 1520 hac
1022 1472 1077 1520 et
1110 1465 1234 1521 illac
1263 1467 1329 1520 ad
1358 1482 1507 1520 arma
1537 1465 1772 1520 fuissent
1803 1465 2021 1533 intenti,

410 1559 466 1606 et
497 1552 641 1606 circa
670 1553 843 1623 ripam
877 1553 1108 1608 Danubii
1133 1570 1261 1626 pars
1286 1554 1448 1624 parti,
1468 1560 1521 1607 et
1550 1569 1688 1628 gens
1713 1559 2026 1609 occurreret

409 1646 586 1717 genti,
612 1647 899 1714 continuo,
955 1655 1012 1703 ut
1056 1648 1242 1703 divina
1292 1657 1466 1723 gratia
1506 1648 1611 1703 sibi
1664 1648 1818 1719 prius
1850 1648 1905 1702 in
1944 1648 2023 1703 vi-

409 1736 568 1793 sione
608 1739 951 1806 monstravit,
996 1739 1051 1794 in
1096 1740 1297 1795 virtute
1339 1741 1516 1795 crucis
1556 1741 1748 1795 hostes
1776 1755 1906 1796 suos
1956 1756 2025 1795 ex

411 1836 565 1896 parte
596 1827 853 1898 peremit,
886 1835 941 1883 et
979 1845 1043 1883 ex
1076 1837 1228 1900 parte
1269 1828 1495 1905 fugavit.
1535 1829 1625 1885 Sic
1656 1829 1841 1903 igitur,
1873 1838 2027 1901 post-

411 1934 573 1988 quam
614 1917 680 1972 ad
715 1918 937 1973 laudem
959 1918 1267 1975 Divinitatis
1292 1928 1347 1975 et
1377 1920 1607 1994 gloriam
1637 1937 1735 1992 per
1764 1920 2023 1975 virtutem

411 2008 587 2063 crucis
618 2008 818 2063 meruit
854 2009 1060 2065 habere
1085 2010 1391 2078 victoriam,
1454 2011 1602 2065 illam
1649 2010 1852 2067 divinae
1904 2027 2026 2083 pro-

410 2099 691 2154 missionis
720 2100 947 2172 gratiam
995 2101 1138 2157 bene
1179 2104 1342 2158 habet
1392 2103 1447 2158 in
1489 2120 1551 2159 se
1595 2110 1897 2175 expertam,
1954 2104 2024 2159 de

411 2210 520 2265 qua
548 2194 809 2265 scriptum
830 2204 939 2250 est:
996 2196 1246 2252 0dientes
1275 2214 1391 2252 eum
1422 2200 1478 2252 in
1500 2199 1691 2267 fugam
1717 2201 2022 2253 convertam

413 2285 558 2355 (Psat
631 2284 900 2356 Lxxxvm).
944 2286 1083 2352 Quia
1121 2287 1268 2341 enim
1320 2303 1429 2342 non
1466 2288 1731 2357 relinquit
1768 2288 2022 2342 Dominus

410 2376 621 2441 virgam
652 2379 999 2444 peccatorum
1054 2390 1216 2446 super
1279 2381 1476 2431 sortem
1534 2376 1804 2445 justorum
1850 2376 2019 2444 (Psal.

412 2463 612 2529 cxxrv),
646 2478 711 2515 ea
726 2461 817 2516 die
844 2461 985 2516 bene
1012 2463 1310 2519 declaravit
1332 2463 1387 2518 in
1416 2464 1615 2519 virtute
1632 2464 2023 2529 suorum,dum

413 2564 514 2618 per
534 2549 786 2604 virtutem
814 2550 993 2605 crucis
1041 2551 1158 2621 ipse
1211 2568 1308 2607 eos
1347 2569 1377 2607 a
1407 2553 1653 2608 barbaris
1681 2553 1853 2609 voluit
1883 2553 2027 2609 libe-

415 2661 536 2699 rare
583 2645 925 2712 nationibus,
987 2647 1055 2702 de
1096 2664 1206 2720 quo
1236 2648 1499 2720 scriptum
1559 2655 1673 2704 est:
1735 2650 2027 2719 Conﬁrmat

413 2738 590 2789 autem
613 2735 789 2805 justos
841 2738 1094 2791 Dominus
1131 2738 1300 2809 (Psat.
1343 2742 1542 2806 xxxvi).
1598 2738 1706 2792 Sed
1760 2738 1889 2792 licet
1919 2739 2023 2809 ipsi

416 2830 659 2884 nondum
698 2830 831 2898 justi
888 2830 1122 2887 fuissent
1174 2833 1231 2888 in
1278 2832 1454 2889 oculis
1503 2832 1813 2899 hominum,
1867 2841 2025 2889 erant

418 2927 599 2975 tamen
627 2920 760 2988 justi
796 2932 921 2977 ante
955 2922 1272 2986 Dominum;
1330 2922 1461 2993 quia
1488 2921 1602 2990 jam
1657 2929 1785 2977 tunc
1814 2922 1896 2977 eis
1925 2940 2024 2995 ap-
2052 2951 2102 3020 Ο

418 3012 793 3083 pr0pinquate
846 3022 1087 3086 cmperat
1130 3016 1222 3070 illa
1261 3015 1500 3071 caelestis
1543 3015 1732 3091 gratiae
1789 3017 2026 3089 medela,

417 3119 517 3185 per
547 3120 708 3175 quam
741 3105 1009 3161 incessuri
1033 3115 1188 3162 erant
1215 3111 1275 3161 in
1291 3109 1535 3162 omnibus
1562 3108 1837 3164 mandatis
1866 3114 1915 3164 et
1932 3110 2029 3179 ju-

414 3197 829 3263 sti/tentionibus
860 3201 1075 3254 Domini
1090 3202 1207 3255 sine
1237 3200 1455 3270 querela
1484 3202 1628 3270 (Luc.
1662 3198 1722 3269 ι).

1058 3308 1264 3364 CAPUT
1300 3309 1382 3364 ιν.

415 3394 798 3451 Constantinus
824 3397 977 3464 signa
1003 3400 1180 3452 crucis
1232 3400 1515 3453 victoriam
1543 3402 1853 3453 consecutus
1907 3412 2028 3451 cum

488 3471 641 3532 esset,
675 3470 833 3538 cwpit
851 3471 1088 3537 primum
1117 3470 1186 3524 ab
1211 3470 1476 3525 idolorum
1526 3470 1822 3524 cultoribus
1851 3471 2027 3523 crucis

488 3541 799 3605 mysterium
819 3542 1159 3609 perquirere;
1193 3542 1500 3611 baptizatus
1522 3547 1695 3596 autem
1720 3541 1843 3594 dein
1863 3557 1897 3593 α
1919 3540 2029 3595 Sil-

486 3615 676 3749 ;estz-o,
729 3611 933 3668 Christi
966 3612 1126 3680 ﬁdem
1160 3628 1261 3682 per
1308 3618 1475 3667 totum
1522 3612 1700 3667 orbem
1735 3611 2031 3681 praedicari

516 3695 592 3735 cci
621 3721 634 3734 .
744 3702 748 3706 θ

436 3803 443 3810 ·
491 3792 881 3849 Constantinus
912 3794 1078 3867 igitur
1110 3802 1233 3865 post
1262 3793 1444 3869 fugam
1480 3794 1741 3861 hostium,
1780 3800 1835 3849 et
1860 3794 2035 3849 victo-

421 3886 555 3940 riam
595 3903 844 3953 suorum,
901 3887 972 3942 de
1005 3887 1269 3959 mysterio
1314 3888 1495 3943 crucis
1536 3884 1815 3961 inquirere
1866 3888 2034 3958 caepit

421 3993 452 4031 a
502 3977 881 4032 sacerdotibus
921 3977 1216 4045 idolorum,
1271 3995 1334 4035 ac
1389 3979 1434 4033 si
1480 3978 1581 4044 illi,
1641 3978 1735 4050 qui
1783 3977 2029 4033 nondum

421 4066 639 4123 fuerant
665 4068 920 4125 virtutem
951 4076 1153 4126 sanctae
1213 4071 1394 4126 crucis
1431 4071 1664 4142 experti,
1712 4070 1921 4142 aliquid
1975 4070 2027 4124 ei

423 4161 635 4230 possint
661 4160 792 4217 inde
819 4161 1003 4217 dicere
1029 4161 1190 4219 certi.
1209 4162 1509 4218 Audientes
1533 4169 1713 4217 autem
1746 4162 1852 4218 hoc
1868 4160 2029 4233 pauci

422 4248 716 4304 Christiani
741 4250 834 4322 qui
868 4258 999 4306 tunc
1027 4250 1258 4306 aderant
1287 4250 1381 4316 ibi,
1416 4251 1670 4322 quaedam
1700 4250 1769 4304 de
1790 4249 2031 4306 adventu

2126 1506 2251 1546 esse
2288 1490 2603 1548 ferventior.
2640 1494 2815 1562 Unde,
2864 1497 2995 1569 quia
3025 1498 3361 1573 cogitatione
3403 1500 3657 1570 humilis,
3705 1504 3764 1556 et

2053 1598 2102 1666 Β
2126 1587 2450 1656 Operatione
2475 1586 2654 1644 ﬁdelis
2681 1590 2908 1646 servivit
2934 1592 2987 1646 in
3020 1594 3200 1660 terris,
3233 1593 3322 1648 cui
3349 1594 3533 1669 angeli
3570 1594 3761 1650 famu~

2125 1681 2309 1735 lantur
2347 1681 2403 1736 in
2444 1683 2628 1750 caelis;
2666 1684 2794 1741 ideo
2834 1701 2934 1757 pro
2967 1687 3071 1743 hac
3109 1703 3265 1745 novae
3303 1689 3761 1745 conversationis

2125 1772 2481 1828 exsecutione
2512 1773 2659 1830 ﬁdeli
2688 1773 2865 1832 factus
2902 1784 2988 1833 est
3017 1778 3251 1834 thronus
3278 1779 3419 1849 ejus,
3450 1782 3597 1835 sicut
3629 1772 3761 1836 dies

2124 1866 2242 1920 cali
2268 1866 2433 1936 (Psat.
2483 1871 2766 1937 Lxxxvnr).
2799 1869 2909 1924 Sed
2939 1870 3069 1942 quia
3096 1871 3180 1927 sic
3230 1887 3331 1943 per
3373 1871 3504 1927 ﬁdei
3535 1872 3756 1928 cultum

2125 1963 2180 2012 et
2209 1957 2341 2013 boni
2390 1958 2579 2030 operis
2602 1958 2838 2016 fructum
2877 1960 3203 2017 Christianis
3225 1954 3426 2034 lintulit
3455 1963 3751 2037 gaudium,

2124 2056 2180 2104 et
2233 2049 2538 2106 idololatris
2601 2050 2832 2119 luctum,
2877 2051 3004 2108 ideo
3027 2060 3083 2108 et
3110 2053 3348 2125 majores
3406 2050 3618 2129 gratias
3649 2066 3753 2126 pro

2123 2152 2190 2193 eo
2247 2154 2413 2211 agere
2451 2138 2723 2194 debemus
2786 2141 2976 2215 gratiae
3034 2141 3342 2210 Conditori,
3398 2157 3510 2215 quo
3565 2142 3759 2199 ﬁdelis

2127 2230 2304 2301 ipsius
2343 2238 2398 2287 et
2427 2232 2533 2286 sibi
2574 2232 2900 2304 proﬁciebat
2928 2242 2983 2289 et
3014 2233 3199 2290 nobis.
3230 2234 3425 2290 Totum
3459 2235 3611 2290 enim
3653 2249 3755 2290 or-

2126 2314 2249 2378 bem
2287 2324 2354 2379 ad
2400 2320 2652 2380 eamdem
2686 2342 2832 2397 pene
2860 2326 3195 2398 perduxerat
3226 2314 3416 2395 ﬁdem,
3444 2343 3553 2400 qua
3605 2324 3754 2401 [per]

2124 2419 2344 2474 beatum
2365 2420 2687 2476 Silvestrum
2706 2420 3027 2492 pontiﬁcem
3052 2422 3171 2495 ipse
3195 2421 3517 2489 instructus,
3531 2421 3754 2493 pridem

2124 2507 2309 2563 sciens
2326 2508 2585 2564 videlicet
2622 2509 2772 2581 quia,
2798 2510 2962 2579 :sicut
3008 2511 3183 2566 virtus
3231 2510 3401 2565 totius
3428 2509 3752 2565 vestimenti

2126 2601 2336 2671 pendet
2386 2601 2442 2656 in
2474 2601 2731 2669 stamine,
2790 2602 2869 2658 sic
2899 2602 2954 2657 in
3024 2601 3133 2658 ﬁde
3180 2601 3375 2657 Christi
3429 2608 3542 2658 tota
3602 2602 3755 2656 salus

2126 2698 2334 2770 pendet
2361 2699 2584 2755 animae.

2777 2791 2986 2847 CAPUT
3030 2791 3091 2846 V.

2125 2903 2506 2958 Constantinus
2534 2907 2760 2959 matrem
2796 2906 3042 2959 suamB.
3097 2904 3376 2969 Helenam,
3425 2920 3527 2975 pro
3551 2903 3747 2975 inqui-

2192 2976 2383 3029 sitione
2413 2977 2552 3042 ligni
2569 2977 2803 3042 Domini,
2834 2976 3217 3043 Jerosolymam
3240 2974 3543 3046 misit,quaa
3567 2974 3664 3029 ubi
3692 2991 3750 3029 eo

2197 3049 2543 3113 pemenisset,
2566 3060 2764 3113 magno
2801 3049 2979 3102 studio
3007 3050 3085 3102 est
3110 3048 3176 3101 de
3202 3051 3394 3102 sancta
3420 3062 3575 3102 cruce
3599 3046 3752 3117 apud

2197 3116 2408 3172 Judwos
2424 3122 2795 3187 pereunctata.

2203 3226 2375 3297 Igitur
2426 3242 2550 3282 cum
2617 3242 2717 3298 per
2784 3243 3044 3283 arcanum
3107 3227 3350 3299 antiquae
3430 3222 3745 3283 Divinitatis

2127 3318 2504 3374 archisterium
2577 3312 2963 3376 Constantinus
3055 3319 3358 3391 imperator
3440 3317 3744 3374 Romanum

2129 3411 2409 3482 quondam
2444 3410 2677 3467 rexisset
2706 3410 3023 3482 imperium,
3066 3411 3138 3467 ob
3173 3408 3302 3466 ﬁdei
3332 3426 3526 3465 semen
3556 3411 3662 3465 bac
3692 3418 3747 3466 et

2132 3502 2256 3558 illac
2283 3503 2493 3575 ubique
2518 3503 2913 3576 spargendum,
2941 3504 3012 3558 de
3039 3509 3207 3578 gente
3236 3502 3292 3557 in
3322 3496 3566 3576 gentem,
3597 3508 3651 3557 et
3677 3502 3747 3557 de

2132 3607 2302 3663 regno
2331 3591 2584 3646 transivit
2610 3592 2666 3645 in
2695 3607 2927 3666 regnum
2956 3592 3124 3659 (Paul.
3154 3593 3298 3661 etv);
3332 3591 3462 3645 dum
3488 3607 3591 3662 pro
3616 3589 3747 3647 ﬁde-

2134 3681 2282 3738 libus
2308 3683 2520 3751 hilaris,
2552 3692 2606 3739 et
2633 3698 2732 3754 pro
2764 3682 3085 3738 inﬁdelibus
3113 3673 3303 3750 tristis,
3337 3680 3503 3737 ﬁdem
3536 3686 3744 3738 sanctae

2133 3773 2408 3831 Trinitatis
2449 3775 2560 3831 illis
2616 3775 2915 3832 insinuavit
2964 3784 3020 3832 et
3067 3775 3208 3831 istis.
3267 3774 3489 3830 [nterim
3536 3782 3746 3841 autem,

2134 3884 2257 3923 cum
2290 3867 2383 3922 tali
2413 3868 2579 3924 modo
2606 3884 2705 3940 pro
2737 3868 2944 3924 ludatis
2975 3867 3256 3924 laboraret
3285 3882 3350 3922 ac
3385 3865 3748 3942 gentibus,“-

2132 3977 2301 4033 gnum
2334 3961 2679 4018 Dominicum
2713 3960 2998 4034 inquirere
3028 3960 3198 4033 cmpit
3227 3976 3257 4015 a
3284 3959 3651 4030 sapientibus.
3681 3974 3748 4015 eo

2131 4049 2435 4106 studiosius
2486 4049 2699 4105 scilicet
2725 4051 2956 4122 cupiens
2997 4050 3245 4123 ejusdem
3277 4048 3455 4103 crucis
3495 4048 3746 4102 venerari

2132 4139 2475 4206 memoriam,
2534 4154 2644 4211 quo
2699 4155 2800 4210 per
2851 4155 2974 4195 eam
3022 4138 3092 4194 ab
3125 4138 3380 4194 hostibus
3422 4137 3539 4192 suis
3585 4143 3747 4192 antea

2132 4228 2332 4281 meruit
2380 4226 2583 4282 habere
2636 4227 2943 4285 victoriam.
3004 4226 3114 4283 Sed
3158 4225 3422 4299 quoniam
3486 4224 3605 4294 ipse
3646 4237 3744 4293 pro

424 4336 541 4392 Filii
586 4339 681 4395 Dei
712 4305 1381 4411 primopraedicaveruut'
1418 4305 1526 4394 s'ibi
1575 4355 1640 4395 ac
1668 4339 1874 4395 deinde
1914 4356 2032 4412 my-
2058 4305 2108 4374 Ι)
2136 4317 2245 4373 ﬁde
2294 4318 2490 4374 Christi
2532 4327 2589 4374 ει
2648 4319 2888 4393 negotiis
2931 4317 3153 4390 imperii
3204 4316 3451 4372 animum
3488 4329 3647 4369 suum
3687 4313 3741 4367 ίη

421 4427 651 4482 stcrium
702 4428 979 4500 passionis
1007 4428 1129 4499 ejus
1174 4437 1230 4484 et
1268 4428 1445 4485 crucis
1476 4435 1786 4484 retexentes
1837 4428 2033 4484 ordine

423 4519 611 4590 pleno,
671 4525 1031 4577 narrave'runt
1078 4522 1128 4576 ei
1188 4520 1375 4577 omnia
1428 4537 1552 4593 quae
1597 4520 1737 4576 facta
1785 4526 1913 4575 sunt
1963 4520 2033 4574 de

420 4610 550 4665 Jesu
582 4612 879 4668 Nazarene.
934 4611 1321 4668 Constantinus
1350 4621 1557 4679 autem,
1596 4611 1664 4666 ad
1705 4610 2033 4682 placandum

424 4701 594 4756 totius
621 4703 809 4774 operis
837 4702 1117 4775 Opiﬁcem,
1149 4718 1188 4761 a‘
1218 4719 1330 4777 quo
1360 4703 1718 4760 conﬁrmatus
1746 4709 1801 4759 et
1846 4703 2034 4774 bapti-

422 4798 575 4847 zatus
627 4793 683 4848 in
717 4793 942 4850 nomine
985 4795 1219 4863 Domini,
1272 4795 1488 4851 discere
1544 4796 1712 4867 coepit
1764 4794 1897 4867 quid
1946 4798 2031 4852 vel

425 4880 536 4937 Deo
575 4881 805 4938 deberet
835 4891 929 4938 aut
955 4884 1187 4951 homini,
1229 4884 1438 4941 Novum
1471 4886 1678 4957 quippe
1705 4883 1948 4940 habitum
1980 4892 2036 4940 et

424 4988 625 5029 novum
658 4990 946 5030 assumens
973 4975 1241 5044 animum,
1298 4977 1353 5032 in
1386 4978 1535 5033 fonte
1583 4976 1881 5032 Salvatoris
1922 4975 2033 5032 duo

421 5082 626 5140 genera
665 5067 835 5137 coepit
866 5066 1326 5136 medicaminum;
1359 5069 1487 5125 dum
1529 5084 1630 5141 pro
1664 5083 1731 5124 eo
1760 5069 1907 5141 quod
1949 5068 2034 5124 ef-

423 5159 656 5217 fundere
687 5162 866 5218 noluit
892 5164 1218 5237 sanguinem
1265 5165 1640 5230 innocentem,
1684 5164 1841 5234 lepra
1869 5164 2032 5219 dese-

423 5253 533 5310 ruit
574 5269 796 5326 corpus,
842 5263 898 5309 et
945 5256 1074 5311 vitia
1105 5263 1370 5311 mentem.
1405 5256 1644 5312 Proinde
1684 5256 1926 5311 conﬁsus
1977 5256 2032 5310 in

422 5342 620 5400 virtute
658 5344 844 5401 divina
873 5353 1063 5401 contra
1091 5345 1222 5400 vitia
1260 5345 1443 5400 carnis
1497 5345 1641 5401 bella
1676 5345 1908 5420 gerebat
1950 5346 2036 5400 in-

423 5438 651 5504 testina;
694 5440 825 5514 quia
853 5439 983 5495 dum
1017 5439 1072 5494 in
1111 5440 1294 5510 seipso
1334 5438 1561 5495 formam
1604 5439 1914 5496 Divinitatis
1941 5438 2029 5494 al-

424 5523 532 5578 tius
560 5526 859 5599 impressit,
892 5527 1117 5607 bellum,
1141 5526 1285 5598 quod
1320 5534 1447 5581 ante
1475 5542 1599 5582 cum
1632 5526 1887 5582 hostibus
1924 5526 2029 5581 ba-

425 5611 565 5680 buit,
609 5624 797 5684 postea
823 5634 948 5674 cum
981 5616 1128 5675 vitiis
1165 5617 1365 5692 gessit:
1417 5626 1706 5689 postquam
1753 5610 1907 5673 enim
1944 5618 2033 5673 di-

2134 4415 2291 4485 plura
2321 4414 2524 4477 divisit,
2558 4413 2685 4470 ideo
2734 4415 2949 4470 beatam
3000 4412 3261 4467 Helenam
3310 4415 3543 4464 matrem
3590 4422 3739 4461 suam

2134 4526 2233 4584 pro
2263 4526 2322 4566 se
2350 4511 2749 4583 JeroSolymam
2775 4509 2947 4577 misit,
2987 4515 3049 4564 ut
3091 4523 3160 4563 eo
3201 4504 3509 4562 studiosius
3536 4500 3612 4557 ibi
3638 4501 3744 4556 Do-

2134 4600 2388 4657 minicam
2434 4600 2738 4672 inquireret
2793 4613 3011 4655 crucem
3056 4610 3169 4669 quo
3208 4595 3277 4650 ad
3319 4595 3463 4649 hanc
3516 4590 3743 4663 inquisi-

2134 4695 2339 4751 tionem
2367 4694 2547 4766 ipsum
2569 4691 2889 4750 cruciﬁxum
2912 4688 3257 4746 ostenSorem
3290 4686 3523 4743 haberet
3549 4700 3613 4740 ac
3632 4682 3739 4738 du-

2133 4804 2269 4845 cem.
2316 4789 2479 4844 Beata
2509 4785 2676 4859 igitur
2704 4784 2909 4840 Helena
2936 4780 3176 4855 sapienti
3205 4797 3307 4837 usa
3344 4776 3601 4843 consilio,
3630 4782 3736 4831 sta-

2135 4879 2232 4934 tim
2261 4878 2494 4933 interius
2524 4877 2633 4933 Deo
2655 4882 2711 4932 et
2739 4875 2982 4930 exterius
3010 4870 3262 4929 obedivit
3288 4867 3404 4924 ﬁlio
3428 4879 3445 4935 ;
3481 4866 3608 4921 dum
3630 4879 3740 4921 non

2133 4973 2309 5031 solum
2333 4972 2511 5028 valida
2540 4987 2709 5026 manu
2750 4984 2850 5041 pro
2879 4967 3075 5024 eadem
3108 4962 3495 5037 1inquisitione
3526 4958 3741 5015 Jero‘So-

2134 5068 2334 5140 lymam
2353 5066 2470 5134 ivit,
2509 5065 2607 5122 sed
2641 5064 2805 5121 etiam
2860 5080 2891 5119 a
2920 5060 3145 5127 ludeeis,
3179 5059 3275 5115 ubi
3297 5052 3511 5133 lignum
3530 5052 3739 5109 Domini

2133 5175 2256 5215 cum
2283 5164 2449 5226 esset,
2484 5157 2779 5232 diligenter
2809 5153 3118 5227 inquisivit.
3156 5150 3288 5214 Quae
3320 5142 3467 5203 enim
3499 5144 3571 5199 de
3595 5142 3739 5199 vitiis

2133 5248 2202 5303 ad
2240 5248 2471 5303 virtutes
2495 5247 2609 5317 jam
2659 5254 2791 5300 tunc
2817 5245 2960 5299 bene
2998 5239 3284 5314 Operando
3316 5236 3584 5303 transivit,
3630 5246 3737 5290 aen

2136 5338 2411 5393 immerito
2443 5337 2760 5393 thesaurum
2794 5334 2947 5389 illum
2977 5329 3290 5388 Divinitatis
3318 5324 3624 5400 inquisivit,
3652 5323 3741 5378 in-

2135 5427 2401 5502 quisitum
2443 5424 2673 5491 invenit,
2729 5420 3015 5478 inventum
3047 5416 3365 5476 custodivit.
3411 5412 3565 5470 Unde
3588 5414 3659 5468 ut
3686 5420 3742 5468 et

2134 5538 2236 5579 nos
2265 5537 2390 5578 cum
2421 5535 2488 5575 ea
2529 5517 2686 5593 quasi
2723 5515 2794 5570 de
2852 5513 3101 5570 tenebris
3132 5521 3499 5583 properemus
3552 5504 3621 5559 ad
3654 5504 3742 5559 lu-

2132 5628 2269 5682 cem,
2315 5608 2503 5670 dicero
2531 5610 2802 5668 debemus
2831 5607 3067 5680 qualiter
3108 5605 3227 5676 ipsa
3254 5599 3505 5658 eamdem
3535 5597 3743 5653 invenit
