3920 6054
229 246 335 306 957

1187 247 1268 304 ne
1311 236 1525 305 LAUDE
1567 249 1645 305 ar
1685 248 1815 304 lNV.
1860 250 1913 305 s.
1963 247 2214 306 canens.
2259 280 2327 290 -
2367 248 2490 303 ua.
2539 249 2601 304 n.

3456 254 3562 310 958

227 417 472 471 crucem,
505 419 574 460 ne
597 404 722 478 quis
751 403 1092 459 audientium
1147 405 1230 458 sic
1279 415 1520 476 unquam
1571 403 1838 474 insipiens

2191 383 2434 436 mortuus
2462 379 2542 435 ibi
2593 382 2944 438 resuscitatus
2969 383 3330 438 testimonium
3380 383 3562 454 perhi-

229 493 343 560 tiat,
384 500 444 550 ut
475 502 666 565 postea
695 510 754 550 se
803 493 950 550 dicat
980 493 1084 549 ista
1114 494 1350 560 nescire,
1385 511 1508 551 cum
1539 494 1698 552 sciat.
1734 493 1844 550 Eli-

225 576 367 658 gens
383 601 515 658 ergo
542 583 649 640 sibi
683 585 753 641 de
783 585 988 641 Judaais
1025 585 1172 641 viros
1197 602 1429 643 numero
1459 586 1632 656 mille,
1661 587 1844 659 inqui-.

225 675 355 731 sivit
385 675 454 730 ab
494 675 574 731 eis
607 675 740 748 quid
774 677 844 731 de
872 691 938 732 eo
968 675 1061 731 ille
1095 676 1326 732 sentiret
1363 683 1455 732 aut
1485 677 1606 743 ille;
1653 678 1843 750 sicque

225 784 422 824 omnes
446 785 558 823 una
583 768 890 840 eademque
911 768 1124 824 ratione
1173 767 1368 824 videns
1386 784 1506 824 esse
1523 775 1838 835 contentos,

225 856 409 912 denuo
439 856 508 911 de
537 857 620 912 eis
659 857 827 930 caepit
857 873 1114 929 separare
1149 857 1506 932 quingentos.
1563 858 1684 926 Qui,
1720 857 1847 914 licet

225 951 476 1006 instructi
506 958 692 1007 essent
724 952 846 1028 lege
877 951 1085 1020 divina,
1119 952 1442 1008 nesciebant
1486 959 1669 1008 tamen
1709 953 1845 1025 quid

225 1045 296 1100 de
329 1047 410 1101 eis
427 1045 594 1102 vellet
616 1046 796 1103 facere
821 1046 1033 1122 regina,
1069 1047 1173 1102 nisi
1214 1057 1480 1119 quantum
1516 1047 1645 1104 inde
1675 1047 1846 1104 Judas

225 1151 370 1190 unus
394 1149 461 1190 ex
491 1135 574 1191 eis
603 1135 814 1190 caeteris
852 1143 1067 1208 poterat
1097 1152 1356 1192 enarrare
1409 1137 1635 1193 Iudaeis.
1690 1136 1845 1193 Unde

223 1233 278 1282 et
311 1227 430 1298 ipse
451 1226 655 1294 justam
680 1227 760 1282 eis
781 1226 912 1282 inde
943 1227 1182 1282 reddens
1210 1227 1508 1284 rationem:
1542 1229 1718 1302 Ligni,
1744 1229 1835 1284 in-

225 1317 368 1391 quit,
401 1318 677 1374 Dominici
715 1319 830 1374 vult
871 1317 1050 1376 facere
1080 1320 1462 1392 qumstionem.
1500 1321 1574 1377 De
1605 1337 1714 1394 quo
1753 1328 1836 1377 ta-

219 1432 356 1477 men
385 1414 526 1482 nihil
565 1417 794 1472 omnino
849 1416 1089 1474 discerat
1119 1433 1240 1474 esse
1267 1418 1666 1492 conscriptum,
1725 1419 1835 1475 nisi

223 1519 492 1583 quantum
519 1527 551 1566 a
581 1517 736 1582 patre
760 1527 860 1568 suo
887 1513 973 1567 vel
1003 1528 1105 1568 avo
1125 1513 1231 1568 sibi
1261 1513 1534 1570 fatebatur
1553 1529 1674 1570 esse
1700 1529 1842 1586 prae-

221 1601 432 1664 dictum
513 1601 749 1658 Proinde
781 1603 1102 1660 recordatus
1151 1604 1323 1676 patris
1373 1614 1430 1660 et
1470 1605 1556 1660 avi
1612 1604 1840 1674 veteris,

219 1693 532 1776 sententias
557 1712 746 1752 eorum
770 1695 940 1766 cmpit
964 1694 1206 1751 enodare
1237 1696 1480 1762 caeteris,
1519 1695 1834 1752 Iudaeorum
1863 1726 1914 1794 Β

218 1784 433 1846 scilicet
458 1795 522 1844 ac
550 1786 800 1861 gentium
833 1785 1054 1858 pOpulis
1073 1785 1382 1850 enarrando
1423 1786 1643 1843 duobus
1671 1784 1838 1860 quid-

219 1878 355 1955 quid
375 1877 505 1934 inde
533 1879 602 1934 de
623 1877 948 1950 parentibus
977 1878 1224 1950 percepit
1249 1877 1542 1934 ambobus.
1579 1879 1838 1934 Dixerant

217 1970 364 2028 enim
397 1970 528 2037 sibi,
569 1971 720 2042 quod
762 1970 881 2042 ipse
920 1978 976 2026 et
1027 1969 1210 2026 omnis
1235 1969 1530 2040 posteritas
1556 1967 1705 2023 illius
1731 1969 1838 2024 hoc

219 2075 386 2116 nosse
438 2066 672 2132 poterat,
719 2059 864 2131 quod
897 2057 1340 2132 quandocunque
1384 2057 1667 2130 inquisitio
1698 2057 1836 2131 ligni

223 2147 402 2217 ﬁeret,
433 2167 612 2226 genus
634 2139 824 2206 eorum
847 2149 1086 2222 amplius
1117 2164 1346 2224 regnare
1378 2163 1490 2204 non
1516 2148 1714 2217 valeat,
1737 2147 1837 2204 sed

223 2257 450 2317 regnum
489 2258 678 2300 eorum
711 2241 1154 2298 transferendum
1193 2250 1340 2296 esset
1370 2241 1422 2296 in
1452 2240 1684 2296 salutem
1717 2256 1836 2296 cre-

220 2333 495 2402 dentium,
526 2334 596 2389 de
626 2349 734 2406 quo
790 2335 1053 2405 scriptum
1100 2339 1218 2388 est:
1265 2333 1481 2388 Domini
1507 2336 1584 2388 est
1615 2347 1836 2402 regnum

220 2425 268 2494 et
293 2423 407 2495 ipse
432 2422 800 2478 dominabitur
824 2425 1064 2490 gentium
1094 2423 1262 2490 (Psal.
1294 2423 1421 2480 χχι).

861 2527 1068 2584 CAPUT
1105 2527 1191 2583 Vl.

217 2621 388 2676 Beata
421 2620 622 2674 Helena
661 2621 828 2673 morte
867 2617 1170 2687 plectendos
1219 2619 1440 2686 ignique
1475 2616 1685 2670 Judwos
1715 2615 1834 2671 illos

289 2690 600 2744 cremandos
630 2693 821 2757 censet,
851 2691 950 2760 qui
978 2689 1034 2745 S.
1067 2703 1275 2760 crucem
1299 2687 1572 2742 ostendere
1609 2687 1832 2755 nollent,

289 2761 595 2832 ludumque
623 2763 682 2814 in
707 2761 830 2816 lacu
856 2759 1051 2830 septem
1073 2759 1257 2814 diebus
1283 2761 1493 2814 servari
1514 2760 1783 2828 praecipit.

293 2871 503 2947 Regina
533 2881 714 2928 autem
747 2887 1010 2928 revocans
1048 2871 1117 2926 ad
1157 2886 1218 2925 se
1250 2886 1472 2926 omnem
1522 2869 1839 2926 Judworum

219 2967 522 3035 cohortem,
555 2967 718 3023 vitam
783 2967 863 3022 eis
895 2967 1238 3039 proponebat
1277 2983 1339 3023 ac
1381 2975 1638 3034 mortem,
1669 2967 1836 3024 vitam

209 3059 452 3130 scilicet,
500 3060 546 3114 si
577 3059 786 3132 lignum
835 3059 1014 3116 crucis
1052 3060 1432 3129 ostenderent,
1469 3069 1700 3117 mortem
1739 3076 1842 3116 au-

225 3158 335 3204 tem
365 3151 411 3204 si
445 3149 831 3206 demonstrare
877 3157 1318 3207 contemnerent.
1370 3151 1480 3207 Sed
1519 3167 1643 3206 cum
1673 3149 1840 3207 corda

223 3255 413 3298 eorum
471 3241 538 3296 ad
571 3241 688 3298 haec
746 3241 998 3296 indurata
1027 3241 1282 3308 fuissent,
1316 3248 1373 3297 et
1425 3257 1491 3297 ea
1521 3258 1646 3314 quae
1698 3241 1840 3297 scie-

227 3332 361 3389 bant
407 3349 468 3388 se
498 3332 713 3388 nescire
766 3332 1052 3399 dixissent,
1086 3348 1153 3388 eo
1195 3333 1435 3388 celerius
1471 3347 1570 3389 eos
1603 3349 1726 3405 qua:
1754 3332 1840 3387 di-

223 3422 404 3480 cenda
435 3430 592 3478 erant
638 3421 824 3478 dicere
868 3421 1124 3496 cOgebat,
1153 3437 1264 3495 quo
1312 3421 1476 3478 citius
1520 3421 1588 3476 ab
1615 3421 1698 3478 eis
1736 3438 1836 3479 vo-

226 3515 328 3570 luit
355 3515 498 3570 scire
547 3514 694 3588 quod
726 3513 1028 3570 nesciebat.
1086 3515 1196 3571 Sed
1249 3530 1372 3570 cum
1414 3515 1614 3572 veritas
1641 3515 1718 3571 rei
1769 3517 1838 3570 ab

225 3609 309 3668 eis
333 3608 481 3680 nulla
509 3608 723 3665 ratione
755 3615 942 3681 posset
981 3609 1321 3684 investigari,
1379 3609 1645 3666 continuo
1671 3609 1839 3678 jussit

226 3714 423 3766 omnes
453 3697 580 3772 igne
610 3697 869 3764 cremari,
901 3704 960 3752 ut
997 3698 1082 3754 vel
1111 3699 1190 3754 sic
1227 3713 1324 3754 eos
1353 3704 1591 3771 ;cogeret
1617 3697 1838 3754 monitis

226 3787 458 3845 obedire
488 3785 712 3860 divinis,
745 3803 885 3860 quos
923 3786 988 3842 ad
1039 3787 1145 3843 hoc
1177 3802 1280 3842 nec
1313 3786 1711 3843 blandimentis
1734 3803 1837 3860 po-

225 3890 366 3940 terat
385 3899 684 3956 provocare
715 3867 820 3940 nec
848 3881 1027 3938 minis.
1055 3881 1230 3938 Judaei
1252 3889 1434 3937 autem
1454 3881 1678 3938 sibimet
1707 3883 1838 3940 inde

224 3974 502 4039 timentes,
551 3980 606 4029 et
646 3973 827 4030 vivere
881 3973 1066 4044 potius
1129 3989 1294 4045 quam
1335 3973 1486 4049 mori.
1527 3974 1839 4045 cupientes,

225 4067 470 4132 tandem,
499 4065 566 4122 ad
593 4065 995 4122 ostendendam
1025 4064 1132 4120 sibi
1157 4063 1443 4120 veritatem
1483 4065 1712 4136 nudam,
1742 4082 1840 4138 pro

225 4175 284 4214 se
314 4157 576 4214 omnibus
615 4156 1203 4212 tradideruntJudam.
1238 4156 1410 4220 Quem
1443 4173 1567 4212 cum
1599 4173 1703 4213 nec
1732 4157 1842 4214 mi-

233 4249 318 4304 nis
347 4258 578 4314 terrere,
612 4264 715 4304 nec
737 4247 1126 4304 blandimentis
1146 4248 1213 4304 ad
1254 4248 1359 4304 hoc
1385 4256 1572 4320 posset
1598 4249 1840 4318 allicere,

233 4346 290 4398 ut
318 4340 432 4396 veri
461 4339 672 4412 aliquid
726 4339 854 4394 inde
889 4338 1055 4393 vellet
1085 4339 1294 4406 dicere,
1346 4340 1610 4397 continuo
1666 4343 1841 4398 susei-

232 4431 474 4540 piepsde
511 4431 770 4530 omnibus
791 4446 1116 4529 .unum,per
1143 4438 1351 4501 septem
1390 4431 1692 4540 diesjussit
1715 4449 1839 4540 eLum
1871 4431 2460 4540 Dstaum‘apposims
2485 4431 2792 4534 (διέτηξε,

231 4520 288 4574 in
323 4519 443 4576 lacu
475 4519 682 4577 servari
726 4519 1002 4588 jejunum,
1026 4533 1336 4590 usquequo,
1381 4527 1595 4590 septem
1638 4519 1839 4575 diebus

231 4614 488 4680 evolutis,
519 4627 584 4667 ea
613 4611 828 4668 ratione
855 4610 986 4666 inde
1017 4624 1075 4664 se
1100 4609 1402 4681 postularet
1443 4611 1627 4677 educi,
1657 4618 1714 4666 ut
1737 4613 1842 4668 de-

233 4701 400 4762 bitam
431 4699 749 4756 servitutem
794 4697 1091 4754 Dominicae
1124 4697 1470 4769 impenderet
1517 4700 1686 4754 cruci.
1739 4699 1840 4766 Qui

230 4810 352 4850 cum
393 4791 459 4848 ad
511 4792 628 4846 hare
656 4789 821 4845 verba
865 4789 934 4844 de
975 4789 1092 4844 lacu
1140 4789 1340 4844 fuisset
1378 4789 1612 4845 eductus
1653 4791 1837 4846 conti-

232 4901 342 4942 nuo
373 4881 696 4940 Christianis
741 4881 1025 4954 gaudium,
1057 4888 1112 4936 et
1161 4881 1368 4936 Judzeis
1405 4887 1559 4936 ortus
1587 4890 1673 4938 est
1720 4881 1840 4938 luc-

233 4982 349 5039 tus;
391 4971 652 5046 quoniam
708 4986 903 5026 omnes
933 4969 1130 5034 Judaei,
1185 4971 1277 5043 qui
1320 4978 1692 5026 convenerant
1741 4971 1838 5035 ibi,

232 5064 554 5120 invidebant
590 5061 772 5129 nobis,
802 5069 856 5116 et
889 5060 1158 5117 timebant
1185 5061 1310 5117 sibi.
1343 5062 1449 5117 Sed
1484 5062 1595 5126 ille,
1627 5063 1722 5135 qui
1758 5071 1842 5120 est

220 5157 379 5216 salus
426 5162 610 5212 nostra
650 5157 708 5209 in
750 5159 982 5224 tempore
1023 5154 1391 5209 tribulationis
1423 5155 1573 5226 (Psal
1638 5158 1839 5225 xxxvi),

233 5252 490 5308 misertus
517 5250 622 5318 eis,
651 5260 707 5306 et
742 5250 1000 5306 misertus
1051 5257 1134 5306 est
1165 5250 1350 5316 nobis,
1388 5251 1518 5305 dum
1543 5267 1842 5306 conversus

233 5344 298 5399 ad
332 5359 457 5409 nos,
481 5352 538 5399 et
568 5358 818 5398 reversus
845 5342 915 5398 ad
946 5359 1063 5410 eos,
1114 5359 1181 5398 ea
1211 5341 1301 5397 die
1352 5341 1523 5398 voluit
1563 5341 1841 5399 laetificare

230 5433 592 5500 Christianos,
626 5441 680 5490 et
710 5433 1021 5490 illuminare
1039 5433 1284 5490 Judteos.

853 5543 1062 5601 CAPUT
1093 5545 1203 5600 νει.

232 5638 405 5693 Judus
444 5636 571 5691 dein
617 5650 684 5690 ea:
739 5637 859 5690 lucu
901 5640 1194 5704 extractus,
1241 5639 1392 5705 facta
1429 5641 1500 5692 ad
1559 5639 1842 5694 Dominum

305 5709 575 5778 aratione,
604 5709 708 5763 tres
743 5721 922 5764 cruces
960 5708 1197 5776 invenit;
1249 5711 1396 5765 cruci
1433 5715 1607 5766 autem
1660 5710 1842 5765 Domi-

2021 452 2156 507 buit.

2017 561 2118 617 Pro
2153 561 2256 618 hac
2315 561 2481 635 igitur
2527 577 2712 630 causa,
2745 579 2868 617 cum
2920 562 3072 629 illuc,
3101 563 3192 618 ubi
3241 563 3394 620 locus
3445 570 3565 620 erat

1944 649 2222 718 Calvariae,
2275 651 2522 722 undique
2562 651 2937 707 concurrisset
2983 651 3143 708 turba
3197 651 3374 724 plebis
3419 652 3563 708 bifa-

1945 743 2061 809 riae,
2093 745 2419 799 contrahere
2450 760 2578 816 pars
2613 743 2783 815 coepit
2809 744 2878 798 ad
2920 751 3153 816 partem.
3208 761 3278 800 ne
3336 760 3436 816 per
3460 745 3560 800 Ju-

1947 834 2191 892 daeorum
2231 836 2571 908 impietatem
2595 851 2684 891 ars
2711 835 3004 892 deluderet
3031 844 3224 892 artem.
3255 836 3425 892 Judas
3462 851 3561 891 au-

1948 930 2056 979 tem
2092 924 2236 980 inter
2259 931 2490 980 caeteros
2517 931 2668 980 stans
2698 924 2752 979 in
2775 935 3076 996 conspectu
3103 925 3341 981 filiorum
3367 924 3558 981 homi-

1946 1027 2099 1079 num,
2120 1027 2185 1066 ex
2218 1011 2413 1068 intimo
2445 1012 2630 1068 cordis
2661 1013 2968 1068 orationem
3011 1014 3156 1069 hanc
3186 1013 3326 1070 fudit
3351 1014 3421 1068 ad
3451 1014 3560 1069 Do-

1944 1103 2178 1172 minum,
2237 1112 2514 1177 quatenus
2562 1105 2679 1176 ipse
2719 1105 2825 1161 sibi
2880 1113 3185 1161 monstrare
3237 1107 3559 1180 dignaretur

1944 1193 2038 1248 ubi
2078 1201 2228 1248 esset
2267 1194 2444 1250 crucis
2475 1195 2772 1250 Dominica:
2798 1195 2982 1266 fossa,
3022 1196 3116 1268 qui
3166 1195 3334 1268 Moysi
3365 1210 3554 1267 quon-

1935 1286 2059 1340 dam
2102 1287 2272 1358 patris
2322 1287 2498 1343 nostri
2549 1288 2753 1360 Joseph
2818 1290 3115 1346 ostendere
3165 1289 3422 1363 dignatus
3471 1299 3560 1350 est

1935 1391 2081 1432 ossa.
2114 1377 2242 1444 Sed,
2285 1379 2545 1450 quoniam
2587 1379 2839 1450 ejusdem
2873 1381 2977 1437 loci
3008 1387 3218 1437 certum
3253 1397 3364 1438 non
3399 1390 3556 1454 pote-

1939 1473 2022 1522 rat
2053 1467 2298 1522 invenire
2323 1467 2637 1541 vestigium,
2671 1468 2776 1523 nisi
2804 1469 2990 1524 divina
3006 1471 3181 1542 pietas
3204 1470 3427 1527 cmleste
3452 1471 3560 1526 ali-

1941 1559 2087 1630 quod
2134 1559 2300 1614 vellet
2331 1560 2709 1617 demonstrare
2751 1563 3089 1638 prodigium,
3125 1563 3250 1619 ideo
3282 1563 3351 1618 ad
3383 1563 3554 1620 infor-

1942 1651 2198 1706 mandam
2232 1667 2342 1708 non
2373 1653 2720 1710 credentium
2751 1671 2904 1727 spem
2928 1665 2983 1710 et
3011 1655 3360 1711 credentium
3393 1655 3556 1710 fidem

1939 1743 2122 1800 subito
2153 1744 2307 1802 locus
2346 1757 2655 1804 commotus
2684 1756 2766 1804 est
2799 1748 2942 1802 idem
3001 1748 3234 1821 Insuper
3281 1747 3447 1803 etiam
3488 1747 3557 1802 ad

1939 1831 2326 1888 declarandum
2392 1836 2688 1893 Dominicze
2730 1839 2910 1892 crucis
2960 1837 3199 1912 lignum,
3241 1837 3387 1893 aliud
3423 1853 3559 1893 con-

1939 1919 2096 1976 tinuo
2162 1929 2412 1978 secutum
2474 1933 2559 1980 est
2603 1925 2867 1998 signum,
2938 1928 3068 1982 dum
3139 1928 3208 1983 ad
3287 1928 3558 1984 edoman-

1939 2009 2070 2064 dnm
2123 2025 2219 2066 cor
2275 2011 2593 2069 Iudaeorum
2663 2014 3016 2082 indomitum,
3083 2017 3266 2073 statim
3331 2018 3401 2073 de
3459 2033 3560 2074 eo-

1939 2097 2064 2154 dem
2112 2099 2236 2156 loco
2265 2099 2451 2156 fumus
2478 2103 2728 2159 ascendit
2779 2113 3105 2161 aromatum.
3137 2106 3308 2162 Judas
3351 2116 3557 2174 autem,

1939 2186 2034 2258 qui
2070 2188 2224 2259 prius
2253 2189 2393 2246 inter
2425 2207 2580 2262 spem
2631 2192 2908 2262 pendebat
2931 2201 2986 2248 et
3017 2200 3250 2263 metum,
3287 2209 3388 2265 pro
3410 2211 3558 2250 mu:-

1937 2295 2063 2336 rore
2095 2281 2266 2352 erepit
2308 2283 2513 2338 habere
2551 2285 2840 2359 gaudium,
2892 2294 2947 2342 et
2983 2301 3081 2357 pro
3109 2287 3314 2359 gaudio
3343 2287 3557 2352 ﬂetum,

1937 2373 2141 2446 gratias
2173 2373 2433 2431 videlicet
2474 2391 2646 2449 agens
2701 2377 2808 2434 Deo
2855 2378 2910 2432 in
2953 2379 3226 2435 universis
3259 2396 3381 2452 quae
3433 2379 3557 2455 glo-

1938 2464 2081 2520 riose
2113 2464 2320 2522 ﬁebant
2349 2467 2418 2523 ab
2453 2483 2540 2524 eo.
2576 2469 2783 2524 Deinde
2823 2468 2893 2524 ad
2929 2477 3129 2525 terram
3181 2485 3242 2525 se
3283 2468 3558 2524 inclinans

1940 2555 2244 2626 humiliter,
2296 2559 2533 2618 fossorio
2582 2569 2826 2634 arrepto,
2873 2562 3063 2618 fodere
3101 2561 3269 2634 ccepit
3297 2561 3556 2618 viriliter:

1937 2653 2034 2708 sed
2063 2659 2119 2708 et
2150 2653 2243 2708 alii
2287 2661 2409 2726 post
2456 2655 2595 2712 alios
2627 2666 2736 2712 tam
2768 2657 2862 2713 diu
2907 2674 3032 2714 cum
3063 2673 3130 2713 eo
3155 2657 3342 2714 fodere
3380 2673 3560 2729 cmpe-

1939 2747 2068 2799 runt
2123 2761 2414 2820 usquequo
2464 2763 2564 2819 pro
2615 2766 2727 2805 una
2780 2766 2964 2817 cruce,
3003 2766 3165 2822 quam
3211 2749 3557 2822 quaerebant,

1937 2839 2050 2887 tres
2082 2833 2288 2904 pariter
2337 2834 2689 2892 invenerunt.
2726 2837 2765 2892 Ο
2821 2854 2984 2911 quam
3038 2838 3178 2893 mira
3206 2845 3260 2892 et
3313 2836 3560 2892 inaudita

1938 2937 2048 2986 res,
2072 2922 2219 2994 quod
2239 2940 2371 2979 crux
2403 2941 2512 2981 una
2537 2927 2904 2998 quaerebatur,
2936 2937 2990 2984 et
3007 2927 3247 2984 inventae
3271 2934 3400 2983 sunt
3424 2933 3553 2988 tres,

1940 3012 2192 3085 quamvis
2234 3028 2332 3084 pro
2364 3013 2744 3071 illuminandis
2772 3015 3018 3072 fidelium
3050 3017 3342 3072 animabus
3380 3017 3555 3072 multo

1863 3093 1913 3163 C
1941 3103 2240 3174 pretiosior
2266 3113 2411 3161 esset
2437 3122 2547 3162 una
2585 3107 2829 3163 duabus!
2887 3107 3041 3164 Unde
3087 3108 3290 3164 mirum
3333 3123 3444 3164 non
3473 3114 3558 3164 est

1942 3193 2090 3264 quod
2122 3193 2267 3249 idem
2306 3195 2475 3250 Judas
2505 3196 2650 3252 inter
2672 3197 2812 3254 alios
2851 3198 3181 3254 sollicitatus
3233 3204 3316 3252 est
3346 3197 3557 3269 primus

1942 3283 2075 3355 quid
2105 3283 2209 3338 sibi
2231 3286 2506 3358 agendum
2531 3294 2677 3342 esset
2701 3303 2766 3342 ex
2789 3288 3044 3343 crucibus
3065 3287 3256 3356 tribus,
3271 3288 3555 3358 quoniam,

1937 3372 2082 3428 sicut
2119 3389 2185 3428 ex
2235 3373 2523 3449 Synagoga
2563 3375 2877 3431 Judaeorum
2951 3378 3139 3448 plures
3205 3375 3552 3432 affirmavere

1937 3463 2133 3530 Judaei,
2158 3464 2280 3520 duae
2311 3481 2506 3520 cruces
2544 3473 2702 3521 erant
2727 3467 3022 3530 latronum,
3045 3475 3102 3522 et
3123 3467 3282 3522 tertia
3310 3466 3429 3522 Dei.
3462 3467 3556 3523 Sic

1938 3555 2105 3630 igitur
2145 3571 2268 3611 cum
2299 3556 2446 3612 inter
2474 3564 2551 3612 tot
2583 3573 2774 3613 cruces
2799 3558 2970 3613 Ju'las
2999 3559 3118 3630 ipse
3147 3557 3422 3614 nescisset
3451 3575 3551 3614 cu-

1931 3647 2024 3717 jus
2055 3655 2147 3702 aut
2175 3647 2332 3717 cujus
2370 3647 2462 3702 illa
2491 3649 2576 3704 vel
2605 3648 2696 3704 illa
2731 3649 2947 3716 fuisset,
2987 3649 3260 3706 continuo
3305 3656 3552 3706 mortuus

1937 3739 2161 3813 quidam
2211 3739 2568 3796 resuscitatus
2609 3741 2839 3806 ibidem,
2899 3757 3007 3811 prie
3047 3740 3265 3797 caeteris
3295 3739 3554 3796 crucibus

1937 3829 2084 3885 cruci
2116 3828 2410 3884 Dominicae
2461 3829 2635 3903 magis
2670 3829 2970 3886 adhibebat
3011 3829 3198 3886 fidem.
3255 3829 3363 3885 Nec
3401 3827 3550 3884 enim

1938 3921 2193 3976 humana:
2244 3921 2492 3996 ignotum
2551 3931 2698 3978 esset
2734 3922 2974 3978 solertia
3023 3921 3155 3996 quid
3211 3921 3438 3979 honoris
3489 3937 3554 3976 ac

1939 4009 2263 4066 reverentia
2290 4009 2505 4065 duabus
2518 4010 2750 4067 deberet
2773 4021 2867 4067 aut
2889 4012 3062 4068 tertite
3083 4011 3240 4078 ;ideo
3263 4019 3551 4082 postquam

1941 4107 2196 4164 eumdem
2225 4115 2500 4162 mortuum
2531 4107 2600 4162 ad
2632 4124 2796 4163 unam
2828 4117 2882 4163 et
2925 4107 3087 4162 aliam
3116 4122 3334 4162 crucem
3372 4120 3553 4177 popu—

1942 4197 2030 4252 lus
2058 4197 2297 4252 inaniter
2319 4197 2584 4265 admovit,
2611 4199 2875 4254 continuo
2905 4197 3078 4254 tertiae
3127 4196 3404 4262 admotus,
3439 4194 3554 4250 vir-

1941 4293 2118 4342 tutem
2147 4295 2349 4342 sancta:
2405 4287 2583 4342 crucis
2621 4288 2863 4360 agnovit,
2918 4293 3277 4358 posteaquam
3335 4281 3554 4338 duabus

1945 4376 2100 4432 illum
2135 4376 2394 4433 crucibus
2427 4377 2586 4432 turba
2635 4377 2912 4448 pedestris
2961 4378 3016 4432 in
3052 4394 3252 4434 vanum
3285 4377 3549 4450 porrexit,

2822 4472 2877 4520 et
2929 4467 3185 4523 surrexit.
3246 4467 3399 4524 Unde
3439 4482 3551 4524 non

1940 4561 2218 4618 immerito
2264 4563 2435 4617 Deum
2461 4561 2866 4617 benedixerunt
2899 4561 3109 4628 cuncti,
3133 4560 3333 4633 quibus
3370 4559 3550 4615 virtu-

1939 4661 2047 4712 tem
2083 4654 2217 4730 ligni
2257 4653 2522 4709 Dominici
2559 4653 2888 4709 resurrectio
2938 4653 3240 4708 testabatur
3282 4649 3552 4718 defuncti,

1939 4744 2136 4800 merito
2166 4744 2332 4800 etiam
2385 4742 2681 4798 defunctus
2710 4743 2856 4798 idem
2889 4743 2942 4798 ei
2985 4758 3096 4814 pra:
3126 4741 3341 4800 caeteris
3379 4741 3554 4797 bene-

1939 4833 2093 4901 dixit,
2119 4835 2213 4904 qui
2240 4831 2431 4888 eadem
2462 4832 2552 4886 die
2581 4838 2830 4888 mortuus
2855 4831 3053 4900 fuerat,
3076 4839 3132 4889 et
3159 4831 3372 4888 revixit.

2557 4963 2766 5018 CAPUT
2803 4963 2940 5019 Vill.

1947 5077 2017 5130 De
2055 5074 2376 5138 testimonio,
2415 5071 2560 5142 quod
2579 5077 2769 5128 sancta
2793 5088 2924 5128 crus:
2951 5073 3143 5128 habuit
3172 5087 3291 5127 cum
3327 5089 3362 5127 ιι
3392 5071 3553 5142 vivis,

2013 5151 2126 5199 tum
2165 5149 2328 5199 etiam
2357 5141 2656 5212 defunctis,
2692 5154 2744 5199 et
2783 5145 2849 5199 de
2885 5145 3132 5215 spiritali
3166 5145 3366 5211 gaudio
3393 5141 3558 5196 beata:

2011 5217 2239 5272 Helenae.

2013 5331 2052 5386 Ο
2094 5330 2394 5403 pretiosum
2425 5339 2480 5385 et
2508 5327 2831 5385 admirabile
2867 5326 3110 5404 lignum!
3143 5341 3176 5384 ο
3207 5326 3416 5402 lignum
3455 5339 3556 5379 an-

1939 5421 2117 5497 gelico
2143 5427 2200 5477 et
2237 5420 2478 5476 humano
2509 5419 2786 5492 praeconio
2817 5419 3069 5494 dignum,
3111 5432 3210 5488 per
3237 5415 3388 5489 quod
3419 5415 3552 5471 dum

1941 5516 2164 5588 antiqua
2190 5511 2456 5570 Divinitas
2483 5520 2536 5568 et
2558 5511 2682 5568 vitae
2709 5509 2952 5566 reddidit
2978 5517 3277 5576 mortuum,
3308 5515 3361 5563 et
3386 5505 3556 5564 liber-

1940 5611 2037 5668 tati
2067 5609 2364 5683 captivum,
2392 5608 2534 5664 bene
2563 5605 2861 5662 declaravit
2884 5603 3013 5678 quia
3041 5603 3251 5680 lignum
3282 5601 3413 5658 illud
3445 5617 3556 5660 non

1943 5711 2220 5761 mortuum
2263 5700 2576 5770 videbatur,
2629 5699 2726 5756 sed
2771 5695 2985 5758 vivum!
3049 5696 3087 5754 Ο
3131 5712 3261 5754 crux
3300 5709 3455 5752 sacra
3503 5701 3558 5750 et
