3912 6044
340 158 475 266 -959

1345 207 1714 275 BERENGOSI
1754 205 2031 264 ABBATIS
2070 206 2126 262 S.
2168 206 2411 263 MAXIMI
2450 205 2716 263 TBEVIR.

3598 213 3726 271 960

370 336 730 393 venerabilis!
762 352 795 392 o
842 352 973 392 crux
1001 337 1241 411 gloriosa
1278 345 1331 391 et
1361 335 1726 404 admirabilis,
1777 336 1866 391 cui
1923 343 1985 390 ut
2008 342 2061 409 Α
2087 335 2423 392 desiderium
2474 352 2540 391 ea
2569 337 2704 392 hora
2758 336 3087 393 comedendi
3135 339 3304 402 etiam
3357 339 3717 397 dimitterent

370 429 593 484 debitus
647 431 824 485 honor
878 429 1231 484 exhiberetur
1293 446 1323 484 a
1369 430 1603 497 cunctis,
1641 429 1980 500 praeconium

372 519 613 575 habebat
641 534 705 575 ex
737 518 893 587 vivis,
936 527 991 575 et
1042 520 1417 577 testimonium
1478 537 1544 575 ex
1583 518 1885 574 defunctis!
1949 518 1986 574 Ο

372 605 772 680 inaestimabilis
826 607 1046 663 dilectio
1106 608 1411 676 charitatis,
1445 624 1476 664 ο
1519 607 1815 663 ineffabilis
1867 607 1986 663 dis-

372 696 623 768 pensatio
674 699 878 754 divinae
938 700 1181 770 pietatis,
1229 699 1986 773 qumperareanumantiquaa

373 790 679 844 Divinitatis
704 791 1023 858 consilium,
1071 793 1125 847 in
1160 800 1386 851 mortem
1420 794 1603 850 crucis
1635 808 1731 865 pro
1763 792 1987 847 homine

373 879 561 944 Deum,
589 886 643 933 et
675 897 773 951 pro
795 897 952 936 servo
983 882 1205 937 tradidit
1226 882 1442 949 Filium,
1476 890 1535 938 ut
1557 892 1679 954 post
1710 881 1986 937 devictam

370 966 619 1036 ejusdem
653 969 844 1023 mortis
896 969 1279 1037 acerbitatem,
1329 986 1517 1025 servus
1548 971 1882 1038 libertatem,
1931 976 1987 1023 et

374 1059 519 1115 lilius
544 1062 815 1133 reciperet
848 1064 1254 1119 hiercditatem!
1289 1065 1557 1120 Videlicet
1586 1065 1777 1120 eadem
1809 1078 1988 1118 sacra-

374 1154 582 1211 tissima
610 1172 739 1212 crux
784 1158 1023 1214 humano
1072 1175 1182 1214 non
1238 1160 1486 1233 indigeat
1517 1159 1813 1230 praeconio,
1861 1173 1984 1229 qua:

373 1246 696 1316 pr0pltetico
728 1254 781 1301 et
811 1248 1132 1321 evangelico
1182 1248 1325 1303 ultro
1375 1248 1794 1303 commendatur
1832 1246 1983 1302 testi-

373 1335 580 1401 monio,
640 1336 868 1411 dignum
921 1348 1102 1393 tamen
1159 1345 1243 1393 est
1291 1347 1351 1392 ut
1406 1353 1506 1392 nos
1563 1351 1630 1391 eo
1683 1335 1987 1390 studiosius

371 1426 532 1481 laude
573 1443 973 1499 prosequamur
1001 1429 1294 1493 immensa,
1324 1427 1504 1499 quoin
1535 1443 1601 1481 ea
1625 1427 1773 1481 salus
1803 1431 1989 1480 nostra

368 1518 605 1588 quodam
647 1518 934 1574 videbatur
973 1536 1094 1574 esse
1129 1535 1427 1590 suspensa.
1462 1520 1584 1574 llaec
1611 1519 1759 1573 enim
1793 1525 1875 1573 est
1896 1517 1991 1572 illa

369 1621 518 1667 crux,
569 1623 693 1677 quae
725 1607 825 1661 sub
871 1607 1096 1662 Judaica
1145 1609 1363 1663 detenta
1409 1608 1502 1662 diu
1545 1607 1878 1678 captivitate,
1921 1600 1991 1659 ab

371 1692 571 1747 llelena
613 1694 803 1769 regina
833 1696 996 1750 hodie
1027 1696 1291 1766 probatur
1316 1697 1566 1760 inventa;
1593 1703 1649 1750 ut
1672 1702 1726 1750 et
1755 1710 1855 1749 nos
1881 1695 1988 1749 hoc

363 1783 625 1858 exemplo
665 1784 1003 1851 commoniti,
1055 1784 1109 1838 in
1153 1785 1300 1840 illius
1330 1786 1505 1841 forma
1543 1785 1866 1839 studeamus
1892 1783 1982 1836 in-

374 1869 572 1925 veniri.
635 1871 755 1927 llaic
795 1882 877 1927 est
920 1873 1011 1927 illa
1051 1890 1203 1941 crux,
1238 1874 1291 1928 in
1326 1875 1541 1946 quallei
1585 1874 1750 1929 Filius
1779 1872 1981 1928 exalta-

372 1970 477 2028 tus,
500 1964 657 2018 traxit
688 1964 875 2019 omnia
896 1981 1079 2021 secum
1131 1968 1307 2037 (Joan.
1354 1969 1467 2037 xu),
1500 1968 1569 2021 de
1609 1982 1717 2038 quo
1756 1965 1985 2039 angelus

370 2057 437 2111 ad
466 2056 711 2113 Mariam.
742 2062 867 2126 Ave,
898 2060 1096 2131 inquit,
1118 2064 1304 2130 gratia
1319 2063 1504 2132 plena,
1532 2064 1794 2117 Dominus
1815 2066 1984 2115 tecum

371 2151 517 2215 (Luc.
569 2152 626 2219 l).
683 2151 807 2207 llaec
835 2160 918 2206 est
956 2153 1119 2208 etiam
1176 2154 1269 2208 illa
1326 2170 1480 2209 sacra
1529 2159 1583 2208 et
1623 2151 1986 2207 celeberrima

369 2255 523 2304 crux,
552 2241 605 2295 in
628 2259 735 2314 qua
766 2244 852 2297 lux
886 2244 979 2298 illa
1011 2245 1323 2316 perpendit,
1357 2262 1480 2318 qua:
1508 2245 1645 2299 dixit
1673 2262 1685 2298 :
1718 2246 1838 2299 Fiat
1866 2245 1982 2309 lum,

367 2339 415 2387 rt
443 2336 595 2400 facta
631 2340 707 2389 est
737 2335 833 2389 tua:
866 2335 1013 2406 (Gen.
1046 2337 1102 2406 ι),
1133 2345 1192 2391 ut
1221 2338 1337 2408 ipse
1369 2353 1469 2391 nos
1500 2352 1685 2391 secum
1715 2334 1782 2389 ad
1828 2343 1984 2390 teter-

366 2441 491 2479 nam
533 2427 830 2496 peduceret
869 2428 1070 2493 lucem,
1111 2428 1203 2500 qui
1260 2443 1360 2499 pro
1384 2428 1545 2484 nobis
1581 2427 1770 2483 subire
1788 2427 1984 2501 digna-

371 2522 457 2568 tus
475 2524 560 2569 est
599 2515 800 2581 clavos,
834 2516 1080 2573 lanceam
1108 2526 1162 2574 et
1190 2535 1430 2574 crucem.
1464 2518 1583 2573 llaec
1613 2524 1694 2572 est
1713 2517 1804 2571 illa
1830 2532 1981 2583 crux,

366 2619 511 2674 quae,
550 2603 881 2661 sicutsacra:
914 2606 1211 2677 Scriptura:
1241 2613 1509 2662 testantur
1547 2612 1910 2673 sacramenta,
1951 2622 1983 2660 a

366 2693 531 2749 beata
564 2696 767 2751 Helena
788 2697 978 2772 regina
1010 2699 1339 2769 praedicatur
1370 2700 1611 2765 inventa,
1649 2697 1984 2771 evangelicis

365 2786 625 2844 videlicet
659 2789 840 2844 verbis
868 2790 1033 2846 hodie
1069 2791 1122 2845 in
1155 2807 1220 2845 ea
1248 2791 1561 2862 completis,
1604 2790 1807 2862 quibus
1837 2789 1979 2843 dici-

370 2885 484 2933 tur:
529 2882 694 2935 Petita
721 2886 770 2935 et
808 2885 1106 2951 accipietis,
1156 2885 1381 2952 qwrrite
1407 2889 1457 2937 et
1484 2885 1762 2938 invenietis
1801 2884 1977 2948 (Joan.

370 2972 498 3032 xvr).
529 2969 658 3032 Sed,
690 2986 855 3039 quam
889 2971 1011 3024 lata
1052 2971 1134 3025 vel
1164 2971 1350 3025 hilaris
1377 2972 1571 3026 eadem
1606 2971 1796 3046 regina
1812 2970 1980 3026 hodie

2086 424 2352 482 studium.
2390 425 2683 493 Ubi,_dum
2721 425 2861 481 alter
2901 426 3131 483 alterius
3177 427 3462 485 invidebat
3499 429 3729 486 veloci-

2086 516 2180 571 tati
2206 517 2405 572 aemula
2436 515 2603 573 fiebat
2650 517 2891 573 charitas
2928 519 3203 585 charitati,
3251 521 3473 592 quando
3501 521 3575 576 ad
3633 521 3724 578 vi-

2086 604 2324 660 dendam
2355 606 2601 675 ejusdem
2634 607 2879 663 coalestis
2907 608 3154 679 mysterii
3182 608 3528 682 dignitatem,
3581 609 3723 665 cha-

2086 694 2216 749 ritas
2248 695 2414 766 coepit
2444 695 2726 751 retardare
2756 696 3100 753 charitatem.
3148 698 3187 753 0
3217 698 3497 755 laudabile
3526 700 3721 755 divor-

2083 783 2240 847 tium,
2274 792 2328 838 et
2358 783 2683 840 admirabile
2710 786 3125 855 commercium,
3157 787 3214 842 in
3256 803 3366 860 quo
3389 804 3585 844 cursus
3613 805 3718 844 ve-

2086 877 2288 933 locium
2329 894 2548 934 cursum
2594 879 2895 936 retardavit
2947 881 3230 949 inertium,
3257 882 3353 938 ubi
3395 883 3521 939 licet
3550 884 3719 940 velo-

2086 970 2265 1026 ciores
2301 971 2508 1043 quique
2551 972 2827 1028 retardare
2860 973 3179 1030 viderentur
3208 975 3438 1044 inertes,
3484 975 3715 1048 utrique

2087 1069 2271 1118 tamen
2300 1063 2487 1137 gratiae
2540 1064 2634 1119 Dei
2667 1081 3017 1138 nequaquam
3066 1066 3400 1122 videbantur
3430 1075 3716 1138 expertes.

2087 1156 2217 1223 Sed,
2268 1156 2396 1227 quia
2427 1157 2669 1212 nondum
2726 1157 2944 1215 fuerant
2987 1159 3242 1215 virtutem
3278 1168 3482 1215 sanctae
3528 1160 3717 1215 crucis

2088 1244 2321 1316 experti,
2396 1245 2524 1300 ideo
2580 1246 2729 1301 iners
2778 1247 2975 1315 veloci,
3036 1254 3093 1303 et
3167 1249 3326 1303 velox
3391 1249 3715 1305 adhaerebat

2088 1339 2273 1403 inerti,
2327 1345 2386 1394 ut
2415 1340 2554 1397 alter
2597 1341 2756 1397 alteri
2803 1358 2870 1398 eo
2898 1343 3081 1398 minus
3123 1343 3408 1399 videretur
3453 1344 3713 1407 inertior,

2088 1448 2199 1505 quo
2246 1432 2313 1487 ad
2358 1435 2688 1490 currendam
2723 1435 2867 1489 viam
2925 1436 3065 1491 alter
3102 1437 3272 1492 altero
3313 1435 3532 1493 volebat
3585 1453 3717 1493 esse

2090 1521 2365 1578 solertior.
2424 1522 2576 1578 Sicut
2605 1523 2751 1578 enim
2803 1523 3115 1580 contristari
3177 1532 3459 1596 cmperant
3509 1526 3715 1590 Judaei,

2092 1612 2221 1667 dum
2252 1614 2308 1667 in
2346 1613 2499 1688 ligno
2532 1614 2818 1671 Dominico
2857 1616 3115 1671 viderunt
3153 1615 3385 1689 gloriam
3427 1615 3563 1683 Dei;
3640 1617 3717 1671 ita

2085 1706 2423 1762 Christianus
2469 1708 2692 1783 gavisus
2719 1716 2801 1764 est
2831 1710 3092 1781 papulus,
3147 1709 3369 1781 quando
3401 1709 3547 1765 idem
3583 1726 3715 1766 coe-

2084 1798 2238 1855 lestis
2266 1800 2510 1871 mysterii
2556 1800 2709 1856 visus
2748 1807 2834 1856 est
2888 1801 3118 1857 loculus.
3164 1801 3248 1856 lbi
3296 1802 3485 1872 procul
3526 1801 3709 1858 dubio

2085 1888 2292 1943 alacres
2329 1904 2393 1944 ac
2417 1886 2649 1953 ﬂebiles,
2700 1889 2773 1943 ibi
2827 1889 2994 1945 fortes
3022 1891 3227 1963 quique
3266 1906 3579 1947 convenere
3616 1893 3711 1947 vel

2086 1979 2321 2047 debiles,
2351 1979 2479 2034 dum
2514 1996 2614 2051 per
2644 1980 2892 2036 diversas
2921 1989 3279 2055 utrarumque
3306 1982 3543 2053 partium
3585 1998 3713 2037 sor-

2087 2073 2188 2135 tes,
2234 2068 2515 2123 llebilibus
2557 2068 2783 2124 adunati
2845 2079 2974 2125 sunt
3021 2071 3250 2138 alacres,
3319 2078 3375 2125 et
3428 2070 3716 2125 debilibus

2086 2160 2273 2217 fortes.
2334 2163 2412 2217 Ibi
2455 2163 2617 2218 etiam
2669 2164 2797 2220 caeci
2839 2171 2894 2219 et
2936 2165 3119 2220 claudi
3160 2165 3361 2221 divinae
3414 2166 3715 2222 coadunati

2084 2258 2211 2306 sunt
2239 2252 2410 2318 laudi,
2432 2268 2496 2307 ac
2534 2252 2580 2307 si
2610 2252 2808 2325 aliquis
2852 2268 2951 2309 eos
2990 2254 3178 2309 verbis
3211 2254 3320 2309 illis
3367 2255 3717 2329 evangelicis

2084 2339 2339 2395 invitaret
2368 2341 2516 2407 illuc,
2549 2341 2753 2413 quibus
2792 2342 2998 2398 dictum
3051 2352 3164 2398 est:
3207 2345 3376 2401 C(BCOS
3406 2349 3454 2397 et
3486 2343 3717 2399 rlaudos

2080 2431 2328 2484 introduc
2365 2430 2468 2484 huc
2513 2429 2661 2501 (Luc.
2694 2430 2827 2502 xxv).
2860 2432 3151 2499 Praeterea,
3208 2431 3304 2487 ubi
3335 2431 3487 2486 surdi
3540 2431 3716 2503 quili-

2084 2523 2175 2578 bet
2204 2540 2268 2578 ac
2300 2525 2456 2591 muti,
2480 2526 2718 2595 propriae
2742 2526 2820 2580 ibi
2853 2525 3219 2581 insidiabatur
3242 2526 3429 2591 saluti,
3458 2526 3586 2579 dum
3608 2540 3714 2596 pro

2086 2613 2261 2685 gratia
2293 2612 2440 2668 illius
2469 2613 2746 2669 advenere
2786 2614 2919 2670 illuc
2959 2615 3165 2682 devoti,
3198 2614 3293 2686 qui
3330 2614 3535 2670 surdos
3576 2613 3714 2670 fecit

2085 2705 2279 2761 audire
2304 2713 2358 2761 et
2395 2713 2575 2760 mutos
2633 2706 2783 2778 loqui
2816 2708 3006 2779 (Marc.
3048 2707 3165 2779 vn).
3210 2707 3386 2773 Unde,
3441 2707 3709 2779 quoniam

2085 2794 2153 2848 ad
2196 2794 2498 2850 videndum
2557 2795 2737 2850 crucis
2775 2795 3162 2850 sacratissimaa
3218 2795 3482 2864 loculum,
3522 2796 3710 2852 clerus

2084 2882 2331 2954 undique
2358 2890 2480 2953 post
2510 2883 2741 2950 clerum,
2769 2891 2824 2938 et
2853 2883 3093 2954 p0pulus
3116 2885 3353 2939 accurrit
3378 2892 3504 2955 post
3535 2900 3713 2956 popu-

2082 2974 2217 3039 lum,
2249 2973 2446 3027 mirum
2468 2988 2577 3028 non
2611 2980 2717 3042 est,
2749 2974 2796 3029 si
2827 2983 2978 3030 tanta
3018 2974 3315 3030 multitudo
3348 2975 3709 3047 populorum,

371 3060 565 3115 fuisset
594 3060 805 3127 effecta,
863 3063 1085 3133 quando
1126 3080 1257 3119 crux
1297 3065 1582 3121 Dominica
1630 3043 1848 3121 sursum
1910 3043 2054 3121 deC
2080 3063 2237 3134 quasi
2276 3062 2345 3117 de
2385 3077 2519 3137 gyro
2550 3063 2866 3118 vertebatur
2900 3064 2956 3118 in
3014 3081 3232 3139 gyrum,
3284 3043 3379 3118 ubi
3425 3043 3506 3120 ‘ex
3552 3065 3711 3121 colli-

371 3155 517 3203 terra
543 3149 1047 3217 videbaturerecta,
1084 3152 1271 3207 nullus
1303 3153 1530 3208 omnino
1577 3153 1779 3224 poterit
1816 3153 1981 3219 scire,

373 3241 479 3295 nisi
511 3242 603 3312 qui
651 3242 704 3297 in
736 3244 873 3299 libro
899 3244 1023 3300 vitae
1063 3254 1277 3316 septem
1310 3246 1596 3318 signacula
1638 3246 1789 3302 solus
1834 3246 1986 3302 novit

372 3334 602 3404 aperire.
640 3335 794 3389 Unde
834 3342 895 3391 ut
943 3336 1090 3408 quod
1147 3336 1294 3392 bono
1336 3337 1635 3409 inemptum
1677 3345 1760 3392 est
1797 3338 1984 3393 omine

374 3428 516 3483 hono
541 3429 889 3485 clauderetur
926 3440 980 3485 et
1008 3431 1135 3495 line,
1170 3432 1397 3505 dignum
1453 3433 1550 3488 fuit
1589 3441 1649 3490 ut
1677 3433 1987 3504 pulcherri-

372 3535 519 3573 mum
553 3519 685 3575 illud
714 3522 919 3575 donum
962 3521 1351 3592 pulcherrima:
1407 3523 1644 3593 primum
1677 3523 1987 3579 deferretur

372 3608 596 3681 reginae,
627 3618 900 3682 quatenus
939 3612 1128 3685 gratiae
1188 3611 1429 3667 etelcstis
1467 3612 1788 3669 archisterio
1834 3614 1984 3684 prior

371 3706 518 3755 esset
556 3699 612 3754 in
644 3700 809 3764 dono,
841 3717 964 3773 qua:
985 3700 1159 3769 major
1199 3710 1315 3757 erat
1355 3701 1610 3773 imperio.

1014 3828 1221 3884 CAPUT
1255 3829 1340 3882 1x.

370 3934 579 4000 Quanto
618 3935 751 3988 clari
777 3940 826 3989 et
862 3936 1052 4005 populi
1078 3936 1256 3990 studio
1295 3940 1342 3989 et
1392 3938 1676 3990 alacritate
1701 3941 1978 4006 cwceptum

811 4025 884 4077 sit
906 4025 1069 4078 vitale
1097 4026 1274 4078 erucis
1305 4025 1531 4090 lignum.

442 4151 664 4206 Interim
697 4158 902 4221 autem,
935 4153 1064 4207 dum
1117 4169 1215 4223 per
1244 4152 1481 4208 salutare
1527 4154 1841 4225 mysterium
1890 4172 1978 4210 re-

367 4246 549 4314 spexit
576 4246 833 4300 Dominus
866 4260 1029 4315 super
1068 4245 1207 4315 ﬁlios
1265 4246 1534 4300 hominum
1575 4248 1742 4317 (Psal.
1788 4247 1980 4318 χχχιι),

2082 3153 2238 3207 sione
2267 3153 2550 3208 turbarum
2578 3155 2661 3208 vir
2681 3154 2913 3230 impegit
2943 3156 3231 3211 mulierem
3275 3164 3329 3212 et
3379 3156 3582 3213 mulier
3623 3158 3711 3212 vi-

2086 3257 2228 3296 rum.
2262 3241 2359 3296 Ubi
2390 3243 2539 3297 enim
2571 3243 2752 3298 clerus
2781 3251 2836 3298 et
2868 3244 3107 3314 populus
3139 3244 3361 3315 agmine
3386 3244 3707 3316 conglobati

2086 3340 2215 3387 sunt
2270 3332 2430 3400 miro,
2470 3333 2604 3405 quid
2657 3333 2867 3405 profuit
2913 3334 2958 3389 si
3025 3334 3243 3389 vicinus
3312 3333 3446 3389 inibi
3512 3324 3572 3389 et
3625 3335 3714 3390 vir

2088 3423 2265 3491 uxori,
2300 3431 2354 3479 et
2376 3439 2512 3481 uxor
2541 3425 2851 3480 adlneserat
2878 3427 3020 3493 viro,
3055 3426 3289 3481 maxime
3318 3442 3442 3482 cum
3470 3434 3713 3497 uterque

2087 3533 2276 3573 eorum
2324 3517 2462 3573 inibi
2498 3519 2688 3575 divino
2720 3520 3028 3575 submissus
3047 3520 3280 3591 ihonori,
3313 3526 3369 3574 et
3399 3534 3533 3575 uxor
3561 3520 3705 3584 viro,

2086 3608 2235 3663 etvir
2289 3608 2561 3663 invideret
2592 3607 2794 3663 uxori?
2832 3609 2931 3664 Pro
2982 3607 3272 3664 salutando
3317 3609 3524 3664 etenim
3575 3610 3698 3664 the-

2084 3699 2231 3753 sauri
2251 3698 2498 3767 ejusdem
2527 3698 2914 3768 pretiosissimi
2944 3698 3127 3754 loculo
3154 3698 3419 3770 strepitus
3446 3695 3615 3751 ﬁebat
3650 3696 3706 3751 in

2083 3786 2253 3854 clero,
2298 3787 2562 3842 tumultus
2602 3785 2659 3841 in
2711 3787 2941 3859 populo,
2983 3788 3114 3843 dum
3155 3802 3256 3858 pro
3288 3786 3488 3842 festina
3516 3786 3709 3842 visita-

2083 3879 2232 3933 tione
2272 3878 2521 3947 ejusdem
2566 3878 2792 3948 superni
2815 3878 3102 3953 germinis,
3156 3885 3212 3933 et
3271 3877 3444 3933 divini
3478 3876 3713 3933 seminis

2076 3967 2247 4021 sudor
2270 3966 2455 4037 erupit
2478 3966 2533 4020 in
2560 3967 2713 4034 viris,
2746 3967 2927 4037 pudor
2953 3968 3010 4022 in
3037 3965 3281 4021 feminis.
3313 3966 3413 4020 Ubi
3441 3967 3569 4021 licet
3594 3965 3702 4021 hac

2077 4064 2133 4112 et
2160 4057 2284 4113 illac
2316 4058 2557 4128 populus
2594 4058 2879 4114 videretur
2908 4066 3052 4113 stare
3080 4074 3177 4130 pro
3211 4075 3391 4127 muro,
3416 4059 3596 4114 adhuc
3624 4068 3707 4114 ta-

2080 4168 2202 4207 men
2250 4161 2406 4224 pater
2452 4153 2689 4209 accurrit
2735 4169 2858 4209 cum
2909 4153 3046 4222 ﬁlio,
3093 4164 3268 4210 mater
3326 4172 3451 4211 cum
3492 4170 3703 4226 puero:

2079 4246 2280 4318 quibus
2304 4246 2434 4302 licet
2490 4246 2673 4302 infans
2722 4247 2951 4323 vagiens
2987 4248 3135 4303 domi
3167 4256 3484 4304 servaretur
3512 4249 3567 4303 in
3601 4264 3702 4303 cu-

367 4332 542 4387 turbte
568 4334 1018 4388 concurrentium
1061 4333 1392 4405 populorum
1426 4333 1480 4388 in
1513 4334 1730 4405 hymnis
1769 4344 1823 4389 et
1848 4351 2047 4428 con-D
2077 4338 2183 4407 nis,
2218 4338 2286 4392 ab
2319 4339 2513 4393 eadem
2546 4347 2730 4394 tamen
2775 4339 2968 4394 laetitia
2992 4341 3177 4395 nullus
3207 4356 3400 4397 eorum
3437 4356 3559 4396 esse
3599 4357 3703 4396 vo-

368 4424 703 4481 fessionibus
749 4426 1159 4482 benedicebant
1189 4426 1514 4483 Dominum:
1557 4427 1784 4499 insu'pcr
1810 4430 1973 4486 etiam

2072 4434 2219 4489 lebat
2260 4435 2543 4490 immunis.
2570 4435 2634 4490 Ut
2656 4438 2801 4490 enim
2836 4435 2975 4491 alter
3008 4452 3119 4507 prae
3161 4437 3339 4492 altero
3372 4436 3534 4492 vitale
3583 4452 3706 4491 cer-

369 4530 467 4584 pro
498 4514 786 4572 salutando
817 4516 1064 4584 ejusdem
1096 4516 1351 4571 salutaris
1374 4515 1566 4591 gratiae
1607 4516 1811 4583 loculo,
1841 4535 1979 4574 con-
2070 4533 2230 4581 neret
2262 4526 2603 4597 mysterium,
2639 4526 2779 4582 alter
2817 4527 3045 4582 alterius
3098 4529 3266 4600 cmpit
3308 4528 3581 4601 impedire
3611 4528 3707 4585 de-

369 4602 520 4658 tinuo
568 4603 711 4660 facta
755 4612 839 4659 est
880 4605 1069 4660 laetitia
1105 4622 1306 4679 magna
1364 4604 1419 4659 in
1475 4606 1699 4676 populo.
1748 4606 1977 4663 Exclusa

2081 4616 2544 4690 siderium;quia,
2599 4618 2742 4673 sicut
2786 4618 2839 4672 in
2892 4621 3171 4692 exsequiis
3219 4622 3509 4676 charorum
3563 4619 3706 4676 alter

365 4690 513 4745 enim
535 4692 763 4764 antiqua
788 4692 1104 4751 Judaeorum
1147 4693 1399 4765 perﬁdia,
1441 4695 1706 4765 spiritalis
1737 4695 1812 4750 ibi
1841 4712 1970 4752 can—

366 4778 458 4833 tici
512 4780 721 4835 cithara
758 4790 814 4836 et
843 4782 982 4855 lyra,
1024 4793 1343 4854 tympanum
1385 4786 1661 4841 resonavit
1688 4802 1746 4841 ac
1788 4785 1970 4852 tibia;

367 4874 627 4944 quoniam
659 4882 718 4931 ut
747 4876 952 4931 nullius
981 4877 1341 4949 professionis
1379 4886 1471 4934 aut
1526 4879 1704 4936 {etatis
1728 4896 1974 4953 congrua

368 4966 439 5020 ibi
469 4967 690 5024 deesset
728 4984 983 5040 persona,
1015 4970 1146 5027 illuc
1174 4972 1389 5027 vicinus
1417 4980 1471 5026 et
1501 4973 1701 5039 incola,
1728 4975 1976 5048 pcregri-

368 5073 469 5115 nus
520 5061 758 5117 accurrit
803 5070 858 5116 et
896 5061 1140 5119 advena:
1195 5072 1252 5118 ut
1304 5064 1443 5119 sicut
1482 5065 1667 5120 nullus
1711 5082 1899 5123 eorum
1941 5084 1972 5122 a

366 5148 526 5219 culpa
549 5149 843 5206 videbatur
864 5150 1143 5217 immunis,
1178 5152 1257 5208 sic
1290 5153 1485 5208 eadem
1515 5155 1688 5227 gratia
1726 5156 1973 5229 singula-

365 5235 439 5290 ris
463 5238 722 5293 omnibus
743 5239 1045 5311 possitesse
1061 5241 1392 5295 communis.
1428 5242 1672 5307 Quantus
1729 5244 1824 5298 ubi
1842 5262 1977 5301 con-

363 5332 557 5381 cursus
579 5336 729 5383 esset
757 5328 1003 5402 gentium
1019 5335 1072 5383 et
1100 5330 1428 5401 pOpulorum
1452 5330 1657 5398 ltetitia,
1692 5333 1977 5406 percipere

368 5432 475 5473 non
522 5425 701 5489 potest
739 5419 959 5475 auditus
1013 5420 1251 5487 aurium,
1302 5437 1404 5477 nec
1458 5421 1608 5477 visus
1634 5424 1918 5481 oculorum
1957 5443 1971 5481 :

368 5514 627 5582 quoniam
677 5532 872 5572 omnes
898 5518 990 5590 qui
1038 5519 1287 5584 aderant,
1331 5525 1539 5574 tantum
1581 5520 1653 5574 ibi
1686 5522 1973 5596 gaudium,

368 5610 683 5677 tantumque
741 5608 980 5665 habuere
1014 5609 1336 5681 tripudium,
1392 5619 1447 5667 ut
1487 5620 1712 5683 propter
1751 5615 1972 5673 videndi

2074 4722 2170 4777 pro
2201 4708 2371 4763 altero
2404 4706 2492 4777 pia
2522 4706 2818 4762 devotione
2862 4708 3115 4781 jungitur
3163 4708 3231 4763 ad
3292 4707 3573 4774 feretrum,
3617 4708 3700 4763 sic

2073 4801 2141 4855 ad
2179 4802 2424 4855 divinum
2480 4801 2615 4856 illud
2655 4801 2985 4873 obsequium
3044 4802 3182 4858 alter
3221 4802 3455 4859 alterum
3489 4803 3703 4858 studuit

2075 4890 2375 4960 praevenire
2418 4905 2517 4960 per
2568 4891 2914 4944 alterutrum.
2974 4890 3055 4944 lbi
3114 4892 3326 4962 quippe
3377 4892 3519 4946 alter
3542 4891 3699 4947 alteri

2076 4983 2292 5055 longam
2328 4983 2532 5039 fecerat
2564 4999 2793 5052 moram,
2837 4984 2966 5039 dum
2998 4985 3065 5040 ab
3102 4986 3202 5040 hac
3233 4986 3411 5061 gratia
3449 4986 3695 5041 videnda

2072 5070 2210 5126 alter
2237 5072 2470 5127 alterum
2505 5073 2573 5127 ab
2609 5074 2742 5128 hora
2769 5072 3066 5129 cohibebat
3097 5074 3151 5128 in
3185 5074 3411 5135 horam;
3455 5073 3605 5146 quia,
3634 5075 3701 5128 li-

2071 5170 2157 5216 cet
2178 5163 2243 5216 ad
2280 5163 2385 5218 hoc
2411 5165 2789 5234 Spectaculum
2821 5172 3177 5221 concurreret
3216 5165 3402 5220 omnis
3438 5181 3610 5220 sexus
3643 5174 3702 5220 et

2077 5256 2227 5319 aetas,
2257 5252 2404 5308 soliti
2436 5258 2622 5308 tamen
2650 5253 2899 5308 incessus
2937 5254 3175 5325 quilibet
3214 5254 3434 5310 illorum
3463 5254 3701 5311 excessit

2075 5352 2269 5401 metas.
2329 5347 2484 5402 Unde
2537 5354 2803 5418 quantum
2845 5346 3097 5402 mteroris
3143 5348 3459 5404 habuerunt
3502 5363 3699 5403 omnes

2076 5436 2171 5508 qui
2220 5437 2471 5504 aberant,
2530 5438 2608 5492 illi
2649 5437 3319 5510 solummodopoterant
3374 5440 3538 5507 scire,
3604 5440 3696 5511 qui

2079 5527 2337 5583 aderant:
2386 5529 2618 5585 maxime
2674 5546 2798 5584 cum
2856 5545 2924 5585 eo
2981 5530 3174 5600 majori
3231 5531 3452 5586 tristitia
3493 5531 3570 5586 illi
3610 5532 3699 5586 ab-

2079 5620 2463 5691 sorberentur,
2531 5621 2627 5692 qui
2697 5622 2949 5691 aberant,
3011 5638 3121 5695 quo
3186 5623 3440 5694 ampliori
3508 5623 3692 5678 laetitia
