3920 6054
196 268 301 340 est

1161 277 1247 336 DE
1292 281 1502 337 LAUDE
1545 276 1623 336 ET
1665 277 1792 336 lNV.
1836 272 1869 324 Β
1934 271 2189 330 CRUCIS.
2233 305 2295 314 —
2341 273 2464 332 LIB.
2508 274 2572 331 ll.

3418 282 3521 339 962

203 412 454 468 viderant
501 412 624 469 illos
681 409 983 483 tripudiare
1032 410 1128 482 qui
1177 412 1425 466 aderant.
1484 411 1592 466 Sed
1647 423 1810 464 nemo
1840 411 1890 478 Α
1917 406 2062 474 (Luc.
2092 404 2164 472 v1)
2199 423 2213 471 ;
2252 405 2333 460 sic
2371 405 2426 460 in
2460 406 2761 462 incredulis
2801 406 3056 462 risusille
3082 411 3418 484 quandoque
3447 417 3526 470 vi.

201 503 432 560 fortasse
471 504 540 559 de
598 505 682 559 bis
729 502 933 574 quibus
987 501 1232 558 omlestis
1287 502 1590 576 magisterii
1649 501 1818 558 disci-

200 597 352 668 plina
391 595 632 668 priefuit,
658 599 720 652 in
741 597 964 652 consilio
995 595 1274 665 justorum
1311 599 1362 651 et
1411 598 1818 664 congregatione

204 689 368 757 (Psal.
400 687 488 761 cx)
535 688 746 744 ibidem
779 687 978 754 defuit,
1005 686 1264 758 quoniam
1300 687 1477 756 major
1529 703 1653 742 eum
1687 687 1815 743 inde

203 793 369 850 poena
421 777 846 852 constringeret,
887 776 1162 849 siquidem
1207 775 1284 831 ibi
1323 775 1392 831 de
1450 775 1644 832 eodem
1679 792 1816 834 con-

201 877 369 926 ventu
401 870 598 926 deesse
625 871 992 946 contingeret.
1037 868 1118 924 lbi
1141 868 1288 924 enim
1319 867 1457 924 alter
1493 869 1722 924 alterum
1745 885 1813 926 eo

200 962 504 1019 studiosius
563 963 630 1018 ad
673 962 810 1018 illud
862 961 1030 1034 coepit
1067 960 1372 1034 praevenire
1417 961 1814 1033 spectaculum,

202 1068 314 1125 quo
353 1053 492 1111 alter
519 1069 630 1126 prae
657 1053 828 1110 altero
882 1053 1130 1108 divinum
1159 1051 1330 1108 voluit
1357 1059 1604 1124 spectare
1651 1051 1816 1107 mira-

201 1146 408 1213 culum,
466 1146 564 1202 ubi
604 1163 738 1204 crux
792 1145 1162 1201 sacratissima
1209 1143 1478 1199 Dominici
1528 1144 1816 1217 sanguinis

204 1239 420 1311 liquore
448 1249 678 1295 cruenta
717 1238 786 1293 ab
811 1237 1023 1294 ‘Helena
1061 1235 1251 1310 regina
1304 1234 1569 1290 divinitus
1617 1233 1816 1307 legitur

207 1343 332 1384 esse
363 1329 587 1384 nudata.

861 1420 1068 1479 CAPUT
1099 1421 1162 1476 Χ.

201 1534 658 1603 Quemadmodum
690 1534 755 1588 de
780 1535 837 1591 S.
870 1535 1045 1589 crucis
1074 1533 1270 1586 honore
1297 1535 1458 1587 etiam
1487 1533 1643 1588 nobis
1669 1549 1812 1600 gau-

271 1607 519 1733 ztendétm,
560 1610 609 1660 et
645 1606 782 1675 quid
834 1608 977 1661 inter
1012 1604 1351 1660 Christianos
1393 1609 1442 1658 et
1485 1605 1696 1658 Judceos
1735 1606 1816 1658 in-

299 1693 403 1733 ers:
437 1717 449 1732 .

272 1789 470 1843 Verum
502 1789 630 1844 licet
658 1804 758 1845 nos
787 1804 910 1843 cum
953 1786 1064 1841 illis
1096 1803 1162 1841 ea
1191 1787 1282 1842 die
1321 1786 1682 1858 corporaliter
1705 1802 1813 1842 non

204 1892 475 1944 essemus,
526 1877 724 1933 eodem
783 1884 968 1931 tamen
1027 1875 1230 1950 gaudio
1269 1891 1378 1946 quo
1428 1875 1504 1930 illi
1556 1875 1669 1946 jam
1717 1891 1818 1932 nos

202 1966 445 2041 gaudere
501 1966 795 2032 debemus;
854 1965 985 2036 quia
1039 1964 1168 2020 licet
1205 1964 1480 2036 corporlli
1522 1965 1818 2036 praesentia

201 2061 280 2117 ibi
299 2061 594 2118 fuissemus
620 2062 903 2128 absentes,
947 2061 1001 2114 in
1027 2075 1262 2132 corpore
1287 2066 1472 2116 tamen
1505 2060 1707 2118 Christi
1738 2061 1818 2116 eis

200 2151 440 2223 quodam
470 2151 636 2207 modo
688 2149 1018 2206 videbamur
1067 2165 1194 2205 esse
1229 2157 1552 2222 praesentes.
1595 2150 1818 2206 Partici-

203 2245 431 2317 patione
461 2245 610 2300 enim
631 2244 894 2316 Spiritalis
920 2244 1123 2300 laetitiae
1153 2251 1208 2299 et
1233 2244 1618 2300 exsultationis
1645 2261 1710 2300 ea
1728 2245 1816 2300 die

202 2337 461 2402 nosillisI
495 2337 654 2393 etilli
703 2337 930 2392 aderant
969 2335 1152 2402 nobis,
1210 2337 1471 2408 quoniam
1505 2336 1558 2390 in
1607 2336 1818 2392 unitate

206 2429 461 2486 Ecclesia!
508 2446 632 2485 cum
665 2431 747 2484 eis
793 2429 914 2500 ipse
968 2445 1071 2484 nos
1112 2429 1350 2484 habebat
1389 2428 1444 2482 in
1481 2445 1564 2497 se,
1603 2429 1698 2500 qui
1751 2429 1818 2484 de

205 2523 398 2578 electis
429 2523 546 2578 suis
569 2521 636 2576 ad
665 2521 900 2578 Patrem.
935 2521 1088 2587 Volo,
1118 2519 1298 2593 inquit
1323 2525 1382 2576 ut
1420 2523 1530 2576 sint
1565 2535 1733 2576 unum
1761 2525 1820 2576 in

174 2631 287 2671 ‘me
314 2618 457 2671 sicut
503 2619 552 2671 et
603 2631 696 2684 ego
737 2617 878 2670 inte
932 2617 1104 2685 (Joan.
1145 2618 1278 2681 χχι).
1328 2613 1464 2669 Ecce
1493 2631 1655 2686 quam
1699 2615 1816 2670 for-

204 2713 484 2772 tunatum,
517 2704 626 2760 imo
666 2704 816 2777 quod
847 2703 1180 2759 fortunatius
1212 2709 1294 2757 cst
1349 2704 1595 2760 omnium
1647 2703 1822 2760 fortu-

206 2794 322 2860 nio,
349 2793 498 2866 quod
527 2795 637 2850 Deo
677 2801 730 2849 et
761 2793 968 2848 homini
1002 2792 1084 2848 sic
1115 2809 1222 2848 una
1263 2793 1418 2860 unio,
1461 2800 1516 2849 et
1553 2795 1634 2849 sic
1671 2811 1822 2849 com-

207 2883 392 2938 munis
423 2889 599 2939 exstat
629 2882 968 2950 communio,
1002 2887 1061 2936 ut
1083 2882 1334 2937 eamdem
1363 2883 1624 2938 unionem
1656 2883 1822 2940 homo

205 2975 410 3032 habeat
441 2974 497 3030 in
525 2975 658 3042 Deo,
691 2983 747 3030 et
783 2974 928 3029 Deus
958 2973 1016 3028 in
1047 2973 1293 3042 homine,
1325 2991 1488 3047 quam
1527 2990 1728 3046 corpus
1767 2975 1824 3030 in

205 3071 410 3143 capite,
453 3071 542 3126 vel
585 3079 750 3142 caput
811 3069 865 3124 in
932 3084 1186 3141 corpore.
1253 3069 1388 3136 Quia
1451 3069 1600 3126 enim
1661 3079 1898 3170 caputC

208 3159 404 3216 Christi
437 3159 509 3216 sit
555 3159 718 3223 Deus,
771 3168 826 3214 et
864 3165 1030 3230 caput
1071 3159 1326 3216 Ecclesiae
1382 3158 1650 3224 Christus,
1692 3159 1824 3214 inde

207 3248 547 3320 permaximc
581 3247 801 3320 probari
822 3253 1025 3318 potest,
1085 3246 1142 3301 in
1186 3262 1297 3318 quo
1323 3246 1560 3302 dicitur:
1593 3247 1701 3314 Qui
1725 3248 1824 3302 ιινί-

209 3339 372 3393 haeret
401 3340 644 3403 Domino,
685 3351 826 3390 unus
877 3337 1102 3405 spiritus
1141 3339 1218 3391 est
1258 3336 1305 3404 (Ι
1340 3336 1460 3392 Cor.
1520 3338 1614 3404 v1).
1670 3335 1826 3390 Unde

209 3429 472 3501 scriptum
528 3433 612 3484 est
673 3427 823 3498 quod
879 3426 1078 3492 Judaei,
1133 3443 1166 3481 a
1227 3425 1551 3482 Christianis
1613 3426 1668 3481 in
1725 3427 1829 3482 hac

209 3522 423 3578 unione
453 3520 642 3588 divisi,
689 3535 719 3574 a
757 3535 988 3591 corpore
1021 3518 1278 3574 Ecclesiae
1317 3534 1545 3590 prorsus
1573 3519 1829 3576 videntur

211 3613 434 3680 abscisi,
467 3611 730 3684 quoniam
763 3611 832 3666 de
884 3610 1147 3682 mysterio
1177 3611 1358 3666 crucis
1400 3619 1455 3666 et
1481 3610 1824 3666 incarnatio-

211 3705 298 3762 nis
327 3703 526 3760 Christi
582 3703 1025 3768 aliud,sentiunt
1082 3701 1184 3766 illi,
1231 3709 1286 3758 et
1317 3693 1466 3757 aliud
1511 3702 1620 3757 isti.
1677 3702 1828 3758 Sicut

211 3794 361 3849 enim
404 3808 527 3859 nos,
559 3808 659 3864 pro
690 3790 1054 3848 iulormandis
1080 3788 1329 3845 ﬁdelium
1357 3789 1672 3858 animabus,
1716 3797 1826 3846 tres

213 3898 480 3956 personas
536 3882 814 3938 credimus
863 3887 918 3936 et
965 3895 1134 3935 unum
1191 3880 1359 3935 Deum
1391 3880 1704 3949 adoramus,
1758 3881 1832 3938 ita

213 3975 390 4030 Judaei
421 3977 649 4031 econtra
688 3990 749 4030 se
784 3973 839 4028 in
865 3973 1029 4028 aliam
1088 3972 1317 4028 formam
1371 3973 1514 4028 male
1553 3975 1834 4031 credendo

217 4071 608 4130 transmutant,
641 4063 770 4118 dum
803 4062 858 4117 in
891 4062 1003 4117 Deo
1035 4077 1198 4117 unam
1249 4077 1542 4132 personam
1583 4063 1834 4131 adorant,

217 4161 272 4208 et
311 4153 450 4208 duas
502 4151 640 4206 alias
697 4149 956 4206 refutant.
1015 4149 1123 4204 Sed
1174 4150 1475 4206 notandum
1533 4159 1616 4206 est
1668 4153 1837 4224 quod,

217 4243 349 4300 licet
405 4243 513 4298 alio
562 4241 726 4298 modo
793 4241 1026 4297 credant
1099 4239 1408 4309 Christiani,
1465 4250 1520 4297 et
1574 4241 1684 4298 alio
1743 4243 1839 4299 Ju-

219 4331 348 4400 daei,
409 4338 638 4404 uterque
692 4339 876 4387 tamen
947 4330 1152 4385 cultum
1227 4332 1392 4387 unius
1455 4331 1662 4387 habent
1724 4334 1840 4400 Dei,

1917 492 2155 560 debitur,
2189 492 2258 548 de
2287 509 2396 564 quo
2424 495 2688 566 scriptum
2739 502 2855 550 est:
2918 495 3077 551 Risus
3107 498 3288 553 dolore
3335 504 3522 559 misce-

1917 581 2068 635 bitur
2117 581 2290 652 (Prov.
2350 582 2482 654 x1v).
2529 583 2590 638 Et
2630 583 2780 652 ideo,
2826 591 2886 640 ut
2932 600 3034 640 nos
3073 588 3334 658 gaudium
3384 591 3522 648 illud

1914 675 2162 746 spiritale
2209 675 2372 732 bonis
2420 693 2643 749 semper
2676 679 2889 734 meritis
2933 679 3276 748 aﬁectemus,
3307 685 3377 741 de
3415 703 3526 760 quo

1912 763 2179 820 Jacobus:
2241 766 2426 834 Omne,
2468 767 2668 839 inquit,
2726 769 2989 838 gaudium
3027 773 3354 843 existimate,
3392 778 3521 844 fra-

1913 863 2040 925 tres,
2071 875 2188 914 cum
2217 861 2277 914 in
2322 865 2510 917 varias
2547 866 2872 918 tantationes
2919 866 3228 924 incideritis
3275 873 3409 940 (Jac.
3465 877 3521 942 l),

1916 947 2185 1003 orandum
2214 955 2296 1004 est
2334 959 2393 1005 ut
2419 966 2516 1022 per
2537 952 2766 1026 gratiam
2790 953 3099 1011 Divinitatis
3129 957 3353 1029 plenum
3388 960 3524 1017 illud

1915 1039 2177 1112 gaudium
2225 1057 2446 1113 semper
2498 1051 2714 1100 maneat
2760 1045 2817 1100 in
2849 1046 3031 1115 nobis,
3078 1049 3146 1104 de
3179 1065 3287 1123 quo
3316 1052 3526 1109 Veritas

1917 1133 2233 1205 discipulis:
2279 1136 2546 1192 Gaudium
2576 1139 2799 1211 (inquit)
2841 1147 3076 1200 vestrum
3121 1161 3270 1202 nemo
3320 1149 3465 1204 tollet
3492 1165 3523 1203 (ι

1918 1225 2062 1279 vobis
2094 1224 2274 1294 (Joan.
2307 1229 2454 1289 χχιι).
2835 1281 2844 1287 ,

2557 1317 2765 1374 CAPUT
2797 1320 2883 1378 XI.

2024 1408 2095 1460 De
2113 1412 2513 1478 comparatione
2543 1410 2882 1493 Constantini
2907 1418 2956 1468 et
2991 1416 3202 1472 Helena:
3227 1421 3419 1476 matris

2653 1498 2788 1551 ejus.

1989 1586 2128 1660 Ergo
2185 1605 2307 1643 cum
2358 1591 2761 1662 aliquantulum
2818 1593 2932 1662 jam
2990 1613 3182 1652 sumus
3230 1599 3524 1654 sententia:

1842 1721 1890 1790 Β
1917 1675 2118 1790 priorLis
2147 1677 2488 1790 oblitizdum
2530 1679 2774 1752 perﬁdiae
2802 1683 3120 1740 Judzeorum
3143 1687 3291 1757 justa
3321 1687 3530 1744 ratione

1917 1769 2252 1826 conabamur
2290 1771 2488 1840 obniti,
2519 1773 2748 1846 dignum
2803 1783 2887 1830 est
2916 1784 2994 1844 ut,
3037 1778 3182 1833 sicut
3212 1778 3270 1833 in
3299 1779 3530 1835 abscon-

1915 1858 2072 1914 sione
2099 1859 2234 1933 ligni
2281 1861 2548 1917 Dominici
2603 1863 2861 1920 duritiam
2895 1867 3114 1922 illorum
3163 1869 3296 1925 satis
3339 1885 3532 1926 sumus

1917 1947 2149 2018 experti,
2189 1948 2263 2003 ita
2293 1966 2442 2006 nunc
2473 1951 2541 2005 ad
2574 1950 2990 2010 Constantinum
3024 1965 3081 2012 et
3127 1957 3384 2013 [lelenam
3417 1959 3532 2030 pri-

1915 2037 2063 2093 stina
2105 2037 2408 2094 debeamus
2454 2041 2703 2098 oratione
2754 2045 2976 2098 reverti.
3023 2047 3140 2116 Ipse
3186 2048 3335 2101 enim
3383 2047 3529 2120 signi

1916 2128 2158 2184 caelestis
2187 2129 2487 2188 instructus
2516 2134 2860 2202 archisterio,
2913 2137 3123 2208 primus
3163 2139 3410 2193 omnium
3443 2140 3530 2194 in-

1917 2221 2202 2292 quirendae
2231 2224 2411 2279 crucis
2432 2225 2660 2282 ardebat
2689 2227 2990 2295 desiderio,
3033 2230 3131 2284 scd
3164 2237 3345 2285 tamen
3384 2246 3533 2286 nunc

1918 2309 2080 2366 bona:
2110 2312 2409 2368 voluntatis
2446 2313 2698 2370 affectum
2750 2323 2927 2372 mater
2978 2319 3124 2372 illius
3165 2319 3426 2389 perduxit
3462 2319 3530 2373 ad

1923 2400 2200 2460 effectum.
2230 2405 2526 2461 Sciendum
2561 2415 2643 2463 est
2663 2425 2901 2481 namque
2933 2409 3104 2482 quod,
3127 2417 3413 2482 postquam
3433 2425 3534 2482 per

1921 2491 2068 2548 bona
2088 2510 2258 2566 Opera
2277 2498 2454 2554 oratio
2485 2515 2676 2554 eorum
2709 2499 2848 2556 facta
2882 2511 2966 2558 cst
3003 2502 3232 2575 munda,
3263 2502 3316 2556 in
3349 2503 3536 2574 inqui-

1920 2585 2120 2642 sitione
2146 2587 2282 2670 ligni
2320 2590 2578 2646 salutaris
2617 2593 2710 2648 ille
2742 2593 2917 2649 factus
2957 2603 3039 2650 est
3071 2595 3304 2665 primus,
3345 2601 3400 2650 et
3442 2595 3534 2650 illa

1924 2677 2184 2732 secunda.
2219 2677 2354 2742 Quia
2404 2680 2533 2736 licet
2559 2681 2908 2738 inveniendie
2953 2684 3131 2740 crucis
3164 2701 3276 2739 una
3319 2685 3538 2739 duobus

1925 2773 2074 2819 esset
2124 2764 2380 2836 intentio,
2414 2767 2585 2825 ﬁlium
2615 2780 2796 2828 tamen
2833 2773 3138 2845 inquisitio,
3191 2781 3246 2828 et
3303 2781 3533 2828 matrem

1925 2855 2237 2913 nobilitavit
2269 2859 2534 2918 inventio.
2582 2863 2716 2918 Dum
2773 2864 2920 2920 enim
2977 2866 3157 2920 cidem
3190 2865 3539 2938 inquisitioni

1926 2953 2157 3020 uterque
2185 2965 2409 3022 operam
2452 2953 2622 3021 dedit,
2670 2955 2878 3028 lignum
2929 2956 3112 3011 crucis
3169 2953 3317 3010 ﬁlius
3354 2955 3538 3028 inqui-

1925 3035 2070 3106 sivit,
2104 3045 2279 3095 mater
2331 3040 2565 3107 invenit,
2620 3057 2765 3115 quae,
2801 3043 2928 3098 dum
2975 3059 3073 3115 pro
3124 3043 3318 3100 eadem
3375 3059 3539 3099 causa

1928 3131 2190 3181 terrarum
2238 3129 2408 3200 cmpit
2463 3129 2648 3186 rimari
2699 3131 2992 3202 profunda,
3037 3131 3355 3190 inventione
3396 3130 3538 3186 facta

1926 3223 2010 3272 est
2029 3217 2226 3288 prima,
2269 3225 2325 3275 et
2367 3221 2422 3275 in
2483 3222 2839 3294 inquisitione
2891 3223 3158 3280 secunda.
3217 3222 3372 3278 Unde
3413 3221 3541 3277 licet

1925 3315 2130 3365 aeterno
2160 3326 2270 3366 non
2323 3311 2665 3386 incognitum
2717 3315 2788 3370 sit
2839 3315 2981 3370 Patri
3033 3325 3213 3370 utrum
3275 3314 3536 3384 majorem

1928 3402 2292 3457 reverentiam
2323 3403 2627 3460 debeamus
2644 3405 2756 3461 ﬁlio
2782 3422 2853 3460 an
2883 3405 3076 3472 matri;
3119 3421 3222 3460 nos
3260 3410 3440 3458 tamen
3483 3403 3536 3456 in

1929 3499 2071 3570 ipso,
2109 3497 2203 3570 qui
2256 3513 2478 3568 semper
2505 3505 2630 3554 vota
2671 3498 2900 3570 respicit
2943 3499 3253 3565 humilium,
3314 3496 3540 3565 majoris

1927 3589 2106 3646 meriti
2146 3589 2423 3645 credimus
2469 3599 2694 3647 matrem
2721 3607 2846 3647 esse
2901 3608 3062 3663 quam
3097 3589 3290 3646 ﬁlium.
3323 3590 3429 3644 Sed
3461 3597 3536 3644 ta-

1928 3696 2054 3734 men
2099 3679 2342 3751 aliquam
2400 3679 2761 3736 reverentiam
2807 3679 2936 3736 inde
2977 3680 3244 3734 debemus
3298 3678 3538 3750 utrique,

1927 3772 2074 3844 quod
2095 3772 2208 3841 jam
2248 3778 2484 3842 uterque
2521 3788 2710 3828 eorum
2755 3773 2985 3844 praemia
3014 3772 3240 3827 sortitus
3260 3777 3343 3827 est
3369 3769 3532 3826 vitae:

1931 3861 2202 3934 quamvis,
2242 3864 2384 3916 sicut
2437 3863 2594 3917 stella
2643 3863 2708 3917 ab
2763 3863 2918 3918 stella
2967 3863 3156 3932 (li/fert
3210 3863 3460 3918 claritate
3497 3863 3544 3928 (Ι

1935 3957 2036 4012 Cor
2077 3955 2183 4027 xv),
2213 3953 2294 4008 sic
2325 3961 2498 4010 mater
2534 3970 2566 4009 a
2615 3953 2728 4010 ﬁlio
2757 3955 3074 4011 meritorum
3115 3953 3330 4010 diﬁ‘erat
3377 3968 3542 4010 enor-

1939 4050 2142 4105 mitate.
2163 4051 2219 4105 Si
2255 4051 2403 4105 enim
2426 4056 2577 4124 gesta
2598 4051 2887 4123 utriusque
2905 4049 3142 4107 velimus
3159 4065 3393 4122 pensare
3410 4048 3548 4105 sub-

1941 4142 2107 4208 tilius,
2131 4157 2314 4198 coram
2348 4143 2459 4198 Dco
2492 4142 2716 4212 majoris
2756 4142 2914 4213 pretii
2949 4142 3192 4198 creditur
3219 4149 3398 4198 mater
3425 4157 3548 4197 esse

1942 4250 2104 4306 quam
2128 4231 2303 4298 ﬁlius;
2335 4233 2488 4305 quia,
2520 4243 2806 4305 postquam
2839 4233 3056 4306 utrique
3082 4233 3322 4290 ccclesiis
3353 4247 3549 4288 recon-

1945 4320 2113 4377 ciliali
2137 4329 2264 4376 sunt
2295 4321 2501 4393 [Patri],
2528 4321 2582 4375 in
2613 4319 3002 4376 construendis
3031 4321 3284 4376 ecclesiis
3313 4320 3410 4374 Dei
3429 4337 3548 4374 ma-

219 4421 370 4493 quia,
431 4419 682 4493 quamvis
733 4418 802 4474 de
863 4417 1125 4490 mysterio
1183 4419 1362 4475 crucis
1429 4421 1577 4476 aliud
1635 4417 2046 4488 sentiath1m
2099 4429 2230 4469 cum
2282 4411 2417 4482 ﬁlio.
2475 4412 2572 4468 Sed
2626 4411 2804 4479 malo“
2846 4411 3236 4466 ίηθτθῐιηειιτίο
3298 4411 3554 4476 QuamViS

221 4509 562 4566 Christianus
625 4517 684 4563 et
753 4507 901 4562 aliud
980 4506 1234 4576 Judaeus,
1311 4509 1379 4563 ab
1451 4516 1688 4582 utroque
1755 4519 1836 4567 ta-

219 4615 348 4655 men
387 4615 532 4654 unus
585 4599 786 4656 colitur
837 4599 1002 4654 Deus.
1046 4598 1182 4665 Sed,
1231 4600 1489 4671 quoniam
1551 4601 1607 4655 in
1660 4610 1836 4658 morte

219 4691 516 4748 Salvatoris
570 4706 716 4746 unus
757 4690 1034 4758 innoxius,
1083 4698 1139 4746 et
1195 4691 1339 4746 alius
1381 4699 1469 4746 est
1531 4708 1677 4760 reus,
1726 4710 1835 4749 non

222 4783 499 4840 immerito
555 4783 800 4859 gaudere
875 4782 1044 4838 debet
1117 4782 1455 4838 Christianus
1521 4791 1576 4838 ct
1649 4784 1840 4857 lugere

221 4871 465 4937 Iudaeus,
507 4879 566 4927 ut
605 4887 672 4926 ex
703 4871 862 4926 bonae
901 4871 985 4926 vel
1039 4870 1199 4925 malae
1239 4870 1453 4926 arboris
1492 4869 1691 4934 fructu,
1741 4888 1839 4944 pro

222 4963 486 5036 mysterio
508 4963 706 5029 crucis,
736 4978 880 5016 unus
905 4961 978 5016 sit
1009 4961 1065 5014 in
1097 4960 1324 5036 gaudio,
1354 4967 1410 5016 et
1435 4959 1577 5016 alius
1598 4959 1836 5016 inluctu.

227 5055 290 5110 Et
319 5055 463 5110 bene
511 5053 732 5126 quidem
789 5051 1146 5108 credentibus
1187 5051 1444 5107 convenit
1473 5058 1527 5106 et
1571 5065 1680 5106 non
1713 5066 1836 5106 cre-

226 5142 508 5210 dentibus,
531 5148 593 5197 ut
640 5149 696 5198 et
731 5140 810 5195 illi
839 5141 1073 5208 gaudere
1102 5155 1221 5196 cum
1250 5139 1625 5209 gaudentibus,
1654 5143 1706 5195 et
1749 5138 1834 5194 isti

223 5239 464 5295 debeant
498 5241 623 5307 ﬂere
647 5251 768 5292 cum
801 5237 1048 5306 flentibus
1087 5235 1262 5306 (Rom.
1313 5235 1430 5306 xu),
1465 5235 1752 5307 quoniam,
1780 5243 1840 5290 ut

225 5327 520 5400 Apostolus
557 5326 724 5382 dicit:
763 5325 990 5383 Verbum
1020 5327 1196 5380 crucis
1223 5327 1570 5395 pereuntibus
1602 5327 1839 5381 stultitia

224 5426 328 5478 est:
371 5421 457 5474 his
484 5423 662 5474 autem
693 5421 790 5489 qui
817 5419 962 5474 salvi
987 5419 1144 5486 ﬁunt,
1175 5417 1237 5472 id
1253 5426 1329 5472 est
1349 5419 1523 5486 nobis,
1553 5421 1731 5472 virtus
1750 5419 1842 5472 Dei

223 5515 300 5568 est
327 5513 369 5578 (ι
391 5513 509 5568 Cor.
553 5508 617 5580 ι).
652 5507 807 5564 Unde
851 5507 1049 5562 mirum
1083 5521 1194 5562 non
1250 5515 1333 5562 est
1385 5507 1556 5579 quod,
1614 5507 1756 5562 sicut
1782 5507 1838 5562 in

225 5601 582 5659 credentibus
619 5599 787 5656 risum
817 5597 969 5654 illum
1011 5598 1068 5654 iu
1101 5597 1283 5655 futuro
1319 5597 1598 5661 videbilis.
1629 5596 1700 5654 de
1729 5615 1838 5671 quo

224 5690 464 5748 Veritas:
494 5689 667 5756 Beati,
695 5687 942 5761 (inquit),
967 5689 1067 5758 qui
1089 5703 1231 5744 nunc
1258 5689 1415 5758 ﬂetis,
1441 5691 1575 5760 quia
1591 5688 1840 5744 ridebitis

1938 4504 2083 4559 enim
2127 4503 2273 4560 ﬁlius
2307 4504 2506 4560 multas
2530 4503 2796 4560 ecclesias
2826 4503 2878 4557 in
2925 4502 3130 4558 Graecia
3161 4503 3554 4559 construxisset

1938 4615 2002 4654 ac
2040 4599 2232 4667 Roma,
2267 4599 2468 4671 quibus
2497 4599 2554 4653 in
2592 4598 2865 4653 thesauris
2917 4604 2971 4652 et
3001 4597 3220 4653 allodiis
3262 4597 3432 4653 multa
3464 4614 3553 4652 re»-

1939 4691 2084 4766 galia
2115 4691 2347 4747 contulit
2367 4691 2543 4756 dona;
2577 4697 2754 4745 mater
2785 4697 2991 4755 tamen,
3041 4697 3101 4744 ut
3129 4689 3310 4745 adhuc
3337 4689 3555 4746 diversa

1940 4789 2255 4836 sanctorum
2295 4787 2563 4836 testantur
2615 4777 2905 4849 martyria,
2937 4778 3108 4834 multo
3153 4778 3336 4848 plures
3375 4777 3557 4834 eccle-

1941 4871 2050 4925 sias
2079 4871 2134 4924 in
2163 4870 2350 4926 Gal‘iis
2370 4869 2667 4925 aediﬁcavit
2703 4883 2768 4923 ac
2805 4867 2982 4939 Syria.
3007 4867 3351 4939 Quapropter
3385 4868 3558 4924 eccle-

1942 4961 2040 5016 siae
2069 4961 2124 5015 in
2157 4961 2424 5016 honorem
2469 4959 2592 5030 ejus
2631 4961 2745 5016 Deo
2791 4959 3000 5031 ubique
3039 4966 3264 5014 sacratae
3297 4958 3442 5012 bene
3474 4961 3556 5013 te-

1941 5061 2159 5110 stantur
2209 5062 2412 5126 quanta
2464 5071 2647 5111 coram
2703 5054 2936 5110 Domino
2983 5053 3186 5126 polleat
3233 5051 3554 5108 sanctitate:

1940 5147 2174 5201 maxime
2219 5162 2343 5201 cum
2393 5145 2538 5201 bene
2592 5146 2731 5202 sciat
2785 5145 2904 5200 sola
2956 5143 3264 5200 Divinitatis
3318 5142 3558 5213 antiquae

1940 5235 2173 5290 scicntia
2202 5235 2382 5307 qualis
2427 5243 2520 5290 aut
2545 5241 2747 5306 quanta
2777 5233 2849 5289 sit
2876 5232 3138 5289 sanctitas
3178 5231 3300 5299 ejus
3351 5236 3407 5284 et
3444 5245 3559 5288 mu-

1937 5321 2278 5396 gniticcntia.
2348 5322 2524 5387 Unde,
2566 5337 2689 5378 cum
2737 5322 2910 5377 virtus
2958 5319 3263 5376 sanctitatis
3316 5318 3436 5387 ejus
3489 5317 3561 5373 sit

1942 5417 2112 5478 tanta,
2159 5419 2218 5466 ut
2239 5411 2436 5467 merito
2489 5411 2634 5466 inter
2679 5411 2820 5466 alios
2858 5418 3080 5464 sanctos
3116 5416 3170 5463 et
3201 5408 3319 5478 ipsa
3361 5423 3559 5462 nume-

1942 5511 2092 5558 retur
2120 5511 2329 5572 sancta,
2378 5503 2576 5558 mirum
2610 5518 2721 5557 non
2758 5511 2843 5558 est
2890 5501 3062 5574 quod,
3105 5500 3249 5556 sicut
3278 5501 3561 5575 catalogus

1939 5601 2254 5651 sanctorum
2311 5594 2453 5650 solet
2493 5594 2700 5666 ubique
2753 5592 2962 5659 testari,
3037 5591 3308 5648 festivitas
3345 5591 3467 5662 ejus
3527 5607 3562 5646 a

1941 5685 2102 5742 nobis
2130 5703 2314 5744 annua
2343 5703 2563 5760 semper
2581 5685 2750 5742 debet
2769 5685 3112 5744 revolutione
3135 5681 3428 5742 celebrari.
3455 5682 3561 5738 Sed
