3912 6044
382 209 487 264 963

1361 204 1725 264 BERENGOSI
1770 206 2043 264 ABBATIS
2086 210 2140 266 S.
2185 209 2418 266 MAXIM!
2463 211 2730 269 TREVIR.

3612 215 3723 270 96$

383 337 645 410 quoniam
678 333 733 388 in
770 333 966 391 eodem
999 333 1250 409 catalogo
1295 334 1364 390 de
1400 334 1513 390 filio
1551 336 1672 406 ejus
1722 336 1871 391 nulla
1917 343 2000 392 est
2021 338 2076 407 Α
2104 337 2329 411 regibus
2358 339 2450 411 qui
2509 339 2739 394 Romani
2780 339 2933 395 Orbis
2988 339 3361 396 menarcbiam
3421 341 3722 396 studiosis-

382 428 610 493 mentio,
643 425 741 481 sed
789 424 963 500 magis
1020 425 1286 480 memoria
1334 425 1482 481 illius
1515 426 1776 482 omnibus
1818 427 1998 482 modis

381 517 519 572 inibi
549 515 870 571 obliteratur
889 513 1130 582 silentio,
1166 514 1291 570 ideo
1321 523 1381 570 ut
1412 515 1466 569 in
1498 517 1725 588 regione
1746 517 1994 572 vivorum

379 616 436 666 et
466 609 586 681 ipse
616 607 958 679 complaceat
988 607 1118 669 Deo,
1150 623 1376 662 necesse
1408 617 1493 663 est
1515 615 1573 663 ut
1601 609 1776 665 oratio
1807 607 1901 664 ﬁat
1925 609 1994 664 ab

380 697 619 754 Ecclesia
643 697 709 752 ad
745 697 912 751 Deum
943 711 1043 767 pro
1085 711 1152 751 eo
1183 697 1272 766 (1).
1295 696 1424 751 Cum
1443 697 1591 752 enim
1617 697 1672 751 in
1707 697 1995 769 praesentis

380 786 626 846 ecclesiae
655 786 936 844 domicilio
968 786 1180 842 festiva:
1215 787 1579 843 solemnitatis
1605 787 1844 845 ofﬁcium
1880 805 1996 844 ma-

381 881 445 935 tri
471 880 655 952 potius
685 879 955 934 debeatur
972 896 1136 951 quam
1167 878 1316 947 ﬁlio;
1348 881 1473 937 ideo
1497 881 1551 935 in
1585 881 1818 954 agendis
1843 898 1993 938 mor-

383 979 598 1027 tuorum
632 969 1033 1042 providendum
1077 978 1160 1025 est
1189 971 1425 1038 cunctis,
1462 979 1522 1026 ut
1552 973 1876 1036 memoriam
1919 971 1992 1026 ﬁ-

382 1064 436 1117 lii
508 1063 766 1118 studeant
835 1063 1042 1118 habere
1092 1079 1217 1118 cum
1275 1063 1568 1121 defunctis.
1652 1064 1884 1120 Proinde
1926 1067 1992 1120 ad

381 1158 850 1214 reconciliandum
914 1157 1074 1213 nobis
1147 1159 1317 1213 Deum
1409 1159 1642 1219 Patrem,
1722 1175 1830 1214 non
1881 1161 1992 1232 jam

378 1250 632 1305 eumdem
666 1248 836 1303 ﬁlium
866 1249 1134 1304 debemus
1191 1264 1369 1314 orare,
1411 1249 1508 1303 sed
1538 1258 1788 1313 matrem,
1855 1267 1994 1320 qua-

378 1348 539 1397 tenus
586 1342 705 1412 ipsa
754 1357 866 1396 SUZB
905 1341 1288 1396 sacratissima!
1332 1341 1744 1397 intercessionis
1787 1342 1992 1397 auxilio

379 1453 562 1494 coram
604 1437 713 1491 Deo
768 1435 929 1490 nobis
977 1434 1313 1508 suffragetur
1354 1444 1407 1490 et
1461 1433 1593 1490 ﬁlio.
1649 1435 1787 1498 Quia
1843 1435 1990 1492 enim

380 1525 552 1580 multa
589 1531 720 1579 sunt
768 1523 910 1578 mala
953 1539 1075 1594 quas
1127 1522 1379 1589 fecimus,
1435 1523 1559 1578 ideo
1601 1539 1701 1578 nos
1755 1532 1808 1579 et
1839 1525 1990 1579 illum

381 1616 784 1672 studiosissime
825 1615 1095 1670 debemus
1137 1616 1386 1684 ejusdem
1419 1617 1664 1672 mulieris
1711 1634 1994 1682 commen-

378 1707 508 1760 dare
559 1705 839 1776 precibus,
899 1705 1150 1776 quamvis
1179 1706 1411 1761 dubium
1479 1723 1588 1764 non
1623 1709 1692 1762 sit
1719 1709 1853 1780 quin
1879 1725 1991 1780 pro

377 1794 491 1850 ﬁlio
523 1809 624 1849 suo
655 1809 721 1849 eo
752 1794 1049 1849 studiosius
1085 1802 1207 1849 oret
1238 1805 1412 1850 mater
1439 1795 1581 1867 ipsa,
1623 1814 1747 1869 qua:
1775 1799 1988 1871 genuit,

377 1899 486 1956 quo
511 1884 653 1938 idem
688 1883 831 1939 ﬁlius
860 1899 969 1939 non
1029 1885 1083 1938 in
1132 1885 1298 1954 vitiis,
1329 1888 1425 1942 sed
1459 1888 1513 1942 in
1563 1889 1760 1944 virtute
1791 1906 1989 1946 conse-

377 1973 518 2029 nuit.
552 1973 613 2027 Et
642 1988 753 2028 non
785 1973 1060 2028 immerito
1101 1974 1326 2045 quidem
1374 1992 1473 2032 nos
1517 1984 1570 2031 et
1601 1977 1753 2032 illum
1805 1979 1986 2034 eidem

376 2066 644 2120 debemus
672 2065 1063 2121 commendare
1113 2067 1312 2136 viduae,
1358 2075 1416 2122 ut
1459 2085 1557 2140 pro
1595 2071 1754 2125 nobis
1806 2080 1863 2126 et
1895 2071 1987 2126 illo

377 2159 546 2214 Deum
589 2173 814 2214 exorare
841 2159 976 2213 velit
1005 2159 1244 2225 assidue,
1278 2161 1515 2216 maxime
1548 2178 1670 2218 cum
1718 2163 1785 2216 ad
1815 2164 1985 2219 obsc-

375 2247 565 2320 quium
605 2264 763 2304 suum
797 2248 926 2302 inde
956 2264 1058 2304 nos
1098 2249 1274 2322 magis
1304 2251 1478 2320 possit
1512 2252 1717 2306 habere
1760 2260 1989 2324 sponta—

377 2354 536 2406 neos,
587 2338 632 2392 si
688 2355 812 2394 cum
847 2340 1044 2394 eodem
1079 2338 1190 2396 ﬁlio
1225 2357 1326 2397 suo
1359 2342 1618 2412 precibus
1657 2344 1772 2398 suis
1799 2345 1989 2400 dome-

375 2431 542 2486 sticos
572 2438 790 2486 tueatur
819 2438 871 2485 et
893 2438 1203 2487 extraneos.
1239 2432 1374 2496 Quia
1404 2435 1550 2488 enim
1592 2436 1867 2491 sententia
1901 2437 1992 2491 illa

376 2521 544 2576 rebus
575 2530 657 2576 est
689 2539 907 2596 magna,
941 2530 995 2577 et
1022 2523 1204 2578 verbis
1251 2525 1466 2598 exigua,
1538 2528 1592 2581 in
1637 2545 1746 2599 qua
1778 2528 1990 2583 dictum

374 2618 491 2664 est:
522 2611 753 2682 Multum
773 2612 914 2667 valet
958 2613 1261 2682 deprecatio
1281 2616 1423 2684 justi
1463 2619 1688 2672 assidua
1724 2621 1854 2686 (Jac.
1913 2619 1988 2688 v),

376 2712 603 2754 necesse
664 2708 746 2754 est
794 2707 854 2754 ut
885 2700 1000 2770 ipsa
1041 2716 1138 2771 pro
1171 2703 1332 2757 nobis
1373 2711 1427 2758 et
1487 2704 1598 2760 ﬁlio
1635 2721 1736 2761 suo
1762 2706 1873 2774 jam
1926 2721 1993 2761 eo

371 2793 686 2863 supplicare
717 2793 974 2868 dignetur
1003 2796 1286 2864 humilius,
1321 2814 1430 2868 quo
1464 2799 1672 2867 justior
1704 2807 1988 2855 enarratur

373 2889 547 2937 mater
584 2899 705 2938 esse
746 2901 910 2956 quam
941 2885 1308 2942 ﬁlius.‘Unde
1338 2895 1398 2942 ut
1450 2890 1610 2944 nobis
1639 2899 1693 2944 et
1728 2891 1805 2944 illi
1841 2891 1988 2946 bene

373 2976 444 3030 sit
470 2976 526 3030 in
561 2979 817 3046 praesenti
851 2981 1053 3036 saeculo
1082 2989 1135 3035 et
1167 2983 1223 3036 in
1252 2982 1454 3050 futuro,
1489 3001 1588 3055 pro
1620 2986 1778 3047 nobis
1808 2996 1863 3042 et
1895 2987 1988 3043 illo

376 3067 544 3122 Deum
563 3085 784 3140 semper
812 3086 971 3126 orare
1005 3071 1275 3127 debemus
1306 3073 1361 3127 in
1413 3075 1668 3141 obscuro,
1717 3085 1990 3148 quatenus

371 3159 544 3234 gratia
573 3176 735 3232 quam
768 3163 960 3218 electis
985 3164 1099 3220 suis
1131 3165 1220 3219 hic
1256 3167 1582 3238 praeparavit
1621 3175 1674 3222 et
1714 3169 1814 3235 ibi,
1850 3187 1988 3225 nun-

373 3269 536 3324 quam
570 3253 734 3310 nohis
766 3255 938 3326 possit
965 3257 1155 3312 deesse
1182 3275 1284 3314 nec
1316 3259 1440 3314 sibi.
1475 3261 1664 3317 Adhuc
1696 3261 1894 3332 etiam,
1923 3281 1992 3319 ne

371 3365 614 3421 unquam
667 3351 958 3408 animabus
999 3354 1200 3407 nostris
1229 3353 1369 3409 desit
1408 3357 1646 3427 requies,
1675 3365 1768 3412 aut
1797 3374 1996 3430 corpo-

373 3439 522 3493 ribus
560 3439 740 3510 quies,
775 3455 872 3510 pro
910 3442 1071 3496 nobis
1113 3452 1166 3496 et
1196 3442 1291 3498 illo
1321 3446 1430 3499 Deo
1466 3446 1778 3516 supplicare
1824 3448 1996 3504 debe-

375 3549 495 3588 mus
526 3551 626 3604 per
656 3537 1068 3610 singulos’dies,
1088 3548 1146 3593 ut
1179 3539 1324 3610 ipse,
1348 3540 1443 3612 qui
1473 3539 1627 3596 dives
1658 3549 1741 3597 est
1779 3541 1834 3595 in
1867 3560 1998 3614 pro-

375 3627 582 3693 missis,
616 3636 670 3683 et
702 3629 867 3685 ditior
905 3628 960 3682 in
990 3629 1173 3696 donis,
1215 3632 1518 3686 secundum
1552 3632 1772 3688 divitias
1802 3635 1992 3707 gloriae

373 3731 486 3769 suae
556 3716 666 3770 sibi
746 3717 1075 3772 misereatur
1149 3725 1203 3772 et
1279 3719 1457 3774 nobis.
1559 3720 1667 3774 Sed
1730 3724 1988 3794 quoniam

372 3803 494 3874 ipse
547 3811 672 3874 post
703 3812 932 3860 mortem
992 3823 1146 3860 suam
1205 3807 1297 3860 diu
1345 3806 1573 3863 fortasse
1621 3809 1730 3878 jam
1773 3811 1893 3877 luit,
1947 3813 1990 3868 si

374 3892 602 3962 quodin
632 3909 699 3947 eo
729 3903 1014 3964 peccatum
1052 3903 1178 3950 ante
1218 3902 1450 3950 mortem
1484 3895 1606 3961 fuit,
1649 3897 1878 3969 dignum
1913 3908 1995 3952 est

373 3989 434 4034 ut
472 3995 572 4050 pro
604 3982 764 4036 nobis
822 3982 955 4052 ipsis
985 3983 1090 4038 Deo
1142 3999 1369 4055 semper
1399 4000 1466 4040 eo
1497 3986 1841 4056 propensiori
1870 4003 1996 4057 sup-

376 4071 646 4141 plicemus
671 4073 938 4141 oratione,
977 4089 1084 4146 quo
1111 4075 1223 4146 jam
1258 4076 1350 4130 ille
1377 4075 1625 4132 fortassis
1673 4085 1755 4132 est
1815 4078 1870 4132 in
1905 4094 1994 4133 re-

373 4162 525 4232 quie,
590 4171 646 4220 et
679 4180 779 4220 nos
820 4166 872 4220 in
922 4165 1129 4222 labore.
1191 4168 1252 4223 Et
1291 4169 1556 4240 quoniam
1615 4170 1732 4240 ipse
1797 4169 1992 4225 futurae

374 4255 576 4327 quietis
608 4259 908 4330 plenariam
939 4262 1182 4316 nomium
1227 4263 1391 4318 habet
1442 4263 1864 4334 perfectionem,
1895 4265 1990 4318 sed

375 4346 671 4404 nobiscum
705 4351 889 4422 potius
920 4351 1203 4407 meliorem
1237 4352 1416 4408 adhuc
1437 4363 1618 4425 Sperat
1647 4355 1892 4410 invenire
1914 4372 1992 4411 re-

2019 1661 2068 1728 Β

2099 427 2240 482 sime
2283 427 2484 482 divinis
2513 428 2846 499 maneipavit
2873 427 3106 503 legibus.
3142 428 3296 485 Unde
3324 429 3585 502 quoniam
3619 431 3724 486 hu-

2092 514 2337 584 jusmodi
2381 517 2650 586 operibus
2681 516 2941 590 eﬁugavit
2973 534 3004 572 a
3034 533 3092 573 se
3123 533 3345 574 omnem
3386 525 3721 588 potestatem

2098 603 2330 670 inimici,
2364 620 2474 661 non
2507 605 2807 671 immerito,
2829 605 2930 661 etsi
2983 620 3096 662 non
3145 613 3390 674 sanctus,
3413 606 3594 677 justus
3636 614 3725 661 ta-

2096 712 2224 751 men
2256 703 2469 768 poterat
2503 697 2610 754 dici
2640 715 2655 764 ;
2686 698 2948 770 quoniam
2973 698 3042 752 ad
3077 698 3388 770 exemplum
3411 697 3542 767 justi
3570 697 3724 753 illius

2095 788 2206 844 Deo
2236 806 2460 862 semper
2505 791 2691 846 vivere
2739 791 2971 863 cupivit,
3028 791 3097 847 de
3142 807 3251 864 quo
3282 791 3546 863 scriptum
3599 799 3721 848 est:

2094 883 2282 937 Justus
2318 897 2386 935 ea:
2422 881 2528 950 ﬁde
2553 884 2691 936 vivit
2728 881 2930 952 (Galat.
2961 883 3060 951 ιιι).
3105 880 3160 938 Si
3191 881 3316 954 quis
3355 881 3501 936 enim
3546 881 3606 936 in
3634 883 3725 936 hi-

2096 976 2280 1031 storiis
2318 984 2472 1050 gesta
2511 975 2660 1031 illius
2707 975 3030 1048 diligentius
3060 982 3287 1048 quaerat,
3325 975 3468 1032 bene
3505 975 3720 1030 videbit

2097 1065 2243 1136 quod
2279 1065 2421 1120 idem
2452 1065 2556 1125 vir.
2586 1065 2687 1120 etsi
2721 1080 2833 1121 non
2864 1073 3110 1129 sanctus,
3143 1073 3326 1122 tamen
3352 1065 3533 1134 justus
3560 1074 3718 1128 erat;

2096 1159 2355 1230 quoniam
2402 1159 2656 1231 exemplo
2682 1159 2817 1228 justi
2850 1159 3000 1214 illius
3023 1159 3170 1215 vitiis
3207 1167 3326 1214 erat
3358 1157 3634 1225 inﬁrmus,
3665 1167 3723 1212 et

2093 1246 2293 1303 virtute
2321 1248 2578 1303 robustus
2613 1249 2682 1302 de
2739 1263 2848 1319 quo
2893 1248 3131 1304 dicitur:
3173 1251 3235 1303 In
3265 1250 3522 1304 memoria
3558 1253 3723 1302 ctera-

2094 1355 2166 1392 na
2191 1341 2296 1393 erit
2331 1338 2517 1408 justus
2545 1339 2714 1405 (Psal.
2751 1341 2876 1407 exn).
2913 1338 2971 1393 Et
3001 1337 3262 1410 quoniam
3312 1347 3486 1392 mater
3514 1338 3638 1409 ejus
3664 1347 3720 1393 et

2094 1428 2216 1500 ipse
2239 1430 2469 1484 virtutes
2522 1430 2831 1485 habuerant
2876 1429 3050 1496 mille,
3103 1445 3214 1485 non
3250 1429 3526 1485 immerito
3565 1429 3720 1498 justa

2096 1518 2194 1574 fuit
2225 1519 2337 1583 illa,
2363 1520 2548 1588 justus
2573 1527 2628 1575 et
2659 1519 2777 1584 ille;
2819 1518 2914 1574 sed
2940 1517 3144 1587 justior
3175 1517 3288 1573 illa.
3330 1518 3483 1572 Unde
3513 1518 3718 1574 mirum

2097 1624 2206 1665 non
2240 1617 2326 1664 est
2351 1609 2524 1681 quod,
2557 1610 2697 1665 sicut
2723 1608 2868 1664 ﬁlius
2888 1615 3074 1680 typum
3116 1609 3247 1677 justi
3279 1608 3427 1663 illius
3457 1609 3514 1663 in
3547 1616 3721 1665 aeter-

2097 1721 2225 1759 num
2262 1702 2514 1768 habebit,
2547 1703 2616 1758 de
2647 1717 2758 1774 quo
2789 1703 3052 1773 scriptum
3085 1709 3197 1757 est:
3225 1704 3410 1757 Justus
3439 1709 3500 1757 ut
3521 1704 3722 1772 palma

2089 1798 2298 1865 ﬂorcbit
2347 1796 2515 1865 (Psal.
2571 1797 2706 1864 xei);
2749 1795 2822 1850 ita
2861 1803 2917 1849 et
2972 1801 3148 1850 mater
3206 1793 3557 1850 diversarum
3608 1796 3724 1850 vir-

2091 1891 2266 1941 tutum
2319 1885 2496 1958 gratia
2527 1883 2786 1951 formosa,
2843 1900 2952 1940 non
2989 1885 3101 1953 jam
3154 1883 3418 1940 deformis
3447 1891 3506 1940 ut
3535 1885 3720 1956 spina,

2087 1975 2186 2029 sed
2228 1975 2453 2045 pulchra
2481 1973 2699 2028 videtur
2727 1983 2785 2028 ut
2838 1989 2980 2030 rosa.
3029 1973 3137 2028 Sed
3169 1974 3298 2029 licet
3347 1989 3446 2044 pro
3472 1973 3722 2029 diversa-

2089 2066 2350 2138 qualitate
2383 2067 2704 2122 meritorum
2746 2081 2884 2122 rosae
2928 2067 3038 2121 sint
3070 2073 3392 2136 martyrum,
3439 2072 3569 2127 etc..
3601 2066 3717 2120 lilia

2091 2159 2492 2224 confessorum,
2520 2169 2726 2226 tamen,
2757 2160 2887 2232 quia
2906 2174 3005 2231 per
3034 2158 3512 2214 mortiﬁcationem
3545 2158 3718 2214 vitio-

2094 2265 2211 2303 rum
2234 2249 2401 2304 corda
2437 2264 2626 2304 eorum
2668 2249 2818 2305 vitiis
2845 2256 3002 2304 erant
3024 2248 3259 2315 sterilia,
3301 2255 3355 2302 et
3384 2248 3583 2304 virtute
3615 2263 3717 2321 ge-

2096 2353 2314 2404 nerosa,
2357 2353 2468 2394 non
2510 2338 2782 2394 immerito
2823 2339 2934 2407 jam
2965 2338 3113 2394 ﬁlius
3159 2337 3382 2394 florebit
3411 2345 3470 2392 ut
3508 2338 3714 2408 palma,

2094 2435 2147 2482 et
2179 2435 2355 2484 mater
2379 2435 2437 2483 ut
2469 2443 2614 2484 rosa.
2637 2429 2826 2484 Adhuc
2857 2428 3020 2483 etiam
3049 2444 3150 2499 per
3171 2429 3415 2500 antiqua:
3446 2428 3720 2483 Divinita-

2095 2518 2164 2573 tis
2193 2518 2666 2590 eonsiliumLﬁlius
2705 2525 2764 2574 ut
2789 2518 2954 2585 oliva,
3000 2527 3054 2573 et
3083 2527 3255 2573 mater
3301 2517 3517 2574 ﬂorebit
3555 2523 3614 2572 ut
3644 2516 3717 2570 li-

2095 2606 2250 2676 lium,
2283 2609 2545 2680 quoniam
2578 2609 2816 2664 decurso
2869 2607 2981 2676 jam
3013 2608 3138 2663 vita:
3173 2608 3462 2678 praesentis
3492 2606 3711 2670 exsilio.

2095 2717 2297 2757 corona
2312 2703 2542 2772 justitiw
2570 2718 2671 2758 nec
2700 2703 2856 2757 matri
2894 2708 3074 2773 potest
3121 2702 3317 2757 deesse
3348 2716 3451 2756 nec
3496 2699 3718 2757 ﬁlio.Et

2095 2807 2205 2847 non
2236 2792 2510 2848 immerito
2540 2799 2687 2847 tanta
2721 2793 2980 2848 mercede
3004 2799 3134 2848 sunt
3171 2791 3347 2864 digni,
3393 2791 3599 2862 quibus
3627 2791 3718 2844 in-

2089 2888 2274 2944 ventio
2306 2887 2576 2943 Dominici
2611 2894 2886 2943 reservata
2929 2895 3014 2942 est
3042 2886 3205 2962 ligni;
3235 2884 3487 2956 quamvis
3529 2891 3712 2938 mater

2091 2991 2211 3031 cum
2242 2976 2356 3032 ﬁlio
2391 2984 2554 3032 tantae
2596 2977 2916 3034 dilectionis
2957 2977 3136 3033 foedus
3167 2976 3352 3036 iniret,
3392 2980 3453 3029 ut
3503 2973 3715 3048 lignum

2094 3069 2226 3124 illud
2253 3067 2398 3123 ﬁlius
2423 3069 2750 3140 inquireret,
2783 3079 2838 3125 et
2864 3079 3041 3125 mater
3066 3068 3362 3123 inveniret.
3391 3065 3538 3120 Licet
3563 3065 3717 3120 enim

2092 3165 2160 3220 ad
2189 3165 2581 3237 inquirendum
2621 3165 2804 3220 crucis
2841 3165 3142 3221 Dominicze
3192 3163 3450 3218 vexillum
3512 3161 3605 3216 ille
3644 3161 3717 3214 il-

2094 3259 2222 3327 lam,
2265 3266 2317 3314 et
2357 3259 2450 3314 illa
2499 3258 2808 3314 incitaverit
2847 3257 3023 3323 illum,
3065 3264 3298 3329 uterque
3342 3264 3522 3310 tamen
3564 3253 3714 3324 quod

2094 3352 2242 3423 pium
2304 3361 2421 3407 erat
2471 3351 2737 3422 implevit,
2799 3351 2929 3406 dum
2980 3350 3230 3405 eamdem
3301 3363 3519 3403 crucem
3567 3344 3715 3400 ﬁlius

2093 3443 2370 3514 quaesivit,
2404 3450 2458 3498 et
2481 3451 2657 3498 mater
2690 3443 2920 3498 invenit.
2952 3443 3105 3498 Unde
3135 3443 3424 3498 sciendum
3460 3448 3541 3497 est
3563 3442 3715 3514 quia,

2097 3535 2140 3587 si
2184 3533 2327 3589 idem
2369 3531 2520 3587 ﬁlius
2561 3533 2843 3604 praemium
2887 3533 3015 3587 inde
3068 3532 3234 3588 debet
3267 3532 3473 3586 habere
3518 3531 3717 3586 condi-

2097 3640 2288 3697 gnum,
2322 3623 2469 3695 quod
2500 3623 2618 3694 ipse
2657 3623 2954 3678 Dominiae
2984 3622 3163 3678 crucis
3204 3622 3412 3693 primus
3452 3620 3717 3692 inquisie-

2095 3723 2176 3771 rat
2207 3717 2435 3788 lignum,
2469 3715 2639 3771 multo
2680 3716 2942 3786 majorem
2969 3715 3196 3787 gloriam
3232 3724 3406 3769 mater
3427 3713 3548 3784 ipsa
3578 3729 3716 3784 pro-

2097 3809 2318 3868 meruit,
2352 3825 2474 3880 qua;
2507 3808 2774 3864 hodierna
2803 3807 2893 3862 die
2923 3807 3134 3881 lignum
3164 3806 3506 3862 Dominicum
3554 3805 3716 3860 nobis

2097 3901 2380 3973 eleganter
2404 3900 2636 3972 aperuit.
2675 3898 2736 3954 Et
2780 3899 2825 3954 si
2858 3899 3032 3972 gloria
3070 3906 3124 3953 et
3169 3898 3379 3954 honore
3407 3897 3575 3971 digna
3629 3906 3708 3952 est

2096 3990 2208 4056 illa,
2240 4005 2364 4061 quae
2402 4005 2618 4044 crucem
2655 3988 2885 4052 invenit,
2929 3987 3102 4043 multo
3139 3987 3313 4062 magis
3355 3985 3709 4041 honorandus

2095 4091 2178 4137 est
2199 4081 2314 4148 ille,
2338 4080 2430 4152 qui
2452 4095 2551 4135 nos
2584 4079 2637 4134 in
2666 4095 2828 4135 cruce
2863 4079 3112 4141 redemit.
3146 4077 3408 4149 quoniam
3433 4076 3488 4130 in
3507 4075 3704 4132 eodem

2096 4169 2268 4244 ligno,
2290 4169 2439 4241 quod
2471 4167 2562 4222 illa
2589 4168 2748 4223 nobis
2773 4167 2938 4223 hodie
2961 4168 3204 4222 revelare
3230 4163 3536 4230 consuevit,
3568 4180 3707 4235 opus

2096 4271 2296 4318 nostrae
2334 4261 2732 4332 redemptionis
2764 4259 2855 4316 ille
2912 4261 3208 4332 dignanter
3242 4259 3508 4329 implevit.
3553 4259 3706 4314 Unde

2091 4353 2222 4424 quia
2251 4367 2349 4421 pro
2391 4350 2600 4406 honore
2641 4349 2789 4404 illius
2827 4349 3076 4421 quotidie
3105 4345 3376 4402 viviﬁeam
3407 4345 3704 4401 adoramus

372 4442 798 4511 surrectionem,
847 4445 1116 4499 orandum
1154 4453 1237 4500 est
1282 4446 1445 4502 nobis
1476 4453 1534 4500 ut
1564 4447 1682 4518 ipse
1737 4447 1831 4519 qui
1893 4463 1992 4518 per
2018 4405 2070 4473 θ
2092 4457 2331 4507 crucem,
2356 4441 2448 4513 qui
2476 4439 2603 4496 olim
2625 4439 2679 4494 in
2702 4455 2866 4495 cruce
2890 4446 3107 4496 noctem
3133 4439 3187 4493 in
3217 4438 3361 4493 diem
3381 4443 3436 4492 et
3451 4435 3706 4492 tenebras

371 4533 699 4606 sanguinem
755 4550 913 4590 suum
945 4535 1176 4593 viviﬁcze
1208 4539 1386 4593 crucis
1424 4539 1598 4594 voluit
1649 4538 1990 4594 sanctiﬁcare

370 4624 648 4691 vexillum,
681 4625 748 4679 ad
775 4626 1072 4696 perfectam
1106 4631 1355 4702 requiem
1389 4647 1490 4687 nos
1521 4631 1784 4702 perducat
1815 4647 1990 4703 quan-

369 4713 552 4785 doque
603 4723 656 4770 et
687 4716 862 4785 illum,
907 4719 1204 4779 Sciendum
1264 4731 1347 4778 est
1377 4724 1523 4778 enim
1562 4725 1690 4796 quia
1731 4724 1858 4780 licet
1901 4724 1990 4779 ille

369 4803 491 4857 talis
516 4819 580 4858 ac
611 4810 794 4860 tantus
832 4823 943 4862 non
974 4808 1044 4864 sit
1085 4826 1147 4864 ex
1177 4809 1595 4880 imperfectione
1638 4813 1981 4877 meritorum,

368 4898 424 4946 ut
469 4891 638 4966 digne
678 4896 983 4967 computari
1029 4898 1204 4968 possit
1259 4897 1314 4952 in
1367 4915 1598 4955 numero
1639 4906 1980 4967 sanctorum,

364 4995 494 5036 vere
525 4989 706 5037 tamen
745 4993 800 5038 et
825 4983 1035 5055 absque
1065 4985 1217 5041 omni
1255 4986 1601 5043 dubitatione
1634 4995 1840 5058 partem
1877 4988 1978 5042 ha-

366 5072 513 5127 bebit
531 5075 591 5128 t‘n
619 5077 841 5130 consilio
855 5077 1133 5146 justorum
1163 5081 1212 5131 et
1241 5084 1650 5148 congregatione
1676 5081 1836 5151 (Psal.
1868 5081 1977 5149 ex).

364 5165 428 5221 Et
463 5181 572 5222 non
618 5167 893 5223 immerito
933 5169 1183 5240 quidem,
1224 5171 1356 5242 quia
1413 5172 1537 5227 licet
1594 5173 1880 5244 Philippus
1925 5180 1975 5228 et

359 5257 538 5326 Caius,
563 5258 676 5316 duo
729 5259 780 5314 hi
833 5261 1182 5319 solummodo
1228 5279 1388 5338 reges
1417 5272 1546 5320 ante
1587 5265 1762 5329 illum,
1818 5265 1973 5320 Chri-

359 5351 570 5406 stianus
619 5351 831 5422 primus
890 5362 1006 5409 erat
1052 5371 1117 5409 ex
1185 5357 1396 5411 eunetis
1454 5356 1881 5428 imperatoribus
1916 5365 1970 5411 et

2093 4536 2343 4592 vertebat
2374 4535 2428 4589 in
2481 4535 2683 4602 lucem,
2725 4534 2992 4589 orandum
3026 4543 3108 4589 est
3139 4532 3300 4588 nobis
3338 4540 3395 4587 ut
3459 4547 3556 4603 per
3583 4530 3705 4604 glo-

2094 4631 2292 4686 riosam
2323 4629 2569 4698 ejusdem
2600 4627 2780 4682 erucis
2804 4627 3185 4683 sacratissima:
3207 4625 3490 4693 virtutem,
3515 4639 3700 4696 quan-

2093 4721 2277 4793 doque
2316 4718 2482 4774 nobis
2511 4718 2815 4773 animarum
2849 4718 3118 4790 requiem,
3151 4723 3206 4772 et
3232 4731 3379 4770 nunc
3406 4727 3696 4785 corporum

2085 4810 2347 4885 dignetur
2371 4809 2576 4864 donare
2607 4808 2876 4871 salutem;
2923 4813 3197 4878 quatenus
3225 4819 3325 4875 per
3352 4802 3581 4875 gratiam
3613 4801 3701 4872 ip-

2083 4900 2215 4966 sius,
2249 4907 2303 4954 et
2333 4907 2464 4954 tunc
2501 4914 2533 4952 a
2564 4897 2761 4968 paruis,
2812 4903 2865 4952 et
2896 4910 3044 4950 nunc
3076 4893 3296 4950 liberari
3327 4905 3637 4947 mereamur
3665 4905 3698 4943 a

2084 4991 2342 5063 peccatis,
2377 4991 2506 5062 quia
2536 4991 2591 5044 in
2618 5006 2710 5045 ara
2742 4989 2922 5045 crucis
2951 4989 3199 5058 seipsum
3230 4986 3426 5042 obtulit
3449 4986 3559 5040 Deo
3591 4985 3694 5038 Pa-

2082 5080 2149 5135 tri
2179 5077 2530 5146 sacriﬁcium,
2572 5080 2628 5133 in
2660 5078 2886 5134 odorem
2918 5075 3224 5141 suavitatis,
3253 5075 3414 5130 Jesus
3452 5072 3696 5128 Christus

2081 5169 2344 5224 Dominus
2383 5176 2589 5233 noster,
2638 5167 2732 5240 qui
2773 5184 2896 5223 eum
2939 5167 3095 5222 Patre
3144 5173 3198 5220 et
3257 5164 3460 5236 Spiritu
3503 5169 3695 5220 sancto

2077 5263 2203 5319 vivit
2233 5269 2290 5318 et
2314 5270 2508 5337 regnat
2537 5261 2589 5317 in
2616 5261 2819 5317 saecula
2846 5259 3192 5317 szeculorum.

433 5544 509 5613 (1)
536 5546 924 5603 Constantinus
962 5548 1209 5620 Magnus,
1251 5549 1466 5605 tametsi
1512 5549 1791 5621 piissimus
1827 5548 2110 5620 princeps,
2158 5549 2404 5604 nondum
2455 5553 2636 5602 tamen
2680 5547 2746 5601 ab
2796 5544 3037 5616 Ecclesia
3072 5544 3314 5600 Romana
3364 5542 3568 5598 relatus
3606 5549 3692 5595 est

364 5612 418 5671 in
443 5612 757 5671 sanctorum
791 5612 1101 5674 numerum.
