3920 6054
183 285 287 342 965

1126 283 1207 338 DE
1245 282 1459 338 LAUDE
1503 281 1580 338 ΒΤ
1625 280 1753 337 ιΝν.
1798 282 1851 335 S.
1897 279 2150 336 CllUClS.
2186 311 2251 320 ——
2294 281 2423 338 LIB.
2468 278 2556 338 ΙΙΙ.

3408 289 3509 342 illiti

1127 615 1570 705 INCIPIT
1637 615 1983 704 LIBER
2051 617 2561 704 TERTIUS

1357 829 1438 884 DE
1478 829 1884 886 CONSTANTIO
1926 831 2003 885 ΕΤ
2044 831 2318 888 HELENA.

512 1055 1078 1113 PREFATIUNCULA
1126 1055 1462 1111 AUCTORlS.

259 1155 524 1220 Quoniam
551 1153 617 1207 de
655 1154 958 1207 inventione
987 1156 1191 1207 sanctae
1224 1154 1420 1216 crucis,
1441 1153 1644 1218 fratres
1674 1151 1802 1205 cha-

186 1246 418 1311 rissimi,
450 1243 699 1313 quaedam
719 1243 840 1312 jam
868 1242 1136 1307 diximus,
1179 1241 1244 1295 de
1275 1242 1587 1297 Constantio
1615 1245 1666 1294 et
1709 1242 1809 1294 He-

186 1335 332 1400 lena,
355 1352 452 1404 per
482 1350 614 1404 quos
641 1337 859 1388 inventa.
878 1337 956 1387 est
981 1349 1141 1400 cruce,
1166 1335 1359 1402 aliqua
1387 1333 1645 1398 dicemus,
1668 1347 1808 1401 qua-

191 1427 346 1478 tenus
390 1426 448 1478 in
476 1425 652 1494 operis
683 1422 846 1490 hujus
898 1423 1034 1476 serie
1078 1426 1196 1491 post
1257 1423 1539 1476 materiam
1566 1425 1808 1475 auctores

183 1517 493 1586 prodantur
515 1517 776 1570 materia.
798 1517 1037 1581 Dignum
1051 1517 1251 1584 quippe
1265 1519 1342 1568 est
1361 1519 1420 1568 ut
1446 1513 1577 1584 [qui]
1603 1512 1671 1567 de
1685 1515 1810 1583 ipsa

185 1606 497 1659 inventione
527 1618 752 1672 agamus
788 1603 1053 1673 [egimus],
1079 1604 1144 1658 de
1172 1603 1534 1658 inventoribus
1563 1603 1676 1671 ejus
1705 1602 1808 1656 ali-

187 1710 300 1765 qua
316 1695 512 1764 aﬂ‘erre
523 1696 828 1762 debeamus,
841 1701 920 1763 ut,
936 1699 1128 1765 agnita
1145 1697 1319 1765 gloria
1333 1713 1516 1752 eorum
1527 1702 1576 1752 et
1597 1702 1806 1764 magni-

192 1789 426 1856 ﬁcentia,
459 1790 650 1844 melius
677 1791 748 1843 ad
769 1794 962 1844 cratera
983 1790 1284 1858 praecedens
1311 1796 1497 1845 currat
1526 1794 1805 1846 sententia.

742 1879 949 1936 CAPUT
982 1881 1262 1936 PRIMUM.

369 1973 434 2026 Ut
465 1971 813 2027 Constantius
860 1971 923 2024 D.
957 1970 1212 2024 Helenam
1241 1971 1349 2025 sibi
1369 1972 1633 2039 junrerit.

268 2061 616 2118 Constantius
664 2078 797 2137 ergo
841 2062 1036 2130 Caesar,
1079 2063 1172 2134 qui
1213 2062 1422 2118 Claudii
1467 2063 1814 2133 imperatoris

198 2167 374 2222 nepos
396 2160 514 2206 erat
545 2167 608 2206 ex
641 2151 772 2219 filia,
806 2151 947 2206 bella
976 2168 1198 2223 semper
1231 2152 1450 2208 hostilia
1482 2152 1604 2222 plus
1631 2151 1808 2206 male-

194 2238 288 2294 bat
318 2256 487 2310 quam
518 2240 722 2307 civilia,
753 2247 813 2295 ut
838 2240 1008 2311 .bellis
1037 2241 1334 2296 hostilibus
1361 2240 1602 2297 civilium
1633 2240 1813 2296 bello-

203 2345 321 2383 rum
355 2328 573 2384 illorum
602 2329 915 2384 decurtaret
953 2335 1146 2399 metas,
1179 2331 1248 2386 de
1303 2330 1507 2402 quibus
1549 2329 1811 2399 scriptum

199 2429 286 2478 est
308 2440 320 2473 :

380 2515 573 2568 Altera
596 2514 716 2583 jam
757 2518 953 2569 teritur
997 2516 1148 2569 bellis
1203 2515 1455 2568 civilibus
1484 2519 1632 2568 telas.

200 2607 356 2662 Unde
396 2615 451 2662 et
503 2608 556 2662 in
607 2609 803 2664 ordine
841 2609 977 2664 vicis
1029 2625 1142 2664 suae
1200 2608 1435 2664 militare
1500 2608 1605 2662 sibi
1654 2624 1816 2663 assu-

199 2715 360 2754 mens
404 2699 725 2775 collegium,
759 2701 863 2755 bac
921 2710 974 2756 et
1015 2701 1138 2756 illac
1178 2701 1382 2756 bellum
1437 2701 1609 2775 gessit
1661 2716 1820 2773 egre-

198 2790 373 2864 gium,
415 2790 544 2844 dum
592 2790 865 2861 publicam
899 2807 1011 2845 rem
1044 2790 1268 2862 publico
1301 2789 1608 2844 defendens
1646 2788 1820 2862 magi-

200 2881 392 2947 sterio,
423 2881 624 2936 multas
663 2882 914 2938 civitates
943 2891 999 2937 et
1049 2883 1362 2954 provincias
1412 2877 1658 2938 Romano
1688 2881 1820 2936 sub-

195 2972 410 3044 jugavit
440 2973 690 3044 imperio.
727 2973 840 3037 Qua
871 2974 940 3029 de
968 2989 1134 3029 causa
1158 2973 1381 3044 copiosa
1421 2988 1544 3028 cum
1577 2971 1821 3027 exercitu

204 3061 260 3114 in
285 3061 487 3116 Gallias
519 3062 798 3133 profectus
820 3070 902 3117 est
929 3079 960 3117 a
1004 3063 1194 3128 Roma,
1229 3063 1330 3116 hac
1362 3070 1415 3117 et
1447 3061 1571 3116 illac
1599 3060 1824 3115 rebelli-

203 3152 309 3206 bus
337 3153 522 3207 intulit
549 3169 720 3221 arma,
767 3155 1113 3224 supplicibus
1161 3153 1328 3220 dona,
1377 3161 1436 3207 ut
1478 3168 1575 3223 pro
1616 3151 1820 3222 dispari

204 3242 421 3297 actione
453 3243 822 3318 singulorum,
855 3244 1043 3314 dispar
1071 3244 1152 3298 eis
1182 3252 1328 3298 esset
1359 3250 1412 3298 et
1442 3244 1615 3317 gratia
1645 3243 1825 3298 dono-

207 3347 352 3389 rum.
392 3333 548 3387 L'nde
595 3341 650 3388 et
705 3349 773 3388 eo
822 3333 1077 3404 ampliori
1117 3333 1416 3387 dilectione
1463 3332 1756 3388 tenebatur
1794 3347 1824 3384 a

202 3419 391 3487 Gallis,
425 3437 535 3491 quo
563 3421 929 3491 superborum
963 3428 1078 3476 erat
1103 3437 1263 3476 mons
1293 3431 1347 3476 et
1378 3421 1667 3476 humilium
1699 3421 1823 3474 val-

205 3511 297 3579 lis,
326 3512 455 3566 (lum
486 3513 842 3582 reprimendo
868 3528 1083 3580 exosos,
1107 3520 1162 3568 et
1185 3513 1542 3583 provehendo
1569 3512 1822 3578 dilectos,

1827 1061 1876 1127 Α
1911 1065 2028 1112 erat
2059 1056 2284 1125 nobilis,
2320 1065 2372 1112 et
2404 1058 2531 1112 ideo
2567 1059 2830 1124 nobilior,
2869 1060 2938 1114 ita
2970 1068 3023 1114 et
3053 1060 3144 1115 ille
3181 1059 3403 1115 sibimet
3434 1060 3511 1114 fui

1910 1148 2082 1215 utilis,
2115 1156 2168 1203 et
2220 1149 2453 1220 imperio
2495 1150 2700 1205 ulilior.
2756 1151 2849 1205 llle
2883 1151 3026 1205 enim
3061 1153 3216 1222 quasi
3248 1153 3315 1206 ad
3347 1152 3517 1206 instar

1908 1240 2119 1311 speculi
2153 1241 2378 1294 humani
2413 1242 2600 1295 radius
2641 1241 2744 1297 fuit
2771 1243 3013 1313 imperii,
3048 1245 3103 1298 in
3137 1245 3219 1298 his
3246 1261 3368 1315 quae
3391 1252 3517 1299 sunt

1909 1332 2118 1387 saeculi.
2173 1332 2294 1387 Haec
2323 1340 2502 1387 autem
2544 1334 2697 1388 radio
2720 1332 2844 1387 fidei
2877 1333 3075 1390 divina:
3105 1352 3163 1390 se
3195 1335 3519 1406 imprimens

1908 1421 2041 1496 legi,
2069 1421 2352 1491 speculum
2386 1431 2503 1476 erat
2532 1422 2774 1493 imperii,
2808 1423 2860 1476 in
2886 1423 2968 1477 his
2997 1441 3120 1496 quae
3151 1432 3278 1478 sunt
3307 1426 3519 1492 szecuh,

1909 1524 1963 1572 et
2005 1517 2056 1571 in
2101 1517 2186 1570 his
2209 1532 2330 1587 qua;
2371 1517 2486 1571 Dei.
2519 1517 2578 1570 Et
2620 1516 2744 1572 ideo
2785 1518 3071 1573 nobilitate
3102 1519 3323 1585 mentis,
3357 1536 3520 1590 quam

1910 1607 2094 1660 divina
2126 1605 2233 1660 sibi
2281 1605 2608 1679 praerogavit
2637 1605 2869 1671 sanctio,
2903 1607 3069 1662 multo
3099 1607 3338 1662 nobilior
3366 1608 3519 1662 vide-

1910 1699 2070 1754 batur
2099 1697 2447 1764 Constantio;
2497 1699 2623 1770 quia
2655 1715 2753 1770 per
2794 1700 3233 1754 intestimabilem
3267 1716 3519 1770 superna:

1913 1787 2134 1858 pietatis
2171 1786 2498 1856 efﬁcaciam,
2533 1787 2876 1843 nobilitatem
2943 1789 3164 1855 mentis,
3223 1805 3385 1860 quam
3428 1789 3520 1842 ille

1913 1888 2025 1927 non
2057 1873 2250 1928 habuit
2297 1890 2394 1944 per
2434 1884 2702 1938 naturam,
2753 1876 2854 1930 ista
2898 1878 3101 1932 meruit
3164 1879 3370 1932 habere
3426 1893 3524 1948 per

1911 1964 2165 2039 gratiam.
2198 1964 2373 2030 Unde,
2395 1965 2654 2034 quoniam
2685 1964 2830 2019 idem
2861 1965 3208 2021 Constantius
3255 1981 3522 2036 nusquam

1915 2057 2086 2112 amori
2135 2072 2235 2112 suo
2269 2063 2376 2110 tam
2435 2056 2762 2111 delectabile
2795 2066 3006 2127 poterat
3049 2058 3294 2113 invenire
3352 2056 3527 2110 sulfu-

1911 2147 2086 2220 gium,
2118 2145 2316 2200 mirum
2349 2160 2457 2200 non
2496 2153 2578 2199 est
2617 2145 2764 2216 quod
2799 2155 2905 2200 tam
2939 2146 3140 2200 nobilis
3177 2146 3260 2198 vir
3284 2154 3389 2201 tam
3422 2161 3525 2200 no-

1911 2240 2082 2294 bilem
2123 2241 2381 2294 feminam
2411 2240 2519 2294 sibi
2560 2240 2790 2294 sociavit
2830 2240 2882 2293 in
2911 2240 3252 2314 conjugium.
3284 2241 3355 2293 De
3396 2256 3521 2310 qua,

1915 2333 2056 2386 sicut
2088 2332 2313 2386 historia
2353 2331 2516 2386 nobis
2567 2331 2778 2386 intonat
2825 2332 3107 2397 subtilius,
3153 2349 3250 2402 per
3293 2331 3523 2404 gratiam

1917 2425 2009 2479 Dei
2045 2431 2152 2478 tam
2196 2441 2427 2497 magnus
2468 2433 2522 2479 et
2553 2424 2774 2478 illustris
2813 2425 2976 2479 nobis
3033 2425 3193 2478 datus
3233 2432 3314 2478 est
3359 2422 3523 2486 filius,

1919 2516 2014 2587 qui
2056 2522 2108 2568 et
2138 2514 2580 2585 praecedentibus
2611 2514 2831 2586 regibus
2849 2514 3121 2585 posterior
3143 2529 3250 2568 non
3283 2523 3430 2567 esset
3460 2513 3526 2566 ad

1920 2603 2194 2671 virtutem,
2247 2609 2300 2657 et
2329 2602 2800 2672 subsequentibus
2825 2603 3068 2657 anterior
3107 2610 3252 2656 esset
3273 2601 3338 2655 ad
3379 2600 3528 2654 salu-

1921 2704 2051 2750 tem.
2110 2695 2167 2747 Et
2196 2693 2319 2749 idco
2359 2693 2554 2748 beatus
2593 2701 2706 2749 erat
2737 2694 2817 2748 vir
2869 2694 2962 2764 qui
2996 2695 3158 2748 talem
3199 2693 3374 2748 tilium
3435 2694 3532 2746 ha-

1920 2787 2074 2854 buit;
2109 2790 2266 2844 beata
2305 2789 2464 2844 etiam
2508 2787 2727 2852 mulier,
2773 2802 2894 2857 quae
2926 2795 3124 2856 printer
3177 2786 3322 2839 hunc
3354 2784 3528 2840 virum

1924 2889 2046 2952 post
2074 2880 2239 2936 alium
2265 2896 2374 2936 non
2406 2878 2574 2933 abiit!
2610 2877 2707 2932 sed
2738 2877 2830 2931 ille
2850 2877 3021 2932 multo
3041 2883 3224 2947 posset
3252 2875 3369 2930 fieri
3399 2875 3534 2929 hea-

1923 2974 2047 3040 tior,
2080 2974 2124 3028 si
2159 2989 2256 3045 per
2286 2972 2517 3027 fructum
2546 2971 2771 3040 justitiee
2802 2969 2968 3024 vellet
2998 2985 3120 3024 esse
3149 2968 3399 3024 feracior.
3433 2968 3532 3022 Fe-

1924 3065 1997 3119 lix
2021 3074 2202 3120 tamen
2228 3063 2636 3136 quodammodo
2670 3062 2803 3117 tanti
2837 3060 2932 3115 filii
2967 3060 3150 3131 pater!
3188 3061 3313 3115 felix
3344 3066 3533 3114 eratet

1923 3154 2130 3209 mater!
2155 3155 2252 3208 sed
2286 3153 2564 3208 feliciores
2597 3152 2914 3206 viderentur
2938 3151 3181 3221 utrique,
3220 3150 3263 3203 si
3289 3150 3400 3217 jam
3439 3165 3536 3219 pa-

1925 3249 2058 3303 riter
2083 3249 2390 3318 potirentur
2420 3247 2646 3318 prtemio
2672 3247 2814 3300 vitae.
2840 3246 2944 3300 Sed
2975 3253 3156 3300 tamen
3184 3261 3280 3315 per
3301 3243 3534 3316 gratiam

1923 3336 2138 3391 virtutis
2195 3338 2598 3407 cujuscunque,
2661 3335 2792 3388 felix
2840 3342 3072 3404 uterque
3105 3333 3393 3388 videbatur
3449 3341 3536 3404 ut:

1925 3443 2144 3498 cunque
2200 3427 2462 3497 quoniam
2494 3426 2634 3480 sicut
2682 3425 2772 3480 ille
2809 3425 2938 3480 felix
2997 3424 3284 3494 temporali
3338 3423 3535 3476 virtute

1925 3521 2010 3576 vel
2037 3519 2292 3581 victoria;
2345 3518 2418 3571 ita
2443 3525 2497 3572 et
2526 3517 2627 3570 ista
2656 3516 2781 3570 felix
2813 3523 2930 3570 erat
2975 3515 3315 3585 sempiterna
3364 3513 3537 3585 gratia

206 3603 378 3676 cmpit
432 3604 694 3658 edomare
736 3604 995 3669 tumidos,
1036 3611 1091 3658 et
1143 3604 1358 3658 elevare
1397 3603 1694 3674 subjectos.
1740 3603 1828 3658 Sic
1931 3613 2204 3684 etgloria.
2250 3611 2403 3665 Unde
2429 3617 2482 3664 et
2513 3626 2610 3679 per
2639 3610 2867 3684 gratiam
2909 3610 3288 3679 cujuscunque
3323 3607 3540 3661 virtutis

207 3713 346 3770 ergo
381 3706 673 3768 postquam
698 3698 900 3753 Gallias
928 3699 1058 3754 hinc
1090 3706 1144 3754 et
1175 3699 1327 3754 illinc
1351 3699 1558 3768 ubique
1579 3714 1834 3772 peragra-
1858 3736 1907 3804 Ο
1936 3723 2000 3761 ex
2033 3711 2185 3776 parte
2225 3703 2350 3758 felix
2393 3702 2505 3766 illa,
2530 3701 2654 3756 felix
2689 3701 2805 3767 ille,
2833 3701 2960 3756 felix
2993 3708 3109 3754 erat
3138 3709 3408 3770 uterque;
3440 3699 3538 3753 sed

206 3789 306 3853 νὶιν
357 3790 580 3845 ἱειηάοω
635 3792 701 3846 ad
756 3791 1099 3847 Trevericam
1156 3793 1348 3848 urbem
1404 3791 1825 3847 famosissimam
1858 3779 1907 3806 υ
1930 3812 1997 3852 eo
2037 3795 2176 3850 alter
2216 3793 2389 3848 altero
2430 3791 2662 3855 felicior,
2696 3807 2806 3862 quo
2848 3791 2903 3845 in
2941 3791 3062 3862 lege
3108 3789 3204 3844 Dei
3249 3788 3542 3844 videbatur

210 3882 530 3947 declinavit,
563 3900 686 3954 qua:
736 3891 865 3939 tunc
911 3885 1176 3956 temporis
1205 3900 1271 3939 eo
1328 3883 1536 3939 divitiis
1577 3893 1631 3938 et
1661 3883 1828 3938 rebus
1928 3911 2052 3950 esse
2093 3893 2335 3964 peritior,
2393 3892 2454 3946 Et
2502 3891 2632 3945 licet
2665 3889 2807 3944 idem
2862 3889 2963 3955 vir,
2997 3888 3088 3959 qui
3132 3886 3360 3941 Romani
3393 3885 3542 3941 orbis

211 3976 678 4046 eratOpulentior,
700 3991 809 4047 quo
833 3977 1000 4030 armis
1024 3984 1078 4031 et
1108 3975 1378 4031 militibus
1394 3975 1683 4030 videbatur
1703 3991 1824 4030 esse
1925 3994 2042 4040 erat
2077 3985 2386 4054 speculum,
2409 3981 2537 4036 felix
2566 3988 2714 4035 esset
2741 3990 3004 4050 quantum
3032 3977 3100 4031 ad
3132 3977 3418 4038 saeculum,
3443 3991 3542 4044 per

213 4064 512 4134 potentior.
555 4063 705 4118 Licet
742 4064 890 4118 enim
932 4063 1088 4120 fortis
1145 4073 1291 4119 esset
1328 4081 1391 4120 ex
1433 4063 1732 4135 provinciis
1770 4070 1825 4119 et
1925 4077 2256 4139 hoctamen,
2290 4074 2437 4145 quod
2470 4073 2522 4126 in
2539 4070 3016 4144 oculisDcicaligo
3040 4068 3344 4144 paganismi
3375 4066 3536 4137 [eum]

213 4157 527 4212 civitatibus
555 4157 802 4229 undique
833 4159 1232 4228 adjacentibus,
1266 4159 1452 4214 divina
1487 4167 1668 4214 tamen
1699 4174 1826 4232 gra-
1933 4168 2338 4240 denigraverat,
2393 4181 2740 4236 nequaquam
2780 4163 2928 4228 felix
2989 4169 3104 4216 erat
3152 4165 3416 4232 quantum
3475 4158 3542 4212 ad

217 4248 292 4302 lia
350 4249 548 4305 Γονῑίον
587 4259 704 4304 erat
743 4267 771 4304 θ
803 4250 1218 4316 credentibus;
1277 4251 1513 4306 maXime
1565 4266 1688 4305 cum
1737 4268 1836 4324 P0P
1939 4263 2128 4317 Deum.
2163 4259 2267 4315 Sed
2293 4259 2337 4312 si
2379 4256 2788 4330 quodammodo
2822 4261 3002 4327 potest
3040 4253 3269 4309 concedi
3312 4251 3460 4324 quod
3492 4252 3548 4305 in

217 4335 444 4391 beatum
477 4338 801 4392 Eucharium
856 4354 918 4393 ac
955 4339 1136 4394 socios
1172 4340 1292 4410 ejus
1341 4340 1413 4394 ita
1451 4340 1653 4394 sterilis
1695 4354 1840 4400 esset
1943 4351 2125 4422 aliquo
2159 4349 2282 4403 felix
2321 4349 2536 4402 dicatur
2582 4362 2679 4417 per
2707 4345 2937 4417 gratiam
2999 4343 3117 4409 Dei,
3151 4343 3322 4396 multo
3367 4348 3548 4395 tamen

222 4427 555 4496 idololatria,
593 4438 648 4484 et
677 4428 784 4484 ﬁde
819 4428 1078 4497 fecunda,
1111 4430 1260 4501 quod
1291 4446 1399 4485 non
1435 4431 1712 4488 immerito
1732 4431 1840 4487 Ro-
1943 4439 2156 4495 felicior
2183 4437 2500 4502 exstitisset,
2545 4437 2591 4490 si
2628 4435 2694 4488 ad
2730 4435 2892 4488 fidem
2924 4449 3049 4488 cum
3094 4432 3324 4486 muliere
3367 4447 3553 4502 perve-

219 4536 309 4574 ma
367 4529 594 4576 vocatur
650 4523 913 4577 secunda.
981 4521 1200 4578 Interim
1260 4531 1466 4589 autem,
1528 4525 1657 4578 dum
1708 4525 1818 4580 Con

1946 4533 2136 4597 uisset,
2183 4529 2443 4602 quoniam
2479 4527 2607 4582 inde
2654 4526 2827 4598 magis
2884 4523 3330 4596 prosperioribus
3371 4530 3555 4593 posset

218 4611 454 4666 stantius
511 4606 814 4667 Romanum
877 4613 1172 4685 imperium
1215 4631 1316 4686 per
1382 4615 1584 4670 Gallias
1633 4615 1824 4688 ubiqu.

1947 4625 2155 4695 pollere
2207 4621 2578 4684 successibus,
2618 4619 2664 4673 si
2725 4635 2826 4690 per
2879 4617 3041 4673 fidem
3085 4616 3279 4671 Christi
3340 4615 3557 4670 cautius

221 4706 486 4773 dilatavit,
521 4708 736 4764 beatam
771 4709 1027 4764 Helenam
1059 4711 1330 4785 virginem
1364 4727 1460 4783 pro
1493 4713 1662 4766 nimia
1717 4716 1839 4783 pul-

222 4799 559 4867 chritudine,
590 4818 753 4872 quam
785 4801 1046 4867 habebat,
1076 4803 1309 4867 amavit;
1361 4803 1491 4875 quia
1524 4819 1634 4860 non
1663 4805 1840 4859 solum

224 4889 453 4961 pulchra
484 4900 604 4948 erat
633 4893 754 4948 visu
783 4902 1126 4965 aspectuque
1159 4894 1527 4963 delectabilis,
1559 4896 1656 4950 sed
1680 4897 1841 4951 etiam

223 4979 400 5053 gloria
439 4987 495 5035 et
546 4981 754 5037 honore
798 4982 978 5056 magis
1016 4982 1309 5038 videbatur
1362 4984 1724 5040 admirabilis.
1759 4987 1847 5042 Sic

227 5071 410 5144 igitur,
443 5071 573 5127 dum
615 5074 671 5128 in
714 5075 856 5128 hanc
904 5091 1016 5129 rem
1059 5083 1232 5130 totum
1278 5077 1522 5132 animum
1565 5085 1620 5133 et
1677 5085 1846 5133 totum

229 5162 588 5234 impendebat
647 5165 914 5229 studium,
955 5166 1175 5220 tandem
1223 5167 1460 5222 amabile
1525 5175 1848 5238 prosecutus

1945 4713 2257 4770 consuleret
2279 4709 2614 4765 immanibus
2635 4707 2975 4763 excessibus.

2585 4797 2792 4852 CAPUT
2848 4797 2913 4850 ll.

2055 4899 2116 4952 ι).
2160 4895 2372 4950 Helena:
2398 4906 2605 4961 generis
2643 4891 2981 4944 nobilitatem
3029 4905 3149 4959 qua
3177 4893 3449 4944 testentur.

2021 4984 2338 5041 Econtrario
2367 4989 2548 5036 autem
2591 4979 2792 5035 mulier
2823 4979 2912 5034 illa
2955 4979 3214 5048 pretiosa,
3249 4994 3358 5033 non
3396 4975 3560 5031 modo

1949 5095 2174 5156 genere,
2207 5076 2301 5131 sed
2334 5075 2499 5130 etiam
2539 5073 2740 5128 virtute
2779 5061 3070 5127 videbatur
3105 5085 3396 5141 generosa,
3429 5069 3561 5123 dum

1952 5189 2052 5245 per
2085 5171 2313 5245 gratiam
2347 5169 2439 5223 Dei
2475 5165 2876 5237 omnipotentis
2928 5164 3269 5219 nobilitatem
3318 5163 3562 5231 corporis

229 5256 592 5325 desiderium,
622 5274 742 5312 eam
803 5258 908 5312 sibi
957 5259 1186 5314 sociavit
1233 5260 1287 5314 in
1347 5261 1719 5316 connubium:
1781 5262 1851 5315 de
1952 5259 2240 5316 nobilitate
2279 5273 2500 5327 semper
2521 5255 2712 5310 extulit
2749 5253 2973 5310 mentis.
3007 5252 3180 5318 Unde,
3213 5251 3342 5306 licet
3387 5250 3441 5303 in
3476 5250 3562 5303 bi-

229 5367 357 5423 qua,
387 5358 448 5406 ut
481 5350 668 5407 divina
710 5353 1060 5422 providentia
1087 5353 1498 5423 praeordinavit,
1527 5353 1720 5413 filium.
1756 5353 1850 5425 qui

1951 5349 2136 5404 storiis
2160 5353 2443 5419 parentum
2489 5347 2636 5399 illius
2683 5359 2955 5417 generosa
2985 5341 3215 5396 sileatur
3275 5338 3556 5409 nobilitas,

231 5442 623 5499 Constantinus
675 5445 906 5518 Magnus
974 5444 1283 5510 dicebatur,
1345 5445 1654 5519 generavit.
1700 5444 1851 5500 Unde
1955 5439 2302 5495 nobilitatem
2330 5446 2512 5491 tamen
2543 5435 2664 5504 ejus
2713 5435 2857 5504 apud
2901 5432 3152 5487 Treviros
3202 5429 3562 5519 aedificiorum

229 5549 352 5588 cum
384 5531 582 5588 melior
611 5541 757 5588 esset
789 5533 1024 5599 Galerio,
1068 5540 1124 5588 et
1153 5533 1395 5588 nobilior
1431 5532 1628 5589 Cbloro
1659 5541 1716 5588 et
1747 5531 1848 5604 Cy-

230 5639 318 5690 ro,
354 5625 552 5680 mirum
588 5638 700 5679 non
731 5629 814 5679 est
865 5623 1014 5694 quod
1068 5631 1175 5679 tam
1227 5622 1434 5679 nobilis
1486 5622 1688 5678 femina
1735 5628 1844 5676 tam

232 5711 402 5768 nobili
423 5714 629 5770 sociata
660 5719 744 5768 est
780 5710 927 5780 viro;
955 5712 1240 5784 quoniam,
1293 5712 1433 5768 sicut
1483 5712 1602 5784 ipsa
1635 5711 1842 5767 mundo

1953 5543 2177 5583 suorum
2210 5526 2390 5581 adhuc
2419 5525 2646 5596 antiqua
2688 5530 2916 5578 testatur
2945 5521 3257 5596 gentilitas:
3312 5517 3408 5572 ubi
3468 5533 3564 5588 pa-

1950 5617 2250 5673 vimentum
2292 5615 2490 5670 domus
2517 5614 2666 5669 illius
2695 5614 2858 5668 variis
2897 5611 3265 5667 marmoribus
3299 5617 3356 5664 et
3409 5607 3566 5663 Pario

1947 5707 2224 5781 quondam
2283 5705 2463 5777 lapide
2511 5709 2736 5760 stratum
2801 5703 2946 5758 bene
3004 5700 3245 5756 declarat
3298 5703 3566 5771 quantum
