3920 6054
421 311 524 371 967

1192 380 1197 387 .
1270 308 1633 389 BERENCOSI
1673 304 1946 364 ABBATIS
1989 306 2259 366 ABBATIS
2297 309 2350 366 s.
2393 286 2634 366 maxim
2676 307 2941 383 rasvm.

3666 313 3801 368 968

426 442 498 496 ibi
533 457 645 512 pne
676 439 801 494 aliis
841 437 1119 493 videretur
1163 436 1370 492 habere
1413 437 1726 507 primatum.
1769 437 2038 493 Praeterea
2069 442 2117 511 Α
2139 438 2299 493 beata
2318 437 3018 495 Helenasibiestsocietate
3041 437 3583 511 conjuncta,utqum
3610 438 3802 510 prius

424 549 553 589 vero
586 533 722 603 ipsa;
773 530 1034 602 planities
1065 529 1335 600 parietum
1367 528 1514 585 fulvo
1544 545 1677 585 auro
1707 529 1860 585 velut
1905 530 2037 601 hya-

2141 530 2195 585 in
2240 531 2443 603 palatio
2489 530 2810 587 obscuriore
2841 531 3244 603 aliquantulum
3300 531 3635 603 potiebatur
3658 546 3800 585 ma-

426 624 677 681 cinthino
723 628 873 678 textu
935 621 1166 692 depictas
1207 620 1348 675 bene
1406 620 1747 676 testabantur
1799 620 2041 695 insignia
2140 616 2389 690 gisterio,
2423 617 2628 675 deinde
2679 635 2864 675 secum
2905 627 2960 675 et
3005 619 3354 677 matrimonio
3390 620 3688 691 potiretur
3721 630 3795 674 et

423 715 733 772 nobilitatis
773 714 894 781 ejus
938 712 1175 780 invictae,
1228 712 1455 783 insuper
1478 713 1642 767 etiam
1700 711 2033 783 praediorum

423 804 544 873 ejus
572 803 747 875 cepize
777 802 1036 858 Ecclesiis
1066 802 1161 856 Dei
1200 801 1331 856 olim
1363 801 1611 872 undique
1648 801 1859 857 collatm
1888 800 2034 856 bene

420 897 703 953 declarant
741 911 904 966 quam
960 893 1308 949 nobilissima
1346 894 1571 966 generis
1620 894 1851 964 polleret
1888 894 2018 948 anti-

420 992 650 1065 quitate.
684 990 792 1046 Sed
821 999 877 1045 et
902 988 1085 1045 cubile
1126 988 1302 1060 ipsius
1328 988 1509 1043 aureis
1546 988 1679 1043 setis
1709 987 2030 1041 instructum

421 1090 477 1138 et
503 1079 847 1153 insignitum,
871 1077 1217 1133 nobilitatem
1247 1077 1655 1149 quodammodo
1678 1077 1735 1131 in
1767 1092 1852 1143 ea,
1881 1075 2035 1147 quasi

424 1170 791 1224 Romanorum
848 1167 1151 1221 testabatur
1203 1165 1495 1233 Quiritum,
1528 1166 1770 1220 maxime
1801 1182 1925 1220 cum
1966 1165 2034 1219 ab

420 1266 543 1313 ortu
571 1257 704 1313 solis
725 1272 899 1328 usque
928 1256 998 1310 ad
1024 1255 1218 1310 ultima
1269 1254 1434 1326 Thyle
1465 1254 1634 1309 cubili
1676 1253 1805 1309 huic
1857 1252 2034 1307 simile

420 1367 528 1408 non
560 1358 745 1424 posset
773 1349 1006 1405 inveniri
1061 1349 1272 1414 cubile;
1316 1348 1445 1420 quia
1504 1346 1820 1402 cubiculum
1855 1346 2037 1401 cordis

418 1444 505 1499 sui
547 1442 920 1500 cubicularius
958 1441 1051 1496 ille
1096 1440 1244 1495 nulla
1283 1456 1525 1512 unquam
1576 1438 1885 1511 inquinavit
1915 1437 2035 1509 pol-

418 1535 649 1602 lutione,
684 1535 752 1589 de
784 1549 893 1605 quo
925 1532 1194 1604 scriptum
1234 1537 1349 1587 est:
1384 1533 1444 1586 In
1494 1532 1665 1586 cubili
1716 1547 1811 1586 suo
1857 1532 2037 1585 astitit

418 1632 566 1684 omni
602 1632 711 1684 vice
759 1644 864 1683 non
901 1628 1047 1682 bona
1084 1626 1246 1697 (Psal.
1299 1628 1478 1693 xxxv).
1514 1625 1621 1680 Sed
1662 1625 1781 1679 haec
1836 1623 2031 1679 fortas-

2136 704 2392 776 imperio.
2424 706 2658 781 Dignum
2687 708 2897 780 quippe
2917 707 3021 764 fuit
3048 717 3109 765 ut
3138 724 3206 765 eo
3229 708 3481 780 ampliori
3512 725 3651 765 eam
3682 708 3797 763 di-

2136 804 2399 867 gnaretur
2451 795 2682 865 honore,
2718 813 2830 869 quo
2856 798 2970 867 jam
2999 813 3187 853 secum
3220 798 3413 854 didicit
3446 798 3503 853 in
3536 798 3789 871 quiete,

2138 888 2285 959 quod
2312 903 2409 960 pro
2433 904 2498 945 eo
2525 890 2678 961 prius
2706 896 2985 960 pateretur
3008 890 3066 945 in
3106 889 3325 957 labore;
3356 890 3602 946 maxime
3638 906 3788 947 cum

2136 977 2324 1032 omnis
2360 977 2517 1035 labor
2552 979 2733 1053 gravis
2771 979 2999 1036 omnino
3035 979 3306 1047 videatur,
3361 980 3467 1035 nisi
3510 980 3616 1053 qui
3667 996 3792 1052 per

2137 1067 2366 1140 gratiam
2393 1068 2789 1124 consolationis
2817 1068 2873 1123 in
2899 1068 3253 1125 tribulatione
3278 1069 3507 1124 levatur.
3538 1068 3786 1124 Deinde

2137 1172 2267 1212 vero
2297 1173 2420 1212 cum
2451 1158 2593 1212 inter
2620 1157 2760 1214 duos
2785 1157 3080 1233 Augustos,
3113 1157 3487 1213 Constantium
3536 1158 3783 1213 scilicet

2138 1254 2193 1302 et
2237 1246 2533 1314 Galerium,
2575 1247 2806 1302 Romani
2855 1247 3005 1303 orbis
3052 1246 3393 1304 divideretur
3429 1246 3773 1318 imperium.

2139 1339 2410 1411 lllyricum
2468 1346 2524 1396 et
2575 1339 2698 1395 Asia
2736 1340 2975 1408 Galerio,
3017 1339 3198 1397 Africa
3250 1355 3381 1396 vero
3418 1346 3474 1396 et
3527 1340 3773 1411 Eumpa

2135 1443 2372 1486 evenere
2426 1428 2767 1490 Constantio.
2824 1428 2955 1485 Cum
2996 1435 3175 1484 autem
3222 1443 3287 1484 ex
3319 1428 3519 1484 divine
3546 1428 3773 1502 digna-

2135 1521 2304 1577 tionis
2332 1521 2694 1594 permissione
2724 1520 2811 1577 vel
2840 1537 2947 1593 ope
2978 1536 3123 1577 unus
3148 1521 3469 1593 praesideret
3497 1521 3675 1585 Asia,
3706 1528 3773 1576 et

2134 1611 2278 1666 alius
2306 1611 2554 1683 Europae,
2574 1610 2774 1666 factum
2805 1618 2889 1666 est
2916 1618 2976 1665 ut
2996 1610 3347 1667 Constantius
3369 1626 3436 1666 eo
3466 1610 3769 1666 minorem

418 1718 496 1771 sis
527 1716 715 1772 omnia
745 1714 1143 1789 contingebant
1174 1716 1228 1769 in
1260 1712 1451 1789 ﬁgura,
1484 1729 1606 1786 quae
1640 1713 1828 1788 regina
1857 1728 2033 1784 quan-
2060 1745 2111 1813 Β
2134 1701 2563 1813 SOlliCiludineT
2698 1700 2845 1801 Italis
2873 1700 3103 1813 haberet
3142 1707 3196 1756 et
3230 1699 3541 1813 Atriaque
3570 1700 3765 1799 majoo

421 1807 605 1879 doque
634 1808 817 1863 futura
844 1808 948 1862 hoc
965 1806 1171 1862 habere
1200 1806 1370 1877 cmpil
1397 1821 1460 1859 ex
1479 1805 1675 1878 gratia,
1701 1804 1848 1876 quod
1877 1804 2031 1875 prius
2060 1789 2111 1813 υ
2134 1811 2248 1849 rem
2298 1808 2483 1848 curam
2509 1791 2579 1847 de
2612 1790 2867 1861 Hispanis
2904 1789 3148 1845 habebat
3193 1797 3249 1845 et
3277 1789 3461 1844 Gallis.
3516 1790 3765 1844 Interim

420 1897 660 1953 habebat
687 1913 752 1952 ex
783 1903 998 1964 natura,
1039 1895 1169 1967 quia
1201 1903 1489 1966 postquam
1530 1893 1600 1949 ad
1637 1893 1800 1948 ﬁdem
1835 1892 2029 1948 Christi

417 2003 666 2059 superno
707 1987 904 2042 meruit
957 1986 1202 2041 revocari
1229 1985 1533 2054 juvamine,
1586 1990 1910 2040 ornamenta
1939 1983 2028 2037 di-

417 2080 644 2154 gnitatis
674 2093 954 2150 corporeae
979 2077 1142 2132 traxit
1192 2077 1261 2131 ad
1291 2077 1521 2131 salutem
1556 2076 1774 2142 animae,
1809 2076 1937 2130 dum
1972 2075 2027 2129 in

420 2169 739 2226 inventione
791 2175 993 2224 sanctae
1046 2168 1247 2235 crucis,
1284 2184 1382 2238 pro
1431 2168 1672 2223 humano
1726 2166 2029 2222 laborando

418 2259 619 2325 salute,
652 2258 893 2331 gloriosa
922 2256 1088 2312 ﬁebat
1127 2274 1190 2312 ex
1221 2257 1327 2313 hoc
1375 2272 1565 2328 opere,
1606 2254 1706 2310 sed
1738 2255 2032 2330 gloriosior

415 2346 635 2402 virtute.
678 2347 737 2400 In
793 2353 979 2417 typum
1020 2344 1233 2399 scilicet
1274 2344 1525 2400 Ecclesia
1564 2344 1654 2398 illa
1688 2344 2027 2399 diversarum

420 2439 679 2495 virtutum
711 2439 858 2492 intus
897 2437 1152 2492 decorata
1176 2436 1466 2509 dignitate,
1499 2435 1566 2491 de
1597 2452 1705 2508 qua
1724 2435 2025 2507 scriptum:

412 2534 611 2589 Astitit
638 2534 829 2599 regina
855 2548 889 2585 a
904 2531 1180 2586 demtrisin
1203 2533 1399 2585 vestitu
1426 2530 1705 2595 deaurato,
1725 2528 2028 2585 circumda-

414 2630 472 2680 ta
510 2627 772 2679 rarielate
798 2626 962 2689 (Psal.
994 2625 1158 2690 κων).
1195 2621 1369 2687 Unde,
1400 2621 1662 2692 quoniam
1696 2620 2029 2675 intrinsecus

415 2717 581 2772 tantis
629 2733 692 2770 ac
722 2715 927 2770 talibus
982 2714 1242 2769 decorata
1302 2713 1402 2769 fuit
1445 2713 1760 2779 virtutibus,
1819 2712 2027 2769 idcirco

412 2821 512 2877 per
533 2805 716 2860 omnia
777 2805 831 2859 in
869 2802 1129 2860 omnibus
1180 2803 1382 2858 divinis
1422 2801 1675 2873 placebat
1712 2800 2025 2870 obtutibus;

411 2896 541 2967 quia
581 2911 711 2952 vero
768 2896 958 2966 specie
1008 2911 1108 2949 sua
1165 2901 1219 2949 et
1255 2893 1671 2965 pulchritudine
1722 2891 2030 2947 forinsecus

411 2994 531 3039 erat
605 2993 836 3051 ornata,
891 2984 1017 3038 ideo
1085 2983 1201 3038 viro
1258 2998 1361 3039 suo
1416 2981 1734 3037 Constantio
1775 2980 2029 3036 amabilis

2132 1901 2262 1942 vero
2300 1883 2707 1949 Constantinus,
2741 1880 2890 1937 ﬁlius
2919 1882 3059 1951 ejus,
3093 1880 3295 1937 ofﬁciis
3328 1889 3510 1952 aptus,
3541 1889 3603 1935 et
3656 1881 3769 1936 ho-

2130 1980 2376 2035 minibus
2415 1986 2695 2052 acceptus,
2746 1979 2996 2034 consultu
3052 1984 3279 2033 senatus
3320 1992 3352 2032 a
3392 1976 3673 2032 Romanis
3705 1975 3765 2029 in

2133 2071 2398 2127 Cmsarem
2430 2078 2511 2126 est
2542 2070 2772 2138 electus,
2803 2069 3065 2142 quoniam
3097 2084 3198 2140 pro
3231 2069 3427 2124 virtute
3454 2067 3767 2140 utriusque

2130 2160 2358 2235 dignum
2400 2160 2481 2215 eis
2509 2159 2801 2214 videbatur
2834 2166 2889 2214 et
2913 2159 3123 2229 justum
3152 2166 3214 2214 ut
3260 2167 3315 2213 et
3343 2157 3490 2212 ﬁlius
3519 2172 3762 2229 promo-

2130 2261 2352 2308 veretur
2390 2252 2446 2306 in
2469 2250 2759 2317 Caesarem,
2790 2258 2845 2306 et
2874 2259 3031 2323 pater
3060 2251 3114 2305 in
3170 2251 3491 2323 Augustum.
3543 2250 3605 2304 In
3642 2266 3765 2322 qua

2129 2344 2390 2401 videlicet
2410 2343 2585 2399 virtus
2606 2343 2791 2397 divina
2810 2342 2958 2397 bene
2986 2340 3353 2397 declaravitin
3378 2355 3445 2396 eo
3474 2339 3614 2412 quia
3637 2354 3761 2395 non

2128 2442 2211 2492 est
2239 2441 2482 2506 potestas
2520 2432 2624 2487 nisi
2674 2448 2706 2487 a
2750 2432 2883 2499 Deo,
2937 2431 3067 2485 dum
3109 2447 3207 2502 per
3250 2445 3509 2485 arcanum
3548 2429 3763 2501 utique

2129 2525 2440 2581 Divinitatis
2466 2523 2725 2579 auxilium
2758 2523 2952 2579 eodem
3005 2528 3258 2593 tempore
3289 2521 3343 2575 in
3366 2535 3474 2592 quo
3516 2534 3759 2589 promo-

2129 2628 2279 2676 verat
2307 2628 2537 2691 patrem,
2591 2617 2948 2690 promovebat
2987 2625 3044 2673 et
3095 2615 3289 2673 ﬁlium.
3343 2616 3409 2671 At
3447 2622 3759 2687 postquam

2129 2709 2519 2766 Constantinus
2551 2708 2853 2763 Romanum
2888 2707 3178 2779 imperium
3210 2704 3420 2777 aliquot
3447 2705 3618 2759 annis
3638 2712 3758 2761 tam

2131 2798 2257 2855 forti
2312 2815 2475 2870 quam
2536 2796 2682 2852 felici
2720 2796 2919 2852 virtute
2958 2795 3228 2863 defendit,
3282 2796 3462 2850 adhuc
3519 2796 3757 2867 qualem

2130 2891 2374 2946 animum
2426 2906 2557 2962 erga
2587 2887 2984 2959 rempublicam
3043 2888 3272 2943 haberet
3295 2886 3556 2954 ostendit,
3614 2887 3755 2941 dum

2131 2998 2231 3055 pro
2274 2982 2611 3055 acquirenda
2632 2982 2859 3053 majoris
2878 2980 3069 3057 glorise
3111 2996 3315 3037 corona
3353 2980 3531 3035 valida
3574 2997 3759 3036 manu

410 3071 704 3126 videbatur
742 3079 793 3125 et
823 3079 997 3143 grata,
1029 3071 1290 3143 quoniam
1333 3070 1565 3125 internae
1608 3071 1828 3143 pietatis
1877 3078 1930 3126 et
1955 3087 2029 3127 ae-
2055 3118 2100 3146 ,η
2131 3074 2314 3128 denuo
2346 3073 2413 3128 ad
2454 3072 2655 3127 Gallias
2681 3072 2935 3146 migravit
2957 3088 2989 3127 a
3019 3070 3207 3128 Roma.

410 3168 583 3215 ternae
608 3160 1036 3232 pulchritudinis
1067 3161 1142 3216 ita
1181 3160 1447 3215 instructa
1498 3167 1579 3216 est
1636 3176 1850 3228 norma,
1878 3168 1936 3215 ut
1976 3172 2031 3217 et

412 3253 525 3308 Deo
555 3252 800 3324 placeret
833 3252 887 3307 in
920 3252 1105 3308 anima
1134 3259 1190 3308 et
1220 3251 1537 3308 Constantio
1575 3252 1631 3307 in
1675 3251 1869 3307 forma.
1928 3253 2030 3308 Se-

416 3342 656 3398 cundum
683 3342 1006 3414 Opinionem
1035 3342 1183 3397 enim
1216 3341 1383 3416 vulgi,
1429 3348 1483 3396 et
1510 3341 1793 3397 veritatem
1822 3342 1924 3410 rei,
1944 3342 2030 3399 of-

407 3432 596 3488 ﬁciosa
626 3438 740 3487 erat
770 3431 827 3486 in
858 3431 1128 3503 obsequio
1154 3430 1285 3498 viri,
1337 3431 1432 3485 sed
1465 3430 1768 3486 ofﬁciosior
1810 3432 1879 3487 ad
1928 3431 2029 3487 ob-

408 3522 666 3594 sequium
703 3522 831 3591 Dei;
876 3521 1139 3594 quoniam
1180 3536 1336 3577 amor
1384 3519 1681 3576 Constantii
1737 3526 1791 3575 et
1829 3520 1924 3575 Dei
1952 3521 2024 3575 ita

414 3613 468 3668 in
503 3614 669 3669 corde
702 3614 849 3669 illius
886 3613 1095 3684 duplici
1142 3612 1353 3668 ratione
1384 3611 1490 3668 fuit
1541 3612 1852 3680 distinctus,
1886 3619 1945 3668 ut
1972 3619 2029 3669 et

409 3704 728 3760 Constantio
755 3704 1020 3771 exterius,
1053 3711 1107 3759 et
1134 3704 1245 3760 Deo
1276 3703 1612 3759 subderetur
1641 3704 1874 3760 interius
1926 3704 2027 3769 Qui

409 3794 756 3851 Constantius
785 3802 1075 3868 postquam
1133 3795 1189 3850 in
1223 3795 1412 3850 Galliis
1464 3795 1688 3870 negotia
1728 3795 1859 3849 belli
1889 3812 2021 3866 par-

409 3883 505 3937 tim
540 3884 659 3954 ipse
690 3883 984 3954 disposuit,
1027 3885 1222 3955 partim
1255 3884 1379 3938 aliis
1407 3884 1756 3956 disponenda
1785 3887 2021 3942 commi-

409 3975 500 4039 sit,
556 3975 777 4030 tandem
834 3991 957 4030 cum
1014 3976 1129 4031 suis
1183 3976 1653 4033 commilitonibus
1701 3994 1876 4050 genus
1915 3996 2020 4051 pa-

414 4066 686 4138 triamque
718 4067 926 4133 revisit,
956 4074 1016 4123 ut
1057 4083 1125 4124 eo
1171 4069 1431 4137 majorem
1465 4070 1729 4141 triumphi
1768 4071 2027 4128 laurealis

412 4157 686 4228 reciperet
719 4173 1002 4225 coronam,
1036 4176 1145 4231 quo
1186 4176 1308 4215 cum
1349 4162 1540 4230 majori
1577 4162 1755 4233 palma
1783 4163 2026 4220 victoriae

410 4248 479 4304 de
524 4248 713 4305 Galliis
743 4267 998 4308 reversus
1030 4259 1113 4308 est
1152 4253 1398 4308 Romam.
1442 4254 1549 4311 Sed
1600 4255 1731 4311 licet
1777 4256 2023 4331 ignotum

408 4344 477 4399 sit
505 4344 668 4401 nobis
694 4352 875 4403 utrum
917 4346 1078 4404 beata
1121 4348 1324 4404 Helena
1361 4365 1485 4405 cum
1527 4350 1721 4406 eodem
1756 4350 2019 4408 Constan-

2053 3120 2103 3186 Ο

2773 3182 2982 3237 CAPUT
3020 3183 3105 3238 IV.

2131 3279 2197 3333 Ut
2244 3277 2592 3335 Constantius
2647 3277 2918 3346 superatis
2976 3276 3254 3332 Germanis
3323 3280 3374 3330 et
3426 3277 3762 3330 Britonibus

2269 3349 2486 3414 abierit,
2517 3351 2680 3418 utque
2708 3349 3118 3403 Constantinum
3149 3348 3301 3418 lepra
3320 3349 3601 3401 invaserit.

2200 3446 2302 3500 Ubi
2332 3445 2582 3517 quamvis
2614 3443 2903 3516 tyrannide
2944 3443 3170 3514 antiqua
3215 3449 3269 3497 et
3310 3441 3617 3498 rebellione
3652 3458 3761 3499 no-

2127 3537 2267 3592 vella
2295 3552 2434 3613 gens
2464 3535 2757 3591 Britanniae
2801 3543 2856 3590 et
2886 3534 3191 3591 Germaniae
3232 3533 3416 3590 denuo
3445 3549 3570 3589 eum
3609 3550 3765 3590 nova

2127 3630 2428 3685 concitaret
2473 3628 2541 3684 ad
2572 3629 2736 3699 bella,
2761 3629 2877 3701 ipse
2923 3635 3105 3683 tamen
3145 3643 3211 3684 eo
3251 3627 3451 3682 minori
3481 3633 3567 3682 est
3619 3627 3766 3683 inde

2128 3722 2347 3777 tristitia
2374 3722 2640 3793 repletus,
2666 3737 2776 3794 quo
2811 3720 2880 3776 ad
2908 3720 3356 3791 triumphantium
3398 3719 3448 3775 ei
3482 3718 3670 3774 adfuit
3704 3730 3765 3776 et

2127 3812 2399 3867 exercitus
2424 3827 2600 3867 novus
2644 3821 2698 3867 et
2729 3812 3003 3883 sapientia
3060 3818 3219 3866 vetus
3298 3810 3520 3866 Interim
3554 3819 3759 3867 autem

2127 3904 2516 3961 Constantinus
2546 3903 2712 3972 ﬁlius,
2743 3904 2798 3959 in
2831 3904 3092 3960 Romanis
3139 3903 3385 3975 partibus
3415 3902 3761 3975 relinquens

2129 4003 2382 4063 matrem,
2448 3995 2684 4051 mirabili
2726 4004 2841 4052 arte
2862 3996 2915 4050 in
2946 3996 3145 4051 Gallias
3163 4004 3488 4066 prosecutus
3517 4002 3606 4050 est
3638 4013 3757 4067 pa-

2130 4095 2298 4152 trem;
2335 4093 2396 4141 ut
2426 4094 2582 4157 pater
2611 4100 2733 4141 cum
2767 4084 2879 4140 ﬁlio
2911 4100 2977 4141 eo
3019 4084 3235 4146 facilius
3260 4083 3558 4156 tyrannicae
3593 4088 3757 4140 resi-

2127 4185 2295 4235 steret
2314 4179 2472 4260 parti,
2497 4194 2606 4250 quo
2641 4176 2787 4232 ﬁlius
2817 4177 2977 4249 patri,
3020 4186 3074 4232 et
3105 4192 3196 4231 ars
3230 4183 3580 4231 succurreret
3615 4178 3754 4233 arti.

2129 4270 2264 4335 Quia
2295 4270 2441 4326 enim
2468 4279 2702 4344 uterque
2731 4270 2961 4325 callidus
2986 4278 3104 4325 erat
3135 4268 3361 4344 ingenio
3392 4273 3445 4323 et
3474 4269 3760 4338 providus

2121 4360 2175 4415 in
2207 4360 2462 4427 consilio,
2488 4360 2614 4416 ideo
2644 4367 2835 4415 mutuo
2862 4358 3145 4415 charitatis
3185 4354 3370 4412 ofﬁcio
3398 4353 3543 4409 ﬁlius
3575 4357 3756 4426 patri,

411 4434 485 4491 tio
517 4436 767 4505 abiisset,
802 4455 869 4493 an
900 4445 1128 4510 prOpter
1164 4440 1591 4496 teneritudinem
1628 4443 1784 4514 pueri
1819 4443 1873 4497 in
1902 4443 2027 4499 Gal-
2046 4440 2100 4508 D
2126 4462 2179 4510 et
2208 4461 2364 4526 pater
2387 4460 2703 4510 occurreret,
2732 4451 2866 4515 ﬁlio,
2888 4458 2949 4506 ut
2986 4465 3052 4505 eo
3093 4448 3289 4505 fortius
3311 4447 3755 4519 parsopprime-

404 4528 493 4585 liis
524 4533 895 4600 remansisset,
928 4534 1078 4590 credi
1109 4540 1293 4589 tamen
1346 4541 1526 4605 potest
1557 4537 1702 4608 quod
1730 4538 1813 4592 vel
1835 4554 1902 4594 eo
1934 4545 2023 4593 tu-

405 4618 648 4675 tiuscum
689 4638 756 4677 eo
785 4622 1045 4689 abducta,
1085 4624 1173 4678 vel
1206 4639 1271 4679 eo
1290 4624 1452 4679 citius
1485 4632 1612 4695 post
1641 4641 1765 4680 eum
1795 4635 1878 4683 est
1900 4628 2020 4682 sine

403 4723 604 4783 magna
650 4709 917 4767 dilatione
966 4713 1170 4781 delata,
1211 4729 1336 4785 quae
1369 4730 1481 4784 prae
1521 4715 1734 4771 caneris
1772 4717 2020 4773 mulieri-

402 4798 509 4853 bus
538 4800 607 4855 ab
642 4801 761 4872 ipso
784 4804 960 4878 magis
992 4811 1108 4859 erat
1137 4811 1335 4860 amata.
1368 4804 1709 4861 Credendum
1743 4814 1826 4862 est
1854 4809 2017 4864 etiam

402 4889 550 4960 quod
618 4891 1064 4964 quandocumque
1112 4894 1244 4949 illuc
1296 4893 1462 4950 fuerit
1527 4895 1786 4963 adducta,
1836 4899 2015 4953 statim

402 4981 572 5056 regiis
599 4984 938 5039 ornamentis
977 5000 1040 5040 ac
1065 4987 1380 5058 sumptibus
1408 4996 1491 5042 est
1520 4987 1783 5043 decenter
1813 4991 2017 5046 nutrita

396 5083 451 5130 et
482 5075 782 5151 diligenter
810 5076 1096 5146 instructa,
1146 5088 1205 5135 ut
1231 5079 1371 5135 sicut
1427 5079 1653 5154 elegans
1685 5089 1802 5137 erat
1832 5082 1886 5137 in
1918 5084 2017 5139 ha-

396 5167 515 5225 bitu
559 5178 613 5226 et
641 5172 949 5245 elegantior
992 5173 1048 5229 in
1088 5174 1261 5242 vultu,
1293 5175 1368 5230 ita
1422 5174 1558 5229 nihil
1592 5175 1699 5230 sibi
1759 5176 1828 5232 de
1860 5179 2013 5252 regio

396 5267 620 5330 sumptu
647 5261 867 5317 deesset
883 5269 977 5318 aut
1000 5262 1170 5318 cultu.

1034 5371 1241 5427 CAPUT
1286 5372 1353 5426 ill

398 5458 460 5512 Ut
494 5461 745 5515 Helenam
777 5463 1008 5526 legitimo
1052 5462 1162 5516 sibi
1216 5465 1563 5518 matrimonio
1604 5468 1827 5520 sociarit
1863 5467 2006 5522 Cen-

462 5534 719 5655 sgantius,
745 5538 793 5585 et
822 5534 888 5586 de
913 5548 1095 5587 eorum
1146 5533 1260 5601 ﬁlio
1305 5534 1651 5590 Constantino
1694 5535 1903 5593 Caesare
1925 5538 2011 5592 de-

465 5616 491 5652 c
515 5617 615 5654 ara
642 5618 691 5655 ο.

465 5616 691 5655 curram.

467 5707 753 5766 Theodore
819 5720 1025 5781 autem,
1105 5714 1423 5772 Constantio
1495 5732 1684 5783 uxore,
1751 5718 2012 5775 defuncta

2125 4550 2207 4599 ret
2234 4548 2439 4614 partem
2471 4557 2579 4615 quo
2612 4536 2865 4596 callidius
2905 4556 2995 4594 ars
3032 4537 3327 4593 deluderet
3356 4542 3547 4591 artem.
3591 4536 3759 4594 Inter

2120 4632 2240 4689 hzec
2258 4648 2388 4688 vero
2446 4632 2577 4687 licet
2605 4630 2997 4687 Constantinus
3045 4629 3102 4684 in
3138 4627 3376 4703 negotiis
3402 4624 3535 4681 belli
3577 4627 3751 4683 mirae

2121 4724 2259 4779 foret
2316 4721 2634 4778 calliditatis
2673 4730 2729 4776 et
2771 4719 3108 4775 admirandas
3175 4716 3539 4783 fortitudinis,
3601 4734 3756 4790 gens

2118 4823 2302 4871 tamen
2346 4815 2639 4871 Britannia:
2669 4821 2724 4871 et
2753 4813 3057 4869 Germaniae
3090 4812 3229 4869 facta
3243 4820 3327 4868 est
3356 4810 3406 4866 ei
3437 4825 3540 4865 uva
3566 4808 3750 4880 fellis,

2119 4916 2172 4962 et
2211 4907 2401 4961 botrus
2429 4904 2830 4965 amaritudinis,
2873 4903 3003 4959 dum
3035 4902 3091 4958 in
3132 4903 3214 4958 eis
3244 4918 3347 4974 per
3380 4901 3748 4972 septenninm

2118 5012 2299 5052 moras
2326 4995 2456 5050 belli
2509 4993 2907 5061 continuando,
2942 4993 3188 5049 Romano
3245 5005 3341 5047 eos
3363 4988 3595 5061 imperio
3652 4992 3749 5046 vix

2115 5085 2352 5157 septimo
2392 5084 2785 5159 subjugaverat
2811 5097 2978 5138 anno.
3009 5081 3101 5136 Sic
3138 5079 3310 5154 igitur
3337 5078 3549 5134 devicta
3587 5078 3747 5135 Ger-

2115 5178 2299 5233 mania
2343 5183 2397 5233 et
2447 5174 3049 5243 Alemannia,tandem
3101 5172 3275 5229 victor
3301 5171 3548 5228 omnium
3580 5187 3748 5229 mor-

2110 5274 2236 5322 tuus
2262 5274 2315 5322 et
2365 5266 2614 5339 sepultus
2660 5273 2743 5321 est
2773 5265 2829 5320 in
2862 5264 3174 5329 Britannia;
3231 5260 3518 5333 ﬁliumque
3566 5275 3741 5317 suum

2111 5354 2532 5411 Constantinum
2590 5354 2658 5410 ad
2718 5353 3041 5410 Romuleam
3082 5351 3331 5426 dirigens
3362 5349 3577 5416 sedem,
3619 5356 3740 5407 tam

2114 5445 2340 5501 Romani
2382 5444 2603 5517 imperii
2634 5460 2799 5517 quam
2830 5443 3123 5499 Galliarum
3164 5440 3391 5514 reliquit
3418 5440 3738 5500 haeredem.

2111 5534 2501 5592 Constantinus
2539 5544 2744 5602 autem,
2808 5544 3097 5607 postquam
3155 5534 3211 5589 in
3269 5532 3459 5588 Galliis
3499 5534 3765 5607 negotia;

2114 5628 2271 5702 regni
2301 5628 2657 5700 disponebat,
2692 5637 2752 5685 ut
2781 5629 2981 5699 potuit,
3019 5638 3083 5684 ut
3110 5627 3291 5684 statim
3323 5640 3580 5682 reversus
3610 5625 3736 5683 Ro-
3764 5660 3779 5671 ο

2112 5735 2279 5789 mam,
2328 5719 2453 5791 quis
2490 5720 2575 5777 vel
2604 5719 2784 5793 qualis
2840 5720 3056 5777 futurus
3082 5726 3229 5778 esset
3270 5717 3533 5786 innotuit,
3593 5717 3736 5775 dum
