3920 6054
132 220 242 276 969

1087 223 1168 278 DE
1211 223 1423 278 LAUDE
1465 225 1542 278 ET
1579 223 1708 278 lNV.
1751 224 1805 280 S.
1847 178 2110 285 CRUClS.
2149 255 2218 264 —
2260 225 2385 282 LIB.
2429 226 2520 281 lll.

3347 232 3452 288 970

130 349 235 416 per
265 347 702 404 inmstimabilem
735 349 965 422 gratiam
993 351 1233 406 ccelestis
1258 351 1586 416 archisterii,
1621 357 1745 422 post
1773 356 1825 422 Α
1849 357 1903 405 et
1927 345 2036 406 alio
2065 351 2192 405 iste.
2228 351 2470 407 Herodes
2509 354 2712 408 etenim
2754 371 2844 410 rex
2903 356 3146 411 scienter
3188 360 3454 427 peccavit,

128 437 302 493 breve
330 450 547 510 tempus
571 441 946 496 monarchiam
976 443 1222 512 suscepit
1243 443 1474 498 Romani
1507 443 1745 513 imperii.

128 525 239 579 Sed
275 543 439 598 quam
473 529 758 598 sapienter
787 547 851 584 ac
879 538 1101 586 strenue
1133 531 1280 586 idem
1317 533 1619 586 Romanum
1645 531 1748 584 im-

129 616 345 685 perium
378 619 519 673 rexit
549 619 775 690 ubique,
811 637 986 691 usque
1018 621 1181 676 hodie
1215 629 1486 676 testantur
1515 621 1747 675 virtutes

125 707 252 774 ejus
273 709 532 780 antiquze,
567 719 798 781 excepto
832 713 979 782 quod
1008 713 1298 783 multiplici
1333 715 1543 768 cultura
1574 712 1746 766 idolo-

123 813 249 854 rum
281 801 336 854 in
366 801 520 856 brevi
566 802 742 857 factus
802 811 885 858 est
916 812 1236 874 persecutor
1289 805 1740 861 Christianorum.

121 891 366 947 Proinde
395 894 463 947 ad
493 894 863 950 ulciscendam
899 895 954 949 in
993 911 1060 950 eo
1091 889 1308 967 cﬁlpam
1343 897 1746 967 persecutionis

123 981 335 1045 nimiae,
368 985 591 1040 tradidit
619 1002 743 1040 eum
785 989 931 1041 Deus
970 987 1024 1040 in
1060 987 1346 1058 passiones
1401 988 1742 1062 ignominiaa,

124 1071 353 1140 quando
382 1073 511 1127 licet
536 1090 745 1145 magnze
780 1077 1039 1146 potentiae
1078 1083 1133 1130 et
1157 1077 1381 1144 majoris
1413 1088 1560 1132 esset
1610 1093 1747 1132 con-

125 1161 370 1225 stantiae,
411 1163 562 1234 lepra
600 1171 784 1219 tamen
823 1182 948 1220 eum
983 1167 1252 1236 percussit
1292 1168 1642 1237 elephantize.
1685 1169 1743 1222 ln

125 1269 242 1322 quo
261 1255 524 1312 videlicet
555 1258 697 1314 facto
725 1260 855 1330 quia
889 1259 1060 1314 multa
1085 1270 1213 1315 sunt
1242 1260 1458 1334 ﬂagella
1487 1269 1745 1332 peccato-

125 1345 226 1412 ris,
284 1346 427 1402 bene
459 1348 516 1402 in
557 1365 622 1404 eo
671 1351 844 1406 virtus
889 1351 1190 1406 declaravit
1239 1353 1509 1416 Auctoris,
1556 1353 1628 1407 ita
1685 1363 1745 1408 ut

123 1435 513 1504 propheticum
555 1438 690 1492 illud
747 1439 912 1510 digne
943 1439 1011 1493 ab
1053 1456 1119 1495 eo
1173 1451 1354 1511 posset
1403 1457 1742 1496 commemo-

129 1523 279 1588 rari;
313 1526 670 1594 Maltiplz'cata
687 1535 820 1582 sunt
854 1544 1015 1597 super
1037 1545 1124 1584 me
1148 1533 1382 1597 ﬂagella,
1415 1538 1466 1585 et
1501 1534 1746 1599 ignoravi

133 1619 244 1686 (Ps.
280 1621 477 1687 xxxnv).
513 1620 662 1676 Licet
701 1623 848 1678 enim
883 1639 982 1694 pro
1015 1625 1249 1679 diversis
1288 1626 1578 1680 medicinae
1608 1627 1744 1679 arti-

125 1713 236 1767 bus
254 1713 457 1768 diversi
489 1716 690 1770 medici
720 1717 1358 1792 diversiscolligerentur
1378 1737 1442 1774 ex
1469 1721 1740 1790 partibus,

125 1819 228 1875 pro
262 1807 510 1862 sananda
541 1814 723 1862 tamen
769 1811 960 1864 eadem
997 1811 1156 1885 plaga
1196 1812 1382 1867 divina
1410 1813 1593 1866 nullus
1630 1828 1743 1864 me-

119 1895 284 1948 dicus
321 1902 376 1950 et
415 1896 563 1951 nulla
591 1897 801 1968 profuit
850 1898 1142 1954 medicina.
1183 1899 1335 1954 Unde
1365 1907 1419 1954 et
1451 1917 1548 1970 pro
1590 1915 1743 1969 capa-

121 1991 292 2046 cioris
344 1991 637 2046 medicinae
693 2009 899 2064 genere
956 1998 1216 2064 petendo,
1274 1996 1398 2065 plus
1437 2011 1599 2066 quam
1639 1994 1742 2048 tria

119 2080 299 2134 millia
330 2080 622 2136 infantium
666 2089 720 2136 et
769 2083 1084 2138 lactentium
1131 2084 1378 2155 undique
1408 2083 1746 2155 colliguntur

123 2188 194 2226 ex
225 2187 419 2246 regno,
443 2189 507 2228 ac
538 2174 582 2228 si
607 2175 844 2230 habilior
871 2175 938 2230 ad
971 2177 1270 2230 sanandam
1305 2176 1396 2230 illa
1419 2182 1743 2246 possetesse

123 2260 426 2328 medicina,
465 2261 511 2316 si
547 2263 704 2317 lactei
745 2263 958 2320 cruoris
988 2263 1200 2318 illorum
1237 2265 1510 2318 lavaretur
1539 2263 1594 2316 in
1627 2263 1745 2333 pis-

118 2351 268 2405 cina.
305 2351 401 2406 Die
431 2359 615 2407 autem
656 2359 879 2420 statuto,
921 2368 1043 2406 cum
1099 2367 1196 2424 pro
1236 2354 1429 2407 eadem
1471 2368 1633 2407 causa
1673 2353 1742 2405 de

123 2440 334 2511 palatio
379 2441 446 2495 ad
503 2442 830 2512 Capitolium
865 2443 1246 2513 processisset,
1289 2452 1343 2497 et
1370 2443 1497 2497 hinc
1527 2449 1580 2497 et
1611 2442 1740 2496 inde

121 2533 384 2587 resolutis
439 2533 686 2587 crinibus
742 2541 944 2588 matres
1001 2534 1290 2588 infantium
1357 2534 1622 2608 plangere
1687 2543 1742 2588 et

123 2627 338 2694 ejulare
365 2628 614 2696 vidisset,
653 2629 917 2684 continuo
957 2629 1262 2700 reprobans
1301 2629 1530 2684 consilia
1559 2630 1736 2699 ponti-

120 2718 312 2785 ﬁcum,
344 2719 558 2774 facinus
604 2721 772 2791 coepit
809 2721 1108 2777 abhorrere
1159 2717 1478 2776 terrificum.
1534 2721 1593 2774 Et
1645 2721 1738 2792 qui

121 2809 281 2878 prius
313 2809 365 2862 in
397 2810 584 2863 multis
609 2811 817 2880 przeliis
853 2810 987 2864 viris
1024 2810 1339 2865 fortissimis
1368 2809 1562 2865 fortior
1599 2818 1736 2876 erat,

119 2913 190 2950 ea
215 2897 305 2951 die
333 2897 590 2952 nimirum
620 2899 951 2954 mulieribus
970 2899 1225 2966 cedebat,
1273 2900 1400 2954 dum
1433 2916 1528 2970 per
1557 2899 1732 2954 inter-

121 3000 250 3038 nam
291 2986 686 3057 aspirationem
737 2989 804 3043 ad
854 2996 1058 3042 tantam
1089 2989 1524 3045 misericordiam
1569 2989 1736 3058 ccepit

119 3072 354 3136 inﬂecti,
387 3084 447 3130 ut
474 3091 596 3130 cum
616 3076 776 3132 donis
807 3077 974 3132 etiam
1000 3077 1589 3148 amplissimisjuberet
1617 3078 1736 3131 sin-

117 3162 269 3236 gulis
287 3164 554 3218 matribus
609 3181 708 3219 sua
739 3165 970 3236 pignora
1001 3167 1178 3221 reddi.
1221 3167 1375 3222 Unde
1416 3166 1617 3221 factum
1653 3175 1737 3221 est

121 3261 184 3308 ut
222 3253 365 3309 sicut
394 3255 548 3310 nulla
580 3257 794 3311 illarum
825 3259 980 3328 prius
1007 3274 1037 3312 a
1067 3258 1286 3313 tristitia
1313 3259 1418 3312 fuit
1448 3259 1732 3324 immunis,

119 3345 200 3400 ita
228 3347 512 3418 sequentis
541 3347 744 3403 laetitiae
797 3364 961 3403 causa
990 3351 1248 3403 omnibus
1286 3349 1568 3404 videretur
1613 3365 1733 3405 esse

121 3437 459 3502 communis,
489 3439 726 3493 maxime
763 3455 886 3495 cum
929 3455 1039 3496 non
1085 3448 1290 3495 tantam
1333 3440 1488 3510 prius
1529 3440 1581 3493 in
1636 3457 1738 3495 ve-

121 3527 332 3584 niendo
359 3529 654 3585 habuerint
703 3530 996 3596 tristitiam,
1030 3539 1289 3602 quantam
1347 3530 1400 3584 in
1456 3530 1739 3586 redeundo

118 3621 453 3677 videbantur
481 3624 684 3679 habere
724 3624 990 3679 laetitiam.
1026 3624 1227 3679 Taliter
1257 3641 1390 3698 ergo
1420 3624 1730 3680 Constanti-

120 3730 250 3781 nus,
295 3715 389 3786 qui
424 3715 579 3786 prius
616 3716 753 3771 alios
799 3717 1076 3784 vincebat,
1137 3717 1194 3770 in
1225 3716 1316 3771 illa
1347 3717 1438 3771 die
1489 3716 1732 3786 seipsum

117 3805 319 3860 vicisse
338 3806 640 3880 gaudebat,
665 3807 796 3861 dum
828 3808 894 3861 ad
928 3807 1146 3862 laudem
1174 3807 1480 3862 Divinitatis
1518 3816 1572 3861 et
1611 3807 1732 3882 glo-

117 3896 258 3950 riam
287 3896 416 3952 ﬂetu
451 3897 692 3954 femineo
731 3899 928 3966 victus,
956 3899 1159 3953 meruit
1190 3898 1398 3954 habere
1426 3899 1730 3954 victoriam.

119 3989 310 4045 Maluit
347 3991 493 4045 enim
535 3992 714 4048 adhuc
739 3993 890 4048 solus
929 3993 1136 4064 lepram
1181 3993 1386 4048 habere
1429 3993 1729 4060 volatilem,

117 4094 286 4150 quam
318 4080 371 4134 in
421 4081 691 4154 sanguine
747 4081 1127 4137 innocentium
1167 4081 1410 4156 gladium
1451 4088 1738 4137 cruentare

116 4171 455 4238 versatilem,
513 4172 749 4244 ideoque
788 4173 1054 4228 divinitus
1099 4190 1164 4229 ex
1219 4173 1391 4244 impio
1431 4173 1606 4228 factus
1653 4180 1734 4228 est

118 4260 267 4332 pius,
298 4263 390 4334 qui
421 4278 521 4334 pro
549 4265 728 4320 salute
756 4264 1114 4334 plurimorum
1143 4265 1375 4320 salutem
1424 4272 1731 4335 postpone-

118 4349 215 4404 bat
235 4351 416 4406 unius.

780 4424 986 4497 CAPUT
1015 4424 1076 4478 v.

122 4535 342 4603 Confert
367 4540 783 4593 Constantinum
811 4554 938 4594 cum
965 4539 1181 4606 Herode,
1223 4539 1444 4593 alterius
1479 4542 1733 4608 pietatem

371 4624 497 4664 cum
532 4611 756 4665 alterius
795 4611 1111 4668 crudelitate
1147 4625 1480 4679 componens.

194 4716 348 4773 Unde
387 4734 512 4773 cum
543 4719 720 4790 pietas
759 4719 1099 4776 Constantini
1145 4726 1200 4775 et
1228 4720 1485 4790 impietas
1509 4719 1738 4774 Herodis

121 4807 308 4874 vobis,
366 4808 732 4873 dilectissimi,
784 4811 973 4866 multis
1023 4811 1246 4884 cognita
1295 4809 1365 4863 sit
1415 4808 1614 4870 modis,
1659 4807 1733 4861 nil

125 4907 286 4953 nocet
347 4899 392 4953 si
451 4902 753 4956 secundum
793 4903 1260 4974 comparationem
1312 4900 1440 4956 boni
1499 4909 1554 4954 et
1608 4900 1733 4954 mali

125 4985 356 5041 alterum
397 4989 554 5043 alteri
606 4990 729 5064 lege
780 5005 1164 5061 comparemus
1195 4990 1444 5060 speciali.
1488 4989 1543 5044 Si
1585 4989 1731 5043 enim

124 5073 263 5128 alter
289 5075 446 5130 alteri
485 5085 857 5149 comparatur,
900 5079 1118 5150 probari
1150 5086 1349 5150 potest,
1389 5094 1552 5150 quem
1585 5092 1734 5133 mors

124 5170 180 5218 et
217 5178 379 5234 quem
437 5165 548 5220 vita
577 5174 860 5239 sequatur,
901 5167 1162 5239 quoniam
1195 5175 1372 5222 morte
1408 5174 1463 5222 et
1486 5167 1595 5222 vita
1619 5167 1732 5234 jam

123 5254 428 5311 abinvicem
484 5257 816 5314 dirimuntur
873 5259 1111 5331 utrique,
1171 5260 1301 5313 dum
1358 5275 1502 5314 unus
1568 5259 1734 5315 habet

125 5342 408 5414 praemium
440 5346 655 5412 mortis,
689 5353 743 5401 et
771 5348 912 5402 alius
942 5349 1087 5403 vitai.
1120 5348 1272 5402 Unde
1313 5347 1460 5402 enim
1493 5348 1590 5402 tibi
1635 5364 1734 5404 no-

123 5441 237 5487 tum
257 5431 352 5496 sit,
385 5448 418 5488 ο
445 5431 770 5502 Christiane,
798 5436 932 5506 quid
963 5436 1034 5490 de
1056 5442 1292 5506 utroque
1315 5435 1558 5489 sentiant
1584 5436 1735 5508 leges

122 5523 322 5579 divinae
377 5530 432 5579 et
465 5524 738 5592 humanae,
782 5525 906 5583 ideo
961 5527 1125 5582 istum
1185 5525 1422 5590 imitare,
1464 5532 1520 5580 et
1581 5526 1732 5580 illum

127 5611 326 5670 imitari
353 5612 577 5681 desiste,
623 5613 883 5686 quoniam
914 5631 1024 5670 uno
1056 5614 1224 5671 modo
1275 5622 1596 5684 peccaverat
1621 5615 1732 5675 ille.

461 5748 756 5810 PATROL.
809 5744 1006 5810 CLX.

1771 1666 1820 1732 B

1759 3034 1808 3102 C

1754 4387 1810 4455 Ι)

1849 435 1998 515 ἀυιὴ
2043 441 2094 492 in
2159 447 2390 494 mortem
2441 440 2737 496 Salvatoris
2793 444 3034 514 seipsum
3106 445 3459 515 impudenter

1847 524 2068 608 amavit.
2103 527 2491 582 Constantinus
2521 538 2702 584 autem
2749 547 2779 584 e
2813 538 3001 585 contra
3036 532 3353 604 ignoranter
3371 551 3458 588 er-

1847 619 2002 692 ravit,
2047 618 2174 672 dum
2209 636 2305 689 pro
2343 620 2505 674 unius
2545 622 2784 676 hominis
2824 624 2936 677 vita
2985 624 3037 677 in
3071 633 3149 679 tot
3205 625 3460 680 homines

1846 707 2040 771 mortis
2091 709 2419 763 sententiam
2490 710 2731 766 dictavit.
2809 713 3070 776 Herodes,
3130 716 3455 786 sempiterni

1844 800 2010 874 Regis
2037 808 2213 856 ortum
2247 804 2470 858 molitus
2499 806 2873 880 exstinguere,
2907 809 2959 862 in
2989 811 3231 864 cervices
3258 813 3460 865 lacten-

1845 892 1978 946 tium
2007 893 2251 965 gladium
2283 911 2444 949 suum
2486 897 2690 951 arctius
2720 899 2936 954 solebat
2973 904 3312 957 crucntando
3345 904 3460 956 dis-

1845 984 2116 1058 tringere;
2161 984 2552 1042 Constantinus
2582 1005 2732 1054 vero,
2758 991 3030 1046 mitiorem
3063 1009 3120 1047 se
3153 994 3228 1047 illi
3265 995 3458 1048 volens

1847 1072 2142 1126 ostendere
2183 1090 2500 1129 mucronem
2542 1093 2699 1131 suum
2741 1095 2772 1132 a
2811 1081 3119 1135 cervicibus
3167 1081 3454 1138 infantium

1847 1163 1938 1233 pia
1964 1165 2131 1234 coepit
2155 1165 2451 1220 devotione
2482 1170 2844 1238 suspendere.
2876 1172 3118 1228 Herodes
3147 1175 3310 1228 saluti
3343 1190 3458 1244 suag

1847 1250 1990 1305 male
2017 1252 2296 1307 consuluit
2325 1262 2381 1308 et
2407 1257 2550 1309 male
2584 1258 2841 1326 providit,
2876 1260 3005 1314 dum
3036 1277 3133 1331 pro
3165 1263 3460 1317 occasione

1846 1341 2011 1397 unius
2068 1345 2224 1413 pueri
2278 1346 2481 1401 multos
2534 1364 2739 1417 pueros
2793 1351 3014 1418 occidit,
3077 1352 3464 1408 Constantinus

1844 1449 1973 1488 vero
2003 1436 2165 1489 saluti
2193 1453 2306 1490 suae
2327 1437 2496 1492 multo
2521 1439 2720 1493 melius
2753 1441 3044 1510 providere
3071 1444 3303 1510 solebat,
3333 1447 3461 1499 dum

1847 1523 2202 1593 plurimorum
2237 1525 2398 1581 saluti
2428 1527 2661 1582 salutem
2704 1530 2865 1584 unius
2915 1531 3174 1601 praeferre
3215 1535 3462 1589 nolebat.

1847 1614 2090 1670 Herodes
2128 1617 2316 1684 etiam,
2350 1619 2547 1672 videns
2578 1619 2705 1690 quia
2757 1621 2951 1676 illusus
3004 1631 3152 1677 esset
3206 1642 3237 1677 a
3269 1626 3460 1699 magis,

1846 1705 1900 1759 in
1927 1707 2207 1762 occisione
2237 1709 2591 1778 parvulorum
2636 1728 2828 1781 pinnas
2861 1715 3060 1783 plenis,
3081 1722 3135 1769 et
3163 1715 3351 1789 plagas
3367 1733 3467 1770 au-

1843 1802 2223 1868 gmentaverat
2242 1799 2450 1871 plagis;
2480 1799 2870 1855 Constantinus
2897 1819 3028 1858 vero
3050 1803 3119 1857 ab
3154 1804 3382 1859 hariolis
3405 1817 3466 1859 et

1844 1885 2018 1956 magis
2054 1885 2250 1940 videns
2289 1887 2392 1940 sibi
2422 1887 2561 1941 male
2589 1887 2762 1944 tuisse
2794 1893 3128 1959 consultum,
3160 1893 3217 1946 in
3253 1895 3466 1949 relaxa-

1842 1975 1992 2031 tione
2016 1980 2365 2047 parvulorum
2398 1986 2630 2035 matrum
2656 1981 3034 2053 plangentium
3068 1985 3240 2038 voluit
3265 1985 3459 2039 sedare

1845 2067 2163 2139 singultum.
2212 2069 2454 2125 Herodes
2503 2071 2658 2143 regni
2717 2072 3036 2142 temporalis
3076 2079 3250 2127 tactus
3279 2074 3459 2126 ambi-

1847 2157 2017 2225 tione,
2051 2161 2295 2215 cuslestis
2327 2161 2480 2234 regni
2524 2161 2728 2235 gaudio
2761 2163 2948 2217 divina
2979 2163 3222 2232 privatus
3253 2173 3335 2218 est
3365 2165 3457 2218 ul-

1846 2246 2027 2309 tione;
2069 2248 2461 2304 Constantinus
2490 2258 2669 2305 autem
2714 2267 2812 2320 pro
2851 2251 3187 2307 relaxatione
3245 2254 3459 2308 exerci-

1846 2345 1933 2392 tus
1955 2339 2266 2403 occidendi,
2294 2351 2473 2396 etnon
2501 2342 2690 2408 occisi,
2716 2343 2883 2415 digne
2907 2345 3209 2414 promeruit
3231 2361 3453 2416 regnum

1845 2427 2049 2483 intrare
2108 2430 2363 2500 paradisi.
2427 2430 2692 2497 Herodes,
2755 2431 2959 2486 terreni
2991 2432 3210 2502 imperii
3255 2434 3454 2487 timens

1842 2520 2094 2575 amittere
2151 2529 2376 2590 sortem,
2445 2538 2542 2592 pro
2595 2530 2769 2578 morte
2798 2524 2964 2578 unius
3029 2525 3217 2580 multis
3269 2526 3452 2580 intulit

1840 2621 2100 2674 mortem;
2135 2613 2522 2668 Constantinus
2551 2624 2734 2669 autem
2771 2616 2936 2686 lepra:
2985 2616 3177 2672 maluit
3217 2619 3456 2672 volatilis

1839 2699 1988 2754 solus
2019 2701 2221 2756 habere
2237 2701 2500 2766 scabiem,
2527 2719 2689 2774 quam
2726 2705 3114 2760 interiectione
3148 2707 3446 2762 multorum

1840 2793 2114 2850 leoninam
2184 2797 2486 2852 incurreret
2560 2798 2788 2854 rabiem.
2862 2799 3120 2864 Herodes,
3184 2802 3449 2857 malorum

1839 2905 2055 2956 currus,
2098 2900 2153 2947 et
2181 2893 2496 2963 iniquorum
2522 2893 2734 2966 auriga,
2765 2895 2926 2948 trium
2961 2895 3198 2950 filiorum
3230 2912 3450 2951 suorum

1838 2982 2094 3052 pr0prius
2159 2984 2364 3039 exstitit
2433 2985 2738 3054 parricida;
2794 2985 3181 3041 Constantinus
3245 2995 3452 3055 autem,

1837 3069 2146 3125 Gra'corum
2198 3088 2421 3138 currus;
2456 3082 2511 3128 et
2543 3074 2910 3130 Romanorum
2963 3076 3175 3150 auriga,
3209 3077 3446 3133 filiorum

1837 3157 2143 3213 alienorum
2203 3159 2377 3214 noluit
2415 3159 2530 3214 ﬁeri
2594 3162 2886 3216 homicida.
2971 3163 3212 3219 Herodes
3266 3165 3453 3219 multis

1838 3247 2015 3301 modis
2040 3247 2150 3316 jam
2175 3249 2427 3304 addictus
2455 3256 2538 3303 est
2566 3251 2767 3320 poenis,
2803 3251 2932 3305 dum
2955 3251 3024 3306 ad
3055 3251 3450 3308 effundendum

1835 3335 2164 3406 sanguinem
2223 3335 2458 3391 filiorum
2520 3352 2744 3392 suorum
2803 3339 2974 3394 armis
3025 3355 3133 3394 non
3189 3341 3452 3410 parcebat

1841 3423 2076 3484 amomis
2097 3427 2246 3491 (sic);
2281 3425 2669 3480 Constantinus
2685 3433 2869 3480 autem
2900 3443 2930 3481 e
2944 3435 3134 3482 contra
3155 3429 3223 3482 ab
3234 3429 3454 3482 mternis

1843 3517 2106 3572 liberatus
2145 3519 2345 3588 plenis,
2367 3519 2494 3588 quia
2533 3520 2586 3572 in
2607 3520 2992 3588 redemptione
3033 3519 3270 3574 filiorum
3315 3519 3449 3574 alie-

1841 3623 2039 3663 norum
2077 3609 2256 3679 penis
2286 3608 2545 3680 parcebat
2574 3609 2791 3664 alienis.
2851 3609 3093 3664 Herodes
3147 3610 3392 3680 seipsum
3421 3627 3453 3665 a

1839 3697 1979 3753 faeie
2020 3699 2236 3754 Domini
2286 3698 2506 3772 longius
2544 3699 2726 3769 ejecit,
2784 3700 2911 3754 dum
2967 3699 3022 3752 in
3066 3699 3452 3754 interfectione

1836 3787 2187 3858 parvulorum
2208 3803 2266 3842 se
2289 3787 2469 3858 ipsum
2502 3789 2687 3858 potius
2721 3787 3024 3854 interfecit;
3059 3787 3452 3842 Constantinus

1833 3885 2015 3933 autem
2074 3879 2298 3934 sibimet
2335 3879 2534 3934 melius
2586 3879 2864 3951 parcebat,
2895 3880 3025 3934 dum
3069 3879 3448 3934 innocentium

1835 3969 2096 4044 sanguini
2130 3986 2381 4042 parcens,
2408 3987 2469 4025 se
2504 3971 2681 4042 ipsum
2714 3968 3028 4025 interﬁcere
3055 3969 3299 4025 nolebat.
3337 3969 3444 4024 Sed

1840 4065 1970 4136 quia
2020 4082 2166 4122 nunc
2204 4066 2350 4120 inter
2398 4082 2597 4121 manus
2654 4072 2868 4121 nostras
2927 4065 3174 4135 ejusdem
3223 4064 3449 4119 nefandi

1841 4156 2070 4212 Herodis
2100 4157 2296 4212 incidit
2348 4159 2576 4224 mentio,
2616 4158 2916 4214 cruciatum
2971 4155 3302 4210 infirmitatis
3328 4157 3448 4223 ejus

1836 4256 1890 4304 et
1915 4259 2145 4305 mortem
2176 4265 2286 4305 non
2327 4249 2596 4304 debemus
2625 4249 2905 4320 praeterire
2935 4247 3178 4310 silentio,
3209 4247 3446 4300 maxime

1835 4357 1956 4396 cum
1989 4348 2112 4412 post
2147 4349 2380 4396 mortem
2413 4357 2569 4395 suam
2599 4340 2919 4396 venenifera
2967 4339 3144 4409 ipsius
3183 4338 3328 4392 bene
3361 4345 3445 4392 te—

1835 4439 2109 4488 starentur
2128 4433 2347 4488 aconita
2374 4432 2500 4502 quis
2531 4432 2614 4485 vel
2646 4431 2824 4502 qualis
2852 4438 2985 4485 ante
3018 4429 3214 4483 fuisset
3236 4429 3289 4481 in
3312 4429 3447 4484 vita.

1836 4524 1972 4579 Huic
2002 4525 2170 4600 igitur
2196 4531 2323 4580 ante
2353 4524 2562 4579 obitum
2595 4539 2753 4577 suum
2784 4538 2893 4577 non
2931 4521 3096 4576 modo
3126 4521 3249 4575 vitse
3305 4537 3450 4590 prie-

1836 4620 2010 4675 sentis
2029 4619 2260 4682 exitum,
2289 4617 2386 4672 sed
2417 4617 2579 4672 etiam
2613 4617 2808 4671 futurae
2836 4615 3127 4670 videbatur
3157 4615 3446 4671 imminere

1836 4707 2190 4778 supplicium,
2222 4705 2454 4759 diversis
2483 4705 2740 4760 videlicet
2769 4703 3180 4760 inﬁrmitatibus
3209 4705 3291 4760 sic
3317 4722 3444 4760 eum

1837 4797 2048 4851 ultione
2095 4803 2470 4864 prosequente
2510 4793 2720 4860 divina,
2773 4803 2836 4848 ut
2879 4793 3029 4848 nulla
3060 4794 3167 4848 sibi
3220 4809 3445 4864 prorsus

1839 4897 2026 4959 posset
2067 4887 2350 4942 subveniri
2382 4885 2676 4940 medicina.
2713 4885 2812 4940 Pro
2861 4885 3130 4940 membris
3167 4887 3312 4940 enim
3345 4903 3443 4957 pu-

1834 4980 2204 5036 trescentibus
2233 4986 2288 5032 et
2317 4978 2494 5044 oculis
2519 4987 2718 5048 sponte
2756 4978 3178 5044 decedentibus,
3220 4979 3448 5035 odiosus

1835 5079 1951 5128 erat
1987 5072 2312 5136 astantibus,
2352 5078 2407 5126 et
2439 5070 2685 5126 odiosior
2732 5071 3123 5134 assidentibus,
3181 5071 3444 5141 quoniam

1837 5177 1934 5234 pro
1984 5162 2157 5216 nimio
2203 5159 2452 5230 corporis
2495 5176 2560 5214 ac
2596 5159 2771 5214 virum
2805 5160 3024 5215 defectu
3077 5159 3284 5214 fetidus
3330 5165 3447 5213 erat

1835 5253 2081 5308 anhelitu
2111 5259 2166 5306 et
2207 5249 2503 5306 indecorus
2533 5257 2784 5320 aspectu.
2838 5251 2900 5304 Et
2932 5249 3062 5304 licet
3111 5251 3168 5303 in
3197 5247 3445 5303 inferiori

1837 5350 1990 5413 parte
2020 5348 2165 5396 totus
2195 5356 2338 5410 pene
2388 5339 2633 5410 liquidus
2673 5347 2821 5394 esset
2859 5356 2924 5394 ac
2970 5339 3201 5402 luridus,
3255 5338 3451 5391 humor

1837 5440 2021 5487 tamen
2041 5432 2096 5485 in
2115 5430 2350 5502 pedibus
2371 5436 2424 5483 et
2445 5436 2626 5485 tumor
2638 5437 2755 5483 erat
2777 5430 2829 5483 in
2854 5429 3138 5492 cruribus;
3157 5427 3250 5482 sed
3276 5435 3331 5481 et
3357 5443 3447 5481 ve-

1837 5524 2009 5579 renda
2029 5522 2207 5594 ipsius
2229 5521 2446 5591 putrida
2472 5528 2526 5575 et
2545 5521 2814 5576 scatentia
2837 5518 3118 5575 vermibus
3145 5518 3230 5571 vix
3253 5533 3451 5587 exspe-

1839 5616 2375 5685 ctabanrquousque
2424 5613 2546 5666 vita:
2574 5613 2723 5666 illius
2776 5611 3109 5666 miserabilis
3166 5610 3452 5664 adveniret

2963 5741 3032 5800 :tl
