3912 6044
477 235 572 287 971

1470 223 1838 281 BERENGOSI
1878 221 2148 285 ABBATIS
2187 222 2240 274 S.
2283 223 2519 279 MAXIM!
2557 225 2825 282 TBEVIR.

3691 228 3809 282 972
3884 208 3885 213 ‘

479 358 772 414 terminus.
797 348 2086 425 Quantomagisinverendisejusputridisplaga
2112 350 2160 414 Α
2187 347 2445 416 quoniam
2485 348 2542 400 in
2574 348 2790 403 camino
2831 348 2975 423 ignis
3003 350 3192 405 aeterni
3242 350 3410 405 tantis
3458 349 3812 405 cruciatibus

478 448 633 503 saevit
675 444 881 507 divina,
938 450 1088 497 tanto
1145 441 1318 509 magis
1372 438 1732 509 multiplicata
1782 444 1864 491 est
1900 437 1956 492 in
2007 435 2087 493 eis

478 536 654 597 ruina,
696 534 825 588 dum
883 537 1107 603 prepter
1142 531 1250 585 hoc
1288 529 1432 599 quod
1474 529 1691 582 animus
1734 526 1784 580 ei
1830 541 1977 592 acer,
2033 534 2087 580 et

479 630 723 685 tumidus
755 628 928 680 inerat
957 632 1167 689 venter,
1216 622 1375 676 dolor
1402 620 1523 686 ejus
1553 625 1667 674 erat
1696 619 1748 672 in
1783 625 2085 690 conspectu

477 732 578 771 suo
629 729 869 784 semper.
905 712 1171 775 Quoniam
1233 710 1357 764 licet
1409 709 1460 761 in
1507 725 1616 762 una
1657 716 1808 779 parte
1868 714 2089 765 vexaret

477 822 599 861 cum
635 802 830 857 febris.
869 809 926 856 et
947 801 999 854 in
1024 800 1196 853 altera
1224 799 1468 872 prurigo,
1500 797 1609 852 cibi
1641 804 1823 850 tamen
1846 796 2088 867 inexple-

480 894 606 947 bilis
654 892 703 946 ei
739 891 1027 945 videbatur
1067 890 1248 943 inesse
1295 887 1517 957 cupido,
1554 886 1626 940 ita
1654 893 1712 940 ut
1759 886 1951 940 crebra
1992 887 2089 942 im-

482 983 679 1054 pulsio,
700 980 868 1034 nimia
902 978 1133 1043 inﬂatio,
1177 976 1341 1031 tussis
1370 975 1578 1029 ventris
1609 974 1907 1048 ingluviem
1939 990 2086 1046 saepe

479 1080 771 1126 testaretur
801 1068 1036 1123 edentis.
1066 1068 1337 1121 Praeterea
1361 1081 1489 1120 vero
1521 1066 1667 1119 intus
1701 1064 1828 1120 licet
1857 1071 1911 1118 et
1942 1075 2088 1121 exte-

480 1163 592 1216 rius
648 1160 819 1214 nimio
877 1168 1133 1212 aestuaret
1187 1156 1468 1221 incendio,
1506 1155 1687 1208 adhuc
1730 1162 1915 1209 tamen
1964 1155 2087 1211 vitae

479 1254 766 1324 praesentis
796 1250 1031 1303 libenter
1064 1254 1309 1302 uteretur
1359 1246 1711 1316 compendio,
1766 1245 1871 1299 nisi
1915 1246 2086 1317 quod,

483 1344 671 1411 majori
703 1342 881 1395 adhuc
904 1336 1150 1407 corporis
1181 1334 1495 1389 inﬁrmitate
1526 1344 1800 1405 suscepta,
1829 1335 2090 1393 intestina

483 1435 629 1491 illius
682 1431 913 1486 diversis
952 1427 1228 1483 ulceribus
1274 1425 1422 1479 intus
1469 1425 1796 1479 videbantur
1832 1425 2084 1496 obsepta.

486 1529 636 1583 Unde
667 1525 794 1578 licet
824 1520 981 1592 aquis
1009 1518 1202 1572 calidis
1234 1517 1431 1571 infusis
1453 1526 1507 1571 et
1536 1517 1659 1572 oleo
1674 1516 1851 1571 calido
1883 1518 2089 1587 saepius

2189 434 2354 489 habet
2374 436 2709 490 aeternalitcr
2737 437 2922 508 coqui,
2954 444 3014 492 ut
3038 453 3148 492 non
3176 454 3316 508 opus
3344 439 3415 492 sit
3444 437 3615 492 nobis
3639 437 3811 509 quid-

2189 545 2351 599 quam
2390 529 2460 583 de
2489 544 2556 585 eo
2602 530 2837 601 amplius
2889 532 3059 603 loqui.
3092 533 3216 603 Ipse
3255 533 3400 586 enim
3456 532 3812 587 immanitate

2189 618 2531 672 crudelitatis
2554 618 2610 672 in
2628 619 3002 674 innocentium
3027 628 3271 677 armatus
3290 630 3549 688 mortem,
3578 630 3812 677 aeterna!

2193 707 2380 777 procul
2423 708 2593 763 dubio
2634 710 2824 764 mortis
2875 712 3066 765 incidit
3117 721 3354 777 sortem;
3410 711 3818 767 Constantinus

2189 814 2319 853 vero
2347 815 2377 853 e
2408 809 2597 854 contra
2625 801 2959 857 humanitate
2985 804 3203 872 pietatis
3229 804 3610 859 innocentium
3647 803 3814 858 diﬁ'e—

2191 905 2316 943 rens
2371 897 2620 955 mortem,
2678 900 2896 946 aeterna
2933 892 3053 947 sine
3100 893 3270 949 dubio
3326 894 3519 949 mortis
3556 903 3815 949 evaserat

2190 986 2416 1033 sortem.
2475 979 2717 1043 Qualiter
2743 991 2927 1034 autem
2976 983 3226 1036 eamdem
3284 990 3516 1038 mortem
3545 985 3812 1046 evaserit,

2189 1068 2273 1122 vel
2293 1068 2416 1138 quis
2444 1068 2550 1122 sibi
2572 1068 2711 1122 viam
2737 1070 3007 1124 evadendi
3033 1073 3547 1142 praemonstraverit,
3577 1089 3653 1128 eo
3681 1075 3806 1145 ple-

2190 1157 2315 1211 nius
2340 1158 2498 1213 vobis
2527 1159 2771 1213 enodare
2805 1159 3077 1224 volumus,
3118 1176 3228 1232 quo
3255 1161 3327 1216 de
3357 1163 3693 1217 necessariis
3722 1179 3808 1217 re-

2191 1250 2294 1303 bus
2322 1248 2409 1303 hic
2447 1248 2745 1320 quidquam
2782 1251 3201 1320 praetermittere
3244 1252 3520 1307 nolumus.
3556 1254 3805 1308 Decurso

2190 1339 2354 1411 igitur
2387 1338 2478 1392 die
2509 1354 2619 1409 quo
2664 1354 2763 1409 pro
2802 1337 3137 1396 effundenda
3175 1344 3451 1417 sanguine
3489 1342 3730 1398 innoxio
3770 1365 3797 1397 a

2189 1429 2430 1484 nefando
2476 1445 2536 1483 se
2581 1429 2843 1484 abstinuit
2892 1430 3129 1500 piaculo,
3172 1433 3423 1503 sequenti
3483 1441 3652 1488 nocte
3717 1450 3810 1504 per

2192 1519 2380 1574 beatos
2407 1520 2687 1588 apostolos
2711 1519 2929 1573 Petrum
2958 1526 3012 1573 et
3043 1519 3271 1574 Paulum
3310 1519 3366 1574 in
3399 1522 3545 1575 hunc
3574 1538 3801 1576 sensum

483 1612 837 1688 fueritgratia
865 1609 1153 1663 medicina:
1177 1614 1496 1677 perunctus,
1527 1608 1594 1660 ad
1624 1607 1873 1661 ultimum
1906 1614 2088 1662 tamen
2118 1638 2166 1707 B
2189 1611 2377 1666 divino
2408 1610 2681 1665 revelatus
2717 1620 2799 1665 est
2836 1612 3079 1679 oraculo,
3119 1612 3330 1666 scilicet
3368 1614 3515 1683 quod
3556 1616 3795 1669 salutem

484 1707 625 1759 mala
679 1707 856 1756 morte
885 1705 940 1752 et
991 1697 1138 1751 malo
1168 1694 1277 1749 ﬁne
1335 1694 1435 1749 fuit
1466 1694 1776 1759 defunctus,
1806 1694 1934 1766 quia
1969 1702 2090 1766 post

485 1796 651 1849 multa
688 1804 973 1862 poenarum
1031 1801 1253 1858 genera,
1287 1784 1492 1856 quibus
1531 1784 1669 1839 alios
1710 1784 1860 1855 prius
1890 1802 2091 1841 cruen-

485 1890 709 1949 taverat,
745 1884 886 1937 ultro
915 1880 1138 1934 tandem
1185 1878 1427 1947 seipsum
1462 1876 1685 1947 proprio
1741 1876 2092 1934 interfecerat

482 1980 675 2033 cultro.
702 1976 789 2029 Sic
818 1974 985 2047 igitur
1014 1969 1293 2041 quomodo
1312 1969 1449 2024 alios
1475 1969 1626 2039 prius
1651 1968 1884 2022 diversis
1917 1969 2090 2044 plagis

485 2071 808 2124 innocenter
837 2064 1048 2130 afﬂixit,
1079 2063 1273 2117 mirum
1317 2078 1426 2117 non
1460 2070 1541 2116 est
1567 2062 1713 2133 quod
1747 2062 1886 2116 mala
1919 2072 2090 2117 morte

485 2160 641 2221 obiit,
669 2175 764 2230 qui
797 2172 1019 2227 semper
1048 2154 1190 2208 male
1242 2154 1413 2217 vixit;
1461 2153 1655 2208 mirum
1681 2154 1843 2208 etiam
1878 2169 1987 2209 non
2013 2162 2097 2209 est

484 2252 628 2324 quod
690 2250 742 2303 in
792 2256 1059 2303 aeternum
1108 2252 1162 2301 et
1191 2246 1331 2301 ultra
1372 2245 1607 2316 prepriis
1645 2245 1976 2301 cruciandus
2013 2255 2095 2301 est

485 2340 687 2411 pmnis,
748 2340 841 2410 qui
893 2353 1171 2408 nunquam
1227 2335 1411 2390 satiari
1465 2335 1685 2390 valebat
1741 2351 1805 2389 ex
1872 2335 2089 2391 alienis.

482 2430 740 2495 Quamvis
768 2429 914 2483 enim
947 2438 1075 2483 ante
1114 2434 1344 2483 mortem
1378 2443 1530 2481 suam
1566 2425 2091 2496 interfectionejus-

482 2529 660 2576 torum
684 2519 778 2573 Dei
802 2535 950 2589 saape
973 2517 1344 2588 profanaverit
1365 2518 1651 2587 templum,
1686 2518 1738 2571 in
1763 2517 1879 2587 ipsa
1906 2525 2088 2572 tamen

481 2615 656 2663 morte
690 2607 923 2678 posteris
948 2607 1066 2662 suis
1096 2606 1298 2661 malum
1333 2607 1555 2677 reliquit
1592 2608 1928 2676 exemplum,
1958 2607 2087 2661 dum

479 2697 781 2752 nobiliores
809 2712 1084 2769 quosque,
1119 2711 1259 2767 quos
1288 2711 1353 2750 ex
1408 2696 1557 2751 omni
1587 2696 1775 2751 Judzea
1829 2696 1885 2749 in
1919 2712 2085 2750 unum

476 2791 654 2845 locum
698 2789 823 2845 fecit
863 2788 1207 2863 congregari,
1251 2788 1306 2842 in
1365 2789 1483 2860 ipso
1515 2789 1663 2843 exitu
1703 2789 2086 2857 animaajussit

474 2895 671 2933 omnes
700 2879 882 2952 gladio
911 2878 1117 2943 necari,
1145 2885 1203 2932 ut
1230 2878 1555 2947 superstites
1585 2893 1775 2932 eorum
1809 2894 1876 2933 eo
1902 2879 2084 2933 minus

2191 1703 2370 1757 carnis
2396 1718 2457 1758 ac
2474 1702 2703 1773 spiritus
2731 1719 2760 1757 a
2790 1718 3006 1758 summo
3037 1712 3367 1759 consecutus
3393 1716 3545 1760 esset
3565 1706 3799 1776 Opiﬁce,

2191 1795 2237 1848 si
2260 1794 2413 1865 prius
2441 1796 2673 1849 salutem
2699 1795 2898 1849 animae
2933 1812 2964 1849 a
2997 1794 3274 1866 Sylvestro
3300 1806 3578 1868 quaareret
3611 1799 3799 1869 ponti-

2191 1882 2312 1939 fice.
2348 1884 2387 1937 Ο
2426 1891 2631 1954 quanta
2677 1883 2994 1957 benignitas
3032 1893 3087 1939 et
3133 1885 3444 1940 humanitas
3474 1887 3799 1942 Salvatoris!

2192 1972 2287 2043 qui
2317 1987 2439 2027 cum
2464 1979 2677 2027 creator
2722 1972 2793 2026 sit
2839 1972 3088 2026 omnium
3117 1980 3511 2039 creaturarum,
3550 1975 3661 2029 tale
3688 1983 3805 2030 tan-

2193 2066 2419 2130 tumque
2475 2060 2796 2130 mysterium
2847 2068 3001 2116 tanto
3039 2062 3157 2117 viro
3202 2063 3373 2118 voluit
3403 2065 3651 2120 revelare
3711 2082 3805 2136 per

2189 2151 2488 2218 somnium,
2522 2151 2670 2222 quod
2709 2152 2939 2207 salutem
2972 2155 3222 2225 corporis
3250 2162 3305 2209 et
3334 2157 3530 2210 animae
3559 2173 3804 2229 superno

2192 2249 2632 2312 consequeretur
2653 2240 2926 2295 examine.
2954 2240 3346 2298 Constantinus
3365 2244 3529 2316 igitur
3554 2246 3622 2300 ad
3644 2262 3801 2302 com-

2193 2332 2535 2403 probandam
2566 2332 2795 2405 gratiam
2837 2332 3038 2387 divinae
3063 2334 3283 2403 pietatis
3307 2342 3361 2390 et
3397 2335 3608 2407 gloriae,
3649 2354 3804 2393 eam-

2192 2420 2317 2475 dem
2354 2420 2623 2475 visionem
2673 2420 3095 2491 diligentissime
3135 2424 3560 2479 commendabat
3590 2441 3804 2482 memo-

2191 2512 2306 2578 riae,
2338 2521 2398 2565 ut
2427 2526 2492 2566 eo
2523 2510 2684 2566 citius
2714 2526 2834 2565 eam
2869 2510 3147 2582 Sylvestro
3179 2521 3366 2584 posset
3394 2514 3645 2590 mitigata
3676 2534 3803 2572 cru-

2190 2602 2415 2657 delitate
2463 2601 2691 2669 referre,
2720 2618 2829 2673 quo
2871 2618 2981 2673 pra:
3021 2604 3214 2659 timore
3250 2604 3399 2660 illius
3439 2606 3533 2661 diu
3573 2607 3804 2665 latitavit

2189 2692 2244 2746 in
2274 2692 2557 2747 montibus
2585 2702 2641 2746 et
2689 2692 2745 2745 in
2777 2691 3060 2762 speluncis
3114 2702 3169 2748 et
3216 2694 3270 2748 in
3310 2696 3562 2751 cavernis
3616 2705 3794 2753 teme.

2189 2783 2319 2847 Quis
2377 2793 2560 2837 autem
2609 2782 2816 2856 cogitet
2851 2791 3094 2838 vestrum
3152 2799 3312 2854 quam
3352 2786 3607 2842 celeriter
3632 2789 3704 2842 ad
3740 2805 3800 2843 se

2185 2874 2367 2931 statim
2408 2872 2614 2927 faceret
2642 2870 2896 2926 accersiri
2921 2872 3301 2942 Sylvestrum?
3331 2875 3462 2938 Quis
3494 2874 3657 2929 etiam
3699 2890 3798 2930 co-
3882 2890 3885 2909 *

474 2971 542 3023 de
573 2980 747 3025 morte
776 2987 877 3023 sua
917 2969 1246 3043 gauderent,
1303 2984 1413 3038 quo
1444 2968 1653 3039 aliquid
1709 2969 1854 3024 inter
1890 2987 2086 3025 manus
2108 2995 2157 3063 ρ
2188 2967 2322 3043 gitet
2352 2981 2514 3038 quam
2544 2965 2765 3037 longam
2792 2964 2899 3019 sibi
2929 2962 3219 3019 videbatur
3242 2965 3424 3021 facere
3445 2982 3676 3033 moram,
3705 2983 3804 3022 cu-

475 3062 745 3117 haberent
773 3062 920 3116 unde
945 3062 1119 3134 magis
1148 3061 1216 3114 de
1248 3076 1468 3115 suorum
1510 3060 1898 3116 interfectione
1929 3062 2081 3133 luge-

474 3157 612 3204 rent.
660 3150 699 3204 0
732 3149 978 3221 nequitia
1031 3146 1212 3223 regisl
1254 3155 1308 3202 et
1361 3148 1628 3219 injustitia
1672 3150 1903 3205 Herodis
1959 3168 2081 3222 qua

475 3246 637 3300 tantis
668 3262 730 3300 ac
785 3245 986 3299 talibus
1029 3244 1187 3298 malis
1219 3245 1438 3319 cognita
1493 3254 1576 3299 est
1623 3245 1786 3300 nobis
1815 3253 1868 3301 et
1901 3245 2076 3305 vobis.

469 3339 561 3410 qui
617 3338 718 3393 sub
777 3346 1040 3408 praetextu
1098 3339 1318 3409 pietatis
1369 3339 1680 3394 Judaeorum
1722 3343 2076 3397 convocando

466 3432 771 3495 cohortem,
828 3448 928 3501 per
994 3429 1387 3484 immanitatem
1454 3437 1851 3487 tormentorum
1907 3434 2073 3487 vitam

467 3520 825 3591 sperantibus
857 3519 1039 3573 intulit
1065 3527 1329 3575 mortem:
1372 3518 1438 3571 ad
1484 3520 1588 3574 hoc
1627 3520 1842 3575 scilicet
1875 3522 2076 3577 talibus

460 3609 718 3680 auspiciis
748 3608 1012 3663 dedicans
1042 3608 1323 3663 introitum
1365 3608 1557 3663 mortis
1586 3615 1639 3663 et
1683 3609 1887 3664 exitum
1927 3610 2072 3679 vitae,

462 3707 519 3752 ut
547 3698 638 3769 qui
665 3698 733 3752 de
774 3697 922 3751 illius
952 3706 1129 3751 morte
1163 3697 1364 3751 tristari
1405 3697 1699 3751 noluerant
1729 3698 2075 3754 tristarentur

461 3785 654 3841 invite.

1100 3854 1310 3908 CAPUT
1341 3856 1429 3910 Vl.

462 3974 521 4023 Ut
550 3971 772 4039 apostoli
826 3975 1014 4024 Petrus
1047 3975 1098 4023 et
1137 3971 1339 4024 Paulus
1397 3974 1748 4026 Constantino
1800 3988 2069 4041 apparue-

669 4043 804 4107 rint,
834 4042 1076 4109 idemque
1112 4042 1530 4096 cateclmmenus
1558 4044 1737 4108 factus
1755 4046 1847 4097 sit.

530 4148 725 4202 Verum
759 4147 888 4218 quia
920 4146 1213 4217 reprobare
1254 4147 1456 4202 malum
1501 4159 1555 4202 et
1610 4150 1817 4225 eligere
1858 4150 2063 4206 bonum

458 4253 568 4292 non
609 4238 831 4292 humani
863 4238 961 4291 sed
991 4237 1163 4291 divini
1185 4238 1433 4293 muneris
1473 4249 1555 4292 est
1585 4239 1811 4307 donum,
1845 4250 2064 4313 tempus

2181 3065 2272 3132 jus
2315 3063 2665 3134 praesentiam
2705 3061 2794 3117 vix
2824 3076 2991 3116 unam
3021 3068 3439 3131 exspectaverat
3467 3062 3657 3116 horam
3676 3062 3706 3115 7
3735 3062 3798 3117 Ut

2160 3155 2328 3216 .enim
2362 3154 2616 3210 celeriter
2646 3152 3018 3208 adduceretur
3045 3152 3128 3206 vir
3156 3151 3249 3206 ille
3279 3151 3497 3221 beatus,
3536 3168 3605 3209 eo
3643 3155 3794 3209 cele—

2181 3250 2293 3304 rius
2325 3256 2447 3319 post
2476 3248 2627 3301 illum
2656 3246 2856 3300 missus
2877 3253 2961 3300 est
2986 3260 3084 3316 pro
3117 3246 3310 3300 nuntio
3343 3246 3588 3311 nuntius,
3622 3254 3678 3301 et
3697 3264 3787 3318 pro

2178 3341 2356 3415 legato
2385 3342 2614 3413 legatus,
2647 3352 2755 3410 quo
2799 3344 3132 3408 cooperante
3169 3339 3345 3410 gratia
3371 3339 3571 3393 divinae
3629 3340 3790 3394 virtu-

2176 3433 2266 3495 tis,
2291 3431 2360 3485 ab
2388 3431 2585 3485 eodem
2618 3430 2736 3484 viro
2761 3428 3090 3484 medicinam
3121 3428 3316 3484 debuit
3345 3430 3545 3484 habere
3576 3430 3789 3485 salutis.

2178 3521 2455 3592 Sylvester
2471 3528 2653 3575 autem
2674 3519 3129 3590 pusillanimitate
3155 3519 3381 3590 spiritus
3396 3530 3452 3576 et
3465 3528 3792 3592 tempestate

2177 3628 2244 3667 eo
2277 3613 2458 3666 minus
2498 3610 2735 3665 habebat
2763 3611 2982 3677 vitium,
3021 3626 3131 3682 quo
3170 3626 3229 3665 se
3263 3611 3438 3686 magis
3465 3613 3650 3667 vocari
3680 3612 3797 3668 for-

2174 3701 2403 3756 midavit
2423 3700 2495 3755 ad
2521 3699 2863 3771 martyrium,
2891 3702 3143 3772 quamvis
3174 3717 3271 3772 pro
3298 3701 3529 3756 Domino
3562 3709 3791 3772 paratus

2177 3803 2324 3851 esset
2357 3796 2413 3849 in
2456 3810 2733 3849 carcerem
2764 3802 2818 3849 et
2857 3795 2911 3849 in
2943 3806 3173 3851 mortem
3204 3798 3306 3862 ire,
3337 3796 3550 3851 etiamsi
3591 3798 3663 3852 ab
3693 3813 3792 3853 eo-

2170 3890 2296 3944 dem
2330 3889 2552 3944 homine
2596 3895 2887 3963 cogeretur
2925 3891 3111 3945 omnia
3138 3897 3536 3946 tormentorum
3575 3908 3785 3966 genera

2171 3978 2372 4033 subire.
2411 3977 2473 4032 Et
2524 3977 2777 4048 quamvis
2809 3992 2906 4047 pro
2963 3978 3157 4033 eadem
3209 3979 3581 4035 sollicitudine
3622 3980 3781 4051 quasi

2167 4071 2316 4125 mille
2370 4070 2738 4142 cogitationes
2801 4070 3027 4126 haberet
3074 4079 3204 4128 ante
3237 4073 3405 4140 mille,
3459 4073 3565 4128 alio
3595 4081 3780 4128 tamen

2168 4166 2334 4222 modo
2375 4165 2711 4239 cogitaverat
2767 4165 2886 4235 ipse
2944 4172 3001 4220 et
3054 4167 3164 4222 alio
3208 4166 3327 4234 ille,
3380 4168 3645 4238 quoniam
3687 4184 3785 4239 per

2167 4254 2367 4309 divina:
2408 4253 2628 4323 pietatis
2657 4253 3043 4310 inaestimabile
3074 4256 3281 4312 donum
3324 4258 3474 4329 quod
3506 4258 3629 4329 ipse
3685 4260 3781 4313 de-

455 4336 647 4394 estut,
680 4330 821 4384 sicut
862 4329 1024 4399 paulo
1059 4335 1185 4383 ante
1215 4330 1285 4382 de
1330 4330 1686 4386 Constantino
1713 4333 2140 4429 vertebamurD
2170 4346 2379 4416 putavit
2417 4344 2484 4398 ad
2515 4344 2740 4409 malum,
2794 4345 2888 4400 me
2929 4347 3177 4401 veru-bal
3231 4348 3287 4401 in
3347 4348 3575 4403 δοηιηη,
3639 4350 3782 4405 Licet

454 4422 521 4474 ad
553 4421 843 4486 Herodem,
878 4420 950 4474 ita
981 4436 1129 4474 nunc
1156 4421 1224 4475 de
1280 4420 1491 4475 Herode
1520 4422 1588 4475 ad
1644 4424 2058 4479 Constantinum

454 4509 651 4564 ordine
680 4517 1019 4563 revertamur
1050 4508 1265 4563 eodem.
1307 4510 1458 4565 Sicut
1503 4510 1650 4564 enim
1685 4511 1925 4567 Herodes
1959 4513 2059 4567 du-

454 4600 585 4671 plici
616 4600 708 4653 illa
744 4600 1077 4655 contritione
1126 4600 1182 4654 in
1230 4611 1465 4672 utroque
1507 4617 1805 4671 percussus
1844 4611 1928 4658 est
1958 4604 2064 4659 ho-

453 4691 627 4757 mine,
654 4690 724 4744 de
746 4706 854 4761 qua
874 4690 1137 4761 scriptum
1155 4702 1267 4746 est:
1294 4694 1503 4762 Duplici
1521 4696 1839 4749 contritione
1855 4702 2065 4751 contere

450 4794 557 4846 eos,
600 4783 816 4835 Domine
843 4779 970 4849 (Jer.
1020 4781 1187 4851 xvn);
1232 4782 1306 4837 ita
1365 4781 1752 4837 Constantinus
1797 4799 1829 4837 e
1873 4791 2064 4839 contra

453 4885 551 4940 pro
595 4853 917 4939 simpliciori
947 4872 1110 4943 culpa
1165 4873 1491 4943 simpliciori
1540 4890 1570 4928 a
1621 4875 1730 4929 Deo
1771 4890 2063 4945 percussus

450 4967 536 5012 est
571 4959 750 5032 plaga,
784 4960 913 5014 dum
948 4977 1046 5031 pro
1070 4960 1453 5032 persecutione
1492 4961 1797 5017 Christiana
1832 4966 2064 5020 mulcta-

449 5052 536 5101 tus
552 5055 636 5103 est
664 5047 820 5118 lepra
847 5049 1054 5103 volatili
1087 5055 1140 5103 et
1176 5065 1330 5121 vaga.
1370 5050 1477 5105 Sed
1504 5052 1765 5122 quoniam
1798 5053 1857 5107 in
1888 5054 2064 5109 oculis

450 5137 544 5191 Dei
570 5136 762 5190 eadem
795 5138 956 5207 culpa
979 5153 1037 5192 se
1070 5137 1247 5193 noluit
1271 5138 1451 5193 facere
1478 5155 1630 5194 reum
1672 5157 1779 5212 qua
1816 5142 2060 5198 Herodes

446 5242 570 5280 cum
602 5226 852 5297 quiesivit
891 5242 1121 5297 puerum
1153 5229 1220 5282 ad
1261 5229 1608 5299 perdendum
1652 5247 1800 5298 eum,
1847 5232 1974 5288 ideo
2005 5242 2061 5288 et

448 5320 678 5391 praemio
708 5336 816 5376 non
844 5331 928 5376 est
958 5333 1343 5378 remuneratus
1372 5326 1567 5380 eodem
1600 5342 1710 5398 quo
1738 5343 2058 5381 remunera-

447 5424 559 5469 tum
594 5415 707 5484 jam
732 5417 988 5471 eumdem
1017 5425 1230 5473 constat
1262 5419 1550 5475 Herodem.
1587 5421 1719 5486 Quia
1759 5437 1889 5493 ergo
1912 5425 2060 5494 ejus-

445 5510 570 5563 dem
601 5509 822 5563 nefandi
855 5513 1001 5583 regis
1030 5514 1163 5567 satis
1201 5523 1522 5584 exasperata
1555 5524 1638 5570 est
1679 5518 1906 5584 mentio,
1935 5518 2060 5571 ideo

444 5600 764 5654 memoriam
801 5602 945 5657 illius
977 5605 1088 5672 jam
1141 5606 1396 5661 volumus
1441 5607 1758 5662 oblitterare
1808 5609 2054 5675 silentio,

2164 4434 2312 4491 enim
2361 4431 2754 4502 recuperandae
2818 4434 3068 4488 sanitatis
3123 4436 3414 4490 consilium
3459 4437 3529 4491 ab
3581 4439 3779 4492 eodem

2161 4519 2424 4594 pontiﬁce
2481 4520 2726 4576 nondum
2776 4520 2968 4577 fuisset
3015 4523 3270 4593 adeptus,
3334 4540 3532 4599 magno
3591 4534 3778 4580 tamen

2162 4611 2366 4685 gaudio
2397 4610 2479 4663 vir
2509 4609 2601 4663 ille
2630 4609 2824 4664 beatus
2862 4616 2945 4665 est
2982 4611 3050 4665 ab
3083 4611 3415 4683 imperatore
3462 4623 3782 4685 susceptus,

2167 4705 2428 4778 quoniam
2461 4719 2560 4775 pro
2594 4704 2958 4776 inquisitione
3018 4706 3166 4761 illius
3197 4721 3308 4762 non
3364 4714 3575 4763 tantum
3632 4709 3789 4779 prius

2169 4796 2409 4853 habebat
2434 4795 2700 4859 studium,
2741 4807 3003 4867 quantum
3047 4806 3103 4852 et
3140 4798 3193 4852 in
3219 4800 3573 4870 susceptione
3600 4801 3789 4872 ipsius

2168 4894 2359 4953 postea
2389 4883 2604 4938 solebat
2638 4884 2840 4940 habere
2880 4886 3206 4957 tripudium.
3239 4887 3377 4952 Quid
3408 4889 3608 4959 plura?
3632 4891 3786 4946 Duo-

2166 4974 2272 5029 bus
2319 4974 2483 5047 igitur
2527 4975 2629 5030 hac
2654 4983 2710 5030 et
2749 4976 2875 5030 illac
2903 4978 3108 5047 pariter
3136 4979 3575 5035 consedentibus
3614 4989 3675 5036 et
3714 4982 3787 5037 de

2163 5061 2273 5118 ﬁde
2304 5069 2505 5118 sanctae
2525 5062 2800 5119 Trinitatis
2834 5067 2934 5120 hac
2952 5073 3007 5121 et
3038 5065 3164 5120 illac
3193 5066 3429 5122 invicem
3455 5068 3786 5140 colloquen-

2162 5155 2330 5218 tibus,
2355 5155 2632 5225 colloquio
2654 5171 2845 5211 eorum
2876 5157 3072 5212 eadem
3101 5157 3223 5213 sine
3250 5149 3422 5215 dubio
3452 5160 3788 5216 credebatur

2160 5246 2427 5301 interesse
2458 5246 2682 5317 Sophia,
2722 5264 2844 5318 qua:
2890 5255 3014 5318 post
3052 5250 3509 5305 resurrectionem
3558 5250 3784 5306 duobus

2160 5339 2451 5410 discipulis
2476 5339 2805 5412 loquebatur
2830 5342 2886 5396 in
2920 5342 3029 5398 via.
3059 5343 3169 5397 Sed
3198 5344 3451 5414 quamvis
3481 5344 3626 5398 inter
3663 5345 3781 5400 haec

2164 5437 2352 5484 mutua
2392 5429 2820 5485 collocutionum
2852 5446 3058 5503 genera
3081 5430 3218 5486 ﬁdes
3241 5432 3425 5488 adhuc
3443 5432 3606 5486 unius
3630 5440 3779 5487 esset

2164 5520 2218 5574 in
2270 5519 2456 5575 radice
2487 5528 2700 5587 tenera,
2732 5529 2913 5576 tamen
2945 5529 3007 5577 ut
3042 5523 3188 5578 inter
3231 5524 3483 5579 diversas
3520 5524 3774 5593 proposi-

2164 5612 2347 5667 tiones
2407 5612 2809 5668 sententiarum
2845 5613 2987 5670 alter
3014 5614 3084 5668 ab
3112 5614 3288 5671 altero
3337 5616 3522 5671 minus
3545 5615 3776 5671 haberet
