3920 6054
200 292 308 346 973

1155 287 1237 341 DE
1279 287 1490 342 LAUDE
1532 285 1611 342 ET
1653 286 1783 342 INV.
1825 287 1880 344 S.
1923 287 2177 344 CRUCIS.
2219 320 2288 331 —
2329 290 2454 347 LIB.
2500 291 2592 345 lll.

3434 295 3542 350 974

200 418 446 486 taedium,
473 417 609 489 quid
639 417 745 472 sibi
790 416 1087 472 revelatum
1121 395 1214 483 sit,
1255 417 1394 471 alter
1431 416 1588 472 alteri
1615 433 1818 489 propo-
1844 423 1893 491 Α
1925 422 2069 478 inter
2121 437 2316 476 manus
2394 421 2663 476 habemus
2696 464 2712 489 ,
2772 423 2862 493 fde
2921 423 3143 478 nomine
3211 424 3377 479 unius
3404 469 3418 493 ,
3487 432 3541 482 et

200 511 366 565 nebat
421 510 474 564 in
529 509 797 574 medium,
855 509 985 564 dum
1043 509 1248 564 divinae
1305 509 1536 564 visionis
1597 511 1823 566 horama

199 599 407 669 (ὅραμα)
443 599 654 654 eisdem
685 599 868 653 verbis
899 598 993 652 ille
1023 599 1214 654 retulit
1240 598 1328 653 isti
1358 599 1564 670 quibus
1592 599 1642 654 ei
1673 600 1824 671 prius

203 693 503 746 revelatum
534 698 617 746 est
643 691 711 744 ab
744 690 1007 760 apostolis
1038 689 1236 745 Christi
1297 691 1358 744 Et
1384 690 1515 745 licet
1544 691 1688 746 idem
1718 693 1822 762 vir,

203 780 364 850 paulo
398 787 521 851 post
551 779 710 834 miles
739 778 934 834 Christi
969 779 1209 846 futurus,
1263 781 1663 851 aliquantulum
1681 788 1826 838 esset

201 871 270 925 de
301 872 496 926 eadem
527 871 743 927 visione
765 886 1027 938 securus,
1051 871 1230 927 adhuc
1260 881 1441 926 tamen
1472 871 1602 928 inde
1633 875 1826 930 volens

203 959 452 1016 securior
491 975 635 1025 esse,
670 959 956 1032 inquirere
988 959 1156 1030 coepit
1214 959 1260 1013 si
1311 958 1582 1031 imagines
1634 970 1824 1011 eorum

207 1052 546 1106 haberentur
575 1052 875 1122 impressze.
922 1051 1077 1106 Unde
1117 1058 1173 1106 et
1209 1051 1409 1106 beatus
1447 1049 1726 1122 Sylvester
1760 1046 1828 1100 ad

205 1141 604 1196 obstruendum
623 1140 874 1209 ejusdem
891 1138 1218 1194 difﬁdentia
1235 1139 1581 1210 voraginem,
1603 1151 1827 1192 eorum-

205 1234 331 1288 dem
363 1233 739 1304 apostolorum
783 1231 832 1286 ei
865 1232 1164 1306 genuinam
1205 1230 1406 1285 deferri
1463 1229 1591 1284 fecit
1630 1227 1827 1302 imagi-

208 1345 362 1383 nem:
407 1335 465 1383 ut
495 1327 713 1399 plenius
745 1334 1040 1382 testaretur
1069 1326 1252 1398 imago
1291 1326 1574 1396 impressa:
1626 1321 1827 1377 tabulae

207 1429 390 1474 utrum
421 1418 560 1474 visio
590 1419 683 1473 illa
701 1418 956 1489 deputari
998 1417 1231 1472 deberet
1257 1417 1336 1471 rei
1359 1423 1528 1490 gestae
1555 1413 1641 1468 vel
1672 1413 1829 1468 fabu-

205 1509 294 1564 la.
333 1509 392 1563 Et
421 1524 547 1563 cum
579 1523 690 1564 non
724 1507 862 1562 alias
902 1507 1175 1580 imagines
1203 1512 1401 1577 praeter
1429 1505 1528 1559 has
1564 1511 1836 1575 quaereret

209 1599 370 1663 duas,
429 1597 578 1652 inter
631 1612 828 1651 manus
868 1595 1215 1652 offerentium
1250 1593 1516 1649 continuo
1552 1608 1647 1648 eas
1682 1605 1838 1646 reco-

209 1689 400 1764 gnovit
440 1697 499 1742 ut
546 1703 694 1752 suas,
729 1687 860 1742 dum
913 1701 1014 1758 pro
1061 1684 1289 1742 modulo
1339 1700 1439 1740 suo
1488 1699 1556 1739 eo
1605 1683 1842 1752 majores

1925 515 1995 569 de
2069 510 2400 582 baptismate
2483 510 2709 564 alterius
2779 511 2962 581 aliqua
3027 511 3320 580 dicemus,
3399 529 3543 585 quo-

1927 602 2070 658 niam
2113 600 2168 654 in
2226 598 2588 670 quorumdam
2643 597 2903 654 cordibus
2959 615 3215 673 magnum
3277 601 3406 656 inde
3437 619 3544 656 sre-

1927 691 2050 762 pius
2097 697 2277 744 ortum
2355 695 2438 741 est
2511 687 2770 754 schisma,
2835 687 2983 758 quod
3066 689 3156 744 hic
3250 689 3318 744 de
3379 691 3546 746 Euse-

1927 779 2042 846 bio,
2080 786 2134 834 et
2178 778 2292 832 illic
2320 794 2350 832 a
2377 777 2656 848 Sylvestro
2695 777 2898 850 legitur
2929 781 3212 850 accepisse
3250 780 3541 850 baptisma.

1927 869 1982 923 Si
2022 871 2169 924 enim
2203 871 2257 925 in
2288 870 2458 943 gestis
2497 869 2806 925 Graecorum
2858 871 3106 926 studiose
3144 873 3431 943 quaeritur,
3473 873 3541 928 ab

1927 962 2166 1018 Eusebio
2197 962 2455 1017 Romanae
2486 962 2638 1017 urbis
2687 963 2950 1034 episcopo
2981 963 3295 1034 baptizatus
3339 965 3546 1018 asseri-

1929 1060 2036 1107 tur.
2069 1052 2121 1105 Si
2161 1058 2340 1106 autem
2401 1051 2455 1105 in
2513 1051 2756 1106 historiis
2811 1051 3180 1107 Romanorum
3229 1053 3413 1108 studio
3473 1054 3550 1109 ri-

1929 1147 2108 1194 matur
2137 1141 2390 1207 honesto,
2440 1139 2631 1210 procul
2663 1156 2695 1195 e
2735 1139 2906 1195 dubio
2939 1140 3248 1210 baptizatus
3289 1142 3490 1215 legitur
3519 1158 3550 1194 a

1930 1229 2224 1300 Sylvestro.
2262 1229 2413 1284 Unde
2447 1229 2688 1284 breviter
2719 1229 2809 1284 hic
2839 1230 3191 1285 enodandum
3223 1239 3310 1284 est
3353 1231 3407 1284 in
3443 1247 3550 1285 no-

1930 1322 2081 1376 mine
2109 1322 2349 1386 Domini,
2396 1323 2636 1394 qualiter
2673 1322 2793 1376 bzec
2825 1323 2935 1377 duo
2963 1323 3189 1377 nomina
3222 1324 3315 1378 uni
3349 1339 3555 1378 conve-

1935 1414 2090 1468 niant
2128 1414 2362 1482 homini,
2404 1421 2463 1469 ut
2491 1415 2744 1485 quaestio,
2779 1431 2900 1486 quae
2945 1415 3090 1470 inter
3122 1415 3389 1488 quosdam
3424 1415 3552 1470 inde

1939 1509 2251 1577 soletoriri,
2275 1511 2424 1579 justa
2447 1509 2621 1581 possit
2645 1509 2858 1564 ratione
2889 1509 3081 1581 s0piri.
3107 1510 3423 1565 Secundum
3456 1509 3555 1563 de-

1943 1600 2247 1657 finitionem
2273 1603 2421 1656 enim
2452 1601 2808 1672 sapientium,
2841 1609 2894 1656 et
2943 1617 3056 1657 non
3088 1603 3394 1656 secundum
3435 1600 3555 1672 epi-

1943 1691 2167 1746 nionem
2194 1690 2458 1761 plebium,
2495 1689 2716 1761 quidam
2741 1705 2866 1744 eum
2899 1705 3164 1745 vocavere
3198 1687 3556 1760 Sylvestrum,

210 1778 340 1833 inde
368 1777 573 1850 gratias
611 1777 814 1832 divinae
855 1775 1047 1831 retulit
1097 1776 1306 1839 virtuti,
1369 1791 1480 1846 quo
1535 1774 1605 1828 de
1645 1773 1837 1828 eadem
1865 1773 1914 1788 ”
1943 1781 2166 1854 quidam
2208 1791 2390 1836 autem
2436 1780 2756 1848 Eusebium,
2797 1781 3084 1852 quoniam,
3113 1781 3256 1836 sicut
3286 1781 3340 1834 in
3387 1781 3559 1851 pluri-

212 1866 428 1922 νὶείοιὶθ
456 1880 707 1931 securus.
739 1863 977 1919 ViCiDiOI‘
1007 1863 1297 1918 Videbatur
1327 1880 1448 1918 esse
1472 1863 1657 1918 εᾶιιιῐίο
1688 1862 1840 1917 Unde
1942 1873 2045 1926 bus
2075 1869 2210 1924 locis
2247 1867 2484 1923 refertur
2513 1885 2544 1922 a
2575 1867 2920 1935 Christianis,
2961 1869 3232 1923 Eusebius
3259 1869 3562 1924 vocabatur

213 1963 502 2028 postquam
537 1971 598 2010 se
632 1955 690 2008 in
731 1953 949 2009 laudem
984 1969 1175 2008 eorum
1223 1953 1444 2007 animus
1475 1953 1595 2021 ejus
1636 1952 1832 2019 erexit.
1937 1975 1968 2014 a
1998 1958 2220 2025 Graecis,
2253 1965 2309 2012 et
2337 1957 2612 2028 Sylvester
2639 1973 2670 2011 a
2702 1957 2983 2013 Romanis.
3022 1958 3260 2014 Proinde
3295 1957 3558 2030 quoniam

213 2063 450 2118 quorum
481 2048 668 2102 vultus
695 2047 751 2100 in
789 2045 1004 2101 visione
1035 2045 1346 2116 conSpexit,
1386 2045 1673 2100 catholicae
1705 2043 1835 2098 ﬁdei
1941 2048 2212 2104 Eusebius
2235 2047 2478 2102 Graecum
2507 2061 2710 2100 nomen
2753 2055 2891 2112 erat,
2921 2061 3033 2102 non
3066 2047 3373 2122 incongrue
3403 2047 3558 2100 Grae-

217 2151 287 2191 eo
309 2135 485 2209 magis
507 2133 770 2190 delectari
801 2133 969 2204 coepit
997 2132 1286 2205 indagine,
1311 2149 1419 2204 quo
1445 2133 1515 2188 de
1547 2131 1730 2188 futura
1755 2147 1840 2186 sa-
1940 2154 2062 2193 cum
2104 2137 2239 2192 illud
2273 2151 2474 2192 nomen
2502 2151 2532 2190 a
2559 2135 2760 2190 Graecis
2790 2136 3052 2202 habebat,
3095 2136 3223 2208 quia
3249 2136 3393 2192 sicut
3419 2152 3449 2189 a
3481 2135 3562 2190 le-

221 2225 392 2279 nitate
418 2223 698 2279 certiorex
724 2221 1577 2296 utraquereddebaturimagiue.
1604 2220 1840 2277 Proinde
1941 2232 2125 2306 gendo
2163 2233 2343 2297 lector,
2368 2230 2448 2284 vel
2482 2245 2513 2284 ει
2545 2230 2827 2305 pingendo
2861 2235 3035 2300 ρίειον
3063 2237 3304 2291 νοοειιυιι,
3341 2230 3423 2284 sic
3457 2231 3562 2284 Eu-

227 2312 284 2366 in
315 2311 480 2368 corde
500 2311 675 2382 ipsius
700 2309 1044 2382 aliquantula
1065 2309 1266 2365 divinae
1295 2308 1631 2384 cognitionis
1650 2308 1845 2364 oborta

226 2404 559 2477 prepagine,
615 2404 672 2458 in
711 2418 910 2459 novam
951 2402 1250 2476 imaginem
1291 2419 1323 2456 a
1384 2401 1557 2456 veteri
1599 2401 1848 2456 transivit

224 2497 488 2569 imagine,
523 2497 653 2551 dum
683 2496 754 2550 ad
787 2496 890 2551 boc
918 2495 1332 2569 cognitionibus
1362 2495 1542 2558 malis,
1575 2503 1630 2548 et
1657 2493 1846 2564 operi-

224 2593 332 2647 bus
371 2591 705 2646 reuuntiavit
733 2590 982 2655 incestis,
1031 2595 1093 2643 ut
1121 2587 1217 2660 qui
1262 2588 1497 2659 portavit
1547 2586 1844 2658 imaginem

225 2683 455 2751 terreni,
501 2688 748 2754 portaret
793 2689 849 2736 et
908 2680 1206 2755 imaginem
1266 2679 1522 2735 caelestis.
1581 2679 1647 2733 Ut
1698 2678 1844 2733 enim

225 2779 383 2850 quasi
417 2778 486 2832 de
517 2777 761 2850 imagine
793 2776 860 2831 ad
883 2775 1204 2847 imaginem,
1238 2775 1313 2830 ita
1339 2775 1408 2829 de
1444 2773 1578 2830 vitio
1595 2773 1851 2828 transiret

229 2871 285 2924 in
317 2870 596 2934 virtutem,
639 2883 739 2940 pro
773 2867 962 2923 labore
1015 2866 1269 2939 quaesivit
1307 2867 1581 2938 requiem,
1637 2873 1692 2920 et
1748 2881 1848 2936 pro

229 2959 547 3015 infirmitate
578 2959 836 3025 salutem,
867 2957 1088 3030 quando
1138 2974 1237 3029 per
1277 2956 1614 3013 ineffabilem
1646 2956 1848 3011 divina:

229 3051 453 3124 pietatis
469 3049 794 3115 efficaciam,
827 3051 898 3105 de
918 3049 1163 3106 mortein
1182 3049 1372 3115 vitam,
1397 3049 1465 3103 de
1495 3049 1653 3118 culpa
1668 3055 1848 3102 trans-

229 3144 326 3200 ivit
375 3143 430 3198 in
463 3143 722 3218 gratiam.
777 3142 892 3197 Tali
933 3141 1139 3213 quippe
1195 3141 1360 3196 modo
1413 3140 1606 3196 volens
1663 3155 1723 3194 se
1779 3137 1848 3193 ab

233 3232 384 3288 omni
415 3233 678 3288 cohibere
743 3230 1012 3297 facinore,
1050 3233 1103 3298 ',a
1135 3229 1344 3286 carnali
1397 3245 1590 3300 Opere,
1633 3229 1784 3284 velut
1822 3245 1852 3283 a

236 3324 429 3398 legalis
485 3323 707 3378 Sabbati
754 3321 966 3394 quievit
1022 3321 1239 3377 itinere.
1274 3318 1494 3390 quando
1521 3326 1580 3372 ut
1631 3334 1662 3373 a
1691 3318 1855 3388 culpa

233 3419 424 3484 posset
466 3413 566 3478 ire,
606 3417 660 3466 et
711 3411 766 3464 in
826 3410 1003 3485 gratia
1053 3409 1364 3480 quiescere,
1409 3407 1567 3478 quasi
1615 3423 1738 3462 eum
1771 3407 1856 3462 lu-

235 3520 404 3560 cerna
433 3510 486 3557 et
513 3504 636 3558 luce
661 3502 717 3557 in
749 3515 862 3556 uno
891 3500 1060 3572 cmpit
1091 3499 1285 3565 minui,
1325 3506 1380 3553 et
1429 3498 1482 3552 in
1521 3497 1692 3553 altero
1731 3513 1854 3552 cre-

237 3611 415 3652 scere.
440 3595 542 3649 Per
559 3595 894 3665 Sylvestrum
922 3591 1070 3647 enim
1103 3590 1276 3646 divini
1303 3589 1532 3644 luminis
1551 3589 1858 3644 illustratus

239 3690 500 3758 scientia,
527 3689 670 3744 sicut
699 3686 994 3744 deficiebat
1013 3686 1070 3741 in
1101 3685 1284 3758 culpa,
1317 3686 1373 3738 in
1399 3686 1575 3760 gratia
1607 3685 1860 3757 proficie-

241 3785 335 3838 bat
363 3789 418 3838 et
446 3779 740 3852 sapientia,
773 3785 1002 3850 excepto
1022 3779 1129 3834 hoc
1168 3792 1280 3832 uno
1309 3777 1461 3848 quod
1488 3777 1670 3832 adhuc
1698 3777 1860 3848 culpa

243 3875 528 3948 redarguit
556 3890 704 3939 eum,
736 3873 884 3946 quod
918 3874 973 3928 in
999 3871 1277 3942 sapientia
1302 3871 1399 3925 Dei
1420 3870 1664 3926 nondum
1699 3871 1860 3942 plene

243 3964 504 4040 cognovit
531 3979 631 4033 per
659 3961 987 4032 sapientiam
1044 3961 1238 4016 Deum.
1281 3959 1436 4015 Unde
1473 3967 1534 4014 ut
1580 3959 1864 4030 sapienter

245 4061 390 4114 inter
420 4059 542 4114 illos
571 4057 852 4128 desiperet
874 4055 1223 4128 insipientes,
1253 4055 1322 4110 de
1364 4055 1569 4126 quibus
1597 4051 1859 4125 scriptum

247 4159 363 4206 est:
394 4154 521 4216 Quae
545 4151 716 4205 stulta
739 4155 871 4204 sunt
896 4149 1092 4204 mundi
1107 4149 1262 4217 elegit
1290 4153 1443 4215 Deus,
1477 4154 1539 4202 ut
1564 4147 1864 4214 confundat

247 4240 514 4307 sapientes
555 4236 602 4305 (I
631 4240 746 4292 Cor.
770 4235 853 4307 ιι),
885 4236 954 4290 de
985 4235 1095 4290 ﬁde
1116 4235 1398 4290 Trinitatis
1427 4241 1482 4290 et
1504 4235 1574 4290 de
1601 4235 1864 4306 mysterio

251 4328 434 4384 crucis
463 4343 531 4383 eo
561 4327 868 4383 studiosius
912 4326 1196 4398 inquirere
1235 4325 1404 4397 erepit
1428 4342 1459 4380 a
1495 4325 1861 4396 sapientibus,

1876 3093 1925 3162 C

1944 2321 2135 2377 sebius
2163 2337 2194 2375 a
2231 2321 2527 2377 scribendo
2555 2322 2756 2376 dicitur
2794 2323 2976 2377 bonus
3013 2322 3250 2392 scriptor
3305 2323 3396 2391 (2).
3435 2323 3556 2393 [pse

1946 2409 2094 2463 enim
2143 2409 2301 2479 quasi
2346 2408 2526 2463 scriba
2577 2409 2773 2464 doctus
2804 2409 2859 2463 in
2893 2425 3062 2484 regno
3119 2410 3386 2466 caelorum
3419 2411 3561 2481 stylo

1947 2497 2357 2568 praedicationis
2421 2496 2643 2568 scripsit
2714 2497 2769 2551 in
2849 2497 3115 2553 cordibus
3181 2499 3556 2569 proximorum

1947 2606 2070 2661 quae
2100 2589 2184 2660 vel
2209 2588 2394 2660 qualia
2417 2589 2680 2650 Dominus
2707 2590 2948 2644 narravit
2979 2591 3033 2644 in
3059 2590 3348 2660 scripturis
3375 2606 3561 2661 popu-

1950 2679 2146 2745 lorum,
2185 2678 2410 2749 quando
2441 2677 2584 2732 inter
2631 2685 2831 2734 caetera
2860 2678 3061 2734 divinae
3101 2679 3362 2750 potentia:
3397 2679 3559 2733 mira-

1949 2771 2095 2842 cula,
2128 2770 2356 2842 protulit
2395 2770 2476 2824 eis
2515 2771 2584 2824 de
2627 2771 2891 2826 thesauro
2929 2787 3029 2827 suo
3080 2788 3220 2828 nova
3267 2782 3323 2827 et
3357 2779 3564 2828 vetera.

1951 2863 2012 2918 Et
2041 2863 2302 2934 quoniam
2333 2863 2536 2918 veteris
2564 2878 2630 2916 ac
2645 2878 2823 2932 ,novae
2853 2863 2990 2936 legis
3020 2864 3262 2918 edictum
3295 2864 3351 2918 in
3385 2864 3567 2918 tabula

1949 2953 2136 3009 cordis
2169 2953 2252 3008 sui
2300 2953 2602 3026 diligenter
2633 2953 2870 3008 habebat
2909 2954 3257 3025 inscriptum,
3300 2953 3428 3008 ideo
3474 2953 3567 3007 die

1950 3060 2225 3120 noctuque
2271 3048 2466 3104 didicit
2506 3049 2560 3102 in
2582 3048 2863 3120 Scriptura
2888 3049 3133 3104 veritatis
3166 3049 3407 3121 qualiter
3437 3047 3568 3104 odio

1951 3141 2239 3196 habiturus
2268 3148 2412 3196 esset
2450 3157 2672 3196 omnem
2704 3141 2846 3197 viam
2879 3141 3208 3214 iniquitatis.
3238 3141 3392 3196 Unde
3417 3147 3572 3211 post-

1952 3247 2114 3302 quam
2158 3231 2210 3284 in
2244 3229 2491 3285 fontibus
2520 3230 2815 3285 Salvatoris
2876 3230 3147 3285 calamum
3195 3230 3381 3285 cordis
3411 3230 3574 3285 altius

1955 3323 2200 3385 intinxit,
2230 3321 2298 3376 ad
2345 3322 2642 3395 imaginem
2677 3329 2731 3376 et
2777 3321 3194 3376 similitudinem
3238 3322 3330 3376 Dei
3369 3321 3576 3376 mentis

1958 3409 2224 3466 interiora
2250 3409 2522 3480 depinxit,
2559 3415 2618 3464 ut
2649 3409 2702 3462 in
2743 3409 2906 3464 aliam
2957 3408 3187 3464 formam
3220 3409 3576 3464 transforma-

1954 3509 2104 3558 retur
2121 3501 2334 3556 calamo
2363 3499 2582 3567 scribae,
2614 3500 2886 3555 dicentis:
2931 3503 3136 3569 Lingua
3178 3516 3300 3556 mea
3333 3503 3577 3556 calamus

1954 3593 2142 3649 scribae
2167 3593 2412 3648 velociter
2447 3593 2728 3648 scribentis
2755 3593 2920 3662 (Psal.
2955 3594 3119 3648 xuvl.

2033 3685 2170 3759 Ergo
2216 3683 2347 3756 quia
2377 3684 2445 3738 de
2485 3683 2710 3739 nomine
2767 3683 2988 3739 Eusebii
3023 3699 3171 3738 nunc
3213 3681 3580 3737 satisfeeimus

1961 3776 2136 3832 turbae
2176 3776 2434 3847 pedestri,
2467 3776 2696 3850 dignum
2755 3785 2840 3832 est
2886 3783 2946 3832 ut
2975 3777 3045 3831 de
3085 3775 3354 3832 vocabulo
3383 3775 3574 3846 Sylve-

1961 3868 2057 3924 stri
2111 3869 2224 3940 jam
2299 3869 2455 3941 quasi
2537 3867 2746 3923 militia:
2822 3868 3230 3924 satisfaciamus
3313 3866 3580 3939 equestri,

1963 3962 2094 4034 quia
2141 3962 2284 4018 sicut
2349 3963 2418 4018 ab
2481 3977 2626 4034 equo
2680 3962 2882 4019 dicitur
2950 3978 3158 4035 eques,
3238 3968 3292 4016 et
3347 3978 3377 4015 a
3440 3959 3582 4031 pede

1963 4050 2242 4123 pedester,
2271 4052 2354 4106 sic
2390 4052 2536 4107 idem
2571 4053 2652 4107 vir
2681 4069 2790 4109 non
2820 4053 3128 4128 incongrue
3165 4069 3197 4106 a
3229 4053 3380 4124 sylva
3419 4066 3582 4106 voea-

1962 4139 2125 4195 batur
2141 4142 2412 4210 Sylvestcr.
2450 4140 2582 4204 Quis
2619 4141 2766 4196 enim
2808 4141 3025 4196 difﬁdat
3055 4143 3203 4196 hunc
3231 4141 3408 4196 virum
3451 4155 3586 4210 pro-

1965 4235 2198 4306 pheticis
2223 4242 2278 4290 et
2304 4235 2636 4309 evangelicis
2666 4235 2884 4308 legibus
2914 4237 3244 4296 institutum.
3294 4233 3585 4289 frondibus

1971 4326 2239 4380 bonorum
2267 4341 2496 4396 operum
2529 4326 2584 4380 in
2613 4326 2822 4396 sylvam
2853 4341 3074 4396 semper
3128 4323 3436 4379 excrevisse
3473 4323 3588 4378 vir-

255 4437 366 4494 quo
396 4422 464 4477 ad
509 4421 823 4493 exemplum
875 4395 1124 4492 Apostoli
1165 4395 1367 4476 debitor
1418 4436 1527 4478 esse
1564 4395 1739 4477 noluit
1773 4436 1866 4476 ,ςα-
1889 4395 1946 4466 Ῑ)
1973 4417 2188 4471 tutum?
2218 4395 2470 4472 Neicnim
2489 4417 2810 4492 evangelica
2833 4395 2987 4473 falce,
3011 4433 3134 4472 cum
3164 4417 3357 4471 eadem
3389 4416 3590 4471 arbore

249 4511 522 4581 pientibus
552 4517 604 4566 et
656 4511 1034 4581 insipientibus
1075 4511 1240 4578 (Rom.
1299 4510 1356 4582 ι).
1391 4511 1452 4564 Et
1490 4520 1549 4565 ut
1589 4517 1872 4582 perpetuae

254 4598 447 4655 salutis
473 4600 807 4672 quandoque
836 4600 1134 4673 attingeret
1159 4605 1398 4670 portum,
1433 4600 1487 4653 in
1525 4601 1710 4671 seipso
1755 4601 1873 4656 ido-

256 4686 485 4742 lolatriae
515 4702 768 4744 occasum
796 4694 852 4743 et
889 4687 1019 4742 fidei
1047 4687 1284 4760 praebuit
1313 4696 1516 4755 ortum,
1551 4688 1682 4760 quia
1712 4695 1869 4758 post-

259 4792 422 4848 quam
455 4791 555 4848 per
589 4777 809 4832 beatum
849 4777 1186 4848 Sylvestrum
1227 4775 1337 4831 ﬁde
1362 4785 1566 4832 sanctae
1599 4777 1874 4832 Trinitatis

261 4866 678 4935 informabatur,
713 4868 921 4924 ibidem
949 4869 1004 4924 in
1035 4869 1204 4925 corde
1231 4869 1381 4924 illius
1409 4877 1463 4926 et
1496 4868 1634 4925 ﬁdes
1663 4870 1876 4940 accepit

259 4959 529 5034 originem
561 4969 617 5016 et
646 4960 960 5016 idololatria
981 4960 1170 5016 finem.
1205 4961 1517 5016 Secundum
1544 4961 1877 5017 admonitio-

263 5067 388 5106 nem
418 5052 566 5107 enim
609 5052 870 5124 Sylvestri
901 5060 957 5108 et
996 5053 1387 5110 revelationem
1441 5054 1678 5120 Domini,
1729 5055 1877 5110 intus

263 5152 319 5199 et
345 5144 584 5200 exterius
617 5145 732 5200 Deo
782 5144 1030 5201 obedivit
1075 5153 1130 5201 et
1157 5145 1392 5213 homini,
1442 5147 1570 5201 dum
1625 5147 1774 5202 velut
1823 5146 1876 5201 in

265 5234 626 5308 Pythagorico
679 5235 830 5292 bivio
897 5237 1215 5293 catcchizati
1267 5238 1539 5309 arripiens
1599 5239 1878 5304 dextrum,

269 5322 397 5379 ﬁdei
430 5323 683 5394 symbolo
712 5325 1037 5380 catechizari
1079 5326 1279 5381 meruit
1310 5341 1410 5396 per
1449 5325 1805 5397 Sylvestrum.

906 5413 1114 5469 CAPUT
1144 5415 1255 5470 VII.

551 5505 589 5555 Α
621 5516 723 5571 quo
759 5502 1066 5572 baptizatus
1093 5507 1166 5562 sit
1195 5507 1598 5560 Constantinus.

1975 4508 2375 4576 succideretur,
2415 4509 2485 4563 de
2503 4525 2612 4580 qua
2639 4509 2839 4564 dicitur
2862 4526 2874 4562 :
2923 4512 3105 4564 Omnis
3131 4509 3292 4563 arbor
3318 4523 3439 4577 quae
3479 4524 3590 4562 non

1976 4601 2111 4666 facit
2133 4603 2380 4666 fructum
2418 4601 2618 4655 bonum
2646 4601 2941 4667 excidatur,
2968 4606 3020 4655 et
3067 4602 3128 4654 in
3174 4603 3352 4669 ignem
3406 4603 3588 4654 mitte-

1973 4697 2066 4746 tur
2095 4690 2263 4762 (Matt.
2309 4691 2408 4763 ιιι),
2469 4692 2595 4747 ideo
2622 4692 2850 4766 ﬁguram
2907 4691 3120 4747 arboris
3171 4692 3322 4746 illius
3373 4707 3596 4762 semper

1975 4782 2180 4837 habere
2196 4783 2686 4838 voluiteminentia
2711 4783 3054 4850 meritorum,
3089 4784 3158 4838 de
3189 4800 3298 4855 qua
3327 4783 3591 4853 scriptum

1977 4877 2087 4924 est:
2141 4877 2253 4927 Non
2315 4877 2393 4926 est
2453 4871 2613 4926 arbor
2673 4872 2823 4926 mala
2887 4874 3094 4938 faciens
3174 4874 3422 4939 fructum
3504 4872 3594 4925 bo-

1978 4978 2116 5017 num
2143 4962 2287 5032 (Luc.
2333 4962 2426 5031 νι).
2470 4962 2530 5016 Ει
2555 4962 2687 5034 quia
2719 4978 2866 5017 nunc
2896 4973 3080 5018 mente
3113 4963 3306 5032 libera,
3335 4971 3391 5019 et
3430 4978 3594 5017 carne

1979 5056 2192 5126 captiva
2237 5056 2294 5110 in
2341 5056 2506 5112 domo
2533 5057 2627 5112 Dei
2669 5057 2824 5128 quasi
2855 5056 3133 5114 fructifera
3174 5075 3394 5129 semper
3419 5057 3594 5111 flore-

1984 5143 2074 5198 bat
2099 5143 2266 5209 oliva,
2301 5144 2427 5199 ideo
2457 5160 2557 5215 pro
2593 5145 2858 5201 virtutum
2909 5145 3140 5202 ﬁoribus
3171 5152 3359 5218 typum
3395 5145 3598 5216 palmae

1953 5234 2136 5290 illius
2193 5235 2247 5290 in
2299 5243 2564 5291 aeternum
2613 5237 2856 5304 habebit,
2903 5237 2974 5292 de
3019 5253 3127 5310 qua
3180 5238 3444 5308 scriptum
3486 5246 3597 5292 est:

1984 5336 2171 5385 Justus
2203 5337 2261 5385 ut
2285 5331 2470 5400 palma
2496 5332 2703 5397 ﬂorebit
2732 5333 2836 5401 (Ps.
2865 5333 3014 5402 xcu).
3059 5331 3198 5397 Quia
3232 5331 3400 5405 igitur
3424 5330 3604 5386 bono-

1988 5436 2106 5474 rum
2149 5435 2378 5490 operum
2439 5420 2713 5493 virgultis,
2760 5423 2917 5494 quasi
2984 5421 3039 5475 in
3095 5420 3302 5491 sylvam
3342 5420 3604 5475 virtutum

1989 5523 2212 5579 semper
2242 5509 2504 5576 excrevit,
2537 5510 2666 5564 dum
2697 5511 2844 5582 quod
2874 5509 3060 5566 verbis
3100 5509 3313 5577 docuit,
3345 5509 3613 5580 operibus

342 5592 542 5648 Verum
604 5593 736 5664 quia
787 5592 1122 5664 Sylvestrum
1189 5603 1244 5651 et
1303 5595 1718 5651 Constantinum
1775 5595 1886 5665 jam
1989 5597 2262 5667 implevit,
2293 5597 2421 5654 ideo
2461 5598 2591 5653 dum
2623 5601 2864 5655 ccelestis
2895 5598 3048 5654 verbi
3082 5598 3357 5662 minister,
3398 5605 3452 5651 et
3479 5597 3617 5650 dixi—

352 5732 424 5804 (2)
468 5733 590 5789 Haec
617 5747 726 5789 non
753 5733 886 5788 satis
918 5733 1174 5789 videntur
1204 5735 1404 5790 Graecae
1435 5734 1819 5808 signiﬁcanlim
1854 5751 2135 5791 resonare.
