  <div class='ocr_page' id='page_1' title='image "/cluster/home/n/w/nwhite01/storage/ocr_20150623/160/hvd.32044054760186/493.png"; bbox 0 0 3920 6054; ppageno 0'>
   <div class='ocr_carea' id='block_1_1' title="bbox 374 246 3689 311">
    <p class='ocr_par' dir='ltr' id='par_1_1' title="bbox 374 246 3689 311">
     <span class='ocr_line' id='line_1_1' title="bbox 374 246 3689 311; baseline -0.003 0"><span class='ocrx_word' id='word_1_1' title='bbox 374 257 479 311; x_wconf 77' lang='grc'><strong>975</strong></span> <span class='ocrx_word' id='word_1_2' title='bbox 1354 248 1713 302; x_wconf 81' lang='lat' dir='ltr'><strong>BERENGOSI</strong></span> <span class='ocrx_word' id='word_1_3' title='bbox 1756 246 2027 300; x_wconf 77' lang='lat' dir='ltr'><strong>ABBATIS</strong></span> <span class='ocrx_word' id='word_1_4' title='bbox 2067 249 2118 299; x_wconf 88' lang='lat' dir='ltr'><strong>S.</strong></span> <span class='ocrx_word' id='word_1_5' title='bbox 2162 246 2407 301; x_wconf 83' lang='lat' dir='ltr'><strong>MAXIMl</strong></span> <span class='ocrx_word' id='word_1_6' title='bbox 2446 248 2710 301; x_wconf 73' lang='lat' dir='ltr'><strong>TREVllt.</strong></span> <span class='ocrx_word' id='word_1_7' title='bbox 3583 248 3689 303; x_wconf 87' lang='lat'><strong>976</strong></span> 
     </span>
    </p>
   </div>
   <div class='ocr_carea' id='block_1_2' title="bbox 374 379 3688 452">
    <p class='ocr_par' dir='ltr' id='par_1_2' title="bbox 374 379 3688 452">
     <span class='ocr_line' id='line_1_2' title="bbox 374 379 3688 452; baseline -0.002 -10"><span class='ocrx_word' id='word_1_8' title='bbox 374 405 458 442; x_wconf 80' lang='lat' dir='ltr'><strong>nae</strong></span> <span class='ocrx_word' id='word_1_9' title='bbox 489 383 800 439; x_wconf 76' lang='lat' dir='ltr'><strong>dilectionis</strong></span> <span class='ocrx_word' id='word_1_10' title='bbox 822 381 1106 435; x_wconf 74' lang='lat' dir='ltr'><strong>videbatur</strong></span> <span class='ocrx_word' id='word_1_11' title='bbox 1133 396 1255 434; x_wconf 89' lang='lat' dir='ltr'><strong>esse</strong></span> <span class='ocrx_word' id='word_1_12' title='bbox 1284 388 1590 451; x_wconf 79' lang='lat' dir='ltr'><strong>sequester,</strong></span> <span class='ocrx_word' id='word_1_13' title='bbox 1632 396 1740 434; x_wconf 92' lang='lat' dir='ltr'><strong>non</strong></span> <span class='ocrx_word' id='word_1_14' title='bbox 1785 379 1979 433; x_wconf 87' lang='lat' dir='ltr'><strong>imme-</strong></span> <span class='ocrx_word' id='word_1_15' title='bbox 2005 385 2054 448; x_wconf 89' lang='grc' dir='ltr'>Α</span> <span class='ocrx_word' id='word_1_16' title='bbox 2085 379 2161 433; x_wconf 89' lang='lat' dir='ltr'><strong>ria</strong></span> <span class='ocrx_word' id='word_1_17' title='bbox 2182 379 2367 450; x_wconf 85' lang='lat' dir='ltr'><strong>gaudii</strong></span> <span class='ocrx_word' id='word_1_18' title='bbox 2394 379 2787 450; x_wconf 74' lang='lat' dir='ltr'><strong>subsequentis</strong></span> <span class='ocrx_word' id='word_1_19' title='bbox 2829 379 3146 434; x_wconf 90' lang='lat' dir='ltr'><strong>levarentur</strong></span> <span class='ocrx_word' id='word_1_20' title='bbox 3181 380 3356 452; x_wconf 86' lang='lat' dir='ltr'><strong>gratia</strong></span> <span class='ocrx_word' id='word_1_21' title='bbox 3431 379 3688 435; x_wconf 88' lang='lat' dir='ltr'><strong>Constan-</strong></span> 
     </span>
    </p>
   </div>
   <div class='ocr_carea' id='block_1_3' title="bbox 372 474 1984 550">
    <p class='ocr_par' dir='ltr' id='par_1_3' title="bbox 372 474 1984 550">
     <span class='ocr_line' id='line_1_3' title="bbox 372 474 1984 550; baseline -0.004 -14"><span class='ocrx_word' id='word_1_22' title='bbox 372 485 479 536; x_wconf 88' lang='lat' dir='ltr'><strong>rito</strong></span> <span class='ocrx_word' id='word_1_23' title='bbox 534 479 692 550; x_wconf 90' lang='lat' dir='ltr'><strong>quasi</strong></span> <span class='ocrx_word' id='word_1_24' title='bbox 740 495 770 531; x_wconf 90' lang='lat' dir='ltr'><strong>a</strong></span> <span class='ocrx_word' id='word_1_25' title='bbox 817 477 967 546; x_wconf 80' lang='lat' dir='ltr'><strong>sylva</strong></span> <span class='ocrx_word' id='word_1_26' title='bbox 1020 474 1308 528; x_wconf 74' lang='lat' dir='ltr'><strong>dicebatur</strong></span> <span class='ocrx_word' id='word_1_27' title='bbox 1364 476 1637 543; x_wconf 80' lang='lat' dir='ltr'><strong>Sylvestcr.</strong></span> <span class='ocrx_word' id='word_1_28' title='bbox 1687 474 1793 527; x_wconf 79' lang='lat' dir='ltr'><strong>Sed</strong></span> <span class='ocrx_word' id='word_1_29' title='bbox 1844 474 1984 530; x_wconf 92' lang='lat' dir='ltr'><strong>sicut</strong></span> 
     </span>
    </p>
   </div>
   <div class='ocr_carea' id='block_1_4' title="bbox 374 566 1984 639">
    <p class='ocr_par' dir='ltr' id='par_1_4' title="bbox 374 566 1984 639">
     <span class='ocr_line' id='line_1_4' title="bbox 374 566 1984 639; baseline -0.004 -11"><span class='ocrx_word' id='word_1_30' title='bbox 374 590 518 628; x_wconf 90' lang='lat' dir='ltr'><strong>nunc</strong></span> <span class='ocrx_word' id='word_1_31' title='bbox 556 573 623 626; x_wconf 90' lang='lat' dir='ltr'><strong>de</strong></span> <span class='ocrx_word' id='word_1_32' title='bbox 690 571 935 639; x_wconf 90' lang='lat' dir='ltr'><strong>utrisque</strong></span> <span class='ocrx_word' id='word_1_33' title='bbox 991 566 1309 623; x_wconf 84' lang='lat' dir='ltr'><strong>nominibus</strong></span> <span class='ocrx_word' id='word_1_34' title='bbox 1349 566 1600 637; x_wconf 72' lang='lat' dir='ltr'><strong>quaedam</strong></span> <span class='ocrx_word' id='word_1_35' title='bbox 1656 566 1801 619; x_wconf 88' lang='lat' dir='ltr'><strong>dicta</strong></span> <span class='ocrx_word' id='word_1_36' title='bbox 1855 575 1984 622; x_wconf 88' lang='lat' dir='ltr'><strong>sunt</strong></span> 
     </span>
    </p>
   </div>
   <div class='ocr_carea' id='block_1_5' title="bbox 372 657 1985 735">
    <p class='ocr_par' dir='ltr' id='par_1_5' title="bbox 372 657 1985 735">
     <span class='ocr_line' id='line_1_5' title="bbox 372 657 1985 735; baseline -0.004 -17"><span class='ocrx_word' id='word_1_37' title='bbox 372 663 646 735; x_wconf 80' lang='lat' dir='ltr'><strong>privatim,</strong></span> <span class='ocrx_word' id='word_1_38' title='bbox 687 662 767 715; x_wconf 90' lang='lat' dir='ltr'><strong>sic</strong></span> <span class='ocrx_word' id='word_1_39' title='bbox 818 670 1049 729; x_wconf 89' lang='lat' dir='ltr'><strong>utraque</strong></span> <span class='ocrx_word' id='word_1_40' title='bbox 1108 658 1333 712; x_wconf 91' lang='lat' dir='ltr'><strong>nomina</strong></span> <span class='ocrx_word' id='word_1_41' title='bbox 1374 658 1484 724; x_wconf 86' lang='lat' dir='ltr'><strong>jam</strong></span> <span class='ocrx_word' id='word_1_42' title='bbox 1540 657 1597 710; x_wconf 91' lang='lat' dir='ltr'><strong>in</strong></span> <span class='ocrx_word' id='word_1_43' title='bbox 1648 673 1816 710; x_wconf 91' lang='lat' dir='ltr'><strong>unum</strong></span> <span class='ocrx_word' id='word_1_44' title='bbox 1858 668 1985 711; x_wconf 87' lang='lat' dir='ltr'><strong>sunt</strong></span> 
     </span>
    </p>
   </div>
   <div class='ocr_carea' id='block_1_6' title="bbox 371 746 1979 826">
    <p class='ocr_par' dir='ltr' id='par_1_6' title="bbox 371 746 1979 826">
     <span class='ocr_line' id='line_1_6' title="bbox 371 746 1979 826; baseline -0.004 -19"><span class='ocrx_word' id='word_1_45' title='bbox 371 753 681 826; x_wconf 79' lang='lat' dir='ltr'><strong>colligenda</strong></span> <span class='ocrx_word' id='word_1_46' title='bbox 702 748 1037 809; x_wconf 87' lang='lat' dir='ltr'><strong>summatim,</strong></span> <span class='ocrx_word' id='word_1_47' title='bbox 1068 747 1197 818; x_wconf 86' lang='lat' dir='ltr'><strong>quia</strong></span> <span class='ocrx_word' id='word_1_48' title='bbox 1221 747 1537 801; x_wconf 87' lang='lat' dir='ltr'><strong>licetunum</strong></span> <span class='ocrx_word' id='word_1_49' title='bbox 1568 746 1636 799; x_wconf 90' lang='lat' dir='ltr'><strong>ab</strong></span> <span class='ocrx_word' id='word_1_50' title='bbox 1664 746 1837 800; x_wconf 90' lang='lat' dir='ltr'><strong>altero</strong></span> <span class='ocrx_word' id='word_1_51' title='bbox 1868 746 1979 800; x_wconf 88' lang='lat' dir='ltr'><strong>dis-</strong></span> 
     </span>
    </p>
   </div>
   <div class='ocr_carea' id='block_1_7' title="bbox 372 838 1985 913">
    <p class='ocr_par' dir='ltr' id='par_1_7' title="bbox 372 838 1985 913">
     <span class='ocr_line' id='line_1_7' title="bbox 372 838 1985 913; baseline -0.006 -13"><span class='ocrx_word' id='word_1_52' title='bbox 372 861 597 913; x_wconf 86' lang='lat' dir='ltr'><strong>crepare</strong></span> <span class='ocrx_word' id='word_1_53' title='bbox 626 843 873 897; x_wconf 86' lang='lat' dir='ltr'><strong>videatur</strong></span> <span class='ocrx_word' id='word_1_54' title='bbox 898 840 1089 903; x_wconf 87' lang='lat' dir='ltr'><strong>verbo,</strong></span> <span class='ocrx_word' id='word_1_55' title='bbox 1131 855 1242 893; x_wconf 90' lang='lat' dir='ltr'><strong>non</strong></span> <span class='ocrx_word' id='word_1_56' title='bbox 1282 854 1453 907; x_wconf 89' lang='lat' dir='ltr'><strong>opere</strong></span> <span class='ocrx_word' id='word_1_57' title='bbox 1494 838 1611 908; x_wconf 90' lang='lat' dir='ltr'><strong>ipse</strong></span> <span class='ocrx_word' id='word_1_58' title='bbox 1660 845 1844 892; x_wconf 90' lang='lat' dir='ltr'><strong>tamen</strong></span> <span class='ocrx_word' id='word_1_59' title='bbox 1867 845 1985 909; x_wconf 79' lang='lat' dir='ltr'><strong>ety-</strong></span> 
     </span>
    </p>
   </div>
   <div class='ocr_carea' id='block_1_8' title="bbox 373 926 1987 1005">
    <p class='ocr_par' dir='ltr' id='par_1_8' title="bbox 373 926 1987 1005">
     <span class='ocr_line' id='line_1_8' title="bbox 373 926 1987 1005; baseline -0.004 -18"><span class='ocrx_word' id='word_1_60' title='bbox 373 933 665 1005; x_wconf 86' lang='lat' dir='ltr'><strong>mologiam</strong></span> <span class='ocrx_word' id='word_1_61' title='bbox 714 930 1002 999; x_wconf 88' lang='lat' dir='ltr'><strong>utriusque</strong></span> <span class='ocrx_word' id='word_1_62' title='bbox 1042 927 1272 996; x_wconf 82' lang='lat' dir='ltr'><strong>spiritali</strong></span> <span class='ocrx_word' id='word_1_63' title='bbox 1334 926 1724 981; x_wconf 85' lang='lat' dir='ltr'><strong>exercitatione</strong></span> <span class='ocrx_word' id='word_1_64' title='bbox 1778 927 1987 980; x_wconf 87' lang='lat' dir='ltr'><strong>studuit</strong></span> 
     </span>
    </p>
   </div>
   <div class='ocr_carea' id='block_1_9' title="bbox 371 1017 1981 1090">
    <p class='ocr_par' dir='ltr' id='par_1_9' title="bbox 371 1017 1981 1090">
     <span class='ocr_line' id='line_1_9' title="bbox 371 1017 1981 1090; baseline -0.006 -10"><span class='ocrx_word' id='word_1_65' title='bbox 371 1026 667 1080; x_wconf 89' lang='lat' dir='ltr'><strong>observare</strong></span> <span class='ocrx_word' id='word_1_66' title='bbox 697 1036 1067 1090; x_wconf 86' lang='lat' dir='ltr'><strong>summopere.</strong></span> <span class='ocrx_word' id='word_1_67' title='bbox 1103 1020 1258 1073; x_wconf 88' lang='lat' dir='ltr'><strong>Unde</strong></span> <span class='ocrx_word' id='word_1_68' title='bbox 1301 1020 1491 1088; x_wconf 83' lang='lat' dir='ltr'><strong>procul</strong></span> <span class='ocrx_word' id='word_1_69' title='bbox 1523 1019 1698 1072; x_wconf 89' lang='lat' dir='ltr'><strong>dubio</strong></span> <span class='ocrx_word' id='word_1_70' title='bbox 1738 1017 1981 1088; x_wconf 84' lang='lat' dir='ltr'><strong>seipsum</strong></span> 
     </span>
    </p>
   </div>
   <div class='ocr_carea' id='block_1_10' title="bbox 373 1106 1981 1180">
    <p class='ocr_par' dir='ltr' id='par_1_10' title="bbox 373 1106 1981 1180">
     <span class='ocr_line' id='line_1_10' title="bbox 373 1106 1981 1180; baseline -0.005 -13"><span class='ocrx_word' id='word_1_71' title='bbox 373 1116 425 1167; x_wconf 91' lang='lat' dir='ltr'><strong>in</strong></span> <span class='ocrx_word' id='word_1_72' title='bbox 445 1113 596 1167; x_wconf 90' lang='lat' dir='ltr'><strong>nullo</strong></span> <span class='ocrx_word' id='word_1_73' title='bbox 609 1110 850 1180; x_wconf 82' lang='lat' dir='ltr'><strong>decepit,</strong></span> <span class='ocrx_word' id='word_1_74' title='bbox 866 1108 959 1178; x_wconf 92' lang='lat' dir='ltr'><strong>qui</strong></span> <span class='ocrx_word' id='word_1_75' title='bbox 976 1108 1029 1161; x_wconf 89' lang='lat' dir='ltr'><strong>in</strong></span> <span class='ocrx_word' id='word_1_76' title='bbox 1051 1109 1155 1162; x_wconf 91' lang='lat' dir='ltr'><strong>hoc</strong></span> <span class='ocrx_word' id='word_1_77' title='bbox 1190 1122 1299 1161; x_wconf 89' lang='lat' dir='ltr'><strong>uno</strong></span> <span class='ocrx_word' id='word_1_78' title='bbox 1317 1106 1543 1160; x_wconf 89' lang='lat' dir='ltr'><strong>homine</strong></span> <span class='ocrx_word' id='word_1_79' title='bbox 1558 1121 1757 1160; x_wconf 89' lang='lat' dir='ltr'><strong>nomen</strong></span> <span class='ocrx_word' id='word_1_80' title='bbox 1775 1112 1981 1160; x_wconf 91' lang='lat' dir='ltr'><strong>utrum-</strong></span> 
     </span>
    </p>
   </div>
   <div class='ocr_carea' id='block_1_11' title="bbox 370 1200 1986 1278">
    <p class='ocr_par' dir='ltr' id='par_1_11' title="bbox 370 1200 1986 1278">
     <span class='ocr_line' id='line_1_11' title="bbox 370 1200 1986 1278; baseline -0.006 -16"><span class='ocrx_word' id='word_1_81' title='bbox 370 1224 478 1278; x_wconf 87' lang='lat' dir='ltr'><strong>que</strong></span> <span class='ocrx_word' id='word_1_82' title='bbox 513 1206 737 1276; x_wconf 85' lang='lat' dir='ltr'><strong>recipit;</strong></span> <span class='ocrx_word' id='word_1_83' title='bbox 768 1204 863 1275; x_wconf 86' lang='lat' dir='ltr'><strong>qui</strong></span> <span class='ocrx_word' id='word_1_84' title='bbox 894 1210 1074 1257; x_wconf 81' lang='lat' dir='ltr'><strong>autem</strong></span> <span class='ocrx_word' id='word_1_85' title='bbox 1110 1201 1239 1255; x_wconf 90' lang='lat' dir='ltr'><strong>inde</strong></span> <span class='ocrx_word' id='word_1_86' title='bbox 1262 1201 1490 1255; x_wconf 88' lang='lat' dir='ltr'><strong>dubium</strong></span> <span class='ocrx_word' id='word_1_87' title='bbox 1523 1200 1745 1270; x_wconf 86' lang='lat' dir='ltr'><strong>aliquod</strong></span> <span class='ocrx_word' id='word_1_88' title='bbox 1781 1200 1836 1253; x_wconf 91' lang='lat' dir='ltr'><strong>in</strong></span> <span class='ocrx_word' id='word_1_89' title='bbox 1864 1201 1986 1254; x_wconf 88' lang='lat' dir='ltr'><strong>ani-</strong></span> 
     </span>
    </p>
   </div>
   <div class='ocr_carea' id='block_1_12' title="bbox 372 1291 1981 1371">
    <p class='ocr_par' dir='ltr' id='par_1_12' title="bbox 372 1291 1981 1371">
     <span class='ocr_line' id='line_1_12' title="bbox 372 1291 1981 1371; baseline -0.005 -19"><span class='ocrx_word' id='word_1_90' title='bbox 372 1315 459 1352; x_wconf 92' lang='lat' dir='ltr'><strong>mo</strong></span> <span class='ocrx_word' id='word_1_91' title='bbox 486 1297 645 1371; x_wconf 83' lang='lat' dir='ltr'><strong>gerit,</strong></span> <span class='ocrx_word' id='word_1_92' title='bbox 678 1296 772 1349; x_wconf 90' lang='lat' dir='ltr'><strong>ille</strong></span> <span class='ocrx_word' id='word_1_93' title='bbox 813 1310 1002 1347; x_wconf 83' lang='lat' dir='ltr'><strong>revera</strong></span> <span class='ocrx_word' id='word_1_94' title='bbox 1045 1293 1247 1347; x_wconf 89' lang='lat' dir='ltr'><strong>nodum</strong></span> <span class='ocrx_word' id='word_1_95' title='bbox 1292 1292 1343 1344; x_wconf 90' lang='lat' dir='ltr'><strong>in</strong></span> <span class='ocrx_word' id='word_1_96' title='bbox 1377 1291 1562 1360; x_wconf 89' lang='lat' dir='ltr'><strong>scirpo</strong></span> <span class='ocrx_word' id='word_1_97' title='bbox 1600 1291 1815 1361; x_wconf 70' lang='lat' dir='ltr'><strong>quaerit.</strong></span> <span class='ocrx_word' id='word_1_98' title='bbox 1851 1291 1981 1345; x_wconf 86' lang='lat' dir='ltr'><strong>Cum</strong></span> 
     </span>
    </p>
   </div>
   <div class='ocr_carea' id='block_1_13' title="bbox 371 1380 1986 1455">
    <p class='ocr_par' dir='ltr' id='par_1_13' title="bbox 371 1380 1986 1455">
     <span class='ocr_line' id='line_1_13' title="bbox 371 1380 1986 1455; baseline -0.004 -14"><span class='ocrx_word' id='word_1_99' title='bbox 371 1388 516 1441; x_wconf 90' lang='lat' dir='ltr'><strong>enim</strong></span> <span class='ocrx_word' id='word_1_100' title='bbox 549 1384 931 1455; x_wconf 84' lang='lat' dir='ltr'><strong>unusquisque</strong></span> <span class='ocrx_word' id='word_1_101' title='bbox 967 1382 1242 1437; x_wconf 76' lang='lat' dir='ltr'><strong>Romanus</strong></span> <span class='ocrx_word' id='word_1_102' title='bbox 1295 1380 1536 1450; x_wconf 82' lang='lat' dir='ltr'><strong>pontifex</strong></span> <span class='ocrx_word' id='word_1_103' title='bbox 1586 1396 1766 1450; x_wconf 91' lang='lat' dir='ltr'><strong>usque</strong></span> <span class='ocrx_word' id='word_1_104' title='bbox 1806 1381 1986 1435; x_wconf 90' lang='lat' dir='ltr'><strong>adhuc</strong></span> 
     </span>
    </p>
   </div>
   <div class='ocr_carea' id='block_1_14' title="bbox 375 1470 1984 1537">
    <p class='ocr_par' dir='ltr' id='par_1_14' title="bbox 375 1470 1984 1537">
     <span class='ocr_line' id='line_1_14' title="bbox 375 1470 1984 1537; baseline -0.003 -7"><span class='ocrx_word' id='word_1_105' title='bbox 375 1478 569 1531; x_wconf 89' lang='lat' dir='ltr'><strong>habeat</strong></span> <span class='ocrx_word' id='word_1_106' title='bbox 601 1477 709 1529; x_wconf 89' lang='lat' dir='ltr'><strong>duo</strong></span> <span class='ocrx_word' id='word_1_107' title='bbox 749 1473 993 1537; x_wconf 85' lang='lat' dir='ltr'><strong>nomina,</strong></span> <span class='ocrx_word' id='word_1_108' title='bbox 1035 1488 1206 1525; x_wconf 92' lang='lat' dir='ltr'><strong>unum</strong></span> <span class='ocrx_word' id='word_1_109' title='bbox 1249 1470 1512 1524; x_wconf 81' lang='lat' dir='ltr'><strong>videlicet</strong></span> <span class='ocrx_word' id='word_1_110' title='bbox 1578 1485 1641 1523; x_wconf 85' lang='lat' dir='ltr'><strong>ex</strong></span> <span class='ocrx_word' id='word_1_111' title='bbox 1682 1471 1887 1534; x_wconf 88' lang='lat' dir='ltr'><strong>alieno,</strong></span> <span class='ocrx_word' id='word_1_112' title='bbox 1931 1486 1984 1525; x_wconf 90' lang='lat' dir='ltr'><strong>et</strong></span> 
     </span>
    </p>
   </div>
   <div class='ocr_carea' id='block_1_15' title="bbox 372 1561 1983 1632">
    <p class='ocr_par' dir='ltr' id='par_1_15' title="bbox 372 1561 1983 1632">
     <span class='ocr_line' id='line_1_15' title="bbox 372 1561 1983 1632; baseline -0.004 -10"><span class='ocrx_word' id='word_1_113' title='bbox 372 1569 519 1622; x_wconf 85' lang='lat' dir='ltr'><strong>aliud</strong></span> <span class='ocrx_word' id='word_1_114' title='bbox 552 1583 616 1620; x_wconf 88' lang='lat' dir='ltr'><strong>ex</strong></span> <span class='ocrx_word' id='word_1_115' title='bbox 657 1581 775 1631; x_wconf 89' lang='lat' dir='ltr'><strong>suo,</strong></span> <span class='ocrx_word' id='word_1_116' title='bbox 810 1565 1008 1617; x_wconf 92' lang='lat' dir='ltr'><strong>mirum</strong></span> <span class='ocrx_word' id='word_1_117' title='bbox 1070 1578 1179 1617; x_wconf 90' lang='lat' dir='ltr'><strong>non</strong></span> <span class='ocrx_word' id='word_1_118' title='bbox 1214 1572 1296 1615; x_wconf 89' lang='lat' dir='ltr'><strong>est</strong></span> <span class='ocrx_word' id='word_1_119' title='bbox 1328 1562 1372 1615; x_wconf 89' lang='lat' dir='ltr'><strong>si</strong></span> <span class='ocrx_word' id='word_1_120' title='bbox 1410 1562 1571 1627; x_wconf 72' lang='lat' dir='ltr'><strong>3idem</strong></span> <span class='ocrx_word' id='word_1_121' title='bbox 1628 1561 1711 1614; x_wconf 87' lang='lat' dir='ltr'><strong>vir</strong></span> <span class='ocrx_word' id='word_1_122' title='bbox 1763 1562 1817 1615; x_wconf 92' lang='lat' dir='ltr'><strong>in</strong></span> <span class='ocrx_word' id='word_1_123' title='bbox 1850 1578 1983 1632; x_wconf 90' lang='lat' dir='ltr'><strong>apo-</strong></span> 
     </span>
    </p>
   </div>
   <div class='ocr_carea' id='block_1_16' title="bbox 371 1650 1978 1725">
    <p class='ocr_par' dir='ltr' id='par_1_16' title="bbox 371 1650 1978 1725">
     <span class='ocr_line' id='line_1_16' title="bbox 371 1650 1978 1725; baseline -0.002 -18"><span class='ocrx_word' id='word_1_124' title='bbox 371 1656 600 1710; x_wconf 84' lang='lat' dir='ltr'><strong>stolatus</strong></span> <span class='ocrx_word' id='word_1_125' title='bbox 628 1654 853 1725; x_wconf 85' lang='lat' dir='ltr'><strong>gradum</strong></span> <span class='ocrx_word' id='word_1_126' title='bbox 890 1652 1094 1705; x_wconf 65' lang='lat' dir='ltr'><strong>divina:</strong></span> <span class='ocrx_word' id='word_1_127' title='bbox 1137 1651 1355 1721; x_wconf 89' lang='lat' dir='ltr'><strong>pietatis</strong></span> <span class='ocrx_word' id='word_1_128' title='bbox 1395 1659 1680 1720; x_wconf 81' lang='lat' dir='ltr'><strong>promotus</strong></span> <span class='ocrx_word' id='word_1_129' title='bbox 1710 1650 1978 1715; x_wconf 83' lang='lat' dir='ltr'><strong>efticacia,</strong></span> 
     </span>
    </p>
   </div>
   <div class='ocr_carea' id='block_1_17' title="bbox 372 1738 1977 1811">
    <p class='ocr_par' dir='ltr' id='par_1_17' title="bbox 372 1738 1977 1811">
     <span class='ocr_line' id='line_1_17' title="bbox 372 1738 1977 1811; baseline -0.001 -15"><span class='ocrx_word' id='word_1_130' title='bbox 372 1760 539 1796; x_wconf 90' lang='lat' dir='ltr'><strong>unum</strong></span> <span class='ocrx_word' id='word_1_131' title='bbox 574 1758 777 1796; x_wconf 87' lang='lat' dir='ltr'><strong>nomen</strong></span> <span class='ocrx_word' id='word_1_132' title='bbox 817 1757 879 1795; x_wconf 85' lang='lat' dir='ltr'><strong>ex</strong></span> <span class='ocrx_word' id='word_1_133' title='bbox 938 1747 1149 1803; x_wconf 88' lang='lat' dir='ltr'><strong>natura,</strong></span> <span class='ocrx_word' id='word_1_134' title='bbox 1178 1746 1231 1792; x_wconf 93' lang='lat' dir='ltr'><strong>et</strong></span> <span class='ocrx_word' id='word_1_135' title='bbox 1269 1738 1417 1791; x_wconf 80' lang='lat' dir='ltr'><strong>aliud</strong></span> <span class='ocrx_word' id='word_1_136' title='bbox 1442 1738 1642 1792; x_wconf 89' lang='lat' dir='ltr'><strong>habeat</strong></span> <span class='ocrx_word' id='word_1_137' title='bbox 1692 1754 1754 1791; x_wconf 83' lang='lat' dir='ltr'><strong>ex</strong></span> <span class='ocrx_word' id='word_1_138' title='bbox 1784 1740 1977 1811; x_wconf 83' lang='lat' dir='ltr'><strong>gratia.</strong></span> 
     </span>
    </p>
   </div>
   <div class='ocr_carea' id='block_1_18' title="bbox 370 1826 1977 1901">
    <p class='ocr_par' dir='ltr' id='par_1_18' title="bbox 370 1826 1977 1901">
     <span class='ocr_line' id='line_1_18' title="bbox 370 1826 1977 1901; baseline -0.002 -17"><span class='ocrx_word' id='word_1_139' title='bbox 370 1832 501 1896; x_wconf 75' lang='lat' dir='ltr'><strong>Quia</strong></span> <span class='ocrx_word' id='word_1_140' title='bbox 545 1831 711 1901; x_wconf 78' lang='lat' dir='ltr'><strong>igitur</strong></span> <span class='ocrx_word' id='word_1_141' title='bbox 742 1844 838 1899; x_wconf 90' lang='lat' dir='ltr'><strong>pro</strong></span> <span class='ocrx_word' id='word_1_142' title='bbox 887 1827 1217 1901; x_wconf 83' lang='lat' dir='ltr'><strong>colligendis</strong></span> <span class='ocrx_word' id='word_1_143' title='bbox 1256 1826 1454 1881; x_wconf 83' lang='lat' dir='ltr'><strong>Ovibus</strong></span> <span class='ocrx_word' id='word_1_144' title='bbox 1510 1834 1565 1879; x_wconf 90' lang='lat' dir='ltr'><strong>et</strong></span> <span class='ocrx_word' id='word_1_145' title='bbox 1615 1828 1822 1895; x_wconf 87' lang='lat' dir='ltr'><strong>pepulo</strong></span> <span class='ocrx_word' id='word_1_146' title='bbox 1887 1827 1977 1881; x_wconf 85' lang='lat' dir='ltr'><strong>Dei</strong></span> 
     </span>
    </p>
   </div>
   <div class='ocr_carea' id='block_1_19' title="bbox 368 1914 1977 1985">
    <p class='ocr_par' dir='ltr' id='par_1_19' title="bbox 368 1914 1977 1985">
     <span class='ocr_line' id='line_1_19' title="bbox 368 1914 1977 1985; baseline -0.003 -11"><span class='ocrx_word' id='word_1_147' title='bbox 368 1918 741 1974; x_wconf 84' lang='lat' dir='ltr'><strong>convertendo</strong></span> <span class='ocrx_word' id='word_1_148' title='bbox 764 1916 981 1985; x_wconf 87' lang='lat' dir='ltr'><strong>scriptis</strong></span> <span class='ocrx_word' id='word_1_149' title='bbox 1011 1922 1067 1969; x_wconf 94' lang='lat' dir='ltr'><strong>et</strong></span> <span class='ocrx_word' id='word_1_150' title='bbox 1096 1914 1259 1969; x_wconf 89' lang='lat' dir='ltr'><strong>dictis</strong></span> <span class='ocrx_word' id='word_1_151' title='bbox 1290 1929 1509 1982; x_wconf 83' lang='lat' dir='ltr'><strong>semper</strong></span> <span class='ocrx_word' id='word_1_152' title='bbox 1541 1919 1657 1967; x_wconf 89' lang='lat' dir='ltr'><strong>erat</strong></span> <span class='ocrx_word' id='word_1_153' title='bbox 1688 1915 1742 1967; x_wconf 90' lang='lat' dir='ltr'><strong>in</strong></span> <span class='ocrx_word' id='word_1_154' title='bbox 1777 1916 1977 1969; x_wconf 86' lang='lat' dir='ltr'><strong>exhor-</strong></span> 
     </span>
    </p>
   </div>
   <div class='ocr_carea' id='block_1_20' title="bbox 370 2003 1975 2074">
    <p class='ocr_par' dir='ltr' id='par_1_20' title="bbox 370 2003 1975 2074">
     <span class='ocr_line' id='line_1_20' title="bbox 370 2003 1975 2074; baseline -0.002 -11"><span class='ocrx_word' id='word_1_155' title='bbox 370 2011 554 2074; x_wconf 86' lang='lat' dir='ltr'><strong>tando,</strong></span> <span class='ocrx_word' id='word_1_156' title='bbox 588 2016 902 2073; x_wconf 86' lang='lat' dir='ltr'><strong>etseverus,</strong></span> <span class='ocrx_word' id='word_1_157' title='bbox 922 2007 977 2060; x_wconf 88' lang='lat' dir='ltr'><strong>in</strong></span> <span class='ocrx_word' id='word_1_158' title='bbox 996 2004 1370 2074; x_wconf 86' lang='lat' dir='ltr'><strong>corripiendo,</strong></span> <span class='ocrx_word' id='word_1_159' title='bbox 1395 2004 1523 2058; x_wconf 90' lang='lat' dir='ltr'><strong>ideo</strong></span> <span class='ocrx_word' id='word_1_160' title='bbox 1545 2003 1675 2057; x_wconf 90' lang='lat' dir='ltr'><strong>dum</strong></span> <span class='ocrx_word' id='word_1_161' title='bbox 1708 2005 1760 2057; x_wconf 91' lang='lat' dir='ltr'><strong>in</strong></span> <span class='ocrx_word' id='word_1_162' title='bbox 1791 2006 1975 2061; x_wconf 88' lang='lat' dir='ltr'><strong>studio</strong></span> 
     </span>
    </p>
   </div>
   <div class='ocr_carea' id='block_1_21' title="bbox 370 2098 1976 2174">
    <p class='ocr_par' dir='ltr' id='par_1_21' title="bbox 370 2098 1976 2174">
     <span class='ocr_line' id='line_1_21' title="bbox 370 2098 1976 2174; baseline -0.001 -17"><span class='ocrx_word' id='word_1_163' title='bbox 370 2104 777 2174; x_wconf 59' lang='lat' dir='ltr'><strong>praedicationis</strong></span> <span class='ocrx_word' id='word_1_164' title='bbox 815 2103 882 2157; x_wconf 90' lang='lat' dir='ltr'><strong>ad</strong></span> <span class='ocrx_word' id='word_1_165' title='bbox 906 2102 1173 2173; x_wconf 89' lang='lat' dir='ltr'><strong>quosdam</strong></span> <span class='ocrx_word' id='word_1_166' title='bbox 1206 2098 1413 2165; x_wconf 88' lang='lat' dir='ltr'><strong>mitius,</strong></span> <span class='ocrx_word' id='word_1_167' title='bbox 1443 2110 1496 2153; x_wconf 87' lang='lat' dir='ltr'><strong>et</strong></span> <span class='ocrx_word' id='word_1_168' title='bbox 1522 2098 1588 2152; x_wconf 90' lang='lat' dir='ltr'><strong>ad</strong></span> <span class='ocrx_word' id='word_1_169' title='bbox 1621 2101 1884 2169; x_wconf 90' lang='lat' dir='ltr'><strong>quosdam</strong></span> <span class='ocrx_word' id='word_1_170' title='bbox 1917 2117 1976 2156; x_wconf 88' lang='lat' dir='ltr'><strong>se</strong></span> 
     </span>
    </p>
   </div>
   <div class='ocr_carea' id='block_1_22' title="bbox 371 2192 1982 2260">
    <p class='ocr_par' dir='ltr' id='par_1_22' title="bbox 371 2192 1982 2260">
     <span class='ocr_line' id='line_1_22' title="bbox 371 2192 1982 2260; baseline -0.003 -10"><span class='ocrx_word' id='word_1_171' title='bbox 371 2197 607 2251; x_wconf 82' lang='lat' dir='ltr'><strong>habebat</strong></span> <span class='ocrx_word' id='word_1_172' title='bbox 627 2195 849 2260; x_wconf 64' lang='lat' dir='ltr'><strong>saavius,</strong></span> <span class='ocrx_word' id='word_1_173' title='bbox 872 2209 981 2248; x_wconf 90' lang='lat' dir='ltr'><strong>non</strong></span> <span class='ocrx_word' id='word_1_174' title='bbox 998 2192 1272 2246; x_wconf 87' lang='lat' dir='ltr'><strong>immerito</strong></span> <span class='ocrx_word' id='word_1_175' title='bbox 1304 2199 1359 2245; x_wconf 86' lang='lat' dir='ltr'><strong>et</strong></span> <span class='ocrx_word' id='word_1_176' title='bbox 1379 2192 1652 2260; x_wconf 82' lang='lat' dir='ltr'><strong>Sylvester</strong></span> <span class='ocrx_word' id='word_1_177' title='bbox 1678 2192 1982 2246; x_wconf 81' lang='lat' dir='ltr'><strong>vocabatur</strong></span> 
     </span>
    </p>
   </div>
   <div class='ocr_carea' id='block_1_23' title="bbox 368 2285 750 2340">
    <p class='ocr_par' dir='ltr' id='par_1_23' title="bbox 368 2285 750 2340">
     <span class='ocr_line' id='line_1_23' title="bbox 368 2285 750 2340; baseline -0.005 0"><span class='ocrx_word' id='word_1_178' title='bbox 368 2294 422 2340; x_wconf 89' lang='lat' dir='ltr'><strong>et</strong></span> <span class='ocrx_word' id='word_1_179' title='bbox 465 2285 750 2339; x_wconf 82' lang='lat' dir='ltr'><strong>Eusebius.</strong></span> 
     </span>
    </p>
   </div>
   <div class='ocr_carea' id='block_1_24' title="bbox 990 2369 1361 2426">
    <p class='ocr_par' dir='ltr' id='par_1_24' title="bbox 990 2369 1361 2426">
     <span class='ocr_line' id='line_1_24' title="bbox 990 2369 1361 2426; baseline -0.013 0"><span class='ocrx_word' id='word_1_180' title='bbox 990 2370 1199 2426; x_wconf 82' lang='lat' dir='ltr'><strong>CAPUT</strong></span> <span class='ocrx_word' id='word_1_181' title='bbox 1228 2369 1361 2423; x_wconf 87' lang='lat' dir='ltr'><strong>Vlll.</strong></span> 
     </span>
    </p>
   </div>
   <div class='ocr_carea' id='block_1_25' title="bbox 369 2463 1977 2536">
    <p class='ocr_par' dir='ltr' id='par_1_25' title="bbox 369 2463 1977 2536">
     <span class='ocr_line' id='line_1_25' title="bbox 369 2463 1977 2536; baseline -0.004 -14"><span class='ocrx_word' id='word_1_182' title='bbox 369 2474 429 2522; x_wconf 92' lang='lat' dir='ltr'><strong>Ut</strong></span> <span class='ocrx_word' id='word_1_183' title='bbox 484 2474 625 2522; x_wconf 80' lang='lat' dir='ltr'><strong>totus</strong></span> <span class='ocrx_word' id='word_1_184' title='bbox 674 2469 892 2536; x_wconf 82' lang='lat' dir='ltr'><strong>pietatis</strong></span> <span class='ocrx_word' id='word_1_185' title='bbox 965 2465 1206 2533; x_wconf 74' lang='lat' dir='ltr'><strong>operibus</strong></span> <span class='ocrx_word' id='word_1_186' title='bbox 1287 2465 1499 2517; x_wconf 85' lang='lat' dir='ltr'><strong>vacarit</strong></span> <span class='ocrx_word' id='word_1_187' title='bbox 1544 2463 1929 2516; x_wconf 76' lang='lat' dir='ltr'><strong>Constantinus</strong></span> <span class='ocrx_word' id='word_1_188' title='bbox 1959 2505 1977 2528; x_wconf 89' lang='lat'><strong>,</strong></span> 
     </span>
    </p>
   </div>
   <div class='ocr_carea' id='block_1_26' title="bbox 718 2536 1618 2604">
    <p class='ocr_par' dir='ltr' id='par_1_26' title="bbox 718 2536 1618 2604">
     <span class='ocr_line' id='line_1_26' title="bbox 718 2536 1618 2604; baseline -0.004 -13"><span class='ocrx_word' id='word_1_189' title='bbox 718 2551 937 2592; x_wconf 83' lang='lat' dir='ltr'><strong>sacrum</strong></span> <span class='ocrx_word' id='word_1_190' title='bbox 952 2536 1221 2604; x_wconf 79' lang='lat' dir='ltr'><strong>baptisma</strong></span> <span class='ocrx_word' id='word_1_191' title='bbox 1250 2540 1618 2602; x_wconf 65' lang='lat' dir='ltr'><strong>suscepturus.</strong></span> 
     </span>
    </p>
   </div>
   <div class='ocr_carea' id='block_1_27' title="bbox 439 2645 1973 2721">
    <p class='ocr_par' dir='ltr' id='par_1_27' title="bbox 439 2645 1973 2721">
     <span class='ocr_line' id='line_1_27' title="bbox 439 2645 1973 2721; baseline -0.004 -15"><span class='ocrx_word' id='word_1_192' title='bbox 439 2652 573 2706; x_wconf 85' lang='lat' dir='ltr'><strong>Ecce</strong></span> <span class='ocrx_word' id='word_1_193' title='bbox 604 2650 864 2721; x_wconf 87' lang='lat' dir='ltr'><strong>quoniam</strong></span> <span class='ocrx_word' id='word_1_194' title='bbox 891 2648 946 2702; x_wconf 89' lang='lat' dir='ltr'><strong>in</strong></span> <span class='ocrx_word' id='word_1_195' title='bbox 975 2645 1365 2717; x_wconf 84' lang='lat' dir='ltr'><strong>explanatione</strong></span> <span class='ocrx_word' id='word_1_196' title='bbox 1394 2646 1688 2717; x_wconf 89' lang='lat' dir='ltr'><strong>utriusque</strong></span> <span class='ocrx_word' id='word_1_197' title='bbox 1714 2647 1973 2711; x_wconf 90' lang='lat' dir='ltr'><strong>nominis,</strong></span> 
     </span>
    </p>
   </div>
   <div class='ocr_carea' id='block_1_28' title="bbox 367 2738 1977 2810">
    <p class='ocr_par' dir='ltr' id='par_1_28' title="bbox 367 2738 1977 2810">
     <span class='ocr_line' id='line_1_28' title="bbox 367 2738 1977 2810; baseline -0.005 -12"><span class='ocrx_word' id='word_1_198' title='bbox 367 2743 580 2798; x_wconf 80' lang='lat' dir='ltr'><strong>Eusebii</strong></span> <span class='ocrx_word' id='word_1_199' title='bbox 611 2741 824 2795; x_wconf 88' lang='lat' dir='ltr'><strong>scilicet</strong></span> <span class='ocrx_word' id='word_1_200' title='bbox 862 2748 917 2795; x_wconf 85' lang='lat' dir='ltr'><strong>et</strong></span> <span class='ocrx_word' id='word_1_201' title='bbox 949 2739 1232 2810; x_wconf 85' lang='lat' dir='ltr'><strong>Sylvestri,</strong></span> <span class='ocrx_word' id='word_1_202' title='bbox 1279 2753 1462 2793; x_wconf 90' lang='lat' dir='ltr'><strong>sermo</strong></span> <span class='ocrx_word' id='word_1_203' title='bbox 1503 2747 1689 2793; x_wconf 91' lang='lat' dir='ltr'><strong>noster</strong></span> <span class='ocrx_word' id='word_1_204' title='bbox 1727 2738 1977 2808; x_wconf 87' lang='lat' dir='ltr'><strong>aliquan—</strong></span> 
     </span>
    </p>
   </div>
   <div class='ocr_carea' id='block_1_29' title="bbox 361 2831 1978 2904">
    <p class='ocr_par' dir='ltr' id='par_1_29' title="bbox 361 2831 1978 2904">
     <span class='ocr_line' id='line_1_29' title="bbox 361 2831 1978 2904; baseline -0.002 -15"><span class='ocrx_word' id='word_1_205' title='bbox 361 2836 454 2889; x_wconf 90' lang='lat' dir='ltr'><strong>diu</strong></span> <span class='ocrx_word' id='word_1_206' title='bbox 484 2851 630 2889; x_wconf 89' lang='lat' dir='ltr'><strong>nunc</strong></span> <span class='ocrx_word' id='word_1_207' title='bbox 679 2833 831 2887; x_wconf 89' lang='lat' dir='ltr'><strong>stetit</strong></span> <span class='ocrx_word' id='word_1_208' title='bbox 871 2832 922 2887; x_wconf 91' lang='lat' dir='ltr'><strong>in</strong></span> <span class='ocrx_word' id='word_1_209' title='bbox 978 2834 1097 2886; x_wconf 92' lang='lat' dir='ltr'><strong>loco</strong></span> <span class='ocrx_word' id='word_1_210' title='bbox 1128 2832 1446 2899; x_wconf 89' lang='lat' dir='ltr'><strong>campestri,</strong></span> <span class='ocrx_word' id='word_1_211' title='bbox 1479 2831 1708 2904; x_wconf 87' lang='lat' dir='ltr'><strong>dignum</strong></span> <span class='ocrx_word' id='word_1_212' title='bbox 1773 2840 1875 2895; x_wconf 90' lang='lat' dir='ltr'><strong>est,</strong></span> <span class='ocrx_word' id='word_1_213' title='bbox 1921 2841 1978 2885; x_wconf 91' lang='lat' dir='ltr'><strong>ut</strong></span> 
     </span>
    </p>
   </div>
   <div class='ocr_carea' id='block_1_30' title="bbox 354 2922 1974 2995">
    <p class='ocr_par' dir='ltr' id='par_1_30' title="bbox 354 2922 1974 2995">
     <span class='ocr_line' id='line_1_30' title="bbox 354 2922 1974 2995; baseline -0.002 -16"><span class='ocrx_word' id='word_1_214' title='bbox 354 2928 466 2994; x_wconf 89' lang='lat' dir='ltr'><strong>jam</strong></span> <span class='ocrx_word' id='word_1_215' title='bbox 508 2942 606 2995; x_wconf 91' lang='lat' dir='ltr'><strong>pro</strong></span> <span class='ocrx_word' id='word_1_216' title='bbox 662 2924 841 2978; x_wconf 88' lang='lat' dir='ltr'><strong>altiori</strong></span> <span class='ocrx_word' id='word_1_217' title='bbox 885 2923 1165 2993; x_wconf 87' lang='lat' dir='ltr'><strong>mysterio,</strong></span> <span class='ocrx_word' id='word_1_218' title='bbox 1207 2922 1364 2992; x_wconf 89' lang='lat' dir='ltr'><strong>quasi</strong></span> <span class='ocrx_word' id='word_1_219' title='bbox 1418 2938 1539 2977; x_wconf 92' lang='lat' dir='ltr'><strong>cum</strong></span> <span class='ocrx_word' id='word_1_220' title='bbox 1582 2922 1737 2985; x_wconf 82' lang='lat' dir='ltr'><strong>Jesu,</strong></span> <span class='ocrx_word' id='word_1_221' title='bbox 1780 2937 1974 2975; x_wconf 88' lang='lat' dir='ltr'><strong>ascen-</strong></span> 
     </span>
    </p>
   </div>
   <div class='ocr_carea' id='block_1_31' title="bbox 358 3009 1970 3079">
    <p class='ocr_par' dir='ltr' id='par_1_31' title="bbox 358 3009 1970 3079">
     <span class='ocr_line' id='line_1_31' title="bbox 358 3009 1970 3079; baseline -0.001 -12"><span class='ocrx_word' id='word_1_222' title='bbox 358 3017 552 3067; x_wconf 82' lang='lat' dir='ltr'><strong>dentes</strong></span> <span class='ocrx_word' id='word_1_223' title='bbox 600 3013 651 3066; x_wconf 89' lang='lat' dir='ltr'><strong>in</strong></span> <span class='ocrx_word' id='word_1_224' title='bbox 697 3020 961 3071; x_wconf 84' lang='lat' dir='ltr'><strong>montem,</strong></span> <span class='ocrx_word' id='word_1_225' title='bbox 1004 3009 1420 3065; x_wconf 87' lang='lat' dir='ltr'><strong>Constantinum</strong></span> <span class='ocrx_word' id='word_1_226' title='bbox 1456 3025 1638 3075; x_wconf 76' lang='lat' dir='ltr'><strong>regem</strong></span> <span class='ocrx_word' id='word_1_227' title='bbox 1680 3027 1800 3063; x_wconf 93' lang='lat' dir='ltr'><strong>cum</strong></span> <span class='ocrx_word' id='word_1_228' title='bbox 1837 3026 1970 3079; x_wconf 92' lang='lat' dir='ltr'><strong>pro-</strong></span> 
     </span>
    </p>
   </div>
   <div class='ocr_carea' id='block_1_32' title="bbox 356 3097 1969 3169">
    <p class='ocr_par' dir='ltr' id='par_1_32' title="bbox 356 3097 1969 3169">
     <span class='ocr_line' id='line_1_32' title="bbox 356 3097 1969 3169; baseline -0.001 -12"><span class='ocrx_word' id='word_1_229' title='bbox 356 3103 604 3157; x_wconf 87' lang='lat' dir='ltr'><strong>cessione</strong></span> <span class='ocrx_word' id='word_1_230' title='bbox 662 3100 914 3155; x_wconf 85' lang='lat' dir='ltr'><strong>lectionis</strong></span> <span class='ocrx_word' id='word_1_231' title='bbox 969 3115 1371 3169; x_wconf 85' lang='lat' dir='ltr'><strong>prosequamur</strong></span> <span class='ocrx_word' id='word_1_232' title='bbox 1400 3099 1466 3152; x_wconf 84' lang='lat' dir='ltr'><strong>ad</strong></span> <span class='ocrx_word' id='word_1_233' title='bbox 1525 3097 1751 3153; x_wconf 76' lang='lat' dir='ltr'><strong>fontem.</strong></span> <span class='ocrx_word' id='word_1_234' title='bbox 1814 3100 1969 3155; x_wconf 90' lang='lat' dir='ltr'><strong>Sicut</strong></span> 
     </span>
    </p>
   </div>
   <div class='ocr_carea' id='block_1_33' title="bbox 354 3190 1967 3264">
    <p class='ocr_par' dir='ltr' id='par_1_33' title="bbox 354 3190 1967 3264">
     <span class='ocr_line' id='line_1_33' title="bbox 354 3190 1967 3264; baseline 0 -19"><span class='ocrx_word' id='word_1_235' title='bbox 354 3195 501 3249; x_wconf 80' lang='lat' dir='ltr'><strong>enim</strong></span> <span class='ocrx_word' id='word_1_236' title='bbox 538 3209 697 3248; x_wconf 82' lang='lat' dir='ltr'><strong>nemo</strong></span> <span class='ocrx_word' id='word_1_237' title='bbox 730 3199 909 3263; x_wconf 91' lang='lat' dir='ltr'><strong>potest</strong></span> <span class='ocrx_word' id='word_1_238' title='bbox 936 3191 1100 3264; x_wconf 81' lang='lat' dir='ltr'><strong>digne</strong></span> <span class='ocrx_word' id='word_1_239' title='bbox 1131 3206 1226 3260; x_wconf 89' lang='lat' dir='ltr'><strong>pro</strong></span> <span class='ocrx_word' id='word_1_240' title='bbox 1258 3191 1496 3244; x_wconf 89' lang='lat' dir='ltr'><strong>terrenis</strong></span> <span class='ocrx_word' id='word_1_241' title='bbox 1526 3190 1766 3245; x_wconf 64' lang='lat' dir='ltr'><strong>caelestia</strong></span> <span class='ocrx_word' id='word_1_242' title='bbox 1812 3204 1967 3261; x_wconf 62' lang='lat' dir='ltr'><strong>quae-</strong></span> 
     </span>
    </p>
   </div>
   <div class='ocr_carea' id='block_1_34' title="bbox 355 3281 1962 3351">
    <p class='ocr_par' dir='ltr' id='par_1_34' title="bbox 355 3281 1962 3351">
     <span class='ocr_line' id='line_1_34' title="bbox 355 3281 1962 3351; baseline -0.002 -14"><span class='ocrx_word' id='word_1_243' title='bbox 355 3301 496 3348; x_wconf 85' lang='lat' dir='ltr'><strong>rere,</strong></span> <span class='ocrx_word' id='word_1_244' title='bbox 516 3284 620 3337; x_wconf 88' lang='lat' dir='ltr'><strong>nisi</strong></span> <span class='ocrx_word' id='word_1_245' title='bbox 643 3292 803 3337; x_wconf 88' lang='lat' dir='ltr'><strong>antea</strong></span> <span class='ocrx_word' id='word_1_246' title='bbox 825 3283 959 3335; x_wconf 83' lang='lat' dir='ltr'><strong>velit</strong></span> <span class='ocrx_word' id='word_1_247' title='bbox 979 3296 1074 3351; x_wconf 92' lang='lat' dir='ltr'><strong>pro</strong></span> <span class='ocrx_word' id='word_1_248' title='bbox 1095 3281 1417 3335; x_wconf 82' lang='lat' dir='ltr'><strong>coelestibus</strong></span> <span class='ocrx_word' id='word_1_249' title='bbox 1439 3292 1658 3334; x_wconf 85' lang='lat' dir='ltr'><strong>terrena</strong></span> <span class='ocrx_word' id='word_1_250' title='bbox 1683 3282 1962 3345; x_wconf 88' lang='lat' dir='ltr'><strong>deserere,</strong></span> 
     </span>
    </p>
   </div>
   <div class='ocr_carea' id='block_1_35' title="bbox 351 3376 1959 3447">
    <p class='ocr_par' dir='ltr' id='par_1_35' title="bbox 351 3376 1959 3447">
     <span class='ocr_line' id='line_1_35' title="bbox 351 3376 1959 3447; baseline -0.002 -14"><span class='ocrx_word' id='word_1_251' title='bbox 351 3380 419 3433; x_wconf 88' lang='lat' dir='ltr'><strong>ita</strong></span> <span class='ocrx_word' id='word_1_252' title='bbox 459 3379 845 3433; x_wconf 78' lang='lat' dir='ltr'><strong>Constantinus</strong></span> <span class='ocrx_word' id='word_1_253' title='bbox 890 3376 1015 3429; x_wconf 78' lang='lat' dir='ltr'><strong>vitae</strong></span> <span class='ocrx_word' id='word_1_254' title='bbox 1059 3376 1320 3446; x_wconf 88' lang='lat' dir='ltr'><strong>perennis</strong></span> <span class='ocrx_word' id='word_1_255' title='bbox 1361 3391 1711 3447; x_wconf 86' lang='lat' dir='ltr'><strong>nequaquam</strong></span> <span class='ocrx_word' id='word_1_256' title='bbox 1758 3391 1959 3445; x_wconf 88' lang='lat' dir='ltr'><strong>perve-</strong></span> 
     </span>
    </p>
   </div>
   <div class='ocr_carea' id='block_1_36' title="bbox 349 3463 1955 3538">
    <p class='ocr_par' dir='ltr' id='par_1_36' title="bbox 349 3463 1955 3538">
     <span class='ocr_line' id='line_1_36' title="bbox 349 3463 1955 3538; baseline -0.002 -18"><span class='ocrx_word' id='word_1_257' title='bbox 349 3468 465 3523; x_wconf 89' lang='lat' dir='ltr'><strong>nire</strong></span> <span class='ocrx_word' id='word_1_258' title='bbox 492 3476 677 3538; x_wconf 87' lang='lat' dir='ltr'><strong>posset</strong></span> <span class='ocrx_word' id='word_1_259' title='bbox 702 3467 769 3521; x_wconf 88' lang='lat' dir='ltr'><strong>ad</strong></span> <span class='ocrx_word' id='word_1_260' title='bbox 801 3465 1030 3525; x_wconf 86' lang='lat' dir='ltr'><strong>fontem,</strong></span> <span class='ocrx_word' id='word_1_261' title='bbox 1063 3464 1167 3517; x_wconf 89' lang='lat' dir='ltr'><strong>nisi</strong></span> <span class='ocrx_word' id='word_1_262' title='bbox 1199 3465 1463 3518; x_wconf 86' lang='lat' dir='ltr'><strong>virtutum</strong></span> <span class='ocrx_word' id='word_1_263' title='bbox 1496 3464 1763 3538; x_wconf 83' lang='lat' dir='ltr'><strong>gradibus</strong></span> <span class='ocrx_word' id='word_1_264' title='bbox 1799 3463 1955 3534; x_wconf 89' lang='lat' dir='ltr'><strong>quasi</strong></span> 
     </span>
    </p>
   </div>
   <div class='ocr_carea' id='block_1_37' title="bbox 346 3555 1963 3628">
    <p class='ocr_par' dir='ltr' id='par_1_37' title="bbox 346 3555 1963 3628">
     <span class='ocr_line' id='line_1_37' title="bbox 346 3555 1963 3628; baseline -0.004 -14"><span class='ocrx_word' id='word_1_265' title='bbox 346 3578 467 3615; x_wconf 90' lang='lat' dir='ltr'><strong>cum</strong></span> <span class='ocrx_word' id='word_1_266' title='bbox 500 3560 630 3613; x_wconf 85' lang='lat' dir='ltr'><strong>Jesu</strong></span> <span class='ocrx_word' id='word_1_267' title='bbox 661 3558 811 3628; x_wconf 90' lang='lat' dir='ltr'><strong>prius</strong></span> <span class='ocrx_word' id='word_1_268' title='bbox 848 3556 1189 3610; x_wconf 79' lang='lat' dir='ltr'><strong>ascendisset</strong></span> <span class='ocrx_word' id='word_1_269' title='bbox 1229 3556 1283 3608; x_wconf 92' lang='lat' dir='ltr'><strong>in</strong></span> <span class='ocrx_word' id='word_1_270' title='bbox 1330 3563 1572 3609; x_wconf 83' lang='lat' dir='ltr'><strong>montem</strong></span> <span class='ocrx_word' id='word_1_271' title='bbox 1645 3555 1794 3610; x_wconf 89' lang='lat' dir='ltr'><strong>Unde</strong></span> <span class='ocrx_word' id='word_1_272' title='bbox 1828 3571 1963 3610; x_wconf 88' lang='lat' dir='ltr'><strong>con-</strong></span> 
     </span>
    </p>
   </div>
   <div class='ocr_carea' id='block_1_38' title="bbox 343 3645 1961 3715">
    <p class='ocr_par' dir='ltr' id='par_1_38' title="bbox 343 3645 1961 3715">
     <span class='ocr_line' id='line_1_38' title="bbox 343 3645 1961 3715; baseline -0.003 -11"><span class='ocrx_word' id='word_1_273' title='bbox 343 3653 466 3705; x_wconf 88' lang='lat' dir='ltr'><strong>silio</strong></span> <span class='ocrx_word' id='word_1_274' title='bbox 498 3657 552 3705; x_wconf 87' lang='lat' dir='ltr'><strong>et</strong></span> <span class='ocrx_word' id='word_1_275' title='bbox 603 3649 950 3703; x_wconf 86' lang='lat' dir='ltr'><strong>institutione</strong></span> <span class='ocrx_word' id='word_1_276' title='bbox 997 3645 1286 3715; x_wconf 87' lang='lat' dir='ltr'><strong>Sylvestri,</strong></span> <span class='ocrx_word' id='word_1_277' title='bbox 1343 3660 1465 3698; x_wconf 90' lang='lat' dir='ltr'><strong>cum</strong></span> <span class='ocrx_word' id='word_1_278' title='bbox 1506 3645 1667 3699; x_wconf 89' lang='lat' dir='ltr'><strong>turba</strong></span> <span class='ocrx_word' id='word_1_279' title='bbox 1711 3645 1961 3700; x_wconf 56' lang='lat' dir='ltr'><strong>saeculari</strong></span> 
     </span>
    </p>
   </div>
   <div class='ocr_carea' id='block_1_39' title="bbox 344 3735 1962 3805">
    <p class='ocr_par' dir='ltr' id='par_1_39' title="bbox 344 3735 1962 3805">
     <span class='ocr_line' id='line_1_39' title="bbox 344 3735 1962 3805; baseline -0.003 -9"><span class='ocrx_word' id='word_1_280' title='bbox 344 3742 551 3796; x_wconf 88' lang='lat' dir='ltr'><strong>diutius</strong></span> <span class='ocrx_word' id='word_1_281' title='bbox 590 3748 732 3793; x_wconf 87' lang='lat' dir='ltr'><strong>stare</strong></span> <span class='ocrx_word' id='word_1_282' title='bbox 789 3738 1015 3792; x_wconf 88' lang='lat' dir='ltr'><strong>nolebat</strong></span> <span class='ocrx_word' id='word_1_283' title='bbox 1056 3738 1108 3791; x_wconf 92' lang='lat' dir='ltr'><strong>in</strong></span> <span class='ocrx_word' id='word_1_284' title='bbox 1149 3737 1271 3791; x_wconf 91' lang='lat' dir='ltr'><strong>loco</strong></span> <span class='ocrx_word' id='word_1_285' title='bbox 1326 3735 1642 3804; x_wconf 88' lang='lat' dir='ltr'><strong>campestri,</strong></span> <span class='ocrx_word' id='word_1_286' title='bbox 1686 3736 1818 3789; x_wconf 89' lang='lat' dir='ltr'><strong>dum</strong></span> <span class='ocrx_word' id='word_1_287' title='bbox 1864 3752 1962 3805; x_wconf 90' lang='lat' dir='ltr'><strong>pro</strong></span> 
     </span>
    </p>
   </div>
   <div class='ocr_carea' id='block_1_40' title="bbox 343 3827 1963 3897">
    <p class='ocr_par' dir='ltr' id='par_1_40' title="bbox 343 3827 1963 3897">
     <span class='ocr_line' id='line_1_40' title="bbox 343 3827 1963 3897; baseline -0.002 -12"><span class='ocrx_word' id='word_1_288' title='bbox 343 3834 639 3887; x_wconf 86' lang='lat' dir='ltr'><strong>dilectione</strong></span> <span class='ocrx_word' id='word_1_289' title='bbox 687 3832 778 3884; x_wconf 80' lang='lat' dir='ltr'><strong>Dei</strong></span> <span class='ocrx_word' id='word_1_290' title='bbox 835 3838 956 3897; x_wconf 90' lang='lat' dir='ltr'><strong>post</strong></span> <span class='ocrx_word' id='word_1_291' title='bbox 987 3829 1215 3897; x_wconf 81' lang='lat' dir='ltr'><strong>gratiam</strong></span> <span class='ocrx_word' id='word_1_292' title='bbox 1254 3827 1515 3895; x_wconf 88' lang='lat' dir='ltr'><strong>baptismi</strong></span> <span class='ocrx_word' id='word_1_293' title='bbox 1554 3827 1756 3881; x_wconf 90' lang='lat' dir='ltr'><strong>scalam</strong></span> <span class='ocrx_word' id='word_1_294' title='bbox 1794 3829 1963 3883; x_wconf 85' lang='lat' dir='ltr'><strong>Jacob</strong></span> 
     </span>
    </p>
   </div>
   <div class='ocr_carea' id='block_1_41' title="bbox 342 3919 1960 3993">
    <p class='ocr_par' dir='ltr' id='par_1_41' title="bbox 342 3919 1960 3993">
     <span class='ocr_line' id='line_1_41' title="bbox 342 3919 1960 3993; baseline -0.001 -17"><span class='ocrx_word' id='word_1_295' title='bbox 342 3942 410 3977; x_wconf 81' lang='lat' dir='ltr'><strong>eo</strong></span> <span class='ocrx_word' id='word_1_296' title='bbox 430 3924 728 3977; x_wconf 87' lang='lat' dir='ltr'><strong>altiuscum</strong></span> <span class='ocrx_word' id='word_1_297' title='bbox 748 3920 958 3993; x_wconf 73' lang='lat' dir='ltr'><strong>angelis</strong></span> <span class='ocrx_word' id='word_1_298' title='bbox 971 3919 1404 3974; x_wconf 87' lang='lat' dir='ltr'><strong>ascendentibus</strong></span> <span class='ocrx_word' id='word_1_299' title='bbox 1424 3919 1694 3981; x_wconf 88' lang='lat' dir='ltr'><strong>ascendit,</strong></span> <span class='ocrx_word' id='word_1_300' title='bbox 1710 3935 1819 3989; x_wconf 91' lang='lat' dir='ltr'><strong>quo</strong></span> <span class='ocrx_word' id='word_1_301' title='bbox 1834 3927 1960 3974; x_wconf 88' lang='lat' dir='ltr'><strong>ante</strong></span> 
     </span>
    </p>
   </div>
   <div class='ocr_carea' id='block_1_42' title="bbox 345 4009 1970 4084">
    <p class='ocr_par' dir='ltr' id='par_1_42' title="bbox 345 4009 1970 4084">
     <span class='ocr_line' id='line_1_42' title="bbox 345 4009 1970 4084; baseline -0.002 -16"><span class='ocrx_word' id='word_1_302' title='bbox 345 4013 681 4084; x_wconf 51' lang='lat' dir='ltr'><strong>baptismum</strong></span> <span class='ocrx_word' id='word_1_303' title='bbox 701 4010 953 4064; x_wconf 87' lang='lat' dir='ltr'><strong>eamdem</strong></span> <span class='ocrx_word' id='word_1_304' title='bbox 969 4010 1167 4063; x_wconf 87' lang='lat' dir='ltr'><strong>scalam</strong></span> <span class='ocrx_word' id='word_1_305' title='bbox 1188 4025 1284 4078; x_wconf 88' lang='lat' dir='ltr'><strong>pro</strong></span> <span class='ocrx_word' id='word_1_306' title='bbox 1300 4009 1683 4079; x_wconf 90' lang='lat' dir='ltr'><strong>compassione</strong></span> <span class='ocrx_word' id='word_1_307' title='bbox 1699 4011 1970 4078; x_wconf 88' lang='lat' dir='ltr'><strong>proximo-</strong></span> 
     </span>
    </p>
   </div>
   <div class='ocr_carea' id='block_1_43' title="bbox 342 4098 1962 4171">
    <p class='ocr_par' dir='ltr' id='par_1_43' title="bbox 342 4098 1962 4171">
     <span class='ocr_line' id='line_1_43' title="bbox 342 4098 1962 4171; baseline -0.002 -13"><span class='ocrx_word' id='word_1_308' title='bbox 342 4121 459 4158; x_wconf 92' lang='lat' dir='ltr'><strong>rnm</strong></span> <span class='ocrx_word' id='word_1_309' title='bbox 481 4100 782 4156; x_wconf 87' lang='lat' dir='ltr'><strong>studiosius</strong></span> <span class='ocrx_word' id='word_1_310' title='bbox 797 4114 919 4153; x_wconf 92' lang='lat' dir='ltr'><strong>cum</strong></span> <span class='ocrx_word' id='word_1_311' title='bbox 936 4098 1150 4171; x_wconf 87' lang='lat' dir='ltr'><strong>angelis</strong></span> <span class='ocrx_word' id='word_1_312' title='bbox 1163 4098 1637 4152; x_wconf 87' lang='lat' dir='ltr'><strong>descendentibus</strong></span> <span class='ocrx_word' id='word_1_313' title='bbox 1653 4099 1962 4157; x_wconf 84' lang='lat' dir='ltr'><strong>deScendit.</strong></span> 
     </span>
    </p>
   </div>
   <div class='ocr_carea' id='block_1_44' title="bbox 345 4189 1965 4262">
    <p class='ocr_par' dir='ltr' id='par_1_44' title="bbox 345 4189 1965 4262">
     <span class='ocr_line' id='line_1_44' title="bbox 345 4189 1965 4262; baseline -0.003 -12"><span class='ocrx_word' id='word_1_314' title='bbox 345 4196 569 4250; x_wconf 90' lang='lat' dir='ltr'><strong>Utenim</strong></span> <span class='ocrx_word' id='word_1_315' title='bbox 595 4191 934 4262; x_wconf 67' lang='lat' dir='ltr'><strong>paenitentiae</strong></span> <span class='ocrx_word' id='word_1_316' title='bbox 959 4189 1204 4244; x_wconf 86' lang='lat' dir='ltr'><strong>remedio</strong></span> <span class='ocrx_word' id='word_1_317' title='bbox 1227 4189 1424 4243; x_wconf 69' lang='lat' dir='ltr'><strong>anima)</strong></span> <span class='ocrx_word' id='word_1_318' title='bbox 1448 4206 1559 4243; x_wconf 67' lang='lat' dir='ltr'><strong>sua:</strong></span> <span class='ocrx_word' id='word_1_319' title='bbox 1583 4190 1817 4245; x_wconf 80' lang='lat' dir='ltr'><strong>diversis</strong></span> <span class='ocrx_word' id='word_1_320' title='bbox 1843 4207 1965 4262; x_wconf 87' lang='lat' dir='ltr'><strong>pos-</strong></span> 
     </span>
    </p>
   </div>
   <div class='ocr_carea' id='block_1_45' title="bbox 339 4269 1954 4351">
    <p class='ocr_par' dir='ltr' id='par_1_45' title="bbox 339 4269 1954 4351">
     <span class='ocr_line' id='line_1_45' title="bbox 339 4269 1954 4351; baseline -0.002 -9"><span class='ocrx_word' id='word_1_321' title='bbox 339 4297 424 4342; x_wconf 86' lang='lat' dir='ltr'><strong>set</strong></span> <span class='ocrx_word' id='word_1_322' title='bbox 454 4269 660 4340; x_wconf 85' lang='lat' dir='ltr'><strong>mederi</strong></span> <span class='ocrx_word' id='word_1_323' title='bbox 693 4282 1039 4348; x_wconf 88' lang='lat' dir='ltr'><strong>vulneribus,</strong></span> <span class='ocrx_word' id='word_1_324' title='bbox 1070 4282 1351 4336; x_wconf 89' lang='lat' dir='ltr'><strong>continuis</strong></span> <span class='ocrx_word' id='word_1_325' title='bbox 1380 4290 1588 4351; x_wconf 90' lang='lat' dir='ltr'><strong>septem</strong></span> <span class='ocrx_word' id='word_1_326' title='bbox 1622 4284 1823 4338; x_wconf 87' lang='lat' dir='ltr'><strong>diebus</strong></span> <span class='ocrx_word' id='word_1_327' title='bbox 1851 4285 1954 4339; x_wconf 90' lang='lat' dir='ltr'><strong>mi-</strong></span> 
     </span>
    </p>
   </div>
   <div class='ocr_carea' id='block_1_46' title="bbox 339 4371 1949 4441">
    <p class='ocr_par' dir='ltr' id='par_1_46' title="bbox 339 4371 1949 4441">
     <span class='ocr_line' id='line_1_46' title="bbox 339 4371 1949 4441; baseline -0.002 -10"><span class='ocrx_word' id='word_1_328' title='bbox 339 4376 655 4433; x_wconf 69' lang='lat' dir='ltr'><strong>sericordiae</strong></span> <span class='ocrx_word' id='word_1_329' title='bbox 681 4373 893 4428; x_wconf 86' lang='lat' dir='ltr'><strong>vacavit</strong></span> <span class='ocrx_word' id='word_1_330' title='bbox 922 4371 1204 4441; x_wconf 85' lang='lat' dir='ltr'><strong>Operibus,</strong></span> <span class='ocrx_word' id='word_1_331' title='bbox 1229 4381 1286 4425; x_wconf 90' lang='lat' dir='ltr'><strong>ut</strong></span> <span class='ocrx_word' id='word_1_332' title='bbox 1313 4371 1367 4425; x_wconf 92' lang='lat' dir='ltr'><strong>in</strong></span> <span class='ocrx_word' id='word_1_333' title='bbox 1397 4372 1756 4426; x_wconf 66' lang='lat' dir='ltr'><strong>sazcularibus</strong></span> <span class='ocrx_word' id='word_1_334' title='bbox 1785 4374 1949 4428; x_wconf 87' lang='lat' dir='ltr'><strong>rebus</strong></span> 
     </span>
    </p>
   </div>
   <div class='ocr_carea' id='block_1_47' title="bbox 340 4465 1949 4540">
    <p class='ocr_par' dir='ltr' id='par_1_47' title="bbox 340 4465 1949 4540">
     <span class='ocr_line' id='line_1_47' title="bbox 340 4465 1949 4540; baseline -0.002 -14"><span class='ocrx_word' id='word_1_335' title='bbox 340 4488 407 4527; x_wconf 91' lang='lat' dir='ltr'><strong>eo</strong></span> <span class='ocrx_word' id='word_1_336' title='bbox 426 4472 607 4525; x_wconf 91' lang='lat' dir='ltr'><strong>minor</strong></span> <span class='ocrx_word' id='word_1_337' title='bbox 621 4469 669 4523; x_wconf 91' lang='lat' dir='ltr'><strong>ei</strong></span> <span class='ocrx_word' id='word_1_338' title='bbox 696 4468 850 4522; x_wconf 85' lang='lat' dir='ltr'><strong>labor</strong></span> <span class='ocrx_word' id='word_1_339' title='bbox 872 4482 967 4535; x_wconf 90' lang='lat' dir='ltr'><strong>per</strong></span> <span class='ocrx_word' id='word_1_340' title='bbox 980 4465 1231 4540; x_wconf 88' lang='lat' dir='ltr'><strong>singulos</strong></span> <span class='ocrx_word' id='word_1_341' title='bbox 1250 4465 1653 4540; x_wconf 83' lang='lat' dir='ltr'><strong>ingravesceret</strong></span> <span class='ocrx_word' id='word_1_342' title='bbox 1671 4466 1812 4531; x_wconf 89' lang='lat' dir='ltr'><strong>dies,</strong></span> <span class='ocrx_word' id='word_1_343' title='bbox 1837 4483 1949 4538; x_wconf 94' lang='lat' dir='ltr'><strong>quo</strong></span> 
     </span>
    </p>
   </div>
   <div class='ocr_carea' id='block_1_48' title="bbox 342 4553 1956 4628">
    <p class='ocr_par' dir='ltr' id='par_1_48' title="bbox 342 4553 1956 4628">
     <span class='ocr_line' id='line_1_48' title="bbox 342 4553 1956 4628; baseline -0.002 -16"><span class='ocrx_word' id='word_1_344' title='bbox 342 4561 393 4613; x_wconf 91' lang='lat' dir='ltr'><strong>in</strong></span> <span class='ocrx_word' id='word_1_345' title='bbox 421 4556 805 4628; x_wconf 89' lang='lat' dir='ltr'><strong>spiritualibus</strong></span> <span class='ocrx_word' id='word_1_346' title='bbox 828 4555 1008 4609; x_wconf 87' lang='lat' dir='ltr'><strong>causis</strong></span> <span class='ocrx_word' id='word_1_347' title='bbox 1025 4554 1197 4622; x_wconf 87' lang='lat' dir='ltr'><strong>major</strong></span> <span class='ocrx_word' id='word_1_348' title='bbox 1216 4553 1325 4608; x_wconf 87' lang='lat' dir='ltr'><strong>sibi</strong></span> <span class='ocrx_word' id='word_1_349' title='bbox 1346 4554 1631 4608; x_wconf 87' lang='lat' dir='ltr'><strong>videbatur</strong></span> <span class='ocrx_word' id='word_1_350' title='bbox 1651 4555 1956 4609; x_wconf 86' lang='lat' dir='ltr'><strong>consistere</strong></span> 
     </span>
    </p>
   </div>
   <div class='ocr_carea' id='block_1_49' title="bbox 339 4647 1953 4724">
    <p class='ocr_par' dir='ltr' id='par_1_49' title="bbox 339 4647 1953 4724">
     <span class='ocr_line' id='line_1_49' title="bbox 339 4647 1953 4724; baseline -0.002 -17"><span class='ocrx_word' id='word_1_351' title='bbox 339 4653 519 4724; x_wconf 90' lang='lat' dir='ltr'><strong>quies.</strong></span> <span class='ocrx_word' id='word_1_352' title='bbox 566 4650 675 4704; x_wconf 83' lang='lat' dir='ltr'><strong>Tali</strong></span> <span class='ocrx_word' id='word_1_353' title='bbox 716 4649 923 4720; x_wconf 82' lang='lat' dir='ltr'><strong>quippe</strong></span> <span class='ocrx_word' id='word_1_354' title='bbox 954 4648 1119 4703; x_wconf 88' lang='lat' dir='ltr'><strong>modo</strong></span> <span class='ocrx_word' id='word_1_355' title='bbox 1162 4664 1261 4719; x_wconf 89' lang='lat' dir='ltr'><strong>per</strong></span> <span class='ocrx_word' id='word_1_356' title='bbox 1300 4656 1444 4704; x_wconf 89' lang='lat' dir='ltr'><strong>totos</strong></span> <span class='ocrx_word' id='word_1_357' title='bbox 1493 4664 1563 4700; x_wconf 89' lang='lat' dir='ltr'><strong>vn</strong></span> <span class='ocrx_word' id='word_1_358' title='bbox 1605 4647 1725 4702; x_wconf 88' lang='lat' dir='ltr'><strong>dies</strong></span> <span class='ocrx_word' id='word_1_359' title='bbox 1751 4647 1953 4704; x_wconf 64' lang='lat' dir='ltr'><strong>divinae</strong></span> 
     </span>
    </p>
   </div>
   <div class='ocr_carea' id='block_1_50' title="bbox 338 4742 1955 4818">
    <p class='ocr_par' dir='ltr' id='par_1_50' title="bbox 338 4742 1955 4818">
     <span class='ocr_line' id='line_1_50' title="bbox 338 4742 1955 4818; baseline -0.001 -17"><span class='ocrx_word' id='word_1_360' title='bbox 338 4764 398 4801; x_wconf 86' lang='lat' dir='ltr'><strong>se</strong></span> <span class='ocrx_word' id='word_1_361' title='bbox 440 4761 639 4818; x_wconf 88' lang='lat' dir='ltr'><strong>parans</strong></span> <span class='ocrx_word' id='word_1_362' title='bbox 689 4743 859 4805; x_wconf 84' lang='lat' dir='ltr'><strong>laudi,</strong></span> <span class='ocrx_word' id='word_1_363' title='bbox 892 4743 1098 4811; x_wconf 86' lang='lat' dir='ltr'><strong>templa</strong></span> <span class='ocrx_word' id='word_1_364' title='bbox 1144 4742 1574 4797; x_wconf 89' lang='lat' dir='ltr'><strong>Christianorum</strong></span> <span class='ocrx_word' id='word_1_365' title='bbox 1619 4742 1843 4813; x_wconf 91' lang='lat' dir='ltr'><strong>aperiri,</strong></span> <span class='ocrx_word' id='word_1_366' title='bbox 1902 4750 1955 4799; x_wconf 88' lang='lat' dir='ltr'><strong>et</strong></span> 
     </span>
    </p>
   </div>
   <div class='ocr_carea' id='block_1_51' title="bbox 341 4832 1955 4907">
    <p class='ocr_par' dir='ltr' id='par_1_51' title="bbox 341 4832 1955 4907">
     <span class='ocr_line' id='line_1_51' title="bbox 341 4832 1955 4907; baseline -0.002 -17"><span class='ocrx_word' id='word_1_367' title='bbox 341 4839 544 4907; x_wconf 85' lang='lat' dir='ltr'><strong>templa</strong></span> <span class='ocrx_word' id='word_1_368' title='bbox 595 4835 866 4889; x_wconf 91' lang='lat' dir='ltr'><strong>idolorum</strong></span> <span class='ocrx_word' id='word_1_369' title='bbox 906 4832 1145 4899; x_wconf 90' lang='lat' dir='ltr'><strong>jusserat</strong></span> <span class='ocrx_word' id='word_1_370' title='bbox 1177 4832 1387 4895; x_wconf 87' lang='lat' dir='ltr'><strong>claudi;</strong></span> <span class='ocrx_word' id='word_1_371' title='bbox 1447 4833 1543 4886; x_wconf 88' lang='lat' dir='ltr'><strong>sed</strong></span> <span class='ocrx_word' id='word_1_372' title='bbox 1593 4839 1648 4885; x_wconf 90' lang='lat' dir='ltr'><strong>et</strong></span> <span class='ocrx_word' id='word_1_373' title='bbox 1693 4832 1955 4887; x_wconf 89' lang='lat' dir='ltr'><strong>omnibus</strong></span> 
     </span>
    </p>
   </div>
   <div class='ocr_carea' id='block_1_52' title="bbox 338 4924 1950 4997">
    <p class='ocr_par' dir='ltr' id='par_1_52' title="bbox 338 4924 1950 4997">
     <span class='ocr_line' id='line_1_52' title="bbox 338 4924 1950 4997; baseline -0.002 -14"><span class='ocrx_word' id='word_1_374' title='bbox 338 4931 529 4985; x_wconf 91' lang='lat' dir='ltr'><strong>volens</strong></span> <span class='ocrx_word' id='word_1_375' title='bbox 576 4926 925 4983; x_wconf 85' lang='lat' dir='ltr'><strong>benefacere.</strong></span> <span class='ocrx_word' id='word_1_376' title='bbox 986 4932 1041 4979; x_wconf 92' lang='lat' dir='ltr'><strong>et</strong></span> <span class='ocrx_word' id='word_1_377' title='bbox 1084 4924 1344 4979; x_wconf 91' lang='lat' dir='ltr'><strong>omnibus</strong></span> <span class='ocrx_word' id='word_1_378' title='bbox 1406 4941 1651 4994; x_wconf 86' lang='lat' dir='ltr'><strong>parcere,</strong></span> <span class='ocrx_word' id='word_1_379' title='bbox 1700 4925 1950 4997; x_wconf 88' lang='lat' dir='ltr'><strong>captivos</strong></span> 
     </span>
    </p>
   </div>
   <div class='ocr_carea' id='block_1_53' title="bbox 340 5014 1951 5089">
    <p class='ocr_par' dir='ltr' id='par_1_53' title="bbox 340 5014 1951 5089">
     <span class='ocr_line' id='line_1_53' title="bbox 340 5014 1951 5089; baseline -0.003 -15"><span class='ocrx_word' id='word_1_380' title='bbox 340 5038 368 5074; x_wconf 91' lang='lat' dir='ltr'><strong>a</strong></span> <span class='ocrx_word' id='word_1_381' title='bbox 420 5018 755 5089; x_wconf 87' lang='lat' dir='ltr'><strong>captivitate,</strong></span> <span class='ocrx_word' id='word_1_382' title='bbox 827 5022 1135 5069; x_wconf 88' lang='lat' dir='ltr'><strong>carceratos</strong></span> <span class='ocrx_word' id='word_1_383' title='bbox 1192 5014 1355 5080; x_wconf 88' lang='lat' dir='ltr'><strong>ejecit</strong></span> <span class='ocrx_word' id='word_1_384' title='bbox 1448 5030 1478 5068; x_wconf 89' lang='lat' dir='ltr'><strong>a</strong></span> <span class='ocrx_word' id='word_1_385' title='bbox 1565 5028 1809 5080; x_wconf 88' lang='lat' dir='ltr'><strong>carcere,</strong></span> <span class='ocrx_word' id='word_1_386' title='bbox 1890 5022 1951 5070; x_wconf 92' lang='lat' dir='ltr'><strong>ut</strong></span> 
     </span>
    </p>
   </div>
   <div class='ocr_carea' id='block_1_54' title="bbox 339 5104 1951 5180">
    <p class='ocr_par' dir='ltr' id='par_1_54' title="bbox 339 5104 1951 5180">
     <span class='ocr_line' id='line_1_54' title="bbox 339 5104 1951 5180; baseline -0.002 -16"><span class='ocrx_word' id='word_1_387' title='bbox 339 5127 436 5180; x_wconf 92' lang='lat' dir='ltr'><strong>pro</strong></span> <span class='ocrx_word' id='word_1_388' title='bbox 483 5110 657 5164; x_wconf 88' lang='lat' dir='ltr'><strong>salute</strong></span> <span class='ocrx_word' id='word_1_389' title='bbox 714 5106 888 5177; x_wconf 88' lang='lat' dir='ltr'><strong>ipsius</strong></span> <span class='ocrx_word' id='word_1_390' title='bbox 931 5120 997 5159; x_wconf 88' lang='lat' dir='ltr'><strong>eo</strong></span> <span class='ocrx_word' id='word_1_391' title='bbox 1056 5104 1249 5172; x_wconf 83' lang='lat' dir='ltr'><strong>majori</strong></span> <span class='ocrx_word' id='word_1_392' title='bbox 1302 5104 1492 5159; x_wconf 65' lang='lat' dir='ltr'><strong>laetitia</strong></span> <span class='ocrx_word' id='word_1_393' title='bbox 1550 5120 1739 5159; x_wconf 89' lang='lat' dir='ltr'><strong>secum</strong></span> <span class='ocrx_word' id='word_1_394' title='bbox 1799 5105 1951 5161; x_wconf 64' lang='lat' dir='ltr'><strong>laeta-</strong></span> 
     </span>
    </p>
   </div>
   <div class='ocr_carea' id='block_1_55' title="bbox 339 5193 1945 5271">
    <p class='ocr_par' dir='ltr' id='par_1_55' title="bbox 339 5193 1945 5271">
     <span class='ocr_line' id='line_1_55' title="bbox 339 5193 1945 5271; baseline -0.003 -17"><span class='ocrx_word' id='word_1_395' title='bbox 339 5208 531 5254; x_wconf 86' lang='lat' dir='ltr'><strong>rentur</strong></span> <span class='ocrx_word' id='word_1_396' title='bbox 582 5199 639 5252; x_wconf 92' lang='lat' dir='ltr'><strong>in</strong></span> <span class='ocrx_word' id='word_1_397' title='bbox 694 5198 827 5260; x_wconf 86' lang='lat' dir='ltr'><strong>Deo,</strong></span> <span class='ocrx_word' id='word_1_398' title='bbox 881 5210 990 5266; x_wconf 89' lang='lat' dir='ltr'><strong>quo</strong></span> <span class='ocrx_word' id='word_1_399' title='bbox 1046 5193 1116 5248; x_wconf 89' lang='lat' dir='ltr'><strong>ab</strong></span> <span class='ocrx_word' id='word_1_400' title='bbox 1161 5195 1313 5250; x_wconf 89' lang='lat' dir='ltr'><strong>omni</strong></span> <span class='ocrx_word' id='word_1_401' title='bbox 1362 5195 1642 5250; x_wconf 86' lang='lat' dir='ltr'><strong>servitutis</strong></span> <span class='ocrx_word' id='word_1_402' title='bbox 1690 5197 1826 5271; x_wconf 87' lang='lat' dir='ltr'><strong>jugo</strong></span> <span class='ocrx_word' id='word_1_403' title='bbox 1877 5197 1945 5249; x_wconf 88' lang='lat' dir='ltr'><strong>li-</strong></span> 
     </span>
    </p>
   </div>
   <div class='ocr_carea' id='block_1_56' title="bbox 340 5284 1948 5358">
    <p class='ocr_par' dir='ltr' id='par_1_56' title="bbox 340 5284 1948 5358">
     <span class='ocr_line' id='line_1_56' title="bbox 340 5284 1948 5358; baseline -0.004 -14"><span class='ocrx_word' id='word_1_404' title='bbox 340 5291 454 5345; x_wconf 91' lang='lat' dir='ltr'><strong>beri</strong></span> <span class='ocrx_word' id='word_1_405' title='bbox 501 5291 568 5344; x_wconf 90' lang='lat' dir='ltr'><strong>ab</strong></span> <span class='ocrx_word' id='word_1_406' title='bbox 591 5305 659 5344; x_wconf 87' lang='lat' dir='ltr'><strong>eo</strong></span> <span class='ocrx_word' id='word_1_407' title='bbox 688 5286 845 5358; x_wconf 88' lang='lat' dir='ltr'><strong>quasi</strong></span> <span class='ocrx_word' id='word_1_408' title='bbox 880 5301 1066 5339; x_wconf 89' lang='lat' dir='ltr'><strong>annuo</strong></span> <span class='ocrx_word' id='word_1_409' title='bbox 1117 5284 1530 5341; x_wconf 90' lang='lat' dir='ltr'><strong>dimitterentur</strong></span> <span class='ocrx_word' id='word_1_410' title='bbox 1575 5287 1822 5355; x_wconf 67' lang='lat' dir='ltr'><strong>jubilaeo.</strong></span> <span class='ocrx_word' id='word_1_411' title='bbox 1856 5286 1948 5339; x_wconf 86' lang='lat' dir='ltr'><strong>Sic</strong></span> 
     </span>
    </p>
   </div>
   <div class='ocr_carea' id='block_1_57' title="bbox 336 5376 1946 5452">
    <p class='ocr_par' dir='ltr' id='par_1_57' title="bbox 336 5376 1946 5452">
     <span class='ocr_line' id='line_1_57' title="bbox 336 5376 1946 5452; baseline -0.004 -17"><span class='ocrx_word' id='word_1_412' title='bbox 336 5382 503 5452; x_wconf 84' lang='lat' dir='ltr'><strong>igitur</strong></span> <span class='ocrx_word' id='word_1_413' title='bbox 539 5397 663 5436; x_wconf 91' lang='lat' dir='ltr'><strong>cum</strong></span> <span class='ocrx_word' id='word_1_414' title='bbox 696 5379 763 5432; x_wconf 89' lang='lat' dir='ltr'><strong>ab</strong></span> <span class='ocrx_word' id='word_1_415' title='bbox 802 5376 1063 5434; x_wconf 90' lang='lat' dir='ltr'><strong>omnibus</strong></span> <span class='ocrx_word' id='word_1_416' title='bbox 1101 5377 1370 5449; x_wconf 85' lang='lat' dir='ltr'><strong>angustiis</strong></span> <span class='ocrx_word' id='word_1_417' title='bbox 1413 5386 1467 5432; x_wconf 91' lang='lat' dir='ltr'><strong>et</strong></span> <span class='ocrx_word' id='word_1_418' title='bbox 1500 5377 1946 5432; x_wconf 89' lang='lat' dir='ltr'><strong>tribulationibus</strong></span> 
     </span>
    </p>
   </div>
   <div class='ocr_carea' id='block_1_58' title="bbox 338 5464 1943 5540">
    <p class='ocr_par' dir='ltr' id='par_1_58' title="bbox 338 5464 1943 5540">
     <span class='ocr_line' id='line_1_58' title="bbox 338 5464 1943 5540; baseline -0.001 -19"><span class='ocrx_word' id='word_1_419' title='bbox 338 5477 524 5523; x_wconf 90' lang='lat' dir='ltr'><strong>essent</strong></span> <span class='ocrx_word' id='word_1_420' title='bbox 580 5467 823 5538; x_wconf 85' lang='lat' dir='ltr'><strong>expediti</strong></span> <span class='ocrx_word' id='word_1_421' title='bbox 864 5466 955 5538; x_wconf 88' lang='lat' dir='ltr'><strong>qui</strong></span> <span class='ocrx_word' id='word_1_422' title='bbox 998 5464 1204 5540; x_wconf 85' lang='lat' dir='ltr'><strong>frigore</strong></span> <span class='ocrx_word' id='word_1_423' title='bbox 1258 5474 1313 5520; x_wconf 89' lang='lat' dir='ltr'><strong>et</strong></span> <span class='ocrx_word' id='word_1_424' title='bbox 1352 5466 1603 5519; x_wconf 90' lang='lat' dir='ltr'><strong>nuditate</strong></span> <span class='ocrx_word' id='word_1_425' title='bbox 1656 5465 1769 5518; x_wconf 91' lang='lat' dir='ltr'><strong>sive</strong></span> <span class='ocrx_word' id='word_1_426' title='bbox 1802 5464 1943 5519; x_wconf 88' lang='lat' dir='ltr'><strong>lame</strong></span> 
     </span>
    </p>
   </div>
   <div class='ocr_carea' id='block_1_59' title="bbox 337 5559 1940 5630">
    <p class='ocr_par' dir='ltr' id='par_1_59' title="bbox 337 5559 1940 5630">
     <span class='ocr_line' id='line_1_59' title="bbox 337 5559 1940 5630; baseline 0.001 -17"><span class='ocrx_word' id='word_1_427' title='bbox 337 5562 723 5615; x_wconf 89' lang='lat' dir='ltr'><strong>cruciabantur</strong></span> <span class='ocrx_word' id='word_1_428' title='bbox 751 5570 803 5615; x_wconf 85' lang='lat' dir='ltr'><strong>et</strong></span> <span class='ocrx_word' id='word_1_429' title='bbox 833 5562 941 5625; x_wconf 90' lang='lat' dir='ltr'><strong>siti,</strong></span> <span class='ocrx_word' id='word_1_430' title='bbox 977 5560 1178 5614; x_wconf 87' lang='lat' dir='ltr'><strong>factum</strong></span> <span class='ocrx_word' id='word_1_431' title='bbox 1221 5569 1304 5614; x_wconf 88' lang='lat' dir='ltr'><strong>est</strong></span> <span class='ocrx_word' id='word_1_432' title='bbox 1334 5568 1392 5613; x_wconf 93' lang='lat' dir='ltr'><strong>ut</strong></span> <span class='ocrx_word' id='word_1_433' title='bbox 1433 5576 1530 5630; x_wconf 89' lang='lat' dir='ltr'><strong>per</strong></span> <span class='ocrx_word' id='word_1_434' title='bbox 1572 5561 1686 5614; x_wconf 70' lang='lat' dir='ltr'><strong>lucc</strong></span> <span class='ocrx_word' id='word_1_435' title='bbox 1724 5559 1940 5615; x_wconf 89' lang='lat' dir='ltr'><strong>diversa</strong></span> 
     </span>
    </p>
   </div>
   <div class='ocr_carea' id='block_1_60' title="bbox 334 5651 1941 5723">
    <p class='ocr_par' dir='ltr' id='par_1_60' title="bbox 334 5651 1941 5723">
     <span class='ocr_line' id='line_1_60' title="bbox 334 5651 1941 5723; baseline 0.001 -18"><span class='ocrx_word' id='word_1_436' title='bbox 334 5652 582 5705; x_wconf 69' lang='lat' dir='ltr'><strong>ctelestis</strong></span> <span class='ocrx_word' id='word_1_437' title='bbox 613 5652 1004 5705; x_wconf 66' lang='lat' dir='ltr'><strong>misericordiae</strong></span> <span class='ocrx_word' id='word_1_438' title='bbox 1032 5651 1225 5704; x_wconf 89' lang='lat' dir='ltr'><strong>solatia</strong></span> <span class='ocrx_word' id='word_1_439' title='bbox 1254 5652 1379 5705; x_wconf 89' lang='lat' dir='ltr'><strong>mali</strong></span> <span class='ocrx_word' id='word_1_440' title='bbox 1412 5652 1776 5722; x_wconf 67' lang='lat' dir='ltr'><strong>praecedentis</strong></span> <span class='ocrx_word' id='word_1_441' title='bbox 1803 5653 1941 5723; x_wconf 91' lang='lat' dir='ltr'><strong>inju-</strong></span> 
     </span>
    </p>
   </div>
   <div class='ocr_carea' id='block_1_61' title="bbox 2086 470 3688 543">
    <p class='ocr_par' dir='ltr' id='par_1_61' title="bbox 2086 470 3688 543">
     <span class='ocr_line' id='line_1_61' title="bbox 2086 470 3688 543; baseline 0.002 -21"><span class='ocrx_word' id='word_1_442' title='bbox 2086 470 2231 522; x_wconf 89' lang='lat' dir='ltr'><strong>tinus</strong></span> <span class='ocrx_word' id='word_1_443' title='bbox 2273 480 2475 534; x_wconf 87' lang='lat' dir='ltr'><strong>autem,</strong></span> <span class='ocrx_word' id='word_1_444' title='bbox 2514 470 2736 526; x_wconf 89' lang='lat' dir='ltr'><strong>abolere</strong></span> <span class='ocrx_word' id='word_1_445' title='bbox 2786 470 3017 541; x_wconf 90' lang='lat' dir='ltr'><strong>cupiens</strong></span> <span class='ocrx_word' id='word_1_446' title='bbox 3067 471 3430 543; x_wconf 87' lang='lat' dir='ltr'><strong>ignorantiam</strong></span> <span class='ocrx_word' id='word_1_447' title='bbox 3474 471 3688 541; x_wconf 90' lang='lat' dir='ltr'><strong>pristini</strong></span> 
     </span>
    </p>
   </div>
   <div class='ocr_carea' id='block_1_62' title="bbox 2084 558 3685 630">
    <p class='ocr_par' dir='ltr' id='par_1_62' title="bbox 2084 558 3685 630">
     <span class='ocr_line' id='line_1_62' title="bbox 2084 558 3685 630; baseline 0.001 -19"><span class='ocrx_word' id='word_1_448' title='bbox 2084 558 2304 621; x_wconf 88' lang='lat' dir='ltr'><strong>erroris,</strong></span> <span class='ocrx_word' id='word_1_449' title='bbox 2338 560 2403 612; x_wconf 91' lang='lat' dir='ltr'><strong>ad</strong></span> <span class='ocrx_word' id='word_1_450' title='bbox 2453 560 2762 628; x_wconf 87' lang='lat' dir='ltr'><strong>exemplum</strong></span> <span class='ocrx_word' id='word_1_451' title='bbox 2820 559 2999 613; x_wconf 61' lang='lat' dir='ltr'><strong>Mariae</strong></span> <span class='ocrx_word' id='word_1_452' title='bbox 3047 559 3371 629; x_wconf 88' lang='lat' dir='ltr'><strong>peccatricis</strong></span> <span class='ocrx_word' id='word_1_453' title='bbox 3411 560 3685 630; x_wconf 67' lang='lat' dir='ltr'><strong>paeniten-</strong></span> 
     </span>
    </p>
   </div>
   <div class='ocr_carea' id='block_1_63' title="bbox 2084 636 3688 722">
    <p class='ocr_par' dir='ltr' id='par_1_63' title="bbox 2084 636 3688 722">
     <span class='ocr_line' id='line_1_63' title="bbox 2084 636 3688 722; baseline 0.001 -17"><span class='ocrx_word' id='word_1_454' title='bbox 2084 651 2173 705; x_wconf 77' lang='lat' dir='ltr'><strong>tiae</strong></span> <span class='ocrx_word' id='word_1_455' title='bbox 2220 651 2473 722; x_wconf 78' lang='lat' dir='ltr'><strong>lacrymis</strong></span> <span class='ocrx_word' id='word_1_456' title='bbox 2525 652 2695 721; x_wconf 89' lang='lat' dir='ltr'><strong>pedes</strong></span> <span class='ocrx_word' id='word_1_457' title='bbox 2736 651 2905 721; x_wconf 64' lang='lat' dir='ltr'><strong>carpit</strong></span> <span class='ocrx_word' id='word_1_458' title='bbox 2955 653 3134 705; x_wconf 87' lang='lat' dir='ltr'><strong>lavare</strong></span> <span class='ocrx_word' id='word_1_459' title='bbox 3191 636 3505 714; x_wconf 79' lang='lat' dir='ltr'><strong>Salvatoris,</strong></span> <span class='ocrx_word' id='word_1_460' title='bbox 3560 653 3688 707; x_wconf 92' lang='lat' dir='ltr'><strong>dum</strong></span> 
     </span>
    </p>
   </div>
   <div class='ocr_carea' id='block_1_64' title="bbox 2087 741 3693 815">
    <p class='ocr_par' dir='ltr' id='par_1_64' title="bbox 2087 741 3693 815">
     <span class='ocr_line' id='line_1_64' title="bbox 2087 741 3693 815; baseline 0.001 -21"><span class='ocrx_word' id='word_1_461' title='bbox 2087 757 2183 811; x_wconf 91' lang='lat' dir='ltr'><strong>pro</strong></span> <span class='ocrx_word' id='word_1_462' title='bbox 2214 741 2367 812; x_wconf 87' lang='lat' dir='ltr'><strong>lepra</strong></span> <span class='ocrx_word' id='word_1_463' title='bbox 2405 742 2661 796; x_wconf 89' lang='lat' dir='ltr'><strong>vitiorum</strong></span> <span class='ocrx_word' id='word_1_464' title='bbox 2695 757 2918 797; x_wconf 88' lang='lat' dir='ltr'><strong>suorum</strong></span> <span class='ocrx_word' id='word_1_465' title='bbox 2947 742 3211 797; x_wconf 89' lang='lat' dir='ltr'><strong>diluenda</strong></span> <span class='ocrx_word' id='word_1_466' title='bbox 3240 758 3306 797; x_wconf 92' lang='lat' dir='ltr'><strong>eo</strong></span> <span class='ocrx_word' id='word_1_467' title='bbox 3334 742 3509 815; x_wconf 88' lang='lat' dir='ltr'><strong>magis</strong></span> <span class='ocrx_word' id='word_1_468' title='bbox 3542 742 3693 812; x_wconf 84' lang='lat' dir='ltr'><strong>pedi-</strong></span> 
     </span>
    </p>
   </div>
   <div class='ocr_carea' id='block_1_65' title="bbox 2086 830 3695 902">
    <p class='ocr_par' dir='ltr' id='par_1_65' title="bbox 2086 830 3695 902">
     <span class='ocr_line' id='line_1_65' title="bbox 2086 830 3695 902; baseline 0.002 -20"><span class='ocrx_word' id='word_1_469' title='bbox 2086 830 2191 883; x_wconf 87' lang='lat' dir='ltr'><strong>bus</strong></span> <span class='ocrx_word' id='word_1_470' title='bbox 2218 831 2337 898; x_wconf 87' lang='lat' dir='ltr'><strong>ejus</strong></span> <span class='ocrx_word' id='word_1_471' title='bbox 2367 831 3063 901; x_wconf 87' lang='lat' dir='ltr'><strong>studuitappropinquare,</strong></span> <span class='ocrx_word' id='word_1_472' title='bbox 3105 847 3214 902; x_wconf 94' lang='lat' dir='ltr'><strong>quo</strong></span> <span class='ocrx_word' id='word_1_473' title='bbox 3243 846 3365 886; x_wconf 91' lang='lat' dir='ltr'><strong>cum</strong></span> <span class='ocrx_word' id='word_1_474' title='bbox 3397 833 3588 886; x_wconf 90' lang='lat' dir='ltr'><strong>decem</strong></span> <span class='ocrx_word' id='word_1_475' title='bbox 3620 834 3695 885; x_wconf 90' lang='lat' dir='ltr'><strong>le-</strong></span> 
     </span>
    </p>
   </div>
   <div class='ocr_carea' id='block_1_66' title="bbox 2087 923 3694 997">
    <p class='ocr_par' dir='ltr' id='par_1_66' title="bbox 2087 923 3694 997">
     <span class='ocr_line' id='line_1_66' title="bbox 2087 923 3694 997; baseline 0.001 -19"><span class='ocrx_word' id='word_1_476' title='bbox 2087 926 2264 995; x_wconf 91' lang='lat' dir='ltr'><strong>prosis</strong></span> <span class='ocrx_word' id='word_1_477' title='bbox 2283 924 2613 997; x_wconf 83' lang='lat' dir='ltr'><strong>evangelicis</strong></span> <span class='ocrx_word' id='word_1_478' title='bbox 2642 924 2850 978; x_wconf 91' lang='lat' dir='ltr'><strong>diutius</strong></span> <span class='ocrx_word' id='word_1_479' title='bbox 2876 940 2906 977; x_wconf 91' lang='lat' dir='ltr'><strong>a</strong></span> <span class='ocrx_word' id='word_1_480' title='bbox 2934 925 3097 995; x_wconf 89' lang='lat' dir='ltr'><strong>longe</strong></span> <span class='ocrx_word' id='word_1_481' title='bbox 3138 923 3320 979; x_wconf 87' lang='lat' dir='ltr'><strong>noluit</strong></span> <span class='ocrx_word' id='word_1_482' title='bbox 3339 930 3505 979; x_wconf 88' lang='lat' dir='ltr'><strong>stare.</strong></span> <span class='ocrx_word' id='word_1_483' title='bbox 3538 923 3694 979; x_wconf 84' lang='lat' dir='ltr'><strong>Unde</strong></span> 
     </span>
    </p>
   </div>
   <div class='ocr_carea' id='block_1_67' title="bbox 2086 1013 3695 1084">
    <p class='ocr_par' dir='ltr' id='par_1_67' title="bbox 2086 1013 3695 1084">
     <span class='ocr_line' id='line_1_67' title="bbox 2086 1013 3695 1084; baseline -0.001 -15"><span class='ocrx_word' id='word_1_484' title='bbox 2086 1015 2312 1069; x_wconf 89' lang='lat' dir='ltr'><strong>monitis</strong></span> <span class='ocrx_word' id='word_1_485' title='bbox 2338 1015 2390 1066; x_wconf 84' lang='grc' dir='ltr'><strong>Β.</strong></span> <span class='ocrx_word' id='word_1_486' title='bbox 2412 1013 2671 1084; x_wconf 75' lang='lat' dir='ltr'><strong>Sylvestri</strong></span> <span class='ocrx_word' id='word_1_487' title='bbox 2704 1013 3026 1068; x_wconf 77' lang='lat' dir='ltr'><strong>idololatriae</strong></span> <span class='ocrx_word' id='word_1_488' title='bbox 3058 1014 3382 1067; x_wconf 90' lang='lat' dir='ltr'><strong>renuntians</strong></span> <span class='ocrx_word' id='word_1_489' title='bbox 3411 1013 3695 1081; x_wconf 85' lang='lat' dir='ltr'><strong>toti.juxta</strong></span> 
     </span>
    </p>
   </div>
   <div class='ocr_carea' id='block_1_68' title="bbox 2086 1104 3698 1176">
    <p class='ocr_par' dir='ltr' id='par_1_68' title="bbox 2086 1104 3698 1176">
     <span class='ocr_line' id='line_1_68' title="bbox 2086 1104 3698 1176; baseline -0.001 -17"><span class='ocrx_word' id='word_1_490' title='bbox 2086 1114 2422 1176; x_wconf 67' lang='lat' dir='ltr'><strong>praeceptum</strong></span> <span class='ocrx_word' id='word_1_491' title='bbox 2482 1104 2697 1159; x_wconf 75' lang='lat' dir='ltr'><strong>homini</strong></span> <span class='ocrx_word' id='word_1_492' title='bbox 2747 1104 2952 1174; x_wconf 88' lang='lat' dir='ltr'><strong>lepram</strong></span> <span class='ocrx_word' id='word_1_493' title='bbox 3005 1106 3215 1175; x_wconf 89' lang='lat' dir='ltr'><strong>peccati</strong></span> <span class='ocrx_word' id='word_1_494' title='bbox 3246 1104 3424 1158; x_wconf 89' lang='lat' dir='ltr'><strong>eidem</strong></span> <span class='ocrx_word' id='word_1_495' title='bbox 3458 1106 3698 1159; x_wconf 86' lang='lat' dir='ltr'><strong>ostendit</strong></span> 
     </span>
    </p>
   </div>
   <div class='ocr_carea' id='block_1_69' title="bbox 2085 1194 3694 1265">
    <p class='ocr_par' dir='ltr' id='par_1_69' title="bbox 2085 1194 3694 1265">
     <span class='ocr_line' id='line_1_69' title="bbox 2085 1194 3694 1265; baseline 0 -16"><span class='ocrx_word' id='word_1_496' title='bbox 2085 1194 2377 1257; x_wconf 89' lang='lat' dir='ltr'><strong>sacerdoti,</strong></span> <span class='ocrx_word' id='word_1_497' title='bbox 2405 1210 2473 1248; x_wconf 92' lang='lat' dir='ltr'><strong>ne</strong></span> <span class='ocrx_word' id='word_1_498' title='bbox 2504 1211 2626 1249; x_wconf 92' lang='lat' dir='ltr'><strong>cum</strong></span> <span class='ocrx_word' id='word_1_499' title='bbox 2660 1195 2769 1248; x_wconf 88' lang='lat' dir='ltr'><strong>illis</strong></span> <span class='ocrx_word' id='word_1_500' title='bbox 2798 1196 2987 1249; x_wconf 90' lang='lat' dir='ltr'><strong>decem</strong></span> <span class='ocrx_word' id='word_1_501' title='bbox 3021 1196 3251 1265; x_wconf 85' lang='lat' dir='ltr'><strong>leprosis</strong></span> <span class='ocrx_word' id='word_1_502' title='bbox 3277 1195 3508 1249; x_wconf 84' lang='lat' dir='ltr'><strong>diversis</strong></span> <span class='ocrx_word' id='word_1_503' title='bbox 3532 1196 3694 1250; x_wconf 87' lang='lat' dir='ltr'><strong>vitio-</strong></span> 
     </span>
    </p>
   </div>
   <div class='ocr_carea' id='block_1_70' title="bbox 2089 1287 3694 1360">
    <p class='ocr_par' dir='ltr' id='par_1_70' title="bbox 2089 1287 3694 1360">
     <span class='ocr_line' id='line_1_70' title="bbox 2089 1287 3694 1360; baseline 0.001 -19"><span class='ocrx_word' id='word_1_504' title='bbox 2089 1304 2206 1342; x_wconf 91' lang='lat' dir='ltr'><strong>rum</strong></span> <span class='ocrx_word' id='word_1_505' title='bbox 2240 1287 2538 1360; x_wconf 88' lang='lat' dir='ltr'><strong>agitaretur</strong></span> <span class='ocrx_word' id='word_1_506' title='bbox 2567 1288 2826 1349; x_wconf 78' lang='lat' dir='ltr'><strong>motibus,</strong></span> <span class='ocrx_word' id='word_1_507' title='bbox 2864 1287 3068 1359; x_wconf 89' lang='lat' dir='ltr'><strong>quibus</strong></span> <span class='ocrx_word' id='word_1_508' title='bbox 3094 1288 3334 1342; x_wconf 89' lang='lat' dir='ltr'><strong>Veritas:</strong></span> <span class='ocrx_word' id='word_1_509' title='bbox 3371 1290 3464 1354; x_wconf 79' lang='lat' dir='ltr'><strong>Ite,</strong></span> <span class='ocrx_word' id='word_1_510' title='bbox 3495 1288 3694 1358; x_wconf 86' lang='lat' dir='ltr'><strong>inquit,</strong></span> 
     </span>
    </p>
   </div>
   <div class='ocr_carea' id='block_1_71' title="bbox 2086 1379 3689 1451">
    <p class='ocr_par' dir='ltr' id='par_1_71' title="bbox 2086 1379 3689 1451">
     <span class='ocr_line' id='line_1_71' title="bbox 2086 1379 3689 1451; baseline -0.001 -17"><span class='ocrx_word' id='word_1_511' title='bbox 2086 1379 2343 1434; x_wconf 78' lang='lat' dir='ltr'><strong>ostendite</strong></span> <span class='ocrx_word' id='word_1_512' title='bbox 2376 1394 2464 1433; x_wconf 82' lang='lat' dir='ltr'><strong>vos</strong></span> <span class='ocrx_word' id='word_1_513' title='bbox 2518 1381 2877 1435; x_wconf 76' lang='lat' dir='ltr'><strong>sacerdotibus</strong></span> <span class='ocrx_word' id='word_1_514' title='bbox 2909 1381 3049 1450; x_wconf 79' lang='lat' dir='ltr'><strong>(Luc.</strong></span> <span class='ocrx_word' id='word_1_515' title='bbox 3092 1384 3243 1444; x_wconf 81' lang='lat' dir='ltr'><strong>xvn).</strong></span> <span class='ocrx_word' id='word_1_516' title='bbox 3305 1380 3445 1444; x_wconf 85' lang='lat' dir='ltr'><strong>Quid</strong></span> <span class='ocrx_word' id='word_1_517' title='bbox 3488 1379 3689 1451; x_wconf 82' lang='lat' dir='ltr'><strong>plura?</strong></span> 
     </span>
    </p>
   </div>
   <div class='ocr_carea' id='block_1_72' title="bbox 2084 1472 3696 1539">
    <p class='ocr_par' dir='ltr' id='par_1_72' title="bbox 2084 1472 3696 1539">
     <span class='ocr_line' id='line_1_72' title="bbox 2084 1472 3696 1539; baseline 0 -13"><span class='ocrx_word' id='word_1_518' title='bbox 2084 1473 2293 1527; x_wconf 88' lang='lat' dir='ltr'><strong>Tandiu</strong></span> <span class='ocrx_word' id='word_1_519' title='bbox 2325 1473 2464 1527; x_wconf 91' lang='lat' dir='ltr'><strong>alter</strong></span> <span class='ocrx_word' id='word_1_520' title='bbox 2492 1472 2717 1527; x_wconf 90' lang='lat' dir='ltr'><strong>alterius</strong></span> <span class='ocrx_word' id='word_1_521' title='bbox 2749 1473 3005 1527; x_wconf 86' lang='lat' dir='ltr'><strong>utebatur</strong></span> <span class='ocrx_word' id='word_1_522' title='bbox 3027 1472 3281 1539; x_wconf 88' lang='lat' dir='ltr'><strong>consilio,</strong></span> <span class='ocrx_word' id='word_1_523' title='bbox 3313 1473 3503 1528; x_wconf 88' lang='lat' dir='ltr'><strong>tandiu</strong></span> <span class='ocrx_word' id='word_1_524' title='bbox 3531 1473 3696 1527; x_wconf 89' lang='lat' dir='ltr'><strong>etiam</strong></span> 
     </span>
    </p>
   </div>
   <div class='ocr_carea' id='block_1_73' title="bbox 2086 1560 3702 1632">
    <p class='ocr_par' dir='ltr' id='par_1_73' title="bbox 2086 1560 3702 1632">
     <span class='ocr_line' id='line_1_73' title="bbox 2086 1560 3702 1632; baseline -0.001 -17"><span class='ocrx_word' id='word_1_525' title='bbox 2086 1562 2224 1616; x_wconf 89' lang='lat' dir='ltr'><strong>alter</strong></span> <span class='ocrx_word' id='word_1_526' title='bbox 2252 1578 2373 1616; x_wconf 90' lang='lat' dir='ltr'><strong>cum</strong></span> <span class='ocrx_word' id='word_1_527' title='bbox 2417 1562 2615 1625; x_wconf 88' lang='lat' dir='ltr'><strong>altero,</strong></span> <span class='ocrx_word' id='word_1_528' title='bbox 2646 1561 2800 1632; x_wconf 90' lang='lat' dir='ltr'><strong>quasi</strong></span> <span class='ocrx_word' id='word_1_529' title='bbox 2836 1568 2993 1631; x_wconf 87' lang='lat' dir='ltr'><strong>pater</strong></span> <span class='ocrx_word' id='word_1_530' title='bbox 3022 1560 3351 1632; x_wconf 76' lang='lat' dir='ltr'><strong>loquebatur</strong></span> <span class='ocrx_word' id='word_1_531' title='bbox 3399 1578 3527 1616; x_wconf 89' lang='lat' dir='ltr'><strong>cum</strong></span> <span class='ocrx_word' id='word_1_532' title='bbox 3566 1560 3702 1626; x_wconf 80' lang='lat' dir='ltr'><strong>tilio,</strong></span> 
     </span>
    </p>
   </div>
   <div class='ocr_carea' id='block_1_74' title="bbox 2086 1650 3701 1722">
    <p class='ocr_par' dir='ltr' id='par_1_74' title="bbox 2086 1650 3701 1722">
     <span class='ocr_line' id='line_1_74' title="bbox 2086 1650 3701 1722; baseline 0 -17"><span class='ocrx_word' id='word_1_533' title='bbox 2086 1650 2446 1722; x_wconf 87' lang='lat' dir='ltr'><strong>quoadusque</strong></span> <span class='ocrx_word' id='word_1_534' title='bbox 2476 1650 2620 1704; x_wconf 79' lang='lat' dir='ltr'><strong>filius</strong></span> <span class='ocrx_word' id='word_1_535' title='bbox 2645 1651 2917 1705; x_wconf 87' lang='lat' dir='ltr'><strong>obediens</strong></span> <span class='ocrx_word' id='word_1_536' title='bbox 2948 1650 3087 1720; x_wconf 92' lang='lat' dir='ltr'><strong>patri</strong></span> <span class='ocrx_word' id='word_1_537' title='bbox 3124 1651 3470 1705; x_wconf 91' lang='lat' dir='ltr'><strong>reconciliari</strong></span> <span class='ocrx_word' id='word_1_538' title='bbox 3501 1652 3701 1705; x_wconf 87' lang='lat' dir='ltr'><strong>meruit</strong></span> 
     </span>
    </p>
   </div>
   <div class='ocr_carea' id='block_1_75' title="bbox 2014 1701 3705 1812">
    <p class='ocr_par' dir='ltr' id='par_1_75' title="bbox 2014 1701 3705 1812">
     <span class='ocr_line' id='line_1_75' title="bbox 2092 1701 3700 1722; baseline 0 -17"><span class='ocrx_word' id='word_1_539' title='bbox 2092 1701 2442 1722; x_wconf 50' lang='grc' dir='ltr'><strong>Ἰηπητ--</strong></span> <span class='ocrx_word' id='word_1_540' title='bbox 2652 1701 2692 1705; x_wconf 59' lang='lat'><strong>-,</strong></span> <span class='ocrx_word' id='word_1_541' title='bbox 2729 1701 2745 1704; x_wconf 71' lang='lat'><strong>-</strong></span> <span class='ocrx_word' id='word_1_542' title='bbox 3125 1701 3470 1705; x_wconf 39' lang='grc' dir='ltr'><strong>---πψτη</strong></span> 
     </span>
     <span class='ocr_line' id='line_1_76' title="bbox 2014 1701 3705 1812; baseline 0.001 -18"><span class='ocrx_word' id='word_1_543' title='bbox 2014 1701 2060 1766; x_wconf 71' lang='grc' dir='ltr'>Β</span> <span class='ocrx_word' id='word_1_544' title='bbox 2086 1741 2343 1795; x_wconf 75' lang='lat' dir='ltr'><strong>Ecclesiae</strong></span> <span class='ocrx_word' id='word_1_545' title='bbox 2398 1740 2577 1794; x_wconf 88' lang='lat' dir='ltr'><strong>matri.</strong></span> <span class='ocrx_word' id='word_1_546' title='bbox 2632 1740 2783 1794; x_wconf 89' lang='lat' dir='ltr'><strong>Sicut</strong></span> <span class='ocrx_word' id='word_1_547' title='bbox 2821 1740 2966 1794; x_wconf 91' lang='lat' dir='ltr'><strong>enim</strong></span> <span class='ocrx_word' id='word_1_548' title='bbox 3000 1740 3245 1794; x_wconf 86' lang='lat' dir='ltr'><strong>Salvator</strong></span> <span class='ocrx_word' id='word_1_549' title='bbox 3292 1749 3481 1795; x_wconf 90' lang='lat' dir='ltr'><strong>noster</strong></span> <span class='ocrx_word' id='word_1_550' title='bbox 3515 1756 3705 1812; x_wconf 85' lang='lat' dir='ltr'><strong>quon-</strong></span> 
     </span>
    </p>
   </div>
   <div class='ocr_carea' id='block_1_76' title="bbox 2085 1828 3700 1899">
    <p class='ocr_par' dir='ltr' id='par_1_76' title="bbox 2085 1828 3700 1899">
     <span class='ocr_line' id='line_1_77' title="bbox 2085 1828 3700 1899; baseline 0.002 -17"><span class='ocrx_word' id='word_1_551' title='bbox 2085 1830 2207 1883; x_wconf 90' lang='lat' dir='ltr'><strong>dam</strong></span> <span class='ocrx_word' id='word_1_552' title='bbox 2257 1832 2317 1882; x_wconf 88' lang='lat' dir='ltr'><strong>in</strong></span> <span class='ocrx_word' id='word_1_553' title='bbox 2350 1831 2550 1883; x_wconf 80' lang='lat' dir='ltr'><strong>deserto</strong></span> <span class='ocrx_word' id='word_1_554' title='bbox 2598 1828 2860 1883; x_wconf 64' lang='lat' dir='ltr'><strong>caelorum</strong></span> <span class='ocrx_word' id='word_1_555' title='bbox 2918 1831 3116 1883; x_wconf 80' lang='lat' dir='ltr'><strong>relictis</strong></span> <span class='ocrx_word' id='word_1_556' title='bbox 3172 1832 3355 1885; x_wconf 85' lang='lat' dir='ltr'><strong>ovibus</strong></span> <span class='ocrx_word' id='word_1_557' title='bbox 3399 1834 3700 1899; x_wconf 74' lang='lat' dir='ltr'><strong>nonaginta</strong></span> 
     </span>
    </p>
   </div>
   <div class='ocr_carea' id='block_1_77' title="bbox 2082 1918 3700 1988">
    <p class='ocr_par' dir='ltr' id='par_1_77' title="bbox 2082 1918 3700 1988">
     <span class='ocr_line' id='line_1_78' title="bbox 2082 1918 3700 1988; baseline 0.001 -15"><span class='ocrx_word' id='word_1_558' title='bbox 2082 1933 2269 1973; x_wconf 85' lang='lat' dir='ltr'><strong>novem</strong></span> <span class='ocrx_word' id='word_1_559' title='bbox 2297 1921 2439 1984; x_wconf 82' lang='lat' dir='ltr'><strong>(Luc.</strong></span> <span class='ocrx_word' id='word_1_560' title='bbox 2477 1918 2588 1987; x_wconf 84' lang='lat' dir='ltr'><strong>xv),</strong></span> <span class='ocrx_word' id='word_1_561' title='bbox 2644 1918 2697 1971; x_wconf 92' lang='lat' dir='ltr'><strong>in</strong></span> <span class='ocrx_word' id='word_1_562' title='bbox 2730 1918 2969 1972; x_wconf 69' lang='lat' dir='ltr'><strong>ldumzea</strong></span> <span class='ocrx_word' id='word_1_563' title='bbox 2999 1919 3287 1988; x_wconf 63' lang='lat' dir='ltr'><strong>praesentis</strong></span> <span class='ocrx_word' id='word_1_564' title='bbox 3334 1921 3521 1974; x_wconf 66' lang='lat' dir='ltr'><strong>smculi</strong></span> <span class='ocrx_word' id='word_1_565' title='bbox 3563 1936 3700 1974; x_wconf 88' lang='lat' dir='ltr'><strong>cen-</strong></span> 
     </span>
    </p>
   </div>
   <div class='ocr_carea' id='block_1_78' title="bbox 2080 2011 3695 2082">
    <p class='ocr_par' dir='ltr' id='par_1_78' title="bbox 2080 2011 3695 2082">
     <span class='ocr_line' id='line_1_79' title="bbox 2080 2011 3695 2082; baseline -0.001 -16"><span class='ocrx_word' id='word_1_566' title='bbox 2080 2012 2331 2066; x_wconf 88' lang='lat' dir='ltr'><strong>tesimam</strong></span> <span class='ocrx_word' id='word_1_567' title='bbox 2386 2011 2682 2082; x_wconf 68' lang='lat' dir='ltr'><strong>quaesierat</strong></span> <span class='ocrx_word' id='word_1_568' title='bbox 2719 2027 2901 2076; x_wconf 80' lang='lat' dir='ltr'><strong>ovem,</strong></span> <span class='ocrx_word' id='word_1_569' title='bbox 2938 2012 3009 2065; x_wconf 90' lang='lat' dir='ltr'><strong>ita</strong></span> <span class='ocrx_word' id='word_1_570' title='bbox 3060 2012 3256 2065; x_wconf 89' lang='lat' dir='ltr'><strong>beatus</strong></span> <span class='ocrx_word' id='word_1_571' title='bbox 3296 2012 3577 2082; x_wconf 83' lang='lat' dir='ltr'><strong>Sylvester</strong></span> <span class='ocrx_word' id='word_1_572' title='bbox 3624 2015 3695 2065; x_wconf 92' lang='lat' dir='ltr'><strong>ab</strong></span> 
     </span>
    </p>
   </div>
   <div class='ocr_carea' id='block_1_79' title="bbox 2077 2101 3697 2172">
    <p class='ocr_par' dir='ltr' id='par_1_79' title="bbox 2077 2101 3697 2172">
     <span class='ocr_line' id='line_1_80' title="bbox 2077 2101 3697 2172; baseline 0 -17"><span class='ocrx_word' id='word_1_573' title='bbox 2077 2101 2207 2155; x_wconf 89' lang='lat' dir='ltr'><strong>ovili</strong></span> <span class='ocrx_word' id='word_1_574' title='bbox 2236 2101 2448 2155; x_wconf 90' lang='lat' dir='ltr'><strong>Domini</strong></span> <span class='ocrx_word' id='word_1_575' title='bbox 2470 2101 2663 2155; x_wconf 87' lang='lat' dir='ltr'><strong>dolens</strong></span> <span class='ocrx_word' id='word_1_576' title='bbox 2691 2116 2846 2155; x_wconf 76' lang='lat' dir='ltr'><strong>ovem</strong></span> <span class='ocrx_word' id='word_1_577' title='bbox 2882 2102 3163 2155; x_wconf 86' lang='lat' dir='ltr'><strong>aberrasse</strong></span> <span class='ocrx_word' id='word_1_578' title='bbox 3194 2101 3572 2162; x_wconf 88' lang='lat' dir='ltr'><strong>centesimam,</strong></span> <span class='ocrx_word' id='word_1_579' title='bbox 3600 2118 3697 2172; x_wconf 83' lang='lat' dir='ltr'><strong>pa-</strong></span> 
     </span>
    </p>
   </div>
   <div class='ocr_carea' id='block_1_80' title="bbox 2079 2188 3695 2261">
    <p class='ocr_par' dir='ltr' id='par_1_80' title="bbox 2079 2188 3695 2261">
     <span class='ocr_line' id='line_1_81' title="bbox 2079 2188 3695 2261; baseline 0.002 -19"><span class='ocrx_word' id='word_1_580' title='bbox 2079 2196 2250 2243; x_wconf 66' lang='lat' dir='ltr'><strong>terna:</strong></span> <span class='ocrx_word' id='word_1_581' title='bbox 2283 2190 2598 2245; x_wconf 90' lang='lat' dir='ltr'><strong>dilectionis</strong></span> <span class='ocrx_word' id='word_1_582' title='bbox 2627 2192 2856 2245; x_wconf 90' lang='lat' dir='ltr'><strong>humero</strong></span> <span class='ocrx_word' id='word_1_583' title='bbox 2897 2198 3178 2261; x_wconf 87' lang='lat' dir='ltr'><strong>reportare</strong></span> <span class='ocrx_word' id='word_1_584' title='bbox 3208 2188 3464 2244; x_wconf 87' lang='lat' dir='ltr'><strong>studebat</strong></span> <span class='ocrx_word' id='word_1_585' title='bbox 3492 2192 3561 2244; x_wconf 88' lang='lat' dir='ltr'><strong>ad</strong></span> <span class='ocrx_word' id='word_1_586' title='bbox 3594 2192 3695 2246; x_wconf 83' lang='lat' dir='ltr'><strong>Ec-</strong></span> 
     </span>
    </p>
   </div>
   <div class='ocr_carea' id='block_1_81' title="bbox 2079 2282 3696 2357">
    <p class='ocr_par' dir='ltr' id='par_1_81' title="bbox 2079 2282 3696 2357">
     <span class='ocr_line' id='line_1_82' title="bbox 2079 2282 3696 2357; baseline 0.001 -21"><span class='ocrx_word' id='word_1_587' title='bbox 2079 2282 2323 2337; x_wconf 90' lang='lat' dir='ltr'><strong>clesiam.</strong></span> <span class='ocrx_word' id='word_1_588' title='bbox 2356 2283 2428 2336; x_wconf 92' lang='lat' dir='ltr'><strong>De</strong></span> <span class='ocrx_word' id='word_1_589' title='bbox 2453 2299 2560 2353; x_wconf 90' lang='lat' dir='ltr'><strong>qua</strong></span> <span class='ocrx_word' id='word_1_590' title='bbox 2586 2300 2653 2336; x_wconf 92' lang='lat' dir='ltr'><strong>ne</strong></span> <span class='ocrx_word' id='word_1_591' title='bbox 2677 2284 2887 2337; x_wconf 86' lang='lat' dir='ltr'><strong>diutius</strong></span> <span class='ocrx_word' id='word_1_592' title='bbox 2904 2282 3216 2338; x_wconf 79' lang='lat' dir='ltr'><strong>differretur</strong></span> <span class='ocrx_word' id='word_1_593' title='bbox 3234 2283 3408 2357; x_wconf 86' lang='lat' dir='ltr'><strong>gratia</strong></span> <span class='ocrx_word' id='word_1_594' title='bbox 3437 2300 3696 2355; x_wconf 67' lang='lat' dir='ltr'><strong>supernae</strong></span> 
     </span>
    </p>
   </div>
   <div class='ocr_carea' id='block_1_82' title="bbox 2078 2372 3695 2442">
    <p class='ocr_par' dir='ltr' id='par_1_82' title="bbox 2078 2372 3695 2442">
     <span class='ocr_line' id='line_1_83' title="bbox 2078 2372 3695 2442; baseline 0.002 -18"><span class='ocrx_word' id='word_1_595' title='bbox 2078 2372 2296 2426; x_wconf 87' lang='lat' dir='ltr'><strong>virtutis</strong></span> <span class='ocrx_word' id='word_1_596' title='bbox 2322 2377 2468 2427; x_wconf 84' lang='lat' dir='ltr'><strong>venit</strong></span> <span class='ocrx_word' id='word_1_597' title='bbox 2511 2380 2717 2442; x_wconf 86' lang='lat' dir='ltr'><strong>tempus</strong></span> <span class='ocrx_word' id='word_1_598' title='bbox 2754 2374 3095 2442; x_wconf 84' lang='lat' dir='ltr'><strong>acceptabite,</strong></span> <span class='ocrx_word' id='word_1_599' title='bbox 3151 2379 3201 2427; x_wconf 85' lang='lat' dir='ltr'><strong>et</strong></span> <span class='ocrx_word' id='word_1_600' title='bbox 3237 2374 3346 2428; x_wconf 76' lang='lat' dir='ltr'><strong>dies</strong></span> <span class='ocrx_word' id='word_1_601' title='bbox 3384 2375 3598 2439; x_wconf 78' lang='lat' dir='ltr'><strong>salutis,</strong></span> <span class='ocrx_word' id='word_1_602' title='bbox 3634 2374 3695 2427; x_wconf 88' lang='lat' dir='ltr'><strong>in</strong></span> 
     </span>
    </p>
   </div>
   <div class='ocr_carea' id='block_1_83' title="bbox 2079 2461 3697 2537">
    <p class='ocr_par' dir='ltr' id='par_1_83' title="bbox 2079 2461 3697 2537">
     <span class='ocr_line' id='line_1_84' title="bbox 2079 2461 3697 2537; baseline 0.002 -23"><span class='ocrx_word' id='word_1_603' title='bbox 2079 2477 2187 2530; x_wconf 89' lang='lat' dir='ltr'><strong>qua</strong></span> <span class='ocrx_word' id='word_1_604' title='bbox 2214 2461 2307 2515; x_wconf 89' lang='lat' dir='ltr'><strong>illa</strong></span> <span class='ocrx_word' id='word_1_605' title='bbox 2339 2462 2475 2537; x_wconf 83' lang='lat' dir='ltr'><strong>hora</strong></span> <span class='ocrx_word' id='word_1_606' title='bbox 2494 2461 2670 2532; x_wconf 89' lang='lat' dir='ltr'><strong>magis</strong></span> <span class='ocrx_word' id='word_1_607' title='bbox 2700 2462 2990 2535; x_wconf 89' lang='lat' dir='ltr'><strong>magisque</strong></span> <span class='ocrx_word' id='word_1_608' title='bbox 3020 2461 3190 2532; x_wconf 82' lang='lat' dir='ltr'><strong>ccepit</strong></span> <span class='ocrx_word' id='word_1_609' title='bbox 3218 2464 3697 2534; x_wconf 89' lang='lat' dir='ltr'><strong>appropinquare,</strong></span> 
     </span>
    </p>
   </div>
   <div class='ocr_carea' id='block_1_84' title="bbox 2079 2556 3704 2632">
    <p class='ocr_par' dir='ltr' id='par_1_84' title="bbox 2079 2556 3704 2632">
     <span class='ocr_line' id='line_1_85' title="bbox 2079 2556 3704 2632; baseline 0.001 -21"><span class='ocrx_word' id='word_1_610' title='bbox 2079 2573 2203 2628; x_wconf 62' lang='lat' dir='ltr'><strong>quae</strong></span> <span class='ocrx_word' id='word_1_611' title='bbox 2220 2573 2315 2627; x_wconf 93' lang='lat' dir='ltr'><strong>pro</strong></span> <span class='ocrx_word' id='word_1_612' title='bbox 2333 2558 2668 2611; x_wconf 84' lang='lat' dir='ltr'><strong>relaxatione</strong></span> <span class='ocrx_word' id='word_1_613' title='bbox 2686 2556 3035 2627; x_wconf 90' lang='lat' dir='ltr'><strong>parvulorum</strong></span> <span class='ocrx_word' id='word_1_614' title='bbox 3050 2557 3218 2632; x_wconf 86' lang='lat' dir='ltr'><strong>digna</strong></span> <span class='ocrx_word' id='word_1_615' title='bbox 3234 2559 3487 2613; x_wconf 89' lang='lat' dir='ltr'><strong>mercede</strong></span> <span class='ocrx_word' id='word_1_616' title='bbox 3501 2558 3704 2612; x_wconf 88' lang='lat' dir='ltr'><strong>debuit</strong></span> 
     </span>
    </p>
   </div>
   <div class='ocr_carea' id='block_1_85' title="bbox 2079 2648 3706 2720">
    <p class='ocr_par' dir='ltr' id='par_1_85' title="bbox 2079 2648 3706 2720">
     <span class='ocr_line' id='line_1_86' title="bbox 2079 2648 3706 2720; baseline 0 -17"><span class='ocrx_word' id='word_1_617' title='bbox 2079 2666 2203 2704; x_wconf 87' lang='lat' dir='ltr'><strong>eum</strong></span> <span class='ocrx_word' id='word_1_618' title='bbox 2238 2665 2610 2704; x_wconf 84' lang='lat' dir='ltr'><strong>remunerare.</strong></span> <span class='ocrx_word' id='word_1_619' title='bbox 2654 2648 2808 2703; x_wconf 89' lang='lat' dir='ltr'><strong>Unde</strong></span> <span class='ocrx_word' id='word_1_620' title='bbox 2848 2658 3137 2720; x_wconf 89' lang='lat' dir='ltr'><strong>postquam</strong></span> <span class='ocrx_word' id='word_1_621' title='bbox 3197 2649 3392 2703; x_wconf 89' lang='lat' dir='ltr'><strong>beatus</strong></span> <span class='ocrx_word' id='word_1_622' title='bbox 3422 2649 3706 2720; x_wconf 85' lang='lat' dir='ltr'><strong>Sylvester</strong></span> 
     </span>
    </p>
   </div>
   <div class='ocr_carea' id='block_1_86' title="bbox 2080 2740 3691 2811">
    <p class='ocr_par' dir='ltr' id='par_1_86' title="bbox 2080 2740 3691 2811">
     <span class='ocr_line' id='line_1_87' title="bbox 2080 2740 3691 2811; baseline 0 -16"><span class='ocrx_word' id='word_1_623' title='bbox 2080 2740 2402 2795; x_wconf 80' lang='lat' dir='ltr'><strong>Christianae</strong></span> <span class='ocrx_word' id='word_1_624' title='bbox 2458 2740 2583 2795; x_wconf 87' lang='lat' dir='ltr'><strong>lidei</strong></span> <span class='ocrx_word' id='word_1_625' title='bbox 2628 2741 2845 2809; x_wconf 89' lang='lat' dir='ltr'><strong>plenius</strong></span> <span class='ocrx_word' id='word_1_626' title='bbox 2875 2742 2925 2795; x_wconf 89' lang='lat' dir='ltr'><strong>ei</strong></span> <span class='ocrx_word' id='word_1_627' title='bbox 2972 2741 3370 2796; x_wconf 88' lang='lat' dir='ltr'><strong>demonstravit</strong></span> <span class='ocrx_word' id='word_1_628' title='bbox 3430 2741 3691 2811; x_wconf 86' lang='lat' dir='ltr'><strong>discipli-</strong></span> 
     </span>
    </p>
   </div>
   <div class='ocr_carea' id='block_1_87' title="bbox 2079 2833 3696 2905">
    <p class='ocr_par' dir='ltr' id='par_1_87' title="bbox 2079 2833 3696 2905">
     <span class='ocr_line' id='line_1_88' title="bbox 2079 2833 3696 2905; baseline 0.003 -19"><span class='ocrx_word' id='word_1_629' title='bbox 2079 2850 2227 2897; x_wconf 89' lang='lat' dir='ltr'><strong>nam,</strong></span> <span class='ocrx_word' id='word_1_630' title='bbox 2278 2833 2446 2903; x_wconf 88' lang='lat' dir='ltr'><strong>coepit</strong></span> <span class='ocrx_word' id='word_1_631' title='bbox 2504 2833 2553 2887; x_wconf 93' lang='lat' dir='ltr'><strong>ei</strong></span> <span class='ocrx_word' id='word_1_632' title='bbox 2598 2848 2696 2904; x_wconf 91' lang='lat' dir='ltr'><strong>pro</strong></span> <span class='ocrx_word' id='word_1_633' title='bbox 2736 2833 3018 2888; x_wconf 89' lang='lat' dir='ltr'><strong>medicina</strong></span> <span class='ocrx_word' id='word_1_634' title='bbox 3070 2834 3424 2899; x_wconf 87' lang='lat' dir='ltr'><strong>medicinam,</strong></span> <span class='ocrx_word' id='word_1_635' title='bbox 3479 2841 3537 2889; x_wconf 91' lang='lat' dir='ltr'><strong>et</strong></span> <span class='ocrx_word' id='word_1_636' title='bbox 3589 2852 3696 2905; x_wconf 85' lang='lat' dir='ltr'><strong>pro</strong></span> 
     </span>
    </p>
   </div>
   <div class='ocr_carea' id='block_1_88' title="bbox 2079 2924 3704 2995">
    <p class='ocr_par' dir='ltr' id='par_1_88' title="bbox 2079 2924 3704 2995">
     <span class='ocr_line' id='line_1_89' title="bbox 2079 2924 3704 2995; baseline 0.002 -18"><span class='ocrx_word' id='word_1_637' title='bbox 2079 2925 2287 2994; x_wconf 89' lang='lat' dir='ltr'><strong>piscina</strong></span> <span class='ocrx_word' id='word_1_638' title='bbox 2320 2933 2626 2980; x_wconf 89' lang='lat' dir='ltr'><strong>monstrare</strong></span> <span class='ocrx_word' id='word_1_639' title='bbox 2668 2924 2958 2994; x_wconf 90' lang='lat' dir='ltr'><strong>piscinam,</strong></span> <span class='ocrx_word' id='word_1_640' title='bbox 2999 2925 3223 2995; x_wconf 89' lang='lat' dir='ltr'><strong>quando</strong></span> <span class='ocrx_word' id='word_1_641' title='bbox 3270 2925 3611 2995; x_wconf 89' lang='lat' dir='ltr'><strong>propheticis</strong></span> <span class='ocrx_word' id='word_1_642' title='bbox 3643 2936 3704 2980; x_wconf 86' lang='lat' dir='ltr'><strong>et</strong></span> 
     </span>
    </p>
   </div>
   <div class='ocr_carea' id='block_1_89' title="bbox 2075 2996 3703 3084">
    <p class='ocr_par' dir='ltr' id='par_1_89' title="bbox 2075 2996 3703 3084">
     <span class='ocr_line' id='line_1_90' title="bbox 2075 2996 3703 3084; baseline 0.002 -18"><span class='ocrx_word' id='word_1_643' title='bbox 2075 3012 2408 3084; x_wconf 81' lang='lat' dir='ltr'><strong>evangelicis</strong></span> <span class='ocrx_word' id='word_1_644' title='bbox 2455 3011 2808 3067; x_wconf 81' lang='lat' dir='ltr'><strong>reformatum</strong></span> <span class='ocrx_word' id='word_1_645' title='bbox 2844 2996 3146 3079; x_wconf 39' lang='lat' dir='ltr'><strong>‘institutis,</strong></span> <span class='ocrx_word' id='word_1_646' title='bbox 3177 3029 3278 3083; x_wconf 90' lang='lat' dir='ltr'><strong>pro</strong></span> <span class='ocrx_word' id='word_1_647' title='bbox 3305 3014 3537 3084; x_wconf 62' lang='lat' dir='ltr'><strong>ipiscina</strong></span> <span class='ocrx_word' id='word_1_648' title='bbox 3564 3030 3703 3069; x_wconf 86' lang='lat' dir='ltr'><strong>san-</strong></span> 
     </span>
    </p>
   </div>
   <div class='ocr_carea' id='block_1_90' title="bbox 2067 3100 3698 3175">
    <p class='ocr_par' dir='ltr' id='par_1_90' title="bbox 2067 3100 3698 3175">
     <span class='ocr_line' id='line_1_91' title="bbox 2067 3100 3698 3175; baseline 0.002 -21"><span class='ocrx_word' id='word_1_649' title='bbox 2067 3100 2255 3175; x_wconf 87' lang='lat' dir='ltr'><strong>guinis</strong></span> <span class='ocrx_word' id='word_1_650' title='bbox 2284 3100 2579 3170; x_wconf 88' lang='lat' dir='ltr'><strong>baptizavit</strong></span> <span class='ocrx_word' id='word_1_651' title='bbox 2609 3116 2735 3155; x_wconf 88' lang='lat' dir='ltr'><strong>eum</strong></span> <span class='ocrx_word' id='word_1_652' title='bbox 2769 3101 2826 3155; x_wconf 89' lang='lat' dir='ltr'><strong>in</strong></span> <span class='ocrx_word' id='word_1_653' title='bbox 2860 3101 3073 3171; x_wconf 89' lang='lat' dir='ltr'><strong>piscina</strong></span> <span class='ocrx_word' id='word_1_654' title='bbox 3112 3101 3324 3157; x_wconf 87' lang='lat' dir='ltr'><strong>salutis.</strong></span> <span class='ocrx_word' id='word_1_655' title='bbox 3367 3103 3406 3157; x_wconf 89' lang='lat'>0</span> <span class='ocrx_word' id='word_1_656' title='bbox 3445 3102 3568 3157; x_wconf 90' lang='lat' dir='ltr'><strong>dies</strong></span> <span class='ocrx_word' id='word_1_657' title='bbox 3600 3104 3698 3157; x_wconf 89' lang='lat' dir='ltr'><strong>illa</strong></span> 
     </span>
    </p>
   </div>
   <div class='ocr_carea' id='block_1_91' title="bbox 2067 3194 3699 3268">
    <p class='ocr_par' dir='ltr' id='par_1_91' title="bbox 2067 3194 3699 3268">
     <span class='ocr_line' id='line_1_92' title="bbox 2067 3194 3699 3268; baseline 0.002 -21"><span class='ocrx_word' id='word_1_658' title='bbox 2067 3194 2399 3248; x_wconf 89' lang='lat' dir='ltr'><strong>venerabilis</strong></span> <span class='ocrx_word' id='word_1_659' title='bbox 2444 3202 2499 3248; x_wconf 90' lang='lat' dir='ltr'><strong>et</strong></span> <span class='ocrx_word' id='word_1_660' title='bbox 2530 3195 2659 3248; x_wconf 87' lang='lat' dir='ltr'><strong>hora</strong></span> <span class='ocrx_word' id='word_1_661' title='bbox 2692 3194 3031 3265; x_wconf 81' lang='lat' dir='ltr'><strong>spectabilis,</strong></span> <span class='ocrx_word' id='word_1_662' title='bbox 3088 3195 3142 3249; x_wconf 91' lang='lat' dir='ltr'><strong>in</strong></span> <span class='ocrx_word' id='word_1_663' title='bbox 3200 3212 3310 3268; x_wconf 88' lang='lat' dir='ltr'><strong>qua</strong></span> <span class='ocrx_word' id='word_1_664' title='bbox 3350 3197 3540 3251; x_wconf 90' lang='lat' dir='ltr'><strong>oculos</strong></span> <span class='ocrx_word' id='word_1_665' title='bbox 3568 3212 3699 3251; x_wconf 87' lang='lat' dir='ltr'><strong>om-</strong></span> 
     </span>
    </p>
   </div>
   <div class='ocr_carea' id='block_1_92' title="bbox 2066 3286 3698 3358">
    <p class='ocr_par' dir='ltr' id='par_1_92' title="bbox 2066 3286 3698 3358">
     <span class='ocr_line' id='line_1_93' title="bbox 2066 3286 3698 3358; baseline 0.001 -17"><span class='ocrx_word' id='word_1_666' title='bbox 2066 3287 2215 3341; x_wconf 91' lang='lat' dir='ltr'><strong>nium</strong></span> <span class='ocrx_word' id='word_1_667' title='bbox 2250 3287 2340 3340; x_wconf 83' lang='lat' dir='ltr'><strong>lux</strong></span> <span class='ocrx_word' id='word_1_668' title='bbox 2372 3287 2677 3356; x_wconf 84' lang='lat' dir='ltr'><strong>penetravit</strong></span> <span class='ocrx_word' id='word_1_669' title='bbox 2713 3286 3103 3353; x_wconf 91' lang='lat' dir='ltr'><strong>intolerabilis,</strong></span> <span class='ocrx_word' id='word_1_670' title='bbox 3147 3288 3370 3358; x_wconf 90' lang='lat' dir='ltr'><strong>quando</strong></span> <span class='ocrx_word' id='word_1_671' title='bbox 3402 3289 3575 3342; x_wconf 88' lang='lat' dir='ltr'><strong>virtus</strong></span> <span class='ocrx_word' id='word_1_672' title='bbox 3606 3290 3698 3342; x_wconf 89' lang='lat' dir='ltr'><strong>di-</strong></span> 
     </span>
    </p>
   </div>
   <div class='ocr_carea' id='block_1_93' title="bbox 2062 3375 3693 3447">
    <p class='ocr_par' dir='ltr' id='par_1_93' title="bbox 2062 3375 3693 3447">
     <span class='ocr_line' id='line_1_94' title="bbox 2062 3375 3693 3447; baseline 0.001 -18"><span class='ocrx_word' id='word_1_673' title='bbox 2062 3376 2189 3430; x_wconf 79' lang='lat' dir='ltr'><strong>vina</strong></span> <span class='ocrx_word' id='word_1_674' title='bbox 2235 3376 2554 3431; x_wconf 89' lang='lat' dir='ltr'><strong>dilectionis</strong></span> <span class='ocrx_word' id='word_1_675' title='bbox 2610 3376 2850 3447; x_wconf 70' lang='lat' dir='ltr'><strong>antiquae</strong></span> <span class='ocrx_word' id='word_1_676' title='bbox 2904 3392 3026 3431; x_wconf 92' lang='lat' dir='ltr'><strong>cum</strong></span> <span class='ocrx_word' id='word_1_677' title='bbox 3084 3391 3152 3431; x_wconf 89' lang='lat' dir='ltr'><strong>eo</strong></span> <span class='ocrx_word' id='word_1_678' title='bbox 3200 3375 3411 3430; x_wconf 86' lang='lat' dir='ltr'><strong>faciens</strong></span> <span class='ocrx_word' id='word_1_679' title='bbox 3442 3385 3693 3445; x_wconf 88' lang='lat' dir='ltr'><strong>pactum,</strong></span> 
     </span>
    </p>
   </div>
   <div class='ocr_carea' id='block_1_94' title="bbox 2065 3466 3691 3539">
    <p class='ocr_par' dir='ltr' id='par_1_94' title="bbox 2065 3466 3691 3539">
     <span class='ocr_line' id='line_1_95' title="bbox 2065 3466 3691 3539; baseline 0 -18"><span class='ocrx_word' id='word_1_680' title='bbox 2065 3475 2371 3522; x_wconf 74' lang='lat' dir='ltr'><strong>restaurare</strong></span> <span class='ocrx_word' id='word_1_681' title='bbox 2404 3469 2627 3539; x_wconf 84' lang='lat' dir='ltr'><strong>dignata</strong></span> <span class='ocrx_word' id='word_1_682' title='bbox 2666 3474 2749 3522; x_wconf 90' lang='lat' dir='ltr'><strong>est</strong></span> <span class='ocrx_word' id='word_1_683' title='bbox 2768 3467 3006 3538; x_wconf 91' lang='lat' dir='ltr'><strong>lapsum,</strong></span> <span class='ocrx_word' id='word_1_684' title='bbox 3041 3466 3278 3521; x_wconf 90' lang='lat' dir='ltr'><strong>solidare</strong></span> <span class='ocrx_word' id='word_1_685' title='bbox 3304 3466 3652 3522; x_wconf 88' lang='lat' dir='ltr'><strong>confractum</strong></span> <span class='ocrx_word' id='word_1_686' title='bbox 3679 3468 3691 3521; x_wconf 87' lang='lat'>!</span> 
     </span>
    </p>
   </div>
   <div class='ocr_carea' id='block_1_95' title="bbox 2061 3558 3691 3630">
    <p class='ocr_par' dir='ltr' id='par_1_95' title="bbox 2061 3558 3691 3630">
     <span class='ocr_line' id='line_1_96' title="bbox 2061 3558 3691 3630; baseline -0.001 -17"><span class='ocrx_word' id='word_1_687' title='bbox 2061 3559 2100 3614; x_wconf 92' lang='grc' dir='ltr'><strong>Ο</strong></span> <span class='ocrx_word' id='word_1_688' title='bbox 2122 3576 2274 3614; x_wconf 89' lang='lat' dir='ltr'><strong>sacra</strong></span> <span class='ocrx_word' id='word_1_689' title='bbox 2295 3559 2730 3614; x_wconf 88' lang='lat' dir='ltr'><strong>etceleberrima</strong></span> <span class='ocrx_word' id='word_1_690' title='bbox 2759 3558 2900 3625; x_wconf 88' lang='lat' dir='ltr'><strong>dies,</strong></span> <span class='ocrx_word' id='word_1_691' title='bbox 2935 3558 2988 3611; x_wconf 87' lang='lat' dir='ltr'><strong>in</strong></span> <span class='ocrx_word' id='word_1_692' title='bbox 3003 3574 3113 3630; x_wconf 87' lang='lat' dir='ltr'><strong>qua</strong></span> <span class='ocrx_word' id='word_1_693' title='bbox 3143 3558 3343 3612; x_wconf 61' lang='lat' dir='ltr'><strong>animae</strong></span> <span class='ocrx_word' id='word_1_694' title='bbox 3375 3558 3523 3611; x_wconf 88' lang='lat' dir='ltr'><strong>illius</strong></span> <span class='ocrx_word' id='word_1_695' title='bbox 3553 3559 3691 3613; x_wconf 89' lang='lat' dir='ltr'><strong>data</strong></span> 
     </span>
    </p>
   </div>
   <div class='ocr_carea' id='block_1_96' title="bbox 2065 3647 3690 3719">
    <p class='ocr_par' dir='ltr' id='par_1_96' title="bbox 2065 3647 3690 3719">
     <span class='ocr_line' id='line_1_97' title="bbox 2065 3647 3690 3719; baseline -0.001 -17"><span class='ocrx_word' id='word_1_696' title='bbox 2065 3654 2148 3702; x_wconf 92' lang='lat' dir='ltr'><strong>est</strong></span> <span class='ocrx_word' id='word_1_697' title='bbox 2187 3648 2426 3719; x_wconf 89' lang='lat' dir='ltr'><strong>requies,</strong></span> <span class='ocrx_word' id='word_1_698' title='bbox 2486 3656 2540 3702; x_wconf 91' lang='lat' dir='ltr'><strong>et</strong></span> <span class='ocrx_word' id='word_1_699' title='bbox 2579 3647 2795 3719; x_wconf 91' lang='lat' dir='ltr'><strong>corpori</strong></span> <span class='ocrx_word' id='word_1_700' title='bbox 2857 3648 3035 3718; x_wconf 90' lang='lat' dir='ltr'><strong>quies,</strong></span> <span class='ocrx_word' id='word_1_701' title='bbox 3089 3647 3312 3718; x_wconf 88' lang='lat' dir='ltr'><strong>quando</strong></span> <span class='ocrx_word' id='word_1_702' title='bbox 3368 3647 3423 3700; x_wconf 90' lang='lat' dir='ltr'><strong>in</strong></span> <span class='ocrx_word' id='word_1_703' title='bbox 3478 3647 3690 3702; x_wconf 89' lang='lat' dir='ltr'><strong>eodem</strong></span> 
     </span>
    </p>
   </div>
   <div class='ocr_carea' id='block_1_97' title="bbox 2066 3738 3695 3811">
    <p class='ocr_par' dir='ltr' id='par_1_97' title="bbox 2066 3738 3695 3811">
     <span class='ocr_line' id='line_1_98' title="bbox 2066 3738 3695 3811; baseline -0.001 -16"><span class='ocrx_word' id='word_1_704' title='bbox 2066 3739 2411 3811; x_wconf 90' lang='lat' dir='ltr'><strong>lonte,quasi</strong></span> <span class='ocrx_word' id='word_1_705' title='bbox 2428 3740 2656 3810; x_wconf 90' lang='lat' dir='ltr'><strong>piscium</strong></span> <span class='ocrx_word' id='word_1_706' title='bbox 2684 3739 2990 3811; x_wconf 84' lang='lat' dir='ltr'><strong>ingentium</strong></span> <span class='ocrx_word' id='word_1_707' title='bbox 3013 3754 3337 3810; x_wconf 83' lang='lat' dir='ltr'><strong>squammae,</strong></span> <span class='ocrx_word' id='word_1_708' title='bbox 3352 3738 3421 3792; x_wconf 89' lang='lat' dir='ltr'><strong>de</strong></span> <span class='ocrx_word' id='word_1_709' title='bbox 3442 3755 3695 3808; x_wconf 88' lang='lat' dir='ltr'><strong>corpore</strong></span> 
     </span>
    </p>
   </div>
   <div class='ocr_carea' id='block_1_98' title="bbox 2062 3829 3695 3906">
    <p class='ocr_par' dir='ltr' id='par_1_98' title="bbox 2062 3829 3695 3906">
     <span class='ocr_line' id='line_1_99' title="bbox 2062 3829 3695 3906; baseline -0.001 -21"><span class='ocrx_word' id='word_1_710' title='bbox 2062 3847 2162 3886; x_wconf 90' lang='lat' dir='ltr'><strong>suo</strong></span> <span class='ocrx_word' id='word_1_711' title='bbox 2203 3832 2371 3901; x_wconf 61' lang='lat' dir='ltr'><strong>lepra}</strong></span> <span class='ocrx_word' id='word_1_712' title='bbox 2402 3832 2640 3886; x_wconf 89' lang='lat' dir='ltr'><strong>volatilis</strong></span> <span class='ocrx_word' id='word_1_713' title='bbox 2655 3847 2832 3906; x_wconf 89' lang='lat' dir='ltr'><strong>genus</strong></span> <span class='ocrx_word' id='word_1_714' title='bbox 2858 3830 3153 3886; x_wconf 88' lang='lat' dir='ltr'><strong>decidebat</strong></span> <span class='ocrx_word' id='word_1_715' title='bbox 3184 3829 3421 3884; x_wconf 83' lang='lat' dir='ltr'><strong>infame!</strong></span> <span class='ocrx_word' id='word_1_716' title='bbox 3451 3829 3490 3884; x_wconf 92' lang='grc' dir='ltr'><strong>Ο</strong></span> <span class='ocrx_word' id='word_1_717' title='bbox 3535 3829 3695 3884; x_wconf 87' lang='lat' dir='ltr'><strong>clara</strong></span> 
     </span>
    </p>
   </div>
   <div class='ocr_carea' id='block_1_99' title="bbox 2073 3920 3695 3992">
    <p class='ocr_par' dir='ltr' id='par_1_99' title="bbox 2073 3920 3695 3992">
     <span class='ocr_line' id='line_1_100' title="bbox 2073 3920 3695 3992; baseline -0.001 -16"><span class='ocrx_word' id='word_1_718' title='bbox 2073 3923 2212 3988; x_wconf 88' lang='lat' dir='ltr'><strong>dies,</strong></span> <span class='ocrx_word' id='word_1_719' title='bbox 2254 3930 2310 3976; x_wconf 90' lang='lat' dir='ltr'><strong>et</strong></span> <span class='ocrx_word' id='word_1_720' title='bbox 2338 3922 2552 3977; x_wconf 58' lang='lat' dir='ltr'><strong>ceteris</strong></span> <span class='ocrx_word' id='word_1_721' title='bbox 2583 3922 2784 3977; x_wconf 90' lang='lat' dir='ltr'><strong>clarior</strong></span> <span class='ocrx_word' id='word_1_722' title='bbox 2809 3921 3028 3984; x_wconf 89' lang='lat' dir='ltr'><strong>diebus,</strong></span> <span class='ocrx_word' id='word_1_723' title='bbox 3062 3920 3117 3975; x_wconf 92' lang='lat' dir='ltr'><strong>in</strong></span> <span class='ocrx_word' id='word_1_724' title='bbox 3146 3937 3253 3992; x_wconf 91' lang='lat' dir='ltr'><strong>qua</strong></span> <span class='ocrx_word' id='word_1_725' title='bbox 3285 3920 3408 3974; x_wconf 80' lang='lat' dir='ltr'><strong>finis</strong></span> <span class='ocrx_word' id='word_1_726' title='bbox 3444 3927 3500 3974; x_wconf 89' lang='lat' dir='ltr'><strong>et</strong></span> <span class='ocrx_word' id='word_1_727' title='bbox 3526 3927 3695 3975; x_wconf 87' lang='lat' dir='ltr'><strong>ortus</strong></span> 
     </span>
    </p>
   </div>
   <div class='ocr_carea' id='block_1_100' title="bbox 2069 4015 3691 4087">
    <p class='ocr_par' dir='ltr' id='par_1_100' title="bbox 2069 4015 3691 4087">
     <span class='ocr_line' id='line_1_101' title="bbox 2069 4015 3691 4087; baseline -0.001 -16"><span class='ocrx_word' id='word_1_728' title='bbox 2069 4017 2287 4072; x_wconf 90' lang='lat' dir='ltr'><strong>duabus</strong></span> <span class='ocrx_word' id='word_1_729' title='bbox 2315 4018 2496 4073; x_wconf 91' lang='lat' dir='ltr'><strong>collati</strong></span> <span class='ocrx_word' id='word_1_730' title='bbox 2530 4023 2657 4071; x_wconf 91' lang='lat' dir='ltr'><strong>sunt</strong></span> <span class='ocrx_word' id='word_1_731' title='bbox 2686 4016 2870 4082; x_wconf 89' lang='lat' dir='ltr'><strong>rebus,</strong></span> <span class='ocrx_word' id='word_1_732' title='bbox 2911 4017 3038 4087; x_wconf 89' lang='lat' dir='ltr'><strong>quia</strong></span> <span class='ocrx_word' id='word_1_733' title='bbox 3078 4032 3198 4071; x_wconf 91' lang='lat' dir='ltr'><strong>cum</strong></span> <span class='ocrx_word' id='word_1_734' title='bbox 3232 4032 3402 4071; x_wconf 89' lang='lat' dir='ltr'><strong>sonus</strong></span> <span class='ocrx_word' id='word_1_735' title='bbox 3447 4015 3503 4068; x_wconf 89' lang='lat' dir='ltr'><strong>in</strong></span> <span class='ocrx_word' id='word_1_736' title='bbox 3534 4031 3691 4086; x_wconf 89' lang='lat' dir='ltr'><strong>aqua</strong></span> 
     </span>
    </p>
   </div>
   <div class='ocr_carea' id='block_1_101' title="bbox 2067 4107 3691 4185">
    <p class='ocr_par' dir='ltr' id='par_1_101' title="bbox 2067 4107 3691 4185">
     <span class='ocr_line' id='line_1_102' title="bbox 2067 4107 3691 4185; baseline -0.002 -20"><span class='ocrx_word' id='word_1_737' title='bbox 2067 4111 2223 4182; x_wconf 89' lang='lat' dir='ltr'><strong>quasi</strong></span> <span class='ocrx_word' id='word_1_738' title='bbox 2270 4110 2561 4185; x_wconf 78' lang='lat' dir='ltr'><strong>sartaginis</strong></span> <span class='ocrx_word' id='word_1_739' title='bbox 2598 4108 2882 4163; x_wconf 89' lang='lat' dir='ltr'><strong>stridentis</strong></span> <span class='ocrx_word' id='word_1_740' title='bbox 2938 4118 3083 4163; x_wconf 87' lang='lat' dir='ltr'><strong>esset</strong></span> <span class='ocrx_word' id='word_1_741' title='bbox 3123 4115 3365 4167; x_wconf 78' lang='lat' dir='ltr'><strong>exortus.</strong></span> <span class='ocrx_word' id='word_1_742' title='bbox 3422 4107 3475 4160; x_wconf 91' lang='lat' dir='ltr'><strong>in</strong></span> <span class='ocrx_word' id='word_1_743' title='bbox 3508 4110 3691 4163; x_wconf 88' lang='lat' dir='ltr'><strong>corde</strong></span> 
     </span>
    </p>
   </div>
   <div class='ocr_carea' id='block_1_102' title="bbox 2069 4198 3689 4265">
    <p class='ocr_par' dir='ltr' id='par_1_102' title="bbox 2069 4198 3689 4265">
     <span class='ocr_line' id='line_1_103' title="bbox 2069 4198 3689 4265; baseline 0.001 -11"><span class='ocrx_word' id='word_1_744' title='bbox 2069 4201 2212 4256; x_wconf 91' lang='lat' dir='ltr'><strong>illius</strong></span> <span class='ocrx_word' id='word_1_745' title='bbox 2243 4200 2567 4256; x_wconf 69' lang='lat' dir='ltr'><strong>idololatriae</strong></span> <span class='ocrx_word' id='word_1_746' title='bbox 2595 4199 2741 4265; x_wconf 84' lang='lat' dir='ltr'><strong>finis,</strong></span> <span class='ocrx_word' id='word_1_747' title='bbox 2785 4206 2841 4252; x_wconf 92' lang='lat' dir='ltr'><strong>et</strong></span> <span class='ocrx_word' id='word_1_748' title='bbox 2871 4198 3000 4253; x_wconf 79' lang='lat' dir='ltr'><strong>fidei</strong></span> <span class='ocrx_word' id='word_1_749' title='bbox 3034 4199 3192 4254; x_wconf 88' lang='lat' dir='ltr'><strong>datus</strong></span> <span class='ocrx_word' id='word_1_750' title='bbox 3233 4206 3317 4253; x_wconf 89' lang='lat' dir='ltr'><strong>est</strong></span> <span class='ocrx_word' id='word_1_751' title='bbox 3345 4198 3532 4253; x_wconf 87' lang='lat' dir='ltr'><strong>ortus!</strong></span> <span class='ocrx_word' id='word_1_752' title='bbox 3572 4200 3689 4256; x_wconf 84' lang='lat' dir='ltr'><strong>Pro</strong></span> 
     </span>
    </p>
   </div>
   <div class='ocr_carea' id='block_1_103' title="bbox 2058 4288 3689 4359">
    <p class='ocr_par' dir='ltr' id='par_1_103' title="bbox 2058 4288 3689 4359">
     <span class='ocr_line' id='line_1_104' title="bbox 2058 4288 3689 4359; baseline -0.001 -14"><span class='ocrx_word' id='word_1_753' title='bbox 2058 4290 2313 4346; x_wconf 89' lang='lat' dir='ltr'><strong>exteriori</strong></span> <span class='ocrx_word' id='word_1_754' title='bbox 2346 4290 2491 4345; x_wconf 88' lang='lat' dir='ltr'><strong>enim</strong></span> <span class='ocrx_word' id='word_1_755' title='bbox 2525 4289 2774 4359; x_wconf 88' lang='lat' dir='ltr'><strong>corporis</strong></span> <span class='ocrx_word' id='word_1_756' title='bbox 2822 4288 2995 4359; x_wconf 90' lang='lat' dir='ltr'><strong>lepra,</strong></span> <span class='ocrx_word' id='word_1_757' title='bbox 3036 4295 3089 4343; x_wconf 90' lang='lat' dir='ltr'><strong>et</strong></span> <span class='ocrx_word' id='word_1_758' title='bbox 3145 4288 3422 4342; x_wconf 89' lang='lat' dir='ltr'><strong>interioris</strong></span> <span class='ocrx_word' id='word_1_759' title='bbox 3476 4288 3689 4344; x_wconf 76' lang='lat' dir='ltr'><strong>animae</strong></span> 
     </span>
    </p>
   </div>
   <div class='ocr_carea' id='block_1_104' title="bbox 1977 4378 3687 4488">
    <p class='ocr_par' dir='ltr' id='par_1_104' title="bbox 1977 4378 3687 4488">
     <span class='ocr_line' id='line_1_105' title="bbox 1977 4378 3687 4488; baseline -0.002 -52"><span class='ocrx_word' id='word_1_760' title='bbox 1977 4421 2028 4488; x_wconf 71' lang='grc' dir='ltr'><strong>Ο</strong></span> <span class='ocrx_word' id='word_1_761' title='bbox 2053 4380 2284 4445; x_wconf 74' lang='lat' dir='ltr'><strong>offensa,</strong></span> <span class='ocrx_word' id='word_1_762' title='bbox 2316 4380 2515 4450; x_wconf 80' lang='lat' dir='ltr'><strong>duplex</strong></span> <span class='ocrx_word' id='word_1_763' title='bbox 2550 4387 2634 4435; x_wconf 90' lang='lat' dir='ltr'><strong>est</strong></span> <span class='ocrx_word' id='word_1_764' title='bbox 2663 4380 2719 4434; x_wconf 88' lang='lat' dir='ltr'><strong>in</strong></span> <span class='ocrx_word' id='word_1_765' title='bbox 2764 4395 2831 4434; x_wconf 91' lang='lat' dir='ltr'><strong>eo</strong></span> <span class='ocrx_word' id='word_1_766' title='bbox 2863 4380 3035 4433; x_wconf 88' lang='lat' dir='ltr'><strong>virtus</strong></span> <span class='ocrx_word' id='word_1_767' title='bbox 3084 4378 3393 4432; x_wconf 84' lang='lat' dir='ltr'><strong>Divinitatis</strong></span> <span class='ocrx_word' id='word_1_768' title='bbox 3421 4388 3687 4448; x_wconf 82' lang='lat' dir='ltr'><strong>ostensa,</strong></span> 
     </span>
    </p>
   </div>
   <div class='ocr_carea' id='block_1_105' title="bbox 2056 4466 3689 4543">
    <p class='ocr_par' dir='ltr' id='par_1_105' title="bbox 2056 4466 3689 4543">
     <span class='ocr_line' id='line_1_106' title="bbox 2056 4466 3689 4543; baseline -0.002 -18"><span class='ocrx_word' id='word_1_769' title='bbox 2056 4471 2184 4542; x_wconf 89' lang='lat' dir='ltr'><strong>quia</strong></span> <span class='ocrx_word' id='word_1_770' title='bbox 2213 4470 2355 4525; x_wconf 89' lang='lat' dir='ltr'><strong>sicut</strong></span> <span class='ocrx_word' id='word_1_771' title='bbox 2419 4469 2652 4543; x_wconf 89' lang='lat' dir='ltr'><strong>vestigia</strong></span> <span class='ocrx_word' id='word_1_772' title='bbox 2704 4468 2981 4539; x_wconf 87' lang='lat' dir='ltr'><strong>serpentis</strong></span> <span class='ocrx_word' id='word_1_773' title='bbox 3033 4480 3144 4523; x_wconf 86' lang='lat' dir='ltr'><strong>non</strong></span> <span class='ocrx_word' id='word_1_774' title='bbox 3200 4466 3562 4521; x_wconf 88' lang='lat' dir='ltr'><strong>inveniuntur</strong></span> <span class='ocrx_word' id='word_1_775' title='bbox 3630 4470 3689 4522; x_wconf 90' lang='lat' dir='ltr'><strong>in</strong></span> 
     </span>
    </p>
   </div>
   <div class='ocr_carea' id='block_1_106' title="bbox 2057 4559 3692 4633">
    <p class='ocr_par' dir='ltr' id='par_1_106' title="bbox 2057 4559 3692 4633">
     <span class='ocr_line' id='line_1_107' title="bbox 2057 4559 3692 4633; baseline -0.001 -16"><span class='ocrx_word' id='word_1_776' title='bbox 2057 4573 2231 4633; x_wconf 89' lang='lat' dir='ltr'><strong>petra,</strong></span> <span class='ocrx_word' id='word_1_777' title='bbox 2264 4563 2337 4617; x_wconf 89' lang='lat' dir='ltr'><strong>ita</strong></span> <span class='ocrx_word' id='word_1_778' title='bbox 2366 4577 2471 4617; x_wconf 87' lang='lat' dir='ltr'><strong>nec</strong></span> <span class='ocrx_word' id='word_1_779' title='bbox 2499 4559 2555 4615; x_wconf 91' lang='lat' dir='ltr'><strong>in</strong></span> <span class='ocrx_word' id='word_1_780' title='bbox 2584 4560 2768 4615; x_wconf 87' lang='lat' dir='ltr'><strong>anima</strong></span> <span class='ocrx_word' id='word_1_781' title='bbox 2799 4560 2918 4630; x_wconf 90' lang='lat' dir='ltr'><strong>ejus</strong></span> <span class='ocrx_word' id='word_1_782' title='bbox 2936 4560 3160 4614; x_wconf 87' lang='lat' dir='ltr'><strong>inventa</strong></span> <span class='ocrx_word' id='word_1_783' title='bbox 3185 4566 3269 4614; x_wconf 87' lang='lat' dir='ltr'><strong>est</strong></span> <span class='ocrx_word' id='word_1_784' title='bbox 3300 4559 3535 4626; x_wconf 90' lang='lat' dir='ltr'><strong>macula,</strong></span> <span class='ocrx_word' id='word_1_785' title='bbox 3576 4575 3692 4615; x_wconf 86' lang='lat' dir='ltr'><strong>nec</strong></span> 
     </span>
    </p>
   </div>
   <div class='ocr_carea' id='block_1_107' title="bbox 2059 4651 2586 4722">
    <p class='ocr_par' dir='ltr' id='par_1_107' title="bbox 2059 4651 2586 4722">
     <span class='ocr_line' id='line_1_108' title="bbox 2059 4651 2586 4722; baseline -0.004 -17"><span class='ocrx_word' id='word_1_786' title='bbox 2059 4651 2112 4705; x_wconf 92' lang='lat' dir='ltr'><strong>in</strong></span> <span class='ocrx_word' id='word_1_787' title='bbox 2142 4666 2372 4722; x_wconf 87' lang='lat' dir='ltr'><strong>corpore</strong></span> <span class='ocrx_word' id='word_1_788' title='bbox 2415 4651 2586 4720; x_wconf 89' lang='lat' dir='ltr'><strong>lepra.</strong></span> 
     </span>
    </p>
   </div>
   <div class='ocr_carea' id='block_1_108' title="bbox 2702 4740 3022 4796">
    <p class='ocr_par' dir='ltr' id='par_1_108' title="bbox 2702 4740 3022 4796">
     <span class='ocr_line' id='line_1_109' title="bbox 2702 4740 3022 4796; baseline -0.003 -1"><span class='ocrx_word' id='word_1_789' title='bbox 2702 4740 2909 4796; x_wconf 79' lang='lat' dir='ltr'><strong>CAPUT</strong></span> <span class='ocrx_word' id='word_1_790' title='bbox 2938 4742 3022 4796; x_wconf 81' lang='lat' dir='ltr'><strong>IX.</strong></span> 
     </span>
    </p>
   </div>
   <div class='ocr_carea' id='block_1_109' title="bbox 2054 4831 3692 4905">
    <p class='ocr_par' dir='ltr' id='par_1_109' title="bbox 2054 4831 3692 4905">
     <span class='ocr_line' id='line_1_110' title="bbox 2054 4831 3692 4905; baseline 0 -16"><span class='ocrx_word' id='word_1_791' title='bbox 2054 4838 2272 4905; x_wconf 79' lang='lat' dir='ltr'><strong>Lepram</strong></span> <span class='ocrx_word' id='word_1_792' title='bbox 2319 4834 2661 4888; x_wconf 84' lang='lat' dir='ltr'><strong>Constantini</strong></span> <span class='ocrx_word' id='word_1_793' title='bbox 2707 4836 2957 4886; x_wconf 83' lang='lat' dir='ltr'><strong>Naaman</strong></span> <span class='ocrx_word' id='word_1_794' title='bbox 2994 4833 3114 4900; x_wconf 86' lang='lat' dir='ltr'><strong>Syri</strong></span> <span class='ocrx_word' id='word_1_795' title='bbox 3160 4831 3320 4900; x_wconf 70' lang='lat' dir='ltr'><strong>lepra</strong></span> <span class='ocrx_word' id='word_1_796' title='bbox 3364 4841 3692 4900; x_wconf 78' lang='lat' dir='ltr'><strong>comparat.</strong></span> 
     </span>
    </p>
   </div>
   <div class='ocr_carea' id='block_1_110' title="bbox 2120 4927 3700 4999">
    <p class='ocr_par' dir='ltr' id='par_1_110' title="bbox 2120 4927 3700 4999">
     <span class='ocr_line' id='line_1_111' title="bbox 2120 4927 3700 4999; baseline 0.001 -16"><span class='ocrx_word' id='word_1_797' title='bbox 2120 4930 2223 4983; x_wconf 88' lang='lat' dir='ltr'><strong>Sed</strong></span> <span class='ocrx_word' id='word_1_798' title='bbox 2256 4929 2385 4991; x_wconf 89' lang='lat' dir='ltr'><strong>quia</strong></span> <span class='ocrx_word' id='word_1_799' title='bbox 2451 4944 2614 4983; x_wconf 89' lang='lat' dir='ltr'><strong>nemo</strong></span> <span class='ocrx_word' id='word_1_800' title='bbox 2648 4940 2845 4998; x_wconf 71' lang='lat' dir='ltr'><strong>praeter</strong></span> <span class='ocrx_word' id='word_1_801' title='bbox 2891 4929 3062 4983; x_wconf 90' lang='lat' dir='ltr'><strong>Deum</strong></span> <span class='ocrx_word' id='word_1_802' title='bbox 3111 4928 3181 4981; x_wconf 90' lang='lat' dir='ltr'><strong>de</strong></span> <span class='ocrx_word' id='word_1_803' title='bbox 3224 4927 3700 4999; x_wconf 88' lang='lat' dir='ltr'><strong>impossibilibus</strong></span> 
     </span>
    </p>
   </div>
   <div class='ocr_carea' id='block_1_111' title="bbox 2049 5020 3688 5093">
    <p class='ocr_par' dir='ltr' id='par_1_111' title="bbox 2049 5020 3688 5093">
     <span class='ocr_line' id='line_1_112' title="bbox 2049 5020 3688 5093; baseline 0.001 -18"><span class='ocrx_word' id='word_1_804' title='bbox 2049 5020 2355 5093; x_wconf 86' lang='lat' dir='ltr'><strong>possibilia,</strong></span> <span class='ocrx_word' id='word_1_805' title='bbox 2384 5022 2467 5076; x_wconf 89' lang='lat' dir='ltr'><strong>vel</strong></span> <span class='ocrx_word' id='word_1_806' title='bbox 2507 5038 2573 5075; x_wconf 88' lang='lat' dir='ltr'><strong>ex</strong></span> <span class='ocrx_word' id='word_1_807' title='bbox 2603 5021 2963 5075; x_wconf 87' lang='lat' dir='ltr'><strong>dissimilibus</strong></span> <span class='ocrx_word' id='word_1_808' title='bbox 2996 5027 3178 5091; x_wconf 90' lang='lat' dir='ltr'><strong>potest</strong></span> <span class='ocrx_word' id='word_1_809' title='bbox 3218 5020 3399 5075; x_wconf 82' lang='lat' dir='ltr'><strong>facere</strong></span> <span class='ocrx_word' id='word_1_810' title='bbox 3427 5020 3688 5090; x_wconf 86' lang='lat' dir='ltr'><strong>similia,</strong></span> 
     </span>
    </p>
   </div>
   <div class='ocr_carea' id='block_1_112' title="bbox 2049 5096 3697 5185">
    <p class='ocr_par' dir='ltr' id='par_1_112' title="bbox 2049 5096 3697 5185">
     <span class='ocr_line' id='line_1_113' title="bbox 2049 5096 3697 5185; baseline 0.002 -20"><span class='ocrx_word' id='word_1_811' title='bbox 2049 5112 2125 5166; x_wconf 91' lang='lat' dir='ltr'><strong>nil</strong></span> <span class='ocrx_word' id='word_1_812' title='bbox 2152 5096 2317 5167; x_wconf 81' lang='lat' dir='ltr'><strong>nocet</strong></span> <span class='ocrx_word' id='word_1_813' title='bbox 2341 5112 2385 5166; x_wconf 89' lang='lat' dir='ltr'><strong>si</strong></span> <span class='ocrx_word' id='word_1_814' title='bbox 2417 5128 2517 5167; x_wconf 89' lang='lat' dir='ltr'><strong>nos</strong></span> <span class='ocrx_word' id='word_1_815' title='bbox 2548 5129 2577 5165; x_wconf 91' lang='lat' dir='ltr'><strong>e</strong></span> <span class='ocrx_word' id='word_1_816' title='bbox 2609 5120 2801 5167; x_wconf 81' lang='lat' dir='ltr'><strong>contra</strong></span> <span class='ocrx_word' id='word_1_817' title='bbox 2828 5113 3039 5167; x_wconf 90' lang='lat' dir='ltr'><strong>similes</strong></span> <span class='ocrx_word' id='word_1_818' title='bbox 3065 5129 3154 5166; x_wconf 90' lang='lat' dir='ltr'><strong>res</strong></span> <span class='ocrx_word' id='word_1_819' title='bbox 3188 5113 3468 5167; x_wconf 87' lang='lat' dir='ltr'><strong>similibus</strong></span> <span class='ocrx_word' id='word_1_820' title='bbox 3497 5117 3697 5185; x_wconf 65' lang='lat' dir='ltr'><strong>aequi-</strong></span> 
     </span>
    </p>
   </div>
   <div class='ocr_carea' id='block_1_113' title="bbox 2052 5201 3691 5274">
    <p class='ocr_par' dir='ltr' id='par_1_113' title="bbox 2052 5201 3691 5274">
     <span class='ocr_line' id='line_1_114' title="bbox 2052 5201 3691 5274; baseline 0.002 -18"><span class='ocrx_word' id='word_1_821' title='bbox 2052 5214 2309 5272; x_wconf 89' lang='lat' dir='ltr'><strong>parantes</strong></span> <span class='ocrx_word' id='word_1_822' title='bbox 2350 5203 2530 5265; x_wconf 88' lang='lat' dir='ltr'><strong>rebus,</strong></span> <span class='ocrx_word' id='word_1_823' title='bbox 2567 5203 2773 5273; x_wconf 89' lang='lat' dir='ltr'><strong>lepram</strong></span> <span class='ocrx_word' id='word_1_824' title='bbox 2819 5201 3161 5258; x_wconf 87' lang='lat' dir='ltr'><strong>Constantini</strong></span> <span class='ocrx_word' id='word_1_825' title='bbox 3211 5204 3377 5274; x_wconf 78' lang='lat' dir='ltr'><strong>leprae</strong></span> <span class='ocrx_word' id='word_1_826' title='bbox 3424 5204 3691 5260; x_wconf 84' lang='lat' dir='ltr'><strong>Naaman</strong></span> 
     </span>
    </p>
   </div>
   <div class='ocr_carea' id='block_1_114' title="bbox 2048 5291 3695 5364">
    <p class='ocr_par' dir='ltr' id='par_1_114' title="bbox 2048 5291 3695 5364">
     <span class='ocr_line' id='line_1_115' title="bbox 2048 5291 3695 5364; baseline 0.002 -19"><span class='ocrx_word' id='word_1_827' title='bbox 2048 5291 2168 5362; x_wconf 81' lang='lat' dir='ltr'><strong>Syri</strong></span> <span class='ocrx_word' id='word_1_828' title='bbox 2224 5308 2625 5363; x_wconf 88' lang='lat' dir='ltr'><strong>comparemus.</strong></span> <span class='ocrx_word' id='word_1_829' title='bbox 2682 5291 2948 5355; x_wconf 80' lang='lat' dir='ltr'><strong>Quamvis</strong></span> <span class='ocrx_word' id='word_1_830' title='bbox 2987 5292 3135 5345; x_wconf 90' lang='lat' dir='ltr'><strong>enim</strong></span> <span class='ocrx_word' id='word_1_831' title='bbox 3191 5303 3422 5364; x_wconf 89' lang='lat' dir='ltr'><strong>uterque</strong></span> <span class='ocrx_word' id='word_1_832' title='bbox 3478 5293 3695 5350; x_wconf 85' lang='lat' dir='ltr'><strong>fuisset</strong></span> 
     </span>
    </p>
   </div>
   <div class='ocr_carea' id='block_1_115' title="bbox 2046 5383 3692 5453">
    <p class='ocr_par' dir='ltr' id='par_1_115' title="bbox 2046 5383 3692 5453">
     <span class='ocr_line' id='line_1_116' title="bbox 2046 5383 3692 5453; baseline 0.002 -16"><span class='ocrx_word' id='word_1_833' title='bbox 2046 5383 2320 5439; x_wconf 90' lang='lat' dir='ltr'><strong>idolorum</strong></span> <span class='ocrx_word' id='word_1_834' title='bbox 2353 5386 2504 5439; x_wconf 90' lang='lat' dir='ltr'><strong>cultu</strong></span> <span class='ocrx_word' id='word_1_835' title='bbox 2538 5384 2802 5447; x_wconf 88' lang='lat' dir='ltr'><strong>famosus,</strong></span> <span class='ocrx_word' id='word_1_836' title='bbox 2845 5391 3077 5453; x_wconf 89' lang='lat' dir='ltr'><strong>uterque</strong></span> <span class='ocrx_word' id='word_1_837' title='bbox 3132 5392 3313 5438; x_wconf 88' lang='lat' dir='ltr'><strong>tamen</strong></span> <span class='ocrx_word' id='word_1_838' title='bbox 3356 5385 3521 5439; x_wconf 83' lang='lat' dir='ltr'><strong>fortis</strong></span> <span class='ocrx_word' id='word_1_839' title='bbox 3556 5397 3692 5441; x_wconf 82' lang='lat' dir='ltr'><strong>erat</strong></span> 
     </span>
    </p>
   </div>
   <div class='ocr_carea' id='block_1_116' title="bbox 2045 5472 3695 5544">
    <p class='ocr_par' dir='ltr' id='par_1_116' title="bbox 2045 5472 3695 5544">
     <span class='ocr_line' id='line_1_117' title="bbox 2045 5472 3695 5544; baseline 0.004 -19"><span class='ocrx_word' id='word_1_840' title='bbox 2045 5480 2099 5526; x_wconf 83' lang='lat' dir='ltr'><strong>et</strong></span> <span class='ocrx_word' id='word_1_841' title='bbox 2128 5472 2302 5533; x_wconf 88' lang='lat' dir='ltr'><strong>dives,</strong></span> <span class='ocrx_word' id='word_1_842' title='bbox 2338 5473 2434 5526; x_wconf 84' lang='lat' dir='ltr'><strong>sed</strong></span> <span class='ocrx_word' id='word_1_843' title='bbox 2464 5472 2737 5541; x_wconf 89' lang='lat' dir='ltr'><strong>leprosus,</strong></span> <span class='ocrx_word' id='word_1_844' title='bbox 2771 5472 2903 5542; x_wconf 90' lang='lat' dir='ltr'><strong>quia</strong></span> <span class='ocrx_word' id='word_1_845' title='bbox 2932 5472 2976 5525; x_wconf 90' lang='lat' dir='ltr'><strong>si</strong></span> <span class='ocrx_word' id='word_1_846' title='bbox 3010 5472 3178 5527; x_wconf 87' lang='lat' dir='ltr'><strong>vitam</strong></span> <span class='ocrx_word' id='word_1_847' title='bbox 3209 5474 3501 5544; x_wconf 85' lang='lat' dir='ltr'><strong>utriusque</strong></span> <span class='ocrx_word' id='word_1_848' title='bbox 3530 5491 3695 5530; x_wconf 84' lang='lat' dir='ltr'><strong>eou—</strong></span> 
     </span>
    </p>
   </div>
   <div class='ocr_carea' id='block_1_117' title="bbox 2042 5563 3695 5635">
    <p class='ocr_par' dir='ltr' id='par_1_117' title="bbox 2042 5563 3695 5635">
     <span class='ocr_line' id='line_1_118' title="bbox 2042 5563 3695 5635; baseline 0.003 -17"><span class='ocrx_word' id='word_1_849' title='bbox 2042 5564 2353 5619; x_wconf 90' lang='lat' dir='ltr'><strong>sideremus</strong></span> <span class='ocrx_word' id='word_1_850' title='bbox 2399 5563 2629 5630; x_wconf 88' lang='lat' dir='ltr'><strong>intente,</strong></span> <span class='ocrx_word' id='word_1_851' title='bbox 2674 5571 2909 5635; x_wconf 86' lang='lat' dir='ltr'><strong>uterque</strong></span> <span class='ocrx_word' id='word_1_852' title='bbox 2959 5580 3150 5621; x_wconf 88' lang='lat' dir='ltr'><strong>eorum</strong></span> <span class='ocrx_word' id='word_1_853' title='bbox 3192 5567 3397 5635; x_wconf 88' lang='lat' dir='ltr'><strong>lepram</strong></span> <span class='ocrx_word' id='word_1_854' title='bbox 3453 5566 3511 5619; x_wconf 89' lang='lat' dir='ltr'><strong>in</strong></span> <span class='ocrx_word' id='word_1_855' title='bbox 3549 5584 3695 5622; x_wconf 83' lang='lat' dir='ltr'><strong>cor-</strong></span> 
     </span>
    </p>
   </div>
   <div class='ocr_carea' id='block_1_118' title="bbox 2040 5652 3695 5726">
    <p class='ocr_par' dir='ltr' id='par_1_118' title="bbox 2040 5652 3695 5726">
     <span class='ocr_line' id='line_1_119' title="bbox 2040 5652 3695 5726; baseline 0.003 -19"><span class='ocrx_word' id='word_1_856' title='bbox 2040 5668 2194 5724; x_wconf 88' lang='lat' dir='ltr'><strong>pore,</strong></span> <span class='ocrx_word' id='word_1_857' title='bbox 2228 5659 2281 5706; x_wconf 91' lang='lat' dir='ltr'><strong>et</strong></span> <span class='ocrx_word' id='word_1_858' title='bbox 2310 5652 2520 5722; x_wconf 85' lang='lat' dir='ltr'><strong>lepram</strong></span> <span class='ocrx_word' id='word_1_859' title='bbox 2568 5653 2893 5708; x_wconf 87' lang='lat' dir='ltr'><strong>habebatin</strong></span> <span class='ocrx_word' id='word_1_860' title='bbox 2939 5662 3150 5708; x_wconf 87' lang='lat' dir='ltr'><strong>mente.</strong></span> <span class='ocrx_word' id='word_1_861' title='bbox 3201 5653 3353 5707; x_wconf 89' lang='lat' dir='ltr'><strong>Unde</strong></span> <span class='ocrx_word' id='word_1_862' title='bbox 3405 5669 3533 5708; x_wconf 88' lang='lat' dir='ltr'><strong>cum</strong></span> <span class='ocrx_word' id='word_1_863' title='bbox 3576 5672 3695 5726; x_wconf 86' lang='lat' dir='ltr'><strong>pro</strong></span> 
     </span>
    </p>
   </div>
  </div>
