3920 6054
285 351 388 403 977

1228 347 1309 401 DE
1353 345 1565 399 LAUDE
1608 345 1686 397 ET
1729 343 1858 396 INV.
1899 343 1955 396 S.
1998 341 2254 396 CRUCIS.
2295 369 2364 379 --
2404 338 2530 392 LIB.
2575 338 2668 394 Ill.

3503 333 3608 384 D78

283 476 586 530 salvatione
625 475 912 546 utriusque
953 475 1030 528 rei
1065 490 1206 528 unus
1233 477 1505 544 quaereret
1529 487 1689 542 opem
1723 470 1973 542 EliswiA
2014 486 2114 522 ma:
2159 476 2214 522 et
2254 483 2443 522 amore
2473 464 2716 518 cwlestis
2751 462 2937 532 patriae
2981 461 3031 513 in
3081 459 3245 513 corde
3285 475 3384 512 suo
3444 460 3606 511 tim-in

283 569 377 635 (IV
401 572 521 635 Reg.
571 573 645 630 vl,
680 574 736 622 et
789 566 928 621 alius
967 566 1086 633 Dei,
1120 565 1320 621 factum
1361 575 1448 620 est
1490 575 1550 621 ut
1595 565 1724 620 licet
1752 579 1896 620 unus

285 654 462 725 curari
487 653 808 709 crederetur
837 670 868 708 a
905 654 1038 720 Deo,
1079 661 1136 709 et
1164 653 1302 708 alius
1341 654 1408 708 ab
1439 653 1638 721 Eliseo,
1661 659 1896 724 uterque

289 753 474 801 tamen
495 763 622 800 vere
650 755 934 801 curaretur
979 763 1010 800 a
1051 745 1180 802 Deo.
1215 745 1446 802 Dextera
1492 747 1638 801 enim
1684 746 1898 802 Domini

291 834 422 890 fecit
451 834 731 902 virtutem,
765 835 894 890 dum
937 835 1185 906 utrisque
1214 835 1389 890 voluit
1427 843 1735 908 excptatam
1768 851 1898 891 con-

290 921 435 977 ferre
499 923 765 988 salutem;
817 923 916 978 sed
972 933 1154 978 tamen
1205 924 1470 992 majorem
1509 925 1752 996 .gratiam
1821 926 1898 980 illi

293 1017 486 1071 eadem
518 1018 980 1080 contulitdextra,
1019 1019 1112 1089 qui
1144 1017 1197 1072 in
1230 1018 1384 1074 fonte
1421 1019 1718 1075 Salvatoris
1755 1021 1902 1076 intus

296 1107 588 1162 curabatur
614 1115 669 1162 et
689 1114 860 1161 extra.
884 1107 1036 1162 Unde
1055 1123 1124 1162 ne
1155 1123 1186 1163 a
1216 1108 1378 1164 nobis
1407 1124 1695 1164 remanere
1727 1111 1902 1180 possit

289 1199 549 1254 intactum
593 1200 829 1270 qualiter
855 1216 886 1254 a
935 1200 1046 1255 Deo
1103 1215 1226 1256 cum
1285 1206 1519 1272 utroque
1561 1201 1634 1256 sit
1671 1201 1896 1268 factum,

290 1287 528 1342 breviter
554 1288 642 1342 hic
697 1287 991 1342 dicendum
1035 1297 1118 1344 est
1165 1288 1220 1342 in
1263 1289 1488 1344 nomine
1529 1289 1745 1355 Christi,
1787 1306 1898 1361 quo

290 1379 462 1433 virtus
492 1378 794 1433 divinitatis
845 1378 922 1432 illi
975 1379 1296 1434 subveniret
1351 1387 1445 1434 aut
1498 1379 1606 1434 isti.
1654 1379 1894 1434 Naaman

288 1468 474 1537 itaque
505 1467 639 1538 Syro
697 1466 924 1521 verbum
962 1467 1251 1522 lsraelitici
1307 1469 1454 1539 regis
1483 1485 1727 1523 amarum
1782 1477 1898 1525 erat

288 1565 347 1610 ut
388 1556 480 1621 l'el,
521 1571 641 1610 cum
674 1571 770 1626 pro
799 1555 1030 1628 sanitate
1079 1556 1254 1628 ipsius
1287 1558 1613 1613 vestimenta
1642 1575 1742 1613 sua
1787 1559 1898 1614 sci-

290 1648 436 1702 disse
466 1648 678 1702 videret
696 1664 880 1722 regem
908 1649 1094 1702 lsrael.
1119 1649 1476 1706 Constantino
1495 1665 1624 1706 vero
1655 1667 1684 1706 e
1709 1659 1898 1708 contra

291 1737 518 1790 verbum
575 1735 818 1790 veritatis
856 1736 1016 1791 dulce
1061 1737 1353 1792 videbatur
1408 1744 1466 1792 ut
1497 1737 1626 1804 mel,
1675 1755 1799 1793 cum
1840 1739 1895 1793 in

289 1825 465 1878 salute
513 1841 614 1879 sua
659 1825 891 1880 sentiret
947 1827 1267 1896 prophetam
1318 1827 1373 1880 in
1415 1827 1598 1882 lsrael.
1634 1828 1895 1893 Naaman,

291 1917 568 1986 profectus
604 1917 673 1972 ad
714 1919 960 1972 umbram
1009 1918 1217 1973 Veteris
1251 1919 1612 1986 Testamenti,
1656 1921 1780 1975 tulit
1815 1937 1900 1975 se-

285 2026 409 2064 cum
466 2011 658 2064 decem
717 2010 920 2064 talenta
948 2011 1196 2086 argenti;
1257 2011 1647 2067 Constantinus
1691 2022 1896 2078 autem,

285 2099 536 2154 umbram
580 2101 832 2174 dccalogi
878 2108 1174 2170 penetrans
1201 2101 1497 2173 Splendore
1542 2105 1894 2171 sacramenti,

285 2188 341 2242 in
380 2206 506 2244 arca
563 2190 748 2245 cordis
794 2191 879 2244 sui
926 2191 1163 2244 servavit
1201 2191 1520 2246 memoriam
1565 2193 1783 2262 pondus
1811 2211 1897 2248 ar-

282 2279 454 2355 genti.
489 2279 725 2334 Naaman
760 2280 814 2334 in
846 2278 1076 2355 ﬁguram
1130 2280 1323 2336 decem
1380 2281 1635 2356 legalium
1686 2296 1896 2353 praece-

287 2380 504 2442 ptorum
536 2373 658 2428 tulit
682 2389 868 2428 secum
901 2373 1093 2428 decem
1112 2373 1407 2429 mutatoria
1421 2375 1891 2429 vestimentorum.

289 2460 681 2516 Constantinus
699 2471 906 2527 autem,
947 2477 1132 2517 secum
1172 2461 1359 2517 ferens
1383 2462 1574 2517 decem
1605 2463 1896 2520 mutatoria

285 2552 543 2625 legalium
568 2552 983 2622 scripturarum,
1017 2567 1116 2623 per
1145 2536 1430 2622 mysticum
1462 2551 1799 2607 intellectum
1829 2569 1894 2609 ea

283 2643 512 2698 mutavit
568 2642 622 2700 in
667 2645 899 2698 salutem
955 2643 1288 2698 animarum.
1340 2643 1602 2710 Naaman,
1645 2643 1890 2699 nondum

279 2733 473 2787 videns
521 2732 750 2804 gloriam
803 2732 918 2797 Dei,
963 2749 1062 2804 pro
1117 2732 1295 2787 salute
1329 2733 1567 2802 petenda
1617 2733 1767 2787 stetit
1823 2735 1889 2788 ad

277 2823 477 2878 ostium
501 2823 698 2878 domus
719 2822 932 2887 Elisaei;
967 2823 1355 2879 Constantinus
1374 2831 1556 2880 autem
1589 2841 1685 2896 pro
1711 2826 1888 2882 salute

275 2915 597 2986 quaerenda,
629 2915 698 2969 ad
729 2915 930 2971 ostium
959 2915 1106 2970 illius
1131 2916 1299 2986 coepit
1318 2924 1462 2971 stare
1501 2917 1884 2984 nihilominus,

283 3007 351 3060 de
392 3022 502 3078 quo
535 3007 589 3061 in
624 3007 942 3081 Evangelio:
994 3013 1100 3078 Ego
1127 3023 1252 3063 sum
1278 3011 1498 3076 ostium,
1541 3011 1672 3064 dicit
1702 3013 1887 3066 Domi-

278 3116 381 3156 nus
421 3100 596 3170 (Joan.
628 3103 703 3171 x).
737 3102 974 3156 Naaman
1014 3102 1175 3176 signo
1212 3102 1392 3158 crucis
1419 3118 1480 3158 se
1509 3120 1788 3175 nunquam
1829 3104 1883 3159 in

279 3192 458 3247 fronte
489 3194 846 3267 consignatis,
892 3194 961 3247 ab
993 3194 1168 3250 Eliseo
1225 3195 1422 3250 avertit
1470 3211 1552 3260 se,
1599 3204 1657 3251 et
1697 3195 1888 3250 abibat

282 3281 606 3356 indignans;
649 3281 1039 3336 Constantinus
1077 3292 1278 3347 autem,
1329 3283 1647 3338 charactere
1693 3282 1884 3338 Christi

272 3389 333 3427 se
380 3373 502 3427 sine
543 3373 948 3428 intermissione
1007 3372 1362 3446 consignans,
1405 3389 1436 3426 a
1491 3373 1602 3427 Deo
1631 3372 1801 3426 averti
1835 3380 1888 3427 et

279 3464 433 3519 abire
464 3463 688 3520 uolebat
743 3464 1059 3538 indignans.
1111 3463 1375 3530 Naaman,
1419 3465 1554 3534 jugo
1609 3463 1889 3520 servitutis

277 3558 460 3611 adhuc
503 3572 806 3626 Oppressus
834 3572 955 3611 cum
989 3559 1148 3626 Agar,
1181 3556 1419 3610 Naaman
1453 3555 1596 3610 inter
1623 3556 1889 3611 terminos

272 3654 492 3701 internae
522 3643 800 3699 felimtatis
855 3659 921 3698 eo
969 3643 1153 3698 minus
1193 3643 1418 3700 tentavit
1469 3643 1738 3698 accubare
1765 3657 1887 3695 cum

281 3735 547 3800 lssachar,
582 3749 692 3804 quo
719 3732 1018 3788 Jordanem
1045 3733 1274 3788 ﬂuvium
1307 3732 1569 3788 leviorem
1601 3731 1891 3786 mstimavit

274 3827 453 3881 tluviis
491 3827 760 3891 Damasci,
803 3826 988 3880 Abana
1030 3832 1088 3880 et
1145 3825 1447 3896 Pharphar,
1505 3823 1892 3880 Constantinus

277 3926 460 3973 autem
493 3918 548 3971 in
580 3918 728 3973 fonte
777 3917 1073 3972 Salvatoris
1109 3932 1176 3972 eo
1217 3917 1392 3988 magis
1430 3915 1636 3988 optavit
1689 3921 1743 3969 ct
1769 3931 1889 3970 cor-

273 4027 403 4080 pore
434 4011 613 4065 curari
644 4019 699 4066 et
752 4017 935 4064 mente
980 4010 1215 4078 renasci,
1273 4025 1384 4082 quo
1436 4009 1718 4064 meliorem
1760 4025 1886 4063 eum

274 4102 563 4157 'restimavit
623 4103 828 4168 Abana,
888 4113 942 4156 et
1007 4103 1310 4174 Pharphari
1370 4101 1552 4156 ﬂuviis
1618 4101 1880 4156 Damasci.

276 4192 536 4256 Naaman,
571 4192 729 4247 Elisei
759 4193 899 4247 servi
953 4193 1047 4246 Dei
1075 4191 1346 4246 obediens
1376 4191 1579 4255 verbis,
1633 4191 1688 4245 in
1738 4190 1887 4244 lava-

275 4284 422 4338 tione
451 4284 743 4340 Jordanica
775 4283 893 4338 suis
925 4283 1214 4340 obedierat
1243 4283 1446 4347 servis;
1500 4282 1889 4338 Constantinus

271 4388 473 4446 autem,
499 4397 646 4451 saepe
671 4379 1002 4436 inobediens
1026 4379 1120 4434 Dei
1151 4379 1306 4443 Filio,
1329 4378 1472 4434 servi
1499 4377 1594 4432 Dei
1623 4377 1883 4448 Sylvcstri

272 4473 442 4544 coepit
471 4472 697 4528 obedire
725 4472 978 4528 consilio.
1003 4471 1266 4537 Naaman,
1298 4471 1355 4525 in
1383 4470 1624 4526 .lordane.
1655 4470 1880 4528 ﬂumine

1993 560 2241 637 perﬁdiae
2292 566 2348 613 et
2391 572 2643 611 occasum
2678 554 2830 608 dedit
2861 552 3200 608 idOIOIitll‘l‘d'.
3237 551 3474 605 Naaman
3505 550 3610 604 ali-

1997 650 2262 728 quantula
2289 648 2531 704 Judaica:
2567 645 2696 700 ﬁdei
2737 644 3107 699 inﬂammatus
3137 643 3276 706 face,
3317 641 3384 698 ab
3415 641 3610 696 Elisaen

1998 745 2117 799 viro
2149 740 2243 794 Dei
2301 737 2450 792 abire
2491 735 2783 790 videbatur
2821 734 2876 788 in
2927 747 3059 803 pace
3096 731 3486 786 Constantinus
3515 747 3612 786 au-

2001 837 2112 885 tem
2139 829 2195 882 in
2227 826 2335 881 fide
2387 825 2657 879 catholica
2714 822 2827 877 veri
2867 819 3029 875 Elisei
3071 819 3426 874 conﬁrmatus
3480 835 3608 890 ope,

1998 917 2395 995 evangelizavit
2443 931 2633 987 pacem
2693 915 2778 968 his
2822 912 2915 984 qui
2948 914 3131 985 longe,
3186 918 3240 965 et
3279 927 3468 982 pacem
3528 911 3614 965 his

1999 1027 2092 1082 qm
2126 1023 2318 1080 ωορδ
2654 1074 2862 1130 CAPUT
2889 1075 2951 1129 x.

2073 1175 2320 1224 Naaman
2347 1173 2399 1220 et
2429 1167 2774 1222 Constantini
2792 1164 3051 1219 vocabu'a
3075 1165 3536 1232 quidsigniﬁcent.

2071 1281 2337 1346 Quoniam
2383 1278 2551 1350 igitur
2588 1275 2924 1348 comparatio
2955 1275 3194 1329 Naaman
3249 1282 3304 1328 et
3347 1275 3608 1329 Constan—

1999 1372 2100 1427 tini
2131 1388 2162 1425 a
2191 1371 2350 1426 nobis
2373 1378 2456 1424 est
2487 1369 2734 1423 discussa
2773 1366 3074 1430 moraliter,
3115 1373 3285 1419 restat
3322 1373 3381 1419 ut
3409 1382 3607 1420 nomen

1999 1465 2240 1519 Naaman
2273 1478 2522 1516 seorsum
2565 1459 2893 1515 discutiatur
2929 1457 3234 1529 aequaliter,
3268 1467 3324 1511 ut
3361 1459 3608 1523 saluatio,

2000 1572 2109 1626 qua
2137 1556 2190 1609 in
2226 1563 2458 1624 utroque
2489 1553 2730 1607 salvatus
2761 1558 2846 1605 est
2887 1549 3134 1608 homine.
3164 1549 3500 1603 concordare
3533 1549 3611 1601 vi-

2000 1643 2196 1698 deatur
2224 1659 2348 1698 cum
2405 1642 2649 1696 nomine.
2683 1639 2818 1704 Quia
2859 1638 3006 1692 enim
3059 1638 3201 1691 idem
3258 1637 3493 1690 Naaman
3555 1636 3608 1689 in

2001 1733 2198 1788 virtute
2225 1732 2495 1787 bellorum
2515 1733 2758 1785 animum
2777 1745 2999 1799 semper
3030 1727 3468 1789 habuitvirilem,
3498 1742 3608 1782 non

1951 1795 1971 1858 ἶ
2001 1826 2308 1900 incongrue
2355 1825 2644 1878 videbatur
2672 1795 2936 1893 populum
2977 1820 3289 1889 signiﬁcare
3321 1820 3606 1892 gentilem,

1999 1918 2148 1988 quod
2180 1919 2344 1972 etiam
2378 1917 2522 1970 bene
2559 1915 2799 1970 nominis
2831 1915 3004 1985 ipsius
3045 1913 3504 1983 interpretatione
3535 1912 3610 1965 si-

1997 2016 2215 2083 gnatur.
2249 2009 2378 2080 quia
2408 2009 2645 2062 Naaman
2675 2009 2832 2062 decus
2861 2007 2972 2060 sive
2998 2008 3276 2061 commotio
3303 2020 3485 2060 eorum
3520 2005 3607 2057 iii-

2000 2110 2352 2175 terpretatur.
2390 2104 2405 2156 Ι
2414 2119 2510 2174 pse
2531 2102 2678 2156 enim
2696 2101 2820 2155 sine
2840 2101 3043 2155 decore
3073 2100 3334 2154 virtutum
3361 2100 3471 2152 Deo
3486 2115 3564 2153 sei
3579 2129 3606 2140 -

1996 2196 2113 2251 viro
2144 2196 2342 2252 nolens
2380 2194 2540 2250 oculo
2569 2193 2637 2248 ad
2678 2192 2921 2256 oculum,
2963 2191 3031 2245 ad
3068 2190 3232 2245 unius
3265 2190 3358 2244 Dei
3399 2191 3603 2244 cultum

1996 2287 2258 2360 gentilem
2290 2283 2589 2340 commovit
2627 2282 2886 2353 p0pulum
2925 2287 3010 2338 (IV
3040 2285 3163 2347 Reg.
3213 2281 3287 2348 v),
3341 2297 3410 2332 ne
3441 2279 3604 2333 simi-

1999 2376 2067 2431 lis
2095 2377 2201 2431 illis
2231 2375 2387 2432 fieret
2411 2376 2465 2429 in
2508 2373 2866 2428 interioribus
2893 2372 3090 2435 oculis,
3129 2371 3197 2423 de
3239 2371 3441 2440 quibus
3467 2371 3606 2424 scri-

1999 2475 2148 2536 ptum
2181 2473 2286 2520 est:
2311 2467 2507 2524 Dedisti
2526 2479 2618 2519 nos
2645 2467 2704 2517 in
2722 2463 3131 2517 similitudinem
3151 2461 3430 2529 gentibus;
3461 2476 3606 2514 com-

1997 2561 2278 2614 motionem
2313 2559 2504 2626 capitis
2545 2559 2603 2610 in
2652 2557 2859 2625 populis
2897 2553 3059 2623 (Psat.
3098 2555 3266 2620 xuii).
3310 2553 3408 2616 Qui
3449 2554 3604 2622 quasi

1993 2655 2115 2696 cum
2132 2641 2326 2716 gentili
2345 2641 2550 2712 populo
2572 2642 2624 2695 in
2648 2641 2892 2696 Judzeam
2918 2641 3145 2696 veniens
3165 2640 3232 2693 ad
3257 2641 3477 2696 domum
3499 2641 3608 2694 Eli-

1991 2732 2085 2786 szei
2117 2732 2422 2786 secundum
2455 2733 2634 2806 legem
2663 2731 2832 2804 Moysi
2864 2733 3069 2788 cultum
3130 2743 3441 2786 servaverat
3485 2733 3603 2800 Dei,

1993 2839 2062 2878 ne
2086 2823 2140 2877 in
2171 2823 2612 2896 transgressione
2640 2823 2804 2878 unius
2827 2823 3098 2879 mandati.
3133 2839 3315 2878 coram
3344 2823 3520 2878 oculis
3547 2825 3606 2878 il-

1989 2915 2099 2968 lius
2130 2915 2286 2969 tierct
2313 2915 2558 2969 omnium
2593 2931 2737 2977 reus,
2765 2915 2834 2968 de
2863 2930 2971 2986 quo
3001 2913 3263 2985 scriptum
3297 2925 3412 2969 est:
3446 2921 3606 2970 Notas

1991 3007 2050 3059 in
2087 3007 2275 3061 Judcea
2313 3011 2450 3061 Deus
2493 3006 2653 3068 (Psat.
2691 3005 2877 3075 Lxxv).
2911 3005 3040 3070 Sed,
3075 3005 3202 3076 quia
3233 3021 3435 3060 nomen
3465 3006 3603 3060 Naa-

1990 3115 2117 3153 man
2157 3097 2440 3152 moraliter
2493 3097 2906 3168 expressimus;
2963 3096 3036 3150 ita
3089 3112 3183 3165 pro
3241 3097 3603 3168 exprimendo

1989 3186 2330 3242 Constantini
2355 3186 2577 3242 nomine
2601 3186 2722 3239 aliis
2742 3186 3152 3255 [II‘OCCdelldum
3180 3196 3263 3238 est
3283 3185 3598 3258 gressibus;

1988 3286 2069 3344 ut,
2109 3278 2153 3332 si
2185 3295 2213 3332 τι
2245 3277 2408 3331 nobis
2433 3277 2662 3346 exprimi
2697 3293 2805 3331 non
2840 3284 3019 3346 potest
3053 3276 3370 3344 allegorice,
3408 3278 3599 3331 saltem

1989 3370 2224 3440 quadam
2298 3367 2660 3422 similitudine
2716 3367 3056 3436 exprimatur
3115 3367 3396 3422 historice.
3453 3369 3602 3422 Sicut

1987 3461 2133 3516 enim
2178 3478 2242 3515 ex
2269 3459 2669 3532 longinquitate
2695 3459 2896 3512 dicitur
2952 3459 3304 3531 longinquus,
3338 3469 3392 3513 et
3421 3475 3488 3513 cx
3519 3460 3597 3513 vi-

1988 3557 2212 3611 cinitate
2245 3555 2485 3618 vicinus;
2511 3554 2590 3607 sic
2621 3570 2685 3607 ex
2713 3551 3017 3608 Constante
3054 3552 3420 3614 Constantius.
3455 3561 3510 3608 et
3535 3571 3597 3608 ex

1991 3646 2308 3702 Constantio
2338 3645 2520 3700 dictus
2549 3652 2633 3699 est
2679 3643 3100 3708 Constantinus;
3144 3643 3197 3697 in
3229 3644 3412 3714 seipso
3443 3645 3601 3699 vide-

1990 3735 2119 3789 licet
2147 3733 2317 3804 patris
2349 3742 2402 3788 et
2431 3733 2516 3786 avi
2548 3732 2631 3786 sui
2653 3731 3015 3786 constantiam
3048 3747 3168 3785 esse
3189 3731 3598 3796 demonstrans,

1991 3842 2224 3898 quorum
2259 3841 2403 3879 unus
2455 3824 2742 3879 dicebatur
2789 3839 2910 3878 esse
2942 3821 3306 3888 Constantius,
3349 3833 3404 3880 et
3459 3826 3600 3882 alius

1993 3920 2278 3976 Constans.
2321 3922 2450 3975 Tam
2493 3937 2749 3991 magnam
2775 3920 2982 3991 quippe
3013 3921 3374 3975 constantiam
3409 3922 3600 3978 habuit

1988 4031 2052 4069 ex
2083 4015 2333 4086 utrisque
2365 4013 2682 4069 Constantio
2708 4020 2761 4068 et
2789 4012 3105 4078 Constante,
3139 4015 3440 4084 utclypens
3477 4015 3599 4083 ejus

1989 4107 2043 4160 in
2076 4105 2222 4160 bello
2254 4123 2534 4179 nunquam
2564 4107 2867 4161 declinaret
2899 4115 3062 4171 retro,
3114 4107 3211 4160 sed
3254 4115 3402 4171 ante,
3451 4115 3600 4162 tanta

1986 4197 2241 4252 videlicet
2267 4198 2435 4252 animi
2466 4199 2774 4252 Constantia
2808 4197 3015 4251 inimici
3059 4197 3271 4251 timoris
3317 4197 3599 4253 invasioue

1993 4285 2226 4350 detersa,
2262 4295 2321 4342 ut
2358 4289 2509 4343 basta
2536 4288 2656 4356 ejus
2685 4288 2738 4341 in
2773 4288 2961 4357 praelia
2999 4304 3278 4358 nunquam
3321 4289 3599 4343 videretur

1988 4394 2200 4436 aversa.
2234 4378 2412 4447 Unde,
2440 4379 2565 4434 licet
2594 4379 2786 4434 eadem
2838 4377 3210 4432 declinatione
3245 4394 3276 4432 e
3303 4377 3598 4434 Constante

1985 4469 2424 4536 Constantius,et
2467 4486 2498 4524 a
2527 4469 2842 4524 Constantio
2871 4469 3150 4522 derivetur
3175 4468 3587 4539 Constantinus,

270 4565 480 4635 septies
520 4565 683 4630 lotus,
723 4580 755 4618 a
812 4563 963 4634 lepra
1002 4562 1250 4632 corporis
1293 4563 1534 4616 mundus
1574 4562 1746 4616 factus
1801 4531 1959 4614 estD
1985 4577 2095 4632 qua
2133 4561 2201 4615 ab
2244 4561 2580 4615 humanitate
2619 4560 2898 4615 derivatur
2928 4561 3223 4624 humanus,
3256 4567 3310 4613 et
3339 4561 3594 4616 adivini-

274 4664 437 4712 totus.
473 4657 860 4712 Constantinus
901 4665 1103 4720 autem,
1163 4656 1217 4710 in
1258 4655 1408 4712 fonte
1439 4656 1739 4710 Salvatoris
1769 4662 1877 4710 ter-

271 4748 347 4801 tio
380 4747 580 4801 tinctus
603 4747 778 4818 gratia
810 4746 1150 4818 septiformis
1188 4747 1446 4818 Spiritus,
1477 4745 1609 4801 foris
1649 4747 1881 4800 curaba-

272 4847 358 4890 tur
385 4844 440 4890 et
471 4836 634 4891 intus.
693 4838 931 4890 haanian
963 4852 1314 4907 nequaquam
1349 4834 1451 4891 fuit
1481 4850 1621 4906 aqua
1657 4843 1712 4888 et
1759 4833 1881 4904 Spi-

273 4925 377 4979 ritu
427 4934 670 4992 rcnatus,
705 4927 833 4996 quia
877 4925 1120 4979 nondum
1155 4923 1401 4979 Christus
1451 4938 1568 4983 erat
1611 4927 1883 4998 gloriﬁca-

271 5024 384 5078 tus;
418 5017 806 5073 Constantinus
840 5027 1045 5081 autem,
1081 5016 1134 5070 in
1194 5015 1411 5074 lavacro
1444 5021 1882 5094 regenerationis

267 5126 408 5181 aqua
458 5118 513 5164 et
542 5111 746 5180 Spiritu
791 5122 1034 5173 renatus,
1070 5118 1178 5166 tam
1236 5112 1290 5166 in
1328 5128 1556 5183 corpore
1599 5130 1762 5185 quam
1824 5115 1880 5169 in

269 5203 450 5257 anima
480 5204 773 5258 videbatur
796 5221 916 5258 esse
951 5212 1192 5260 curatus.
1235 5203 1497 5270 Naaman,
1531 5223 1784 5262 reversus
1811 5209 1880 5262 ad

269 5298 490 5352 domum
519 5297 618 5350 viri
649 5297 766 5361 Dei,
803 5312 900 5367 pro
929 5297 1165 5352 sanitate
1205 5305 1428 5370 recepta
1458 5301 1660 5374 gratias
1694 5301 1881 5356 retulit

265 5389 348 5452 ei;
380 5388 767 5442 Constantinus
787 5405 938 5454 vero,
971 5407 1000 5443 a
1027 5389 1272 5444 ccelestis
1295 5389 1483 5460 patria:
1515 5391 1678 5446 domo
1712 5393 1874 5464 longo

265 5483 508 5532 remotus
537 5477 752 5540 exsilio,
803 5477 871 5530 ad
909 5477 1133 5532 domum
1165 5478 1333 5548 patris
1359 5478 1442 5532 sui
1483 5495 1605 5532 cum
1641 5481 1871 5555 prodigo

265 5581 518 5620 reversus
547 5571 630 5619 est
655 5564 800 5618 tilio:
843 5565 1082 5619 Naaman
1137 5568 1310 5633 enim,
1369 5568 1570 5634 divina:
1603 5569 1868 5626 voluntati

265 5653 546 5709 voluntate
612 5652 873 5708 resistens
926 5653 1140 5721 frivola,
1213 5672 1310 5727 pro
1376 5657 1550 5710 salute
1604 5673 1869 5728 corporea

263 5744 556 5814 respuebat
583 5742 762 5808 idola;
793 5741 1180 5802 Constantinus
1211 5753 1394 5802 autem
1427 5762 1522 5818 pro
1553 5748 1730 5804 salute
1751 5751 1868 5805 ani-

1983 4661 2090 4708 tate
2127 4655 2370 4720 divinus,
2403 4654 2790 4709 Constantinus
2843 4665 3024 4708 tamen
3077 4669 3172 4723 pro
3205 4653 3445 4708 Ecclesia
3499 4656 3592 4710 Dei

1981 4762 2202 4816 semper
2230 4747 2479 4802 laborare
2500 4747 2713 4801 solebat
2742 4745 3136 4813 abundantius,
3169 4763 3330 4818 quam
3361 4760 3487 4803 ante
3509 4749 3595 4820 ip-

1982 4855 2102 4892 sum
2150 4854 2389 4909 unquam
2445 4837 2712 4893 Constans
2748 4838 3024 4893 laboraret
3069 4848 3163 4892 aut
3213 4839 3588 4895 Constantius.

1987 4928 2107 4982 Post
2136 4927 2422 4981 sanitatem
2454 4927 2661 4999 quippe
2691 4936 2987 4996 receptam,
3012 4928 3268 4982 eumdem
3295 4929 3460 4982 Deum

1985 5019 2064 5090 pit
2090 5019 2321 5074 adorare
2377 5035 2499 5073 cum
2536 5019 2795 5084 Naaman,
2827 5036 2990 5091 quem
3039 5027 3166 5073 ante
3203 5036 3260 5072 se.
3315 5019 3590 5089 quondam

1983 5112 2242 5165 adorasse
2274 5111 2563 5166 videbatur
2596 5111 2868 5166 Abraham
2891 5112 3041 5179 (Gen.
3079 5113 3254 5180 xvni),
3293 5111 3387 5181 qui
3423 5110 3586 5165 fidem

1982 5212 2188 5259 sanctae
2253 5204 2533 5259 Trinitatis
2582 5205 2744 5260 nobis
2803 5204 3187 5279 praesignando
3249 5205 3594 5277 monstravit,

1983 5295 2112 5349 dum
2146 5294 2301 5365 quasi
2328 5293 2432 5347 sub
2463 5295 2657 5350 arbore
2687 5296 2864 5350 crucis
2887 5304 2994 5350 tres
3029 5295 3188 5357 vidit,
3214 5304 3266 5349 et
3297 5310 3466 5349 unum
3495 5295 3595 5348 ad—

1977 5389 2171 5444 oravit.
2206 5389 2314 5442 Scd
2343 5396 2521 5444 tamen
2547 5391 2684 5445 alter
2711 5408 2820 5462 prie
2852 5393 3026 5445 altero
3044 5391 3268 5457 majoris
3287 5391 3477 5464 gratiae
3511 5407 3594 5445 re-

1973 5479 2119 5549 cepit
2139 5480 2454 5550 puritatem,
2480 5481 2611 5535 dum
2638 5482 2728 5536 ille
2745 5493 2969 5537 secutus
2992 5489 3074 5535 est
3095 5481 3374 5548 umbram,
3403 5489 3456 5536 et
3489 5481 3592 5536 iste

1971 5568 2288 5632 veritatem;
2322 5568 2474 5640 quia,
2507 5571 2649 5626 sicut
2670 5573 2930 5626 omnibus
2953 5571 3328 5642 perspicuum,
3370 5582 3424 5625 ct
3463 5588 3591 5625 om-

1975 5660 2137 5714 nibus
2185 5670 2268 5715 est
2295 5661 2539 5732 planum,
2575 5663 2668 5717 illc
2724 5665 2958 5734 paleam,
3023 5673 3076 5717 et
3111 5663 3212 5718 iste
3243 5671 3470 5718 secutus
3511 5670 3596 5718 est

1974 5767 2224 5823 granum.
2267 5753 2420 5809 Unde
2469 5755 2664 5809 mirum
2698 5771 2808 5811 non
2840 5765 2946 5820 est,
2987 5755 3134 5828 quod
3170 5757 3348 5826 major
3397 5754 3592 5830 gratia,
