3920 6054
329 331 434 388 979

1297 334 1664 387 BERENGOSI
1704 332 1981 387 ABBATIS
2022 335 2077 388 S.
2119 332 2359 386 MAXIMI
2399 332 2667 389 TREVIR.

3553 334 3677 386 980

330 477 491 532 quam
518 460 620 514 sub
647 461 836 513 umbra
866 460 1005 531 legis
1030 461 1160 515 olim
1188 461 1769 534 contigissetNaaman
1794 463 1949 533 Syro,
1972 465 2023 533 Α
2053 461 2276 532 perbus,
2312 462 2488 516 servis
2521 463 2739 532 praefuit
2769 474 2827 518 ut
2869 464 3150 529 Dominus,
3183 474 3239 518 et
3266 463 3499 519 Domino
3531 463 3679 516 obe-

331 572 431 627 per
456 555 684 629 gratiam
711 555 955 610 veritatis
989 555 1117 610 huic
1138 556 1454 611 beatissimo
1477 558 1672 613 collata
1699 566 1783 612 est
1800 551 1947 612 viro;

333 643 775 715 quoniam,sicut
802 644 892 697 ille
933 644 1140 715 septies
1161 645 1309 700 lotus
1341 646 1408 700 de
1433 647 1756 722 paganismo
1785 647 1948 700 rediit

333 737 402 791 ad
432 737 796 803 Judaismum,
843 738 923 793 sic
978 737 1081 792 iste
1110 739 1419 810 septiformi
1474 741 1671 812 spiritu
1704 748 1945 810 renatus,

340 827 680 898 pervenitad
715 827 1079 898 baptismum:
1113 830 1334 900 quando
1366 830 1492 886 licet
1512 849 1653 888 unus
1680 834 1951 887 lavaretur

334 917 524 982 invite,
568 922 624 970 et
661 915 802 970 alius
852 926 1071 986 sponte,
1104 933 1247 972 unus
1294 925 1479 973 tamen
1520 921 1574 974 in
1606 921 1863 987 Jordane,
1895 929 1950 975 et

337 1009 475 1063 alius
502 1008 798 1061 curabatur
828 1008 882 1060 in
904 1006 1074 1062 fonte.
1117 1009 1372 1073 Quamvis
1400 1009 1546 1064 enim
1578 1026 1676 1080 per
1694 1011 1948 1081 spiritum

338 1101 434 1154 Dei
468 1100 525 1153 in
553 1100 815 1155 cordibus
846 1115 1035 1155 eorum
1060 1099 1480 1165 inhabitantem,
1500 1101 1840 1158 illelitteram
1864 1118 1950 1158 oc-

337 1192 636 1257 cidentem,
667 1198 722 1245 et
774 1193 877 1245 iste
921 1190 1174 1262 spiritum
1216 1201 1544 1263 sequeretur
1580 1191 1947 1248 viviﬁcantem

339 1285 409 1351 (II
433 1287 553 1338 Cor.
584 1283 694 1353 ut):
730 1272 853 1352 post
893 1281 1166 1337 beneﬁcia
1209 1290 1394 1336 tamen
1439 1283 1687 1338 sanitatis
1713 1292 1950 1355 expertae

341 1375 406 1428 ad
425 1375 653 1447 gratiam
677 1373 992 1429 Conditoris
1023 1374 1315 1444 pervenire
1348 1375 1670 1430 merebatur
1694 1383 1947 1448 uterque.

342 1466 472 1532 Sed,
507 1466 649 1520 sicut
678 1465 733 1518 in
764 1464 851 1518 his
890 1465 1104 1519 duabus
1119 1465 1323 1530 causis,
1351 1466 1544 1520 umbra
1573 1467 1784 1522 scilicet
1816 1469 1953 1541 legis

343 1567 396 1613 et
425 1559 598 1633 gratia
632 1558 897 1624 veritatis,
949 1567 1109 1612 erant
1138 1557 1459 1628 inaequales,
1498 1559 1573 1613 ita
1612 1560 1830 1616 duobus
1869 1562 1953 1617 his

345 1654 524 1707 modis
545 1652 876 1706 videbantur
900 1651 1173 1723 aequales;
1208 1651 1356 1722 quia,
1389 1652 1532 1707 sicut
1560 1671 1658 1723 per
1679 1655 1830 1709 illum
1848 1658 1951 1712 Do-

344 1744 529 1798 minus
583 1744 813 1797 salutem
868 1744 1022 1797 dedit
1053 1744 1244 1814 Syriae,
1274 1744 1345 1797 ita
1376 1759 1474 1813 per
1512 1744 1673 1801 istum
1720 1748 1951 1803 salutem

347 1832 501 1886 dedit
540 1831 815 1888 Ecclesia).

995 1902 1203 1959 CAPUT
1229 1905 1315 1959 XI.

345 1993 480 2055 Quid
504 1994 647 2045 inter
693 1994 1111 2045 Constantinum
1160 2000 1211 2047 et
1238 1997 1383 2049 Giezi
1408 1997 1671 2065 leprosum
1722 2000 1953 2054 intersit.

420 2107 554 2170 Quia
584 2106 754 2177 igitur
803 2106 872 2160 de
925 2108 1035 2178 typi
1077 2111 1357 2165 curatione
1394 2112 1495 2167 viri
1536 2113 1701 2181 hujus
1755 2116 1960 2171 utrius-

347 2213 455 2268 que
503 2196 753 2250 charitati
821 2202 1060 2264 vestrae,
1126 2199 1524 2268 dilectissimi,
1582 2204 1715 2258 satis
1767 2206 1960 2275 loque-

348 2290 563 2355 bamur,
610 2291 894 2361 hucusque
925 2296 1143 2363 tempus
1181 2300 1285 2361 est,
1318 2300 1376 2349 ut
1410 2296 1522 2363 jam
1570 2297 1640 2351 de
1672 2299 1756 2353 his
1785 2305 1958 2353 trans-

347 2386 542 2433 euntes
608 2380 673 2433 ad
751 2387 951 2435 czetera
1033 2396 1131 2451 pro
1186 2383 1514 2453 eloquendis
1594 2386 1720 2440 aliis
1777 2388 1961 2443 denuo

350 2488 490 2525 nova
551 2471 897 2541 proferamus
960 2480 1014 2527 et
1070 2480 1272 2537 vetera,
1327 2475 1481 2531 Unde
1529 2483 1587 2532 ut
1640 2485 1694 2532 et
1745 2478 1885 2533 alius
1931 2496 1961 2533 e

350 2563 532 2618 vicino
591 2564 845 2633 leprosus
899 2564 955 2617 in
1011 2565 1191 2621 locum
1256 2567 1494 2623 Naaman
1551 2586 1583 2624 a
1657 2571 1816 2626 nobis
1871 2588 1964 2626 va-

352 2655 460 2708 leat
492 2653 755 2708 inveniri:
791 2654 885 2725 qui
927 2671 1027 2726 pro
1086 2655 1401 2712 inﬁrmitate
1452 2661 1723 2729 corporali
1782 2660 1962 2717 eidem

354 2747 709 2802 Constantino
759 2747 927 2822 digna
985 2750 1400 2819 comparatione
1463 2753 1639 2822 possit
1686 2753 1855 2818 uniri,
1888 2754 1963 2807 nil

353 2834 557 2901 obstat,
589 2836 633 2888 si
675 2835 730 2889 in
753 2835 900 2890 scala
931 2836 1209 2903 Ecclesiar,
1238 2837 1387 2891 velut
1418 2837 1472 2891 in
1504 2839 1854 2895 humiliorem
1896 2840 1964 2894 de

355 2926 528 2999 gradu
561 2924 967 2981 descendentes
997 2926 1213 2992 altiore,
1239 2927 1493 2980 eumdem
1527 2928 1701 2983 virum
1735 2928 1965 2982 clarissi-

352 3033 499 3071 mum
526 3017 706 3072 adhuc
735 3017 851 3071 viro
883 3032 1266 3087 comparemus
1308 3016 1573 3072 inferiori.
1617 3019 1745 3083 Quis
1775 3028 1956 3075 autem

353 3108 605 3177 leprosus
635 3106 726 3160 ille
784 3113 963 3177 potest
1020 3121 1141 3160 esse
1182 3105 1285 3159 nisi
1324 3106 1491 3175 Giezi,
1534 3108 1685 3178 quia
1734 3110 1956 3179 praefato
1983 3139 2034 3208 Ο

355 3199 594 3253 Naaman
641 3197 946 3268 lpecuniam
1006 3214 1160 3252 suam
1229 3196 1443 3253 fallacia
1508 3200 1731 3255 extorsit
1794 3208 1847 3256 et
1906 3201 1956 3257 vi

353 3289 439 3356 (IV
476 3294 596 3357 Reg.
640 3289 709 3356 v),
748 3287 969 3358 quando
1018 3303 1126 3342 non
1173 3288 1274 3341 sub
1313 3304 1433 3355 suo,
1475 3289 1573 3344 sed
1621 3290 1725 3345 sub
1786 3292 1959 3346 Elisaei

353 3378 577 3432 nomine
605 3377 849 3447 duplicia
874 3377 1019 3432 dona
1044 3378 1112 3431 ab
1143 3378 1337 3433 eodem
1371 3379 1674 3450 reportavit
1702 3380 1963 3436 homine?

356 3473 505 3527 Unde
545 3473 772 3547 dignum
802 3482 886 3527 est
936 3480 1014 3540 ut,
1044 3474 1183 3528 sicut
1232 3474 1406 3544 pietas
1446 3474 1726 3529 severitati
1780 3492 1960 3546 quon-

351 3566 474 3619 dam
516 3565 725 3620 sociata
753 3565 855 3619 fuit
890 3564 943 3619 in
986 3575 1212 3636 pectore
1257 3565 1447 3637 Moysi,
1493 3567 1565 3621 ita
1598 3583 1745 3622 nunc
1796 3568 1943 3638 pieta

352 3666 459 3712 tem
510 3656 849 3712 Constantini
906 3657 1126 3712 malitiae
1182 3673 1566 3728 comparemus
1607 3659 1784 3722 Giezi;
1837 3659 1966 3730 quia

352 3752 491 3806 sicut
523 3752 667 3805 Giezi
700 3767 797 3822 pro
838 3751 1139 3821 cupiditate
1169 3761 1223 3806 et
1250 3752 1477 3807 avaritia
1518 3753 1710 3808 incidit
1740 3753 1796 3806 in
1822 3752 1967 3807 inﬁr-

352 3842 622 3905 mitatem,
676 3840 750 3893 ita
800 3839 1191 3895 Constantinus
1246 3857 1344 3911 pro
1402 3843 1607 3912 pietate
1656 3850 1710 3897 et
1754 3843 1967 3910 justitia

355 3932 554 3986 meruit
580 3932 828 4001 recipere
855 3932 1169 3999 sanitatem,
1190 3933 1337 3986 Giezi
1365 3934 1533 4001 enim,
1559 3935 1845 3991 sinclucro
1872 3936 1965 3989 di-

357 4023 469 4078 vini
522 4024 928 4088 sacramenti,a
978 4022 1215 4078 Naaman
1258 4026 1603 4095 accepitduo
1651 4029 1855 4084 talenta
1880 4045 1940 4082 ar

356 4112 528 4185 genti.
582 4112 972 4167 Constantinus
1014 4120 1195 4167 autem
1238 4130 1395 4185 aeque
1438 4116 1548 4171 duo
1587 4119 1792 4173 talenta
1832 4120 1971 4174 reci-

359 4202 516 4272 piens
545 4218 574 4255 a
616 4202 744 4264 Deo,
780 4218 906 4255 cum
948 4201 1098 4256 lucro
1160 4202 1290 4258 boni
1332 4204 1518 4274 Operis
1576 4222 1703 4261 vero
1738 4209 1970 4276 portavit

358 4293 572 4348 Elismo.
604 4292 749 4346 Giezi
768 4293 996 4363 praemio
1024 4294 1231 4348 caelesti
1261 4295 1458 4350 nolens
1485 4298 1822 4352 aeternaliter
1840 4300 1967 4365 frui,

357 4385 477 4439 sine
532 4384 809 4439 taxatione
874 4384 1163 4441 abscondit
1232 4388 1519 4456 pecuniam
1585 4388 1794 4444 domini
1851 4391 1965 4457 sui;

361 4472 750 4528 Constantinus
782 4480 965 4529 autem
994 4491 1094 4545 pro
1126 4475 1388 4530 lucranda
1418 4477 1501 4530 sui
1543 4477 1752 4531 domini
1795 4494 1964 4549 pecu-
1988 4506 2046 4577 D

362 4569 472 4634 nia,
505 4585 564 4623 se
593 4585 803 4639 suaque
842 4570 1027 4625 omnia
1056 4571 1168 4625 Deo
1220 4578 1275 4626 et
1304 4572 1621 4627 hominibus
1646 4574 1820 4628 voluit
1848 4589 1969 4628 esse

362 4658 677 4712 communia
706 4658 853 4713 Giezi
888 4675 984 4730 pro
1013 4659 1220 4731 duplici
1251 4662 1666 4716 mutatoriorum
1691 4678 1853 4733 quam
1885 4678 1977 4717 ac-

363 4759 587 4823 ceperat
617 4761 791 4816 veste,
832 4756 901 4808 ab
933 4755 1126 4811 Eliswo
1167 4756 1284 4811 viro
1329 4757 1444 4823 Dei,
1488 4757 1653 4827 leprze
1685 4756 1977 4812 Naamani-

366 4842 484 4896 ticze
518 4857 819 4912 percussus
850 4852 933 4898 est
960 4844 1556 4914 peste;Constantinus
1594 4853 1778 4901 autem
1809 4846 1977 4916 leprze

360 4933 762 5005 clephantiaca:
789 4934 1058 4989 liberatus
1081 4952 1109 4989 a
1143 4943 1321 5006 peste,
1357 4938 1780 4993 immortalitatis
1810 4944 1865 4993 et
1892 4938 1976 4991 in-

363 5022 638 5078 nocentiae
670 5022 932 5094 duplicia
974 5025 1083 5079 Deo
1119 5026 1344 5080 indutus
1383 5033 1467 5080 est
1492 5034 1663 5081 veste.
1701 5027 1848 5082 Giezi
1877 5043 1976 5082 cu-

367 5115 599 5186 piditate
630 5122 685 5170 et
722 5115 952 5169 avaritia
982 5116 1227 5186 seipsum
1258 5118 1480 5183 delusit,
1515 5119 1642 5172 dum
1699 5118 1845 5173 dona
1877 5119 1981 5173 du-

357 5208 530 5278 plicia
560 5208 775 5263 duobus
814 5208 989 5263 saccis
1048 5209 1303 5264 inclusit:
1362 5209 1749 5265 Constantinus
1796 5218 1977 5265 autem

367 5301 654 5369 pecuniam
688 5316 842 5355 suam
874 5300 1079 5355 veteris
1116 5301 1264 5356 illius
1303 5302 1444 5357 sacci
1487 5301 1665 5356 noluit
1696 5301 1981 5356 includere

367 5391 596 5456 malitia,
651 5391 720 5445 de
787 5407 898 5463 quo
952 5393 1214 5463 scriptum
1262 5399 1360 5447 est.
1403 5394 1714 5448 Conscidisti
1764 5410 1984 5448 saccum

365 5495 565 5543 meum,
594 5489 645 5535 et
674 5484 1072 5538 circumdedisti
1104 5499 1190 5539 me
1218 5470 1408 5538 la’titia
1439 5486 1603 5549 (Psat.
1637 5484 1797 5554 xux).
1834 5483 1978 5537 Giezi

366 5578 558 5626 contra
587 5589 884 5629 conservos
909 5577 1172 5639 tumidus,
1198 5583 1251 5629 et
1288 5582 1479 5631 contra
1511 5576 1748 5630 humiles
1777 5592 1978 5647 super-

372 5658 494 5723 bus,
531 5661 763 5716 Domino
790 5679 889 5718 suo
917 5665 1147 5720 obedire
1189 5664 1432 5732 nolebat,
1478 5672 1539 5719 ut
1570 5681 1799 5730 servus;
1842 5666 1982 5720 Con-

366 5745 640 5799 stantinus
668 5757 849 5802 autem
884 5752 1110 5808 humilis
1154 5752 1480 5819 humilibus,
1513 5760 1569 5807 ct
1596 5754 1857 5823 superbis
1880 5769 1980 5807 su-

2053 554 2188 609 divit
2211 563 2270 607 ut
2300 569 2510 607 servus.
2545 554 2691 608 Giezi
2723 555 2885 610 etiam
2917 554 3124 611 oblitus
3154 554 3373 610 Domini
3403 554 3681 609 creatoris

2048 644 2154 710 sui,
2187 650 2377 698 contra
2409 650 2743 713 praeceptum
2772 645 2912 719 legis
2944 643 3266 713 concupivit
3294 658 3409 696 rem
3432 641 3679 713 proximi

2047 733 2160 798 sui;
2190 731 2577 786 Constantinus
2605 740 2785 788 autem
2827 741 3018 788 contra
3049 741 3386 803 praeceptum
3448 731 3680 786 Domini

2050 828 2289 899 etlegem
2312 827 2504 899 Moysi,
2529 845 2640 881 rem
2674 828 2904 898 proximi
2938 829 3022 882 sui
3064 827 3464 897 concupiscere
3490 826 3679 881 noluit

2049 938 2172 978 cum
2223 922 2390 976 Giezi.
2445 922 2594 977 Giezi
2638 923 2801 978 etiam
2851 938 2950 994 pro
2999 922 3298 994 iniquitate
3344 920 3680 991 cupiditatis

2050 1017 2239 1082 typum
2275 1028 2384 1065 non
2403 1012 2642 1066 habebat
2674 1013 2914 1079 illorum,
2947 1012 3014 1067 de
3031 1011 3239 1083 quibus
3260 1010 3524 1080 scriptum
3550 1019 3637 1063 est
3658 1027 3675 1062 :

2050 1108 2133 1157 Ea:
2174 1106 2353 1159 usuris
2410 1110 2458 1158 et
2546 1108 2832 1173 iniquitate
2896 1106 3120 1159 redimet
3186 1105 3403 1158 animas
3482 1117 3681 1157 eorum

2052 1197 2213 1265 (Psal.
2247 1196 2419 1267 Lxxi);
2452 1195 2840 1252 Constantinus
2869 1204 3050 1252 autem
3088 1195 3222 1265 justi
3265 1194 3418 1248 illius
3470 1192 3682 1246 meruit

2056 1284 2256 1339 habere
2274 1285 2521 1356 ﬁguram,
2553 1290 2645 1355 qui
2668 1302 2760 1356 pro
2780 1288 2930 1341 lucro
2951 1292 3160 1341 terreno
3186 1286 3481 1354 pecuniam
3507 1298 3678 1336 suam

2051 1393 2160 1432 non
2188 1379 2328 1432 dedit
2356 1380 2424 1432 ad
2448 1393 2673 1433 usuram
2702 1380 2864 1444 (Psal.
2894 1377 3023 1447 xxv).
3060 1375 3208 1430 Giezi
3255 1374 3533 1429 declinare
3568 1388 3679 1427 no-

2054 1475 2154 1529 luit
2183 1474 2274 1528 illa
2300 1473 2683 1528 conventicula
2728 1472 3026 1537 fallaciam,
3068 1471 3138 1525 de
3164 1470 3374 1540 quibus
3401 1468 3679 1538 scriptum

2053 1572 2162 1619 est:
2198 1569 2257 1618 Ut
2280 1565 2407 1634 quid
2444 1564 2664 1633 diligitis
2691 1567 3014 1628 vanitatem,
3073 1568 3123 1616 et
3154 1561 3396 1629 queritis
3438 1556 3679 1611 menda-

2053 1656 2235 1709 cium?
2259 1654 2422 1724 (Psal.
2456 1658 2549 1721 Iv.)
2571 1652 2965 1707 Constantinus
2990 1657 3172 1705 autem
3203 1649 3468 1704 adversus
3489 1644 3683 1716 proxi-

2055 1761 2201 1797 mum
2235 1759 2394 1797 suum
2428 1740 2558 1795 illud
2618 1740 2896 1811 Sapientis
2958 1738 3193 1793 servavit
3249 1736 3575 1807 epitacium,
3620 1734 3683 1786 in

1980 1816 2165 1905 Bquo
2216 1833 2446 1887 dicitur:
2516 1834 2638 1887 Noli
2679 1833 2931 1886 adversus
2999 1832 3231 1896 fratrem
3279 1833 3437 1881 tuum
3487 1838 3684 1877 amare

2060 1927 2407 1981 mendacium
2436 1926 2645 1994 (Eccles.
2680 1923 2797 1993 vn).
2833 1922 2979 1976 Giezi
3007 1920 3169 1975 fidem
3213 1915 3524 1973 Conditoris
3550 1929 3686 1986 per-

2061 2016 2221 2081 fecte,
2246 2032 2356 2070 non
2389 2015 2622 2079 habens,
2653 2020 2713 2069 ut
2741 2012 3038 2075 Abraham,
3063 2024 3172 2064 non
3206 2006 3487 2061 immerito
3518 2005 3684 2073 lepra

2061 2124 2355 2179 percussus
2386 2115 2469 2162 est
2498 2108 2758 2161 Naaman.
2798 2102 3191 2160 Constantinus
3228 2108 3410 2153 autem
3465 2095 3684 2149 habens

2064 2200 2224 2255 fidem
2256 2200 2476 2266 Christi,
2508 2199 2711 2269 lepram
2744 2197 2893 2251 illam
2925 2194 3102 2250 noluit
3123 2192 3412 2247 adhaerere
3439 2188 3573 2250 sibi,
3607 2187 3681 2240 de

2063 2311 2171 2364 qua
2200 2294 2424 2347 Elisaeus
2463 2292 2531 2347 ad
2558 2291 2741 2346 Giezi:
2772 2296 2958 2358 Lepra,
2991 2286 3193 2358 inquit,
3226 2290 3472 2338 Naaman
3494 2281 3680 2334 adlim-

2062 2384 2198 2438 rebit
2238 2385 2334 2437 tibi
2365 2384 2449 2450 (IV
2480 2387 2603 2450 Reg.
2634 2384 2707 2447 v).
2756 2378 2905 2434 Giezi
2959 2375 3198 2449 caligine
3254 2372 3511 2429 vitiorum
3573 2369 3682 2423 de-

2066 2473 2311 2547 nigratus
2339 2477 2397 2525 ut
2427 2471 2536 2541 pix,
2568 2470 2636 2523 ab
2672 2468 2861 2523 Elisaeo
2891 2479 3153 2540 egressus
3200 2468 3287 2517 est
3315 2461 3567 2531 leprosus
3622 2463 3686 2510 ut

2068 2573 2191 2635 nix;
2234 2570 2624 2625 Constantinus
2662 2575 2847 2623 autem
2902 2584 2934 2621 a
2977 2564 3267 2638 nigredine
3323 2566 3679 2632 peccatorum

2067 2674 2290 2717 suorum
2323 2660 2611 2715 dealbatus
2648 2666 2708 2713 ut
2737 2658 2848 2723 nix,
2880 2655 3130 2710 tenebris
3181 2650 3507 2707 idololatriae
3565 2665 3682 2701 am-

2068 2753 2211 2822 plius
2240 2751 2518 2826 denigrari
2542 2765 2653 2804 non
2700 2747 2921 2804 volebat
2958 2751 3017 2800 ut
3045 2745 3158 2816 pix.
3209 2742 3337 2807 Sed,
3370 2740 3499 2812 quia
3529 2738 3681 2792 Giezi

2068 2858 2165 2912 per
2191 2843 2420 2911 abrupta
2452 2840 2729 2904 vitiorum,
2759 2836 2813 2890 in
2845 2836 3039 2890 vallem
3080 2831 3398 2903 cupiditatis
3436 2846 3467 2882 a
3491 2826 3681 2898 seipse

2067 2931 2284 3005 longius
2306 2930 2422 2995 ivit,
2456 2929 2585 2983 dum
2618 2928 2688 2981 de
2719 2925 2881 2981 bonis
2907 2924 3143 2977 Naaman
3174 2920 3374 2991 rapuit,
3406 2914 3679 2989 quidquid

2064 3022 2169 3076 sibi
2217 3018 2544 3074 delectabile
2575 3016 2731 3082 vidit,
2786 3015 2984 3069 mirum
3016 3027 3126 3066 non
3169 3018 3273 3077 est,
3321 3007 3469 3080 quod
3513 3007 3680 3077 quale

2061 3114 2344 3186 praemium
2378 3110 2506 3165 inde
2538 3108 2812 3173 habuerit,
2848 3104 3092 3161 nominis
3123 3102 3298 3173 ipsius
3344 3101 3682 3168 interpreta-

2063 3205 2210 3259 tione
2240 3203 2505 3274 signatur,
2547 3197 2809 3270 quoniam
2875 3194 3022 3249 Giezi
3077 3197 3418 3263 praeruptum
3473 3188 3678 3250 videns,

2062 3293 2145 3347 vel
2183 3294 2337 3347 vallis
2379 3294 2509 3345 visio
2538 3290 2949 3359 interpretatur,
2980 3285 3075 3356 qui
3116 3283 3266 3338 enim
3298 3282 3353 3335 in
3381 3278 3686 3334 inaccessis

2063 3385 2317 3456 rupibus,
2350 3390 2404 3437 et
2434 3382 2489 3436 in
2523 3379 2816 3452 praeruptis
2844 3377 3112 3442 silicibus,
3146 3374 3301 3446 quasi
3336 3374 3390 3427 in
3416 3371 3682 3426 virtutum

2065 3474 2346 3530 montibus
2371 3471 2693 3544 spiritaliter
2722 3469 2899 3525 noluit
2955 3466 3205 3522 habitare
3249 3478 3373 3517 eum
3414 3460 3683 3523 ibicibus;

2066 3566 2192 3619 ideo
2223 3562 2517 3618 virtutibus
2556 3561 2817 3622 irascens,
2853 3564 2908 3612 et
2949 3556 3094 3612 vitiis
3123 3554 3400 3615 arridens,
3451 3566 3560 3604 non
3595 3549 3685 3602 in-

2066 3672 2310 3728 congrue
2349 3654 2529 3709 dictus
2556 3658 2637 3705 est
2666 3658 3003 3721 prazruptum
3030 3647 3249 3700 videns.
3280 3643 3416 3709 Quia
3446 3657 3578 3696 vero
3612 3641 3684 3694 de

2067 3746 2205 3801 valle
2238 3743 2489 3798 vitiorum
2518 3741 2573 3794 in
2610 3746 2851 3794 montem
2892 3738 3157 3792 virtutum
3187 3733 3491 3788 ascendere
3524 3730 3687 3785 nole-

2068 3838 2184 3902 bat,
2212 3851 2321 3890 non
2356 3832 2633 3888 immerito
2664 3831 2801 3890 visio
2832 3828 2989 3883 vallis
3020 3827 3199 3881 dictus
3237 3833 3373 3891 erat,
3422 3821 3683 3894 quoniam

2068 3931 2337 3984 bonorum
2368 3941 2597 3997 operum
2629 3922 2892 3997 gradibus
2919 3922 3253 3975 assensiones
3282 3917 3403 3971 illas
3434 3919 3491 3969 in
3533 3913 3689 3968 corde

2067 4038 2162 4076 suo
2188 4036 2296 4075 non
2314 4020 2590 4087 disposuit,
2610 4019 2671 4069 in
2689 4015 2826 4068 valle
2855 4014 3251 4081 lacrymarum,
3285 4012 3346 4063 in
3374 4008 3502 4069 loco,
3531 4018 3692 4072 quem

2064 4114 2241 4181 posuit
2270 4110 2429 4178 (Psat.
2462 4105 2703 4163 Lxxxut).
2757 4101 2909 4157 Unde
2942 4099 3205 4172 quoniam
3245 4098 3302 4150 in
3351 4101 3538 4150 Monte
3564 4092 3683 4146 vir-

2070 4208 2244 4255 tutum
2296 4207 2403 4252 tam
2454 4212 2575 4250 raro
2616 4194 2685 4249 ab
2724 4208 2791 4248 eo
2830 4191 3057 4263 justitiae
3104 4190 3255 4245 visus
3284 4193 3370 4243 est
3408 4184 3583 4249 callis,
3628 4191 3686 4236 ut

2072 4309 2274 4349 nomen
2306 4292 2428 4362 ejus
2460 4305 2570 4344 nou
2602 4286 2876 4342 immerito
2916 4285 3195 4339 diceretur
3223 4280 3362 4335 visio
3387 4278 3567 4345 vallis,
3592 4275 3694 4330 mi-

2076 4398 2191 4436 rum
2226 4397 2335 4435 non
2368 4378 2623 4449 estquod
2653 4392 2751 4446 pro
2783 4376 2940 4446 lepra
2970 4372 3226 4427 vitiorum
3269 4384 3490 4424 suorum
3526 4368 3692 4439 longe

2071 4481 2315 4528 remotus
2346 4489 2376 4526 a
2412 4472 2587 4525 salute
2604 4466 2974 4533 credentium,
2998 4466 3174 4519 videre
3205 4476 3315 4517 non
3344 4466 3527 4532 potest
3554 4460 3694 4515 bona

2070 4569 2282 4622 Domini
2338 4569 2396 4619 in
2438 4571 2582 4618 terra
2616 4562 2916 4616 viventium
2974 4557 3133 4626 (Psat.
3176 4553 3344 4623 xxvi).
3404 4551 3514 4606 Sed
3552 4566 3695 4621 quo-

2078 4656 2223 4710 niam
2256 4655 2312 4709 in
2344 4650 2756 4723 comparatione
2790 4646 2934 4700 Giezi
2966 4653 3021 4698 et
3064 4640 3408 4698 Constantini
3452 4639 3566 4707 jam
3596 4638 3689 4691 diu

2077 4763 2269 4802 sumus
2316 4743 2607 4808 immorati,
2657 4741 2785 4794 dum
2836 4737 2999 4791 unius
3052 4733 3394 4805 impietatem
3467 4729 3691 4784 alterius

2076 4838 2515 4911 comparavimus
2542 4832 2763 4905 pietati;
2811 4833 2979 4882 restat
3008 4833 3086 4890 ut,
3120 4825 3261 4880 sicut
3307 4838 3407 4894 pro
3436 4820 3694 4876 conside-

2080 4932 2288 4987 ratione
2322 4930 2531 4984 illorum
2567 4926 2619 4978 in
2645 4925 2750 4978 hoc
2779 4935 3036 4977 sermone
3063 4919 3288 4991 longum
3326 4912 3698 4985 protraximus

2079 5022 2254 5085 ﬁlum,
2314 5021 2387 5075 ita
2428 5032 2577 5072 nunc
2616 5016 2685 5071 de
2723 5013 2869 5069 Giezi
2911 5012 2979 5067 ad
3031 5007 3448 5065 Constantinum
3496 5010 3695 5058 nostrze

2080 5113 2344 5172 orationis
2395 5111 2580 5165 denuo
2635 5114 2913 5163 vertamus
2965 5104 3188 5174 stylum.
3242 5100 3321 5155 Ne
3365 5098 3516 5153 enim
3550 5097 3692 5151 idem

2082 5204 2469 5263 Constantinus
2517 5203 2671 5271 lepra
2724 5196 2997 5268 corporali
3037 5192 3276 5264 amplius
3314 5195 3697 5262 percuteretur

2080 5316 2204 5355 cum
2236 5298 2402 5359 Giezi,
2450 5292 2771 5365 spiritaliter
2798 5290 2967 5361 coepit
2992 5289 3172 5362 legem
3212 5299 3434 5340 servare
3490 5279 3691 5352 Moysi:

2080 5387 2332 5460 quamvis
2381 5391 2503 5456 post
2533 5382 2762 5456 gratiam
2819 5377 3078 5450 baptismi
3109 5375 3342 5430 multum
3406 5371 3538 5427 inde
3590 5370 3691 5424 sibi

2081 5479 2378 5548 cmpissent
2407 5476 2673 5546 derogare
2702 5470 2903 5537 Judaei,
2942 5467 3092 5541 quod
3131 5474 3241 5522 tam
3274 5479 3425 5535 saepe
3468 5460 3693 5516 miseri-

2081 5569 2322 5625 cordiam
2370 5566 2483 5622 veri
2537 5562 2790 5635 quaesivit
2840 5559 3038 5615 Eliszei.
3097 5557 3229 5612 Cum
3287 5554 3439 5609 enim
3475 5551 3695 5606 monitis

2083 5658 2225 5714 beati
2258 5653 2502 5710 Silvestri
2536 5667 2646 5707 non
2675 5651 2852 5705 solum
2884 5665 2916 5702 a
2950 5645 3196 5701 vinculis
3246 5639 3578 5699 idololatriae
3607 5656 3700 5695 so-

2082 5751 2249 5815 lutus,
2289 5747 2384 5801 sed
2413 5745 2578 5800 etiam
2613 5743 2830 5800 lavacro
2861 5739 3064 5796 divinae
3096 5734 3534 5812 regenerationis
3558 5744 3701 5789 esset
