3920 6054
193 217 314 272 981
1283 226 1408 282 LIB.
1455 227 1535 282 DE
1575 229 1903 286 MYSTERIO
1943 230 2120 285 LIGNI
2160 227 2480 286 DOMINICI.
3437 239 3543 292 982

184 351 454 414 ablutus,
513 368 582 406 eo
603 353 905 422 perfectius
937 356 990 410 in
1037 359 1204 413 corde
1244 376 1344 416 suo
1386 378 1641 432 supernae
1680 364 1826 419 dile-
1855 370 1899 438 Α
1935 367 2280 422 tribulath
2332 365 2476 434 (Psal
2521 370 2617 438 ix),
2687 370 2818 424 dum
2878 386 2910 424 a
2957 371 3163 440 duplici
3226 371 3541 428 inﬁrmitate

189 441 416 496 ctionis
442 441 664 497 inclusit
689 459 954 512 amorem,
987 463 1098 519 quo
1130 453 1370 518 perfecta
1405 454 1643 508 charitas
1680 457 1827 522 foras
1933 457 2180 528 corporis
2210 465 2264 512 et
2290 459 2512 525 animm,
2553 460 2790 530 duplicis
2817 461 3007 532 gratim
3064 463 3264 518 meruit
3312 465 3543 520 relevari

197 533 364 586 misit
393 537 638 590 timorem
665 533 723 605 (l
747 539 906 591 Joan.
941 550 1036 608 ιν).
1071 539 1132 594 Et
1163 557 1273 596 non
1302 543 1576 600 immerito
1602 545 1828 616 quidem
1931 551 2246 618 curamine;
2288 549 2508 624 quando
2565 553 2622 608 in
2667 555 2883 611 lavacro
2943 557 3378 628 regenerationis
3424 560 3544 616 haec

207 625 415 691 Deum,
441 625 671 680 internae
701 626 1018 685 dilectionis
1049 631 1242 688 dilexit
1265 637 1586 707 amore,qui
1610 637 1830 708 gemina
1931 643 2042 698 duo
2081 644 2377 699 sanitatum
2408 645 2618 716 recepit
2644 625 3032 711 medicamina,
3071 656 3130 704 ut
3159 649 3214 704 in
3244 666 3475 722 corpore
3510 668 3542 707 a

202 717 451 773 sanitate
499 718 716 788 adjutor
778 720 898 790 ejus
953 722 1056 778 fuit
1099 727 1159 780 in
1209 729 1719 798 opportunitatibus,
1769 733 1831 785 in
1930 730 2105 802 lepra,
2127 738 2227 786 eta
2261 732 2406 788 vitiis
2440 733 2876 790 mundareturin
2899 735 3100 792 anima.

210 893 3530 928 h—

207 917 3528 952 Ἢ

1010 1069 1945 1182 BERENGOSI
2055 1075 2752 1183 ABBATIS

1513 1271 1880 1334 LIBELLUS
1922 1271 2242 1337 INSIGNIS

536 1455 765 1580 DE
849 1459 1742 1590 MYSTERIO
1830 1463 2314 1593 LIGNI
2401 1466 3237 1598 DOMINICI

1848 1709 1912 1748 ET

285 1835 368 1890 DE
409 1836 576 1892 LUCE
617 1839 880 1894 VISIBILI
926 1841 1001 1896 ET
1038 1841 1378 1897 INVISIBILI
1419 1842 1547 1898 PER
1585 1842 1765 1907 QUAM
1804 1843 2071 1908 ANTIQUI
2112 1843 2362 1901 PATRES
2400 1847 2560 1902 OLIM
2596 1848 3004 1904 MERUEBUNT
3043 1851 3458 1908 ILLUS'I‘RARI.

1466 2003 1734 2071 (Biblioth.
1777 2003 1935 2059 Patr.
1978 2003 2093 2071 xu,
2134 2004 2284 2072 366.)

1691 2203 2060 2220 ψ

288 2359 554 2423 Quoniam
592 2361 802 2430 primus
832 2361 1020 2428 homo,
1069 2361 1418 2418 dilectissimi
1456 2363 1669 2432 fratres,
1721 2377 1820 2434 pro
1841 2366 1894 2434 Β
1921 2378 2022 2434 pro
2052 2364 2164 2432 illa,
2195 2382 2318 2437 quae
2357 2367 2626 2438 promissa
2651 2373 2756 2433 est,
2798 2382 2989 2422 eorum
3033 2367 3086 2422 in
3120 2369 3380 2425 omnibus
3412 2371 3536 2431 imi-

207 2451 340 2507 cibo
370 2452 709 2524 cupiditatis,
740 2471 905 2526 quem
939 2455 1130 2512 illicite
1169 2457 1412 2512 comedit
1445 2458 1596 2522 (Gen.
1627 2459 1726 2524 Ill),
1766 2459 1822 2512 in
1924 2460 2104 2508 temur
2157 2454 2429 2522 actiones,
2483 2454 2552 2510 de
2595 2455 2798 2526 quibus
2853 2455 3116 2526 scriptum
3157 2465 3267 2513 est:
3325 2463 3539 2528 Operali

206 2543 455 2598 tenebris
493 2551 548 2598 et
579 2544 634 2597 in
681 2545 878 2600 umbra
904 2547 1102 2602 mortis
1153 2547 1284 2603 olim
1315 2547 1626 2604 diutissime
1657 2549 1824 2616 sedit,
1923 2552 2054 2600 sunt
2069 2549 2370 2615 justitiam,
2399 2548 2578 2616 adepti
2612 2554 2742 2602 sunt
2779 2551 3207 2617 repromissiones
3228 2551 3403 2620 (Hebr.
3434 2553 3534 2618 χι).

207 2633 581 2688 necessarium
629 2641 836 2689 eratut
883 2635 1203 2709 unigenitus
1250 2637 1346 2692 Dei
1404 2636 1574 2692 Filius
1603 2653 1702 2708 pro
1756 2652 1823 2693 eo
1927 2631 2058 2687 Cum
2098 2633 2245 2688 enim
2278 2651 2390 2690 una
2428 2634 2518 2689 lux
2573 2642 2794 2690 terrena
2849 2637 2942 2703 sit,
2991 2646 3050 2691 et
3105 2637 3212 2692 alia
3271 2639 3534 2708 cwlestis,

206 2733 318 2782 tam
351 2727 644 2801 dignanter
680 2727 1060 2797 interveniret,
1089 2736 1149 2786 ut
1169 2730 1238 2786 ad
1268 2729 1411 2786 viam
1438 2730 1575 2786 lucis
1603 2738 1824 2787 aeternae
1924 2724 2154 2800 dignum
2178 2732 2261 2780 est
2290 2733 2349 2781 ut
2369 2727 2648 2782 caelestem
2669 2727 2844 2783 lucem
2873 2728 3122 2784 moribus
3149 2745 3370 2800 semper
3401 2747 3534 2802 pro—

206 2813 318 2870 sibi
353 2815 456 2870 iter
493 2815 749 2885 aperiret.
785 2817 882 2873 Diu
907 2833 1147 2890 namque
1179 2817 1284 2873 fuit
1301 2817 1470 2890 quod,
1503 2819 1712 2874 lumine
1732 2835 1828 2874 ve-
1924 2834 2224 2890 sequamur
2262 2819 2511 2874 honestis
2537 2826 2620 2886 ut,
2670 2819 2813 2875 sicut
2840 2837 2939 2891 per
2968 2820 3180 2896 lignum
3241 2823 3436 2877 mortis
3465 2823 3536 2879 de

211 2906 393 2962 ritatis
423 2907 652 2976 amisso,
700 2909 942 2981 antiquae
971 2909 1234 2966 eiecitatis
1281 2925 1392 2966 non
1437 2909 1637 2978 injuste
1657 2911 1823 2967 valla-
1925 2919 2071 2964 terra
2091 2925 2281 2964 sumus
2302 2917 2609 2976 terrestres,
2638 2910 2714 2964 ita
2744 2926 2844 2982 per
2872 2911 3084 2984 lignum
3112 2912 3238 2968 vitae
3269 2929 3462 2968 sumus
3483 2922 3538 2970 et

211 2997 374 3052 batur
393 2998 910 3070 abysso;quoniam
937 3007 1242 3070 spontanea
1268 2998 1550 3055 voluntate
1575 3000 1824 3072 seipsum
1926 3002 1994 3057 de
2041 3001 2182 3056 etnlo
2234 3001 2508 3057 caelestes.
2567 3001 2824 3074 Alioquin
2867 3001 3044 3058 lucem
3086 3003 3232 3058 illam
3264 3004 3538 3082 visibilem

211 3088 402 3144 divina
452 3089 574 3145 luce
607 3091 898 3162 separavit,
931 3091 1060 3146 dum
1105 3100 1298 3147 contra
1337 3099 1672 3164 praeceptum
1714 3093 1820 3149 Do-
1922 3091 2240 3148 nullatenus
2269 3091 2453 3146 videre
2500 3091 2768 3153 valemus,
2799 3107 2960 3162 quam
2993 3107 3102 3146 non
3135 3093 3537 3164 corporalibus,

211 3177 346 3232 mini
380 3194 559 3248 pravae
599 3179 833 3234 actionis
879 3179 1142 3235 tenebras
1177 3180 1400 3236 amavit.
1457 3180 1566 3236 Sed
1595 3181 1723 3252 quia
1749 3181 1820 3236 de
1924 3182 2021 3238 sed
2049 3179 2428 3250 spiritualibus
2451 3179 2630 3234 oculis
2667 3179 3002 3250 quandoque
3019 3179 3210 3235 videre
3240 3180 3532 3248 debemus,

207 3267 460 3324 tenebris
485 3269 552 3324 ad
585 3269 763 3324 lucem
795 3269 946 3324 nulla
975 3277 1193 3342 poterat
1233 3269 1447 3326 ratione
1481 3271 1686 3339 redire,
1719 3272 1823 3328 nisi
1925 3270 2030 3325 nisi
2059 3269 2128 3324 ab
2161 3269 2263 3322 hac
2291 3269 2412 3322 luce
2460 3266 2667 3321 visibili
2724 3267 2876 3337 prius
2903 3267 3224 3324 erudiamur
3249 3269 3305 3324 in
3353 3271 3536 3337 terris,

209 3360 458 3415 Salvator
489 3367 678 3416 noster
702 3377 802 3431 per
821 3361 1066 3432 seipsum
1087 3361 1196 3416 sibi
1214 3361 1357 3418 viam
1380 3363 1544 3418 vellet
1572 3363 1820 3434 aperire;
1925 3375 2049 3432 quas
2077 3359 2169 3414 vel
2208 3358 2387 3430 qualis
2413 3357 2484 3412 sit
2509 3356 2623 3422 illa,
2656 3358 2819 3412 nobis
2848 3366 3158 3413 reservatur
3189 3358 3246 3413 in
3287 3360 3464 3416 caelis.

211 3449 338 3504 ideo
368 3449 436 3502 ad
467 3448 872 3504 ostendendam
911 3450 964 3506 ei
994 3450 1296 3506 claritatem
1324 3451 1714 3512 amantissime
1741 3453 1826 3507 lu-
2000 3448 2175 3512 Unde,
2205 3447 2336 3518 quia
2363 3444 2715 3514 temporaria:
2747 3444 2884 3500 lucis
2905 3452 2961 3500 et
2988 3453 3210 3501 aeternae
3241 3446 3332 3502 hic
3369 3464 3400 3501 a
3434 3463 3538 3503 no-

209 3541 312 3608 cis,
340 3543 520 3609 facta;
549 3547 627 3596 εει
653 3557 749 3611 pro
777 3543 926 3598 nobis
951 3543 1194 3598 audiens
1214 3542 1357 3598 Patri
1388 3559 1555 3614 usque
1575 3545 1646 3598 ad
1670 3560 1820 3600 πιον-
1926 3534 2010 3589 bis
2043 3534 2184 3589 facta
2223 3539 2306 3587 est
2356 3531 2594 3597 mentio,
2638 3531 2763 3587 ideo
2818 3530 3159 3587 differentias
3187 3549 3376 3588 eorum
3423 3551 3536 3590 non

212 3634 338 3698 tam,
369 3635 598 3685 mortem
633 3636 819 3686 autem
845 3635 1022 3686 crucis
1053 3631 1270 3702 (Philip.
1320 3633 1402 3700 ιι).
1437 3632 1589 3688 Unde
1623 3633 1825 3708 gratias
1852 3681 1897 3708 η
1927 3629 2196 3684 debemus
2243 3625 2540 3682 obliterare
2596 3623 2844 3693 silentio,
2909 3625 3172 3696 quoniam
3239 3627 3538 3702 margarita

214 3715 348 3787 Deo,
374 3719 506 3792 quia
533 3720 664 3775 dum
721 3721 888 3776 Filius
917 3721 1060 3777 Patri
1091 3721 1302 3791 obedit,
1335 3738 1514 3778 caecus
1555 3725 1829 3800 evangeli-
1851 3715 1900 3750 υ
1930 3725 2070 3781 lucis
2099 3728 2380 3795 perpetuae
2423 3736 2490 3776 eo
2530 3720 2754 3790 majoris
2783 3737 2814 3775 a
2855 3720 3016 3776 nobis
3042 3722 3412 3793 comparanda
3455 3730 3541 3779 est

214 3827 313 3867 cus
341 3812 409 3866 ad
437 3813 626 3868 lumen
671 3813 842 3868 redit:
881 3821 942 3868 ut
990 3814 1292 3870 humanum
1343 3831 1522 3890 genus
1551 3832 1618 3872 co
1647 3817 1830 3874 minus
1929 3811 2128 3882 pretio,
2170 3825 2281 3881 quo
2311 3809 2454 3863 inter
2482 3809 2625 3864 lianc
2660 3816 2714 3863 et
2743 3807 2891 3862 illam
2925 3824 3122 3880 magna
3163 3809 3382 3866 videtur
3417 3827 3538 3866 esse

211 3903 324 3972 jam
353 3903 604 3974 pristina
631 3905 893 3962 caecitatis
921 3906 1171 3977 pulsetur
1193 3905 1414 3975 affectu,
1434 3924 1545 3980 quo
1571 3925 1672 3980 per
1692 3925 1825 3964 san-
1931 3899 2214 3954 discretio.
2249 3899 2400 3954 Sicut
2427 3899 2574 3952 enim
2603 3896 2862 3952 differunt
2881 3897 2951 3952 ab
2979 3899 3225 3954 adversis
3251 3916 3538 3972 prospera,

215 3993 440 4068 guinem
473 3993 667 4051 Christi
696 4012 951 4067 supernae
979 3997 1122 4053 lucis
1165 3998 1489 4070 quotidiana
1531 3999 1832 4056 illustratur
1931 3995 2014 4050 vel
2040 4011 2069 4049 a
2108 3993 2356 4049 tristibus
2381 3994 2524 4060 beta,
2547 3993 2630 4048 sic
2652 4009 2760 4048 una
2780 3992 2870 4048 lux
2898 3993 2966 4048 ab
2997 3994 3106 4048 alia
3123 3994 3390 4064 probatur
3415 4011 3540 4050 esse

217 4092 462 4158 aspectu.
516 4087 773 4160 Alioquin
817 4089 996 4144 lucem
1050 4089 1196 4144 illam
1230 4106 1342 4146 non
1379 4090 1590 4146 videbit
1630 4107 1827 4147 aman-

215 4179 360 4247 dam,
395 4181 464 4235 de
489 4197 601 4254 qua
636 4182 898 4252 scriptum
931 4189 1048 4238 est:
1093 4184 1326 4254 Populus
1389 4188 1485 4254 qui
1511 4186 1828 4241 ambulabat

217 4274 548 4342 intenebris,
599 4276 732 4330 vidit
761 4277 935 4330 lucem
959 4291 1222 4345 magnam
1249 4278 1392 4340 (Isai.
1425 4277 1526 4346 ix);
1579 4277 1684 4333 nisi
1730 4295 1829 4348 per

218 4359 454 4418 fructum
477 4362 608 4420 boni
637 4363 822 4435 cperis
851 4363 1068 4420 illorum
1107 4372 1386 4420 mereatur
1429 4367 1660 4422 adunari
1690 4368 1827 4424 cho-

218 4449 344 4516 reis,
368 4451 438 4505 de
467 4451 670 4522 quibus
695 4451 1078 4527 subjungitur:
1111 4454 1492 4512 Habitantibus
1523 4459 1584 4510 in
1614 4461 1828 4526 regione

219 4544 420 4599 umbrae
441 4547 649 4610 mortis,
705 4546 802 4600 luat:
828 4551 945 4600 orta
976 4551 1052 4600 est
1080 4547 1154 4601 eis
1180 4547 1378 4616 (ibid.).
1432 4547 1555 4604 llaec
1583 4559 1669 4604 est
1693 4565 1825 4623 ergo

218 4632 304 4688 illa
355 4633 469 4701 lux,
505 4648 613 4704 qua
643 4633 856 4704 primus
885 4633 1051 4688 homo
1099 4634 1300 4705 privari
1349 4637 1568 4704 meruit,
1606 4638 1826 4708 quando

217 4725 374 4795 culpa
405 4741 528 4780 eum
572 4726 820 4797 appetiit,
855 4733 909 4782 et
943 4727 1118 4800 gratia
1148 4728 1412 4793 deseruit,
1453 4729 1584 4800 quia
1609 4730 1738 4784 dum
1772 4731 1825 4786 in

217 4813 363 4886 ligno
389 4814 584 4869 mortis
614 4814 1081 4870 oblectamentum
1122 4817 1298 4888 culpae
1327 4817 1435 4872 sibi
1487 4819 1688 4873 arctius
1727 4818 1826 4873 im-

219 4905 434 4977 pressit,
465 4905 637 4961 virtus
689 4907 874 4960 divina
914 4907 1099 4962 lumen
1141 4925 1312 4964 unum
1357 4909 1406 4963 ci
1469 4909 1714 4976 abstulit,
1769 4918 1828 4966 et.

219 4997 362 5052 aliud
391 4997 688 5053 concessit.
722 4999 845 5068 Ipse
865 4999 1036 5065 enim,
1057 5004 1152 5070 qui
1171 5007 1247 5055 est
1277 5004 1422 5056 testis
1451 5005 1510 5056 in
1527 5003 1666 5058 coelo
1685 5004 1820 5068 ﬁde-

1931 4086 2199 4142 discreta:
2240 4087 2478 4140 maxime
2524 4101 2647 4142 cum
2679 4102 2789 4142 una
2827 4085 2986 4141 alteri
3039 4087 3114 4142 ita
3161 4087 3414 4143 videatur
3450 4087 3539 4142 in-

1930 4180 2181 4253 aequalis,
2224 4187 2282 4234 ut
2311 4196 2421 4234 una
2471 4179 2543 4234 sit
2571 4187 2796 4246 aeterna,
2829 4189 2884 4234 et
2926 4181 3031 4234 alia
3061 4180 3396 4251 temporalis.
3435 4181 3539 4236 Ve-

1928 4289 2070 4340 rum,
2095 4272 2224 4328 licet
2251 4279 2541 4343 utramque
2571 4272 2748 4326 lucem
2781 4270 3136 4342 exstinguere
3166 4287 3278 4327 non
3312 4279 3541 4342 possunt

1927 4361 2410 4435 inexstinguibiles
2436 4375 2618 4432 aquae,
2659 4375 2859 4433 magna
2885 4366 3069 4415 tamen
3094 4360 3383 4416 diversitas
3414 4376 3539 4415 ver-

1927 4463 2080 4510 satur
2123 4453 2176 4508 in
2209 4459 2474 4524 utraque;
2507 4451 2791 4523 quoniam,
2835 4451 2978 4506 sicut
3014 4466 3183 4506 sacrae
3241 4453 3538 4524 Scripturae

1928 4546 2129 4620 pagina
2181 4551 2432 4613 testatur,
2489 4559 2600 4598 una
2645 4541 2922 4597 illuminat
2952 4548 3006 4598 et
3042 4543 3384 4600 illuminatur
3431 4544 3537 4601 alia

1927 4653 2058 4693 vero
2079 4635 2375 4702 illuminat,
2407 4643 2462 4690 et
2493 4649 2603 4688 non
2634 4632 2994 4688 illuminatur.
3029 4632 3084 4688 Si
3121 4633 3268 4688 enim
3291 4635 3536 4691 charita-

1929 4735 2041 4783 tem
2066 4727 2352 4798 utriusque
2384 4725 2804 4781 consideremus
2835 4724 3067 4794 intente,
3108 4724 3178 4779 ab
3205 4742 3316 4780 una
3345 4727 3535 4798 procul

1927 4815 2097 4871 dubio
2130 4815 2186 4868 in
2227 4829 2457 4886 corpore
2487 4822 2542 4868 et
2583 4814 2652 4868 ab
2681 4812 2789 4868 alia
2820 4812 3197 4869 illuminamur
3225 4815 3280 4868 in
3322 4824 3535 4882 mente;

1925 4905 2186 4978 quoniam
2217 4910 2364 4958 tanta
2393 4903 2476 4957 vis
2504 4909 2588 4958 est
2618 4901 2843 4956 luminis
2863 4919 2892 4956 a
2915 4901 3105 4958 divino
3123 4903 3422 4975 splendore
3447 4920 3538 4960 ve-

1925 4996 2148 5063 nientis,
2177 5003 2237 5050 ut
2265 4995 2386 5066 capi
2413 5010 2526 5051 non
2549 4994 2722 5066 possit
2743 4993 2918 5050 oculis
2949 4995 3216 5066 corporis,
3239 4995 3336 5050 sed
3370 4996 3536 5052 obtu-

220 5045 362 5052 -----
395 5045 688 5053 ---ην--.η
722 5045 843 5068 -,---
869 5045 1246 5070 -_-...,.,..-...,-
1277 5045 1420 5056 ,πηυ
1452 5045 1789 5068 “MV”...
1927 5045 2148 5063 ---υ---η
2182 5045 2236 5050 --
2272 5045 2386 5066 --Γ
2415 5045 2526 5051 η---
2752 5045 2915 5050 --_.--
3240 5045 3335 5050 --τ
3376 5045 3507 5052 η-..

217 5089 277 5142 lis
305 5087 480 5157 (Apoc.
505 5089 565 5156 ι),
596 5103 760 5141 unam
803 5086 854 5141 ei
884 5086 1061 5142 lucem
1095 5089 1150 5142 in
1183 5089 1368 5156 terris,
1401 5097 1456 5145 et
1484 5089 1648 5144 aliam
1679 5107 1822 5162 prae-
1849 5045 1904 5114 D
1924 5090 2073 5147 tibus
2097 5088 2318 5144 mentis.
2354 5087 2530 5156 Unde,
2575 5087 2622 5141 si
2663 5087 2842 5158 lucem
2873 5087 3029 5142 istam
3062 5087 3420 5158 temporalem
3445 5103 3539 5144 so-

221 5178 427 5254 rogavit
457 5179 510 5232 in
533 5178 720 5244 caelis;
749 5178 902 5250 quia,
934 5178 1065 5234 dum
1098 5181 1153 5234 in
1183 5180 1303 5251 ipsa
1325 5181 1603 5236 creatione
1633 5183 1822 5237 saeculi
1925 5182 2100 5237 Iemus
2145 5179 2411 5236 intuendo
2439 5177 2644 5244 mirari,
2685 5195 2784 5248 per
2815 5195 2979 5250 quam
3039 5194 3150 5233 non
3196 5178 3383 5244 corda,
3435 5179 3534 5234 sed

219 5267 358 5322 dona
386 5281 506 5333 sua,
527 5272 690 5336 prout
715 5282 856 5337 opus
893 5273 1032 5334 erat,
1063 5267 1366 5340 unicuique
1391 5275 1654 5324 crcaturze
1681 5270 1826 5324 divi-
1923 5286 2156 5342 corpora
2187 5268 2448 5323 videntur
2479 5265 2760 5332 illustrari,
2802 5267 2976 5320 multo
2999 5265 3174 5337 magis
3193 5264 3379 5320 lumen
3401 5264 3536 5321 illud

218 5358 284 5414 sit
313 5359 552 5414 humano
577 5358 772 5432 generi
803 5359 979 5414 lucem
1011 5376 1174 5414 unam
1208 5361 1379 5427 dedit,
1413 5371 1468 5416 et
1497 5361 1658 5415 aliam
1696 5378 1822 5433 pro-
1923 5369 2188 5417 aeternum
2231 5359 2439 5414 debent
2473 5357 2731 5413 admirari
2763 5358 3073 5417 credentes,
3110 5371 3208 5426 per
3237 5356 3390 5427 quod
3417 5373 3539 5412 cor-

217 5451 380 5506 misit.
402 5450 529 5518 :Sed
558 5449 819 5521 quoniam
853 5467 917 5506 ex
941 5467 1050 5507 una
1076 5452 1218 5519 luce,
1246 5469 1371 5524 quae
1404 5452 1676 5524 promissa
1715 5463 1819 5523 est,
1925 5467 2057 5522 pora
2099 5467 2288 5505 eorum
2321 5449 2662 5504 illustrantur
2711 5455 2764 5501 et
2805 5455 3038 5500 mentes.
3082 5445 3355 5500 Printcrea
3384 5460 3538 5512 vero,

215 5557 278 5596 eo
309 5539 754 5595 securioresesse
793 5539 1042 5594 valemus
1072 5556 1181 5612 quo
1200 5541 1363 5596 aliam
1392 5557 1513 5612 quae
1553 5542 1679 5596 data
1717 5553 1821 5610 est,
1926 5541 1970 5594 si
2017 5539 2151 5596 solis
2197 5546 2252 5594 et
2299 5539 2442 5592 luna:
2496 5537 2674 5592 lucem
2708 5537 2852 5591 hanc
2899 5533 3168 5589 visibilem
3200 5532 3542 5589 admirantur

219 5627 592 5700 corporalibus
611 5628 788 5684 oculis
817 5628 1066 5700 quotidie
1093 5629 1366 5697 videmus,
1399 5630 1628 5704 dignum
1651 5639 1734 5687 est
1763 5641 1824 5688 ut
1927 5629 2140 5702 populi,
2163 5644 2262 5699 pro
2283 5627 2441 5698 cujus
2469 5625 2766 5698 splendore
2797 5623 3132 5680 intolerabili
3165 5623 3394 5680 humani
3433 5637 3540 5678 saa-
