3912 6044
418 256 520 307 983

1403 245 1768 302 BERENGOSI
1809 241 2082 296 ABBATlS
2122 242 2174 296 ὃ.
2219 241 2461 295 ΜΑΧΙΜΙ
2499 242 2761 296 TREVIR.

3653 248 3769 301 984

415 390 636 458 pissime
664 384 1281 448 reverberanturoeuli;
1315 382 1533 437 occulto
1553 379 1725 451 magis
1741 375 2021 431 admiran-
2051 381 2095 443 Α
2125 371 2355 426 ctrinam
2415 379 2784 444 sequerentur
2836 372 3077 439 illorum,
3121 374 3188 428 de
3218 375 3422 445 quibus
3464 378 3765 447 scriptum

413 480 541 531 dum
575 483 655 529 est
679 476 864 528 lumen
898 474 1033 527 illud
1063 473 1407 547 angelorum,
1438 470 1585 541 quod
1617 467 1739 537 capi
1774 482 1883 521 non
1916 479 1987 535 po

413 576 518 624 test
557 567 745 621 auditu
773 565 1009 627 aurium,
1052 580 1154 617 nec
1180 564 1297 618 visu
1338 562 1643 617 oculorum.

483 664 543 717 Et
582 678 709 716 ecce
732 659 991 731 quoniam
1027 659 1115 712 hic
1141 658 1302 713 nobis
1329 657 1547 712 occasio
1577 671 1637 710 se
1686 654 1886 728 ingerit
1916 668 2020 724 0p-

413 760 667 822 portuna,
701 756 759 803 ut
806 748 948 801 inter
975 746 1080 800 alia
1110 746 1294 799 sidera
1344 745 1593 816 quaedam
1624 743 1693 797 de
1724 742 1840 798 sole
1868 742 2021 797 dica-

413 860 533 897 mus
571 850 623 896 et
654 842 811 895 luna:
854 840 1083 914 dignum
1135 847 1238 904 est,
1270 849 1329 892 ut
1353 839 1464 906 jam
1499 853 1619 891 cum
1663 835 2018 907 processione

414 936 745 992 lectionisad
768 936 1175 1005 susceptionem
1209 935 1528 989 eorumdem
1561 932 1912 987 luminarium
1936 932 2021 987 fo-

416 1044 500 1081 ras
522 1041 880 1096 properemus
904 1024 1110 1085 anheli,
1154 1024 1222 1078 de
1254 1023 1457 1094 quibus
1490 1022 1780 1075 Dominus:
1836 1022 2017 1087 Fiant,

414 1123 613 1193 inquit,
655 1124 958 1175 luminaria
987 1123 1047 1173 in
1071 1121 1418 1184 ﬁrmamento
1444 1120 1580 1173 caeli.
1602 1120 1769 1181 Dixit,
1798 1124 1849 1172 et
1871 1120 2021 1184 facta

412 1226 541 1273 sunt.
568 1216 718 1285 (Gen.
756 1218 812 1281 ι).
860 1215 986 1269 Post
1018 1214 1253 1284 primum
1282 1228 1519 1283 namque
1551 1212 1699 1267 vocis
1724 1212 2020 1268 Dominicae

416 1310 757 1373 mandatum,
795 1306 1230 1376 unumquodque
1264 1305 1318 1358 in
1363 1319 1462 1359 suo
1498 1304 1693 1359 ordine
1733 1304 2024 1359 videbatur

412 1414 534 1452 esse
558 1398 816 1461 locatum,
842 1395 914 1447 ita
928 1394 1137 1447 utsicut
1151 1394 1282 1447 olim
1300 1392 1525 1463 antiqua
1538 1393 1797 1447 divinitas
1811 1410 2017 1463 pmor-

413 1490 715 1549 dinaverat,
778 1485 1213 1555 unumquodque
1267 1483 1321 1536 in
1353 1499 1454 1537 suo
1503 1483 1623 1538 loco
1672 1494 1727 1537 et
1771 1490 2019 1554 tempore

332 1630 335 1639 ,
413 1593 632 1647 semper
678 1575 887 1630 oriatur
915 1581 970 1628 et
996 1572 1232 1627 occidat.
1263 1572 1557 1626 Sciendum
1573 1581 1657 1626 est
1686 1572 1834 1626 enim
1866 1573 2015 1643 quia,

413 1667 552 1720 sicut
574 1664 629 1717 in
665 1663 839 1733 prima
870 1661 960 1715 die
991 1662 1115 1715 coeli
1155 1661 1391 1715 distenta
1419 1670 1503 1714 est
1534 1660 1714 1730 pellis,
1746 1660 1824 1715 sic
1854 1660 2017 1714 etiam

414 1763 606 1827 quarta
645 1754 735 1807 die
774 1752 970 1807 vestita
1000 1760 1084 1806 est
1122 1752 1316 1816 stellis,
1359 1752 1595 1822 ideoque
1638 1752 1834 1822 pellem
1878 1753 2019 1808 hanc

413 1846 648 1903 οωιοίΗί
685 1860 898 1916 possem
943 1858 1261 1914 comparare
1291 1843 1336 1897 si
1383 1844 1603 1911 vellem,
1634 1844 1703 1900 de
1740 1860 1849 1915 quo
1880 1844 2020 1899 scri-

415 1948 564 2012 ptum
594 1948 706 1995 est:
755 1938 1057 1992 Extendens
1082 1938 1275 1991 caelum
1301 1940 1442 1991 sicut
1467 1939 1658 2006 pellem
1689 1938 1853 2007 (Psal.
1886 1941 2019 2009 cui).

414 2031 544 2094 Sed,
564 2029 693 2084 licet
716 2027 769 2081 in
793 2028 988 2081 eodem
1017 2026 1157 2080 coelo
1184 2027 1269 2080 vel
1303 2027 1445 2096 pelle
1476 2027 1657 2081 adhuc
1686 2027 1915 2082 diversae
1938 2027 2026 2080 in-

414 2118 533 2172 ﬁxae
574 2123 700 2171 sunt
726 2115 917 2183 stellae,
951 2115 1031 2169 sol
1068 2121 1252 2169 tamen
1283 2114 1483 2169 etluna
1513 2116 1726 2169 caeteris
1751 2116 2028 2173 sideribus

414 2230 481 2267 eo
514 2211 688 2284 magis
717 2209 971 2263 videntur
993 2208 1316 2279 principari,
1349 2224 1459 2279 quo
1499 2208 1710 2264 Christo
1739 2219 1795 2265 et
1836 2211 2022 2266 Eccle-

412 2302 509 2356 sia:
539 2316 647 2356 non
684 2300 985 2371 incongrue
1010 2303 1240 2368 possunt
1266 2299 1593 2367 comparari.
1621 2298 1773 2353 Sicut
1794 2300 1942 2353 enim
1971 2301 2027 2354 in

416 2392 759 2445 [irritamento
787 2389 910 2444 coeli
939 2388 1157 2443 duobus
1185 2387 1293 2442 illis
1323 2388 1686 2443 luminaribus
1715 2389 1863 2443 nulla
1896 2389 2032 2445 stel-

415 2489 590 2541 larum
621 2493 869 2541 creatura
898 2485 1146 2539 claritate
1185 2485 1401 2539 videtur
1442 2485 1694 2551 eximior,
1728 2486 1806 2541 sic
1845 2488 1900 2541 in
1936 2485 2031 2540 fir-

417 2583 692 2628 mamento
726 2573 980 2628 Ecclesiae
1012 2572 1230 2627 duabus
1261 2572 1347 2626 his
1387 2574 1638 2643 personis
1668 2575 1817 2630 nulla
1849 2583 2033 2645 potest

414 2682 541 2721 esse
580 2664 905 2719 sublimior:
942 2664 1195 2735 quamvis
1214 2663 1357 2718 sicut
1383 2666 1537 2719 stella
1577 2667 1644 2720 ab
1672 2669 1825 2722 stella
1854 2669 2031 2737 differt

415 2758 474 2809 in
503 2756 751 2809 claritate
780 2756 819 2822 (1
846 2757 958 2808 Cor.
981 2769 1090 2817 xvi;
1134 2752 1205 2806 ita
1246 2752 1489 2808 Christus
1533 2755 1785 2812 Ecclesia:
1817 2758 2027 2814 caelesti

418 2845 1076 2919 przeemineatdignitate.
1096 2844 1250 2899 Unde
1277 2846 1578 2900 notandum
1606 2855 1708 2913 est,
1733 2850 2029 2920 quod,sic-

416 2950 473 2993 ut
498 2939 552 2992 in
575 2937 856 2992 creatione
880 2936 1067 2990 saeculi
1099 2951 1239 2990 nova
1267 2935 1387 2989 luce
1418 2952 1591 2991 novus
1621 2939 1861 2994 mundus
1888 2943 2026 2995 emi-

2123 475 2235 520 est:
2290 472 2356 520 In
2401 482 2612 522 omnem
2666 474 2870 523 terram
2931 471 3096 523 exivit
3144 484 3307 524 sonus
3349 484 3531 525 eorum
3568 474 3760 539 (Psal.

2123 555 2292 625 xviii).
2333 554 2515 609 Nostis
2566 555 2793 626 quippe,
2828 557 2978 627 quia,
3032 557 3174 612 sicut
3228 557 3509 629 Scriptura
3564 567 3761 615 testa-

2123 655 2212 703 tur
2241 648 2427 704 divina
2463 653 2598 713 (Act.
2639 650 2734 719 ιν),
2768 664 2866 719 per
2900 649 3071 704 solem
3118 656 3173 704 et
3215 650 3399 705 lunam
3431 653 3760 723 apostolica

2121 739 2283 794 nobis
2310 740 2838 809 prmmonstrabatur
2864 740 3131 806 doctrina,
3172 741 3218 796 si
3270 748 3449 797 tamen
3476 745 3760 814 exemplo

2121 831 2336 887 illorum
2371 832 2530 887 nobis
2555 832 2625 887 sit
2662 848 2752 888 cor
2780 849 2957 888 unum
2995 841 3047 889 et
3083 838 3273 889 anima
3302 851 3437 901 una,
3494 853 3751 908 quorum

2119 923 2371 978 doctrina
2407 924 2579 999 fulget
2619 926 2675 979 in
2734 926 2977 982 Ecclesia
3029 937 3087 982 ut
3151 928 3233 983 sol
3271 935 3328 983 et
3379 928 3529 984 luna.
3578 930 3754 986 Unde

2120 1038 2349 1079 necesse
2401 1033 2484 1081 est
2510 1032 2569 1080 ut
2596 1032 2650 1080 et
2685 1032 2765 1093 tu,
2816 1027 3140 1094 Christiane,
3184 1029 3296 1097 jam
3325 1030 3471 1100 apud
3518 1038 3575 1085 te
3611 1032 3753 1086 dili-

2118 1117 2338 1191 gentius
2366 1134 2568 1187 penses
2603 1120 2840 1189 qualiter
2865 1120 2981 1175 haec
3009 1121 3118 1175 duo
3148 1122 3441 1176 luminaria
3482 1139 3586 1192 per
3616 1123 3750 1178 dies

2119 1222 2184 1261 ac
2212 1214 2423 1272 noctes,
2454 1223 2552 1277 per
2576 1223 2752 1262 annos
2782 1208 3192 1283 distinguuntur
3227 1218 3282 1264 et
3309 1226 3550 1275 menses,
3580 1227 3743 1282 quo-

2123 1297 2268 1350 niam
2321 1296 2566 1352 Christus
2617 1306 2672 1352 et
2719 1299 2959 1354 Ecclesia
2994 1300 3062 1354 ad
3101 1300 3444 1357 irradiandos
3482 1302 3741 1357 fidelium

2122 1391 2337 1445 animos
2363 1399 2416 1445 et
2442 1392 2819 1459 illustrandos,
2848 1394 3010 1449 nobis
3031 1396 3286 1450 similiter
3305 1403 3463 1451 erunt
3493 1397 3548 1450 in
3572 1397 3742 1469 signa

2119 1491 2173 1535 et
2210 1488 2477 1550 tempora,
2528 1481 2647 1536 dies
2686 1490 2741 1537 et
2766 1498 2959 1538 annos.
2995 1483 3131 1549 Quia
3170 1485 3318 1538 enim
3358 1485 3440 1540 sol
3494 1493 3550 1540 et
3598 1486 3741 1541 luna

2120 1573 2316 1629 Christi
2370 1582 2423 1629 et
2469 1575 2724 1630 Ecclesiae
2780 1583 2968 1647 typum
3036 1585 3258 1650 gerunt,
3317 1594 3427 1633 non
3458 1578 3743 1635 immerito

2045 1685 2096 1751 Β
2119 1664 2279 1718 nobis
2306 1662 2360 1716 in
2386 1663 2547 1733 signa
2568 1670 2624 1717 et
2662 1671 2930 1734 tempora,
2958 1664 3167 1725 etdies,
3198 1672 3252 1719 et
3293 1682 3473 1720 annos
3497 1667 3742 1721 ulterius

2119 1759 2302 1817 erunt,
2333 1768 2462 1823 quia
2491 1753 2633 1807 sicut
2685 1754 2769 1808 sol
2797 1760 2851 1807 et
2881 1754 3009 1808 luna
3054 1754 3217 1809 nobis
3257 1756 3499 1809 exterius
3543 1759 3737 1828 quoti-

2120 1848 2303 1902 dianis
2324 1846 2631 1918 fulgoribus
2664 1847 3014 1915 illucescunt,
3069 1848 3145 1903 ita
3176 1849 3420 1904 Christus
3467 1859 3523 1905 et
3550 1852 3743 1908 Eccle-

2124 1936 2204 1990 sia
2226 1935 2429 1991 nostris
2467 1935 2727 1990 cordibus
2754 1936 2972 1990 interna
3008 1953 3231 2007 semper
3260 1939 3378 1993 luce
3405 1940 3740 1996 clarescunt.

2129 2021 2423 2077 Sciendum
2451 2029 2533 2076 est
2552 2023 2759 2093 quippe
2789 2025 2919 2095 quia
2947 2024 3087 2079 sicut
3122 2026 3177 2079 in
3210 2025 3385 2095 prima
3414 2027 3506 2082 die
3527 2030 3740 2083 saeculi.

2126 2116 2317 2168 cretum
2345 2116 2548 2168 creavit
2586 2121 2637 2168 et
2662 2120 2864 2169 terram
2890 2116 3044 2183 (Gen.
3076 2118 3137 2183 ι),
3176 2117 3256 2171 sic
3284 2124 3476 2187 quarta
3526 2120 3619 2174 die
3653 2122 3740 2175 lu-

2127 2217 2243 2256 cem
2276 2202 2439 2257 nobis
2468 2202 2638 2257 voluit
2667 2204 2874 2258 donare
2912 2220 3231 2275 supernam,
3260 2209 3483 2277 quando
3509 2210 3578 2263 ad
3612 2210 3739 2265 illu-

2132 2290 2420 2345 minandas
2469 2292 2739 2346 triduana:
2769 2293 3275 2367 caliginisumbras
3315 2298 3602 2369 nubesque
3634 2315 3737 2354 no-

2130 2378 2321 2445 vellas,
2370 2387 2563 2450 quarto
2602 2381 2691 2435 die
2731 2382 3034 2451 producere
3086 2383 3346 2457 dignatus
3395 2392 3481 2439 est
3537 2387 3736 2449 solem.

2133 2472 2318 2526 lunam
2351 2480 2406 2527 et
2443 2474 2630 2528 stellas
2670 2479 2811 2543 (Gen.
2862 2477 2963 2546 ιιι).
3019 2475 3173 2531 Unde
3203 2477 3328 2532 licet
3380 2479 3487 2532 alia
3522 2479 3742 2534 claritas

2132 2567 2203 2620 sit
2239 2566 2393 2634 solis,
2423 2568 2527 2621 alia
2567 2568 2733 2637 lunae,
2767 2569 2874 2624 alia
2921 2571 3225 2637 stellarum,
3280 2572 3507 2647 dignum
3556 2580 3736 2628 tamen

2132 2665 2215 2713 est
2237 2668 2294 2713 ut
2325 2675 2427 2714 nos
2451 2661 2753 2716 claritatem
2794 2662 3042 2717 omnium
3074 2663 3143 2717 ad
3183 2664 3415 2719 salutem
3457 2666 3738 2720 trahamus

2129 2754 2462 2821 animarum,
2496 2763 2768 2827 quatenus
2823 2758 3015 2812 aeterni
3045 2758 3270 2813 luminis
3302 2758 3465 2815 nobis
3515 2760 3738 2816 alﬂante

2127 2843 2449 2914 spiramine,
2473 2845 2540 2899 ab
2570 2846 3031 2918 utroquelumine
3068 2863 3298 2919 corpora
3330 2857 3513 2905 nostra
3536 2850 3737 2905 illumi-

2129 2941 2330 2989 nentur
2353 2943 2408 2989 et
2436 2936 2654 2991 animze.
2688 2939 2920 3012 Dignum
2952 2938 3162 3009 quippe
3194 2946 3277 2994 est
3311 2946 3370 2994 ut
3402 2956 3498 3010 pro
3527 2942 3736 2996 illumi-

416 3032 551 3095 cuit,
585 3031 664 3083 sic
702 3031 755 3083 in
796 3030 1053 3100 passione
1091 3044 1189 3083 sua
1228 3028 1476 3084 Christus
1518 3031 1812 3087 Ecclesiam
1871 3036 2023 3093 radio
2049 3037 2098 3105 C
2126 3023 2401 3092 natislam
2459 3025 2528 3079 ab
2560 3035 2767 3081 θθῐετηο
2816 3028 3024 3082 lumine
3055 3028 3383 3099 corporibus
3421 3031 3627 3087 ηοδιτίε
3684 3042 3737 3085 ει

414 3123 518 3178 sibi
548 3137 701 3176 novae
722 3120 985 3174 claritatis
1013 3119 1300 3190 applicuit,
1324 3121 1397 3175 ita
1426 3129 1483 3177 ut
1513 3121 1567 3175 in
1590 3133 1816 3181 externo
1846 3129 2024 3197 gemi-

415 3222 499 3260 nae
525 3205 840 3263 dilectionis
856 3206 1052 3263 affectu
1082 3225 1180 3278 per
1207 3210 1525 3281 mysterium
1559 3212 1736 3267 crucis
1775 3215 1912 3271 alter
1933 3218 2020 3271 al-

411 3298 710 3367 teriusjam
740 3298 1045 3353 delectetur
1075 3308 1321 3370 aspectu.
1345 3303 1465 3372 lpse
1489 3304 1659 3368 enim,
1685 3310 1781 3375 qui
1798 3309 1869 3362 ad
1896 3325 2023 3364 cur-

411 3389 637 3442 rendum
662 3390 811 3442 viam
831 3388 1105 3459 passionis
1134 3389 1262 3444 olim
1285 3394 1574 3447 exsultavit
1600 3402 1661 3448 ut
1678 3399 1827 3464 gigas
1850 3398 2017 3465 (Psal.

412 3484 581 3543 xvntt,
615 3476 669 3531 in
711 3494 804 3531 ara
844 3477 1043 3543 crucis,
1075 3479 1207 3533 solis
1238 3487 1292 3534 et
1350 3481 1517 3547 lunze,
1569 3484 1684 3537 sive
1743 3488 1933 3555 sponsi
1967 3495 2021 3542 et

409 3582 627 3636 sponsae
666 3566 924 3636 copulare
984 3566 1239 3639 dignatus
1269 3579 1350 3623 est
1382 3569 1538 3643 bigas
1570 3573 1772 3642 typice,
1806 3576 2020 3632 scilicet

409 3660 572 3715 nobis
625 3661 913 3715 insinuans
951 3662 1099 3732 quod
1155 3661 1229 3714 illi
1264 3662 1548 3717 verissime
1589 3664 1784 3722 Christi
1827 3677 1881 3723 et
1914 3670 2015 3723 Ec-

407 3750 590 3804 clesize
622 3749 785 3805 lidem
827 3751 1031 3806 habere
1060 3752 1376 3817 creduntur,
1410 3754 1502 3823 qui
1556 3756 1607 3809 in
1642 3756 1853 3814 Christo
1884 3760 2015 3815 Jesu

408 3844 644 3918 geminae
692 3841 1006 3900 dilectionis
1052 3845 1177 3918 biga
1225 3856 1508 3919 reguntur.
1565 3849 1643 3902 Ad
1675 3851 1777 3906 hoc
1808 3852 2015 3924 quippe

409 3935 497 3987 Sol
517 3932 743 4000 justitize
766 3934 1353 3991 tabernaculumsuum
1374 3939 1615 4007 ponebat
1635 3942 1807 3996 insole
1823 3943 1966 4011 (ibid.
1981 3947 2013 4004 ὶ.

407 4025 630 4098 quando
663 4041 759 4095 pro
805 4027 1042 4079 humana
1066 4027 1241 4081 salute
1286 4044 1315 4081 a
1342 4028 1581 4084 feminea
1612 4041 1913 4103 conceptus
1939 4043 2020 4089 est

411 4115 589 4187 prole:
638 4121 695 4167 ut
725 4121 778 4167 et
809 4120 885 4177 tu,
922 4115 1107 4181 homo,
1133 4117 1246 4187 jam
1276 4132 1343 4171 eo
1376 4119 1551 4193 magis
1582 4119 1791 4175 laeteris
1822 4124 1877 4175 in
1909 4124 2018 4179 Deo

406 4206 628 4262 salutari
656 4216 769 4273 tuo,
802 4206 1062 4278 quoniam
1106 4209 1267 4275 Deus,
1300 4225 1398 4280 pro
1430 4217 1481 4265 te
1505 4217 1766 4281 tanquam
1795 4230 2018 4283 sponsus

411 4298 675 4369 processit
702 4300 765 4352 de
803 4300 1041 4353 thalamo
1065 4315 1163 4353 suo
1201 4300 1397 4370 (ibid.).
1432 4300 1585 4355 Unde
1613 4302 1899 4357 sciendum
1934 4313 2017 4360 est

410 4387 592 4454 nobis,
625 4388 773 4459 quia,
806 4387 851 4440 si
872 4387 1045 4441 solem
1079 4388 1227 4443 hunc
1253 4388 1525 4444 visibilem
1560 4390 1822 4445 invisibili
1855 4410 2013 4448 com-

409 4492 728 4546 pararemus
757 4476 892 4539 Soli,
936 4492 1284 4548 nequaquam
1319 4479 1373 4533 in
1429 4481 1533 4535 hoc
1574 4482 1894 4551 pr0phetico
1934 4484 2013 4537 vi-

408 4567 605 4621 demur
644 4584 870 4639 regnare
898 4583 1174 4635 sermone,
1198 4568 1292 4639 qui
1325 4569 1505 4624 Solem
1548 4570 1881 4625 invisibilem
1915 4572 2017 4626 hu-

406 4672 581 4709 mana:
613 4655 900 4709 insinuans
930 4657 1159 4723 notitiae,
1212 4661 1543 4724 timentibus,
1604 4659 1801 4730 inquit,
1852 4666 2017 4716 Deum

408 4752 613 4803 orietur
639 4749 722 4801 Sol
740 4752 972 4817 justitiae
1002 4749 1246 4820 (Malach.
1293 4758 1384 4820 tv).
1431 4751 1490 4804 ln
1530 4768 1690 4806 cursu
1719 4763 1900 4807 autem
1933 4755 2016 4806 lu—

406 4859 510 4909 nae,
540 4859 660 4913 quae
689 4859 790 4898 nos
820 4843 1244 4899 tredeciessolet
1270 4845 1542 4900 illustrare
1575 4863 1674 4917 per
1699 4864 1923 4911 annum,
1950 4848 2014 4901 il-

406 4934 497 4989 lud
533 4934 805 5005 praecipue
837 4934 998 4990 nobis
1029 4944 1112 4990 cst
1142 4937 1628 5003 considerandum,
1664 4955 1729 4992 ne
1762 4940 1887 5009 quis
1919 4955 2013 4994 no-

406 5034 577 5081 strum
624 5044 724 5098 per
752 5027 929 5081 varias
982 5028 1314 5083 mutationes
1344 5030 1512 5083 animi
1545 5031 1830 5085 stultitiam
1865 5031 2013 5086 illius

405 5119 672 5173 imitando
703 5127 982 5191 sequatur,
1028 5120 1096 5174 de
1131 5136 1240 5191 quo
1279 5121 1542 5192 scriptum
1599 5130 1679 5177 est
1722 5125 1932 5179 Stultus
1959 5132 2019 5179 ut

406 5210 543 5263 lana
568 5214 820 5264 mutatur
845 5210 1025 5275 (Eccli.
1062 5216 1250 5278 xxvn).
1296 5211 1585 5282 Postquam
1620 5213 1766 5266 enim
1802 5213 1892 5268 Sol
1917 5213 2014 5282 ju-

406 5300 569 5355 stitia:
615 5318 712 5371 per
742 5300 941 5354 divina
972 5300 1254 5355 charitatis
1284 5302 1626 5369 incendium,
1659 5306 1922 5378 angelicae
1963 5311 2017 5359 et

410 5389 660 5443 humanae
688 5389 1053 5444 dissensionis
1077 5390 1265 5445 lunare
1288 5391 1461 5446 voluit
1487 5391 1759 5447 illustrare
1791 5394 2017 5464 dispen-

409 5479 581 5542 dium,
612 5482 794 5535 statim
829 5481 1131 5551 plenilunio
1154 5481 1282 5536 fidei
1311 5499 1487 5551 novae,
1512 5493 1566 5538 et
1593 5485 1906 5541 dilectionis
1925 5503 2021 5541 an-

408 5569 571 5636 tiqua:
605 5588 703 5639 per
732 5572 1086 5641 apostolicam
1120 5574 1566 5643 praedicationem
1597 5578 1892 5644 mentibus,
1916 5579 2022 5632 hu-

412 5660 589 5712 manis
623 5662 795 5717 illuxit
826 5666 1029 5735 ubique
1061 5675 1334 5737 quatenus
1359 5670 1425 5723 ad
1470 5668 1631 5723 ﬁdem
1665 5670 1881 5737 Christi,
1920 5672 2021 5727 do-

2124 3112 2438 3181 animabus,
2494 3114 2616 3169 sine
2664 3114 3072 3172 intermissione
3115 3117 3225 3172 Deo
3273 3133 3494 3189 semper
3536 3121 3740 3194 gratias

2123 3221 2371 3279 agamus,
2404 3206 2534 3277 quia
2563 3207 2703 3262 sicut
2731 3208 2785 3262 in
2816 3206 3167 3264 ﬁrmamento
3192 3210 3318 3265 caeli
3347 3212 3626 3282 quondam
3647 3229 3739 3269 so-

2124 3297 2230 3351 lem
2272 3305 2325 3352 et
2355 3300 2537 3354 lunam
2570 3308 2764 3371 quarto
2796 3301 2887 3355 die
2910 3301 3212 3356 divinitatis
3241 3302 3410 3359 verbo
3452 3305 3731 3374 produxit,

2120 3383 2200 3438 sic
2240 3385 2294 3438 in
2344 3386 2687 3443 firmamento
2730 3388 2982 3444 Ecclesiae
3026 3405 3263 3460 sponsus
3307 3407 3525 3460 sponsa:
3581 3393 3734 3448 radio

2121 3490 2276 3529 novae
2299 3477 2562 3532 claritatis
2604 3478 2800 3546 illuxit,
2842 3479 3063 3551 quando
3098 3480 3239 3535 idem
3291 3481 3436 3535 Deus
3491 3492 3547 3537 et
3568 3483 3734 3537 homo

2121 3567 2184 3619 ad
2221 3568 2652 3642 cruciﬁgendum
2682 3585 2779 3640 pro
2818 3571 2978 3626 nobis
3015 3573 3286 3627 humanos
3322 3573 3523 3629 obtulit
3559 3583 3732 3639 artus,

2119 3673 2216 3725 per
2240 3675 2401 3729 quem
2457 3661 2585 3715 olim
2631 3662 2832 3717 factum
2878 3670 2959 3718 est
3008 3680 3241 3734 vespere
3291 3672 3348 3720 et
3397 3682 3561 3721 mane
3613 3668 3731 3721 dies

2118 3752 2367 3828 quartus.

2190 3845 2328 3917 Ergo
2351 3843 2490 3897 sicut
2514 3843 2582 3897 de
2607 3844 2745 3910 sole,
2782 3845 2909 3899 luna
2928 3852 2985 3899 et
3009 3844 3185 3899 stellis
3208 3846 3561 3901 tractavimus
3586 3847 3726 3909 heri,

2121 3935 2194 3989 ita
2216 3935 2521 4005 temporale
2546 3934 2731 3989 lumen
2753 3945 2807 3989 et
2833 3943 3100 3991 aeternum
3128 3937 3295 3991 hodie
3321 3937 3589 3991 debemus
3612 3938 3739 3992 dili-

2121 4023 2444 4098 gentissime
2478 4023 2701 4087 intueri,
2722 4024 2957 4079 maxime
2985 4041 3109 4079 cum
3136 4040 3233 4095 pro
3268 4034 3499 4097 utroque
3530 4026 3732 4080 lumine

2122 4116 2177 4169 in
2205 4123 2356 4171 tanto
2383 4116 2648 4171 miraculo
2680 4116 2985 4171 debeamus
3032 4116 3239 4172 habere
3272 4117 3649 4184 Conditorem,
3680 4127 3735 4173 ut

2118 4222 2182 4260 ex
2211 4223 2321 4261 uno
2362 4207 2651 4260 credamus
2680 4222 2807 4261 eum
2858 4207 3191 4274 mirabilem,
3224 4208 3270 4262 si
3302 4208 3476 4263 altero
3516 4209 3732 4263 mirabi-

2119 4295 2334 4350 liorem.
2391 4296 2526 4360 Quia
2570 4295 2718 4350 enim
2769 4313 2941 4351 unum
2974 4304 3189 4352 terrena
3231 4304 3469 4362 tantum,
3508 4306 3565 4352 et
3621 4314 3726 4352 non

2119 4385 2367 4439 cwlestia
2402 4385 2658 4449 illustrat,
2705 4385 2853 4439 aliud
2905 4400 3034 4439 vero
3075 4401 3179 4439 nec
3207 4386 3407 4441 caelum
3464 4401 3566 4440 nec
3597 4393 3734 4441 terra

2117 4482 2460 4545 coangustat,
2503 4473 2629 4528 ideo
2667 4474 2710 4527 si
2743 4474 2868 4545 quis
2909 4474 3229 4544 qualitatem
3280 4474 3569 4529 amborum
3608 4475 3730 4530 velit

2122 4581 2355 4637 pensare
2385 4566 2666 4631 subtilius,
2696 4582 2865 4620 unum
2898 4582 3061 4637 quam
3089 4565 3362 4630 mirabile,
3398 4574 3452 4620 et
3486 4565 3636 4620 aliud
3655 4576 3731 4621 est

2120 4659 2443 4713 mirabilius.
2478 4659 2628 4713 Unde
2656 4659 2701 4713 si
2735 4659 3042 4713 mirandum
3072 4666 3155 4713 est
3183 4658 3383 4713 caelum
3429 4658 3575 4712 istud
3606 4658 3725 4712 visi-

2119 4751 2248 4815 bile,
2274 4752 2422 4821 quod
2453 4750 2672 4805 extendi
2699 4751 2914 4805 videtur
2934 4758 2993 4803 ut
3022 4749 3203 4820 pellis,
3236 4765 3337 4819 per
3367 4749 3517 4820 quod
3549 4751 3728 4820 quoti-

2117 4846 2206 4900 die
2232 4846 2570 4901 illustramur
2607 4863 2638 4899 a
2670 4848 2808 4912 sole,
2851 4846 2981 4900 luna
3030 4852 3083 4899 et
3113 4845 3311 4908 stellis,
3362 4846 3538 4900 multo
3564 4845 3726 4914 magis

2117 4938 2435 4992 admiranda
2468 4947 2548 4992 est
2580 4938 2689 4991 Lux
2716 4937 2809 4992 illa
2837 4954 3098 5008 superna,
3120 4954 3220 5008 per
3244 4953 3408 5008 quam
3432 4936 3488 4990 in
3525 4936 3727 5011 angelis

2115 5026 2521 5084 et'hominibus
2568 5030 2764 5085 coelum
2800 5029 3143 5083 illuminatur
3180 5044 3243 5083 ac
3282 5037 3449 5083 terra.
3503 5028 3624 5082 Haec
3650 5036 3727 5083 est

2121 5125 2266 5179 enim
2312 5124 2403 5179 illa
2434 5126 2522 5179 lux
2562 5141 2663 5195 per
2692 5142 2853 5196 quam
2894 5141 3017 5185 nos.
3049 5125 3143 5196 qui
3171 5123 3270 5179 ﬁlii
3299 5125 3438 5179 lucis
3463 5139 3649 5179 sumus
3675 5132 3723 5178 et

2121 5216 2216 5271 lilii
2261 5217 2353 5272 Dei
2385 5218 2720 5288 quandoque
2750 5217 2937 5272 videre
2965 5218 3233 5272 debemus
3269 5216 3569 5271 claritatem
3612 5215 3720 5279 Dei,

2118 5309 2163 5363 si
2204 5315 2387 5362 tamen
2417 5308 2534 5379 ipse
2566 5308 2621 5361 in
2656 5307 2946 5377 nobisjam
2984 5306 3256 5361 illuminet
3293 5306 3615 5361 abscondita
3645 5314 3718 5359 te-

2121 5398 2438 5465 nebrarum,
2481 5398 2572 5469 qui
2610 5414 2712 5452 nos
2738 5399 2793 5451 in
2826 5397 3008 5453 futuro
3042 5398 3411 5452 illustraturus
3440 5406 3521 5451 est
3548 5397 3721 5466 inspe-

2125 5491 2307 5546 ctione
2333 5491 2638 5544 animarum
2662 5497 2996 5544 sanctarum.
3022 5489 3122 5553 Qui
3142 5488 3401 5560 quoniam
3426 5489 3494 5542 ad
3517 5502 3719 5561 cogno-

2122 5583 2383 5638 scendam
2415 5583 2553 5637 lucis
2607 5588 2887 5652 perpetua:
2927 5582 3233 5648 veritatem,
3274 5579 3612 5651 temporanci
3641 5578 3719 5634 lu-

2124 5673 2288 5727 minis
2318 5673 2476 5728 istius
2511 5672 2860 5726 umbratilem
2892 5672 3053 5728 nobis
3085 5671 3258 5727 voluit
3277 5685 3586 5743 praerogare
3614 5670 3719 5725 cla-
