3912 6044
278 253 386 308 985

1345 251 1467 306 LIB.
1509 251 1592 305 DE
1629 248 1962 304 MYSTERIO
2005 247 2179 302 LlGNl
2223 245 2540 302 DOMlNlCl.

3496 247 3601 303 986

279 389 520 445 ritatem,
549 381 778 454 dignum
799 387 899 445 est,
924 381 1054 434 dum
1077 380 1134 434 in
1155 379 1258 434 hac
1291 379 1414 434 luce
1441 379 1697 443 vivimus,
1730 375 1891 432 bonis
1919 383 1965 447 Α
1996 375 2068 430 ita
2088 374 2262 429 Judaei
2295 390 2418 430 cum
2450 373 2611 428 caecis
2640 371 2751 426 illis
2781 372 3120 445 evangelicis
3148 372 3202 426 in
3238 373 3596 442 praeeipitium

278 470 542 539 operibus
581 469 716 524 illud
745 484 966 540 semper
986 469 1269 524 elaborare
1293 469 1637 534 studeamus,
1667 477 1727 524 ut
1765 484 1888 524 cum

279 575 346 613 ex
380 560 481 614 hac
517 559 626 614 vita
653 558 1095 630 migraverimus,
1126 559 1194 612 ad
1234 567 1494 612 aeternam
1541 558 1716 614 lucem
1772 575 1892 628 per-

281 651 472 706 venire
512 652 808 706 valeamus.
851 651 1149 706 Sciendum
1205 659 1289 705 est
1319 666 1560 722 namque
1593 651 1722 722 quia
1750 651 1892 706 sicut

284 756 390 794 una
431 740 524 794 lux
556 755 723 810 parva
750 746 856 805 est,
885 747 941 794 et
978 739 1082 793 alia
1121 755 1340 813 magna,
1371 740 1451 794 sic
1479 755 1588 793 una
1627 738 1888 794 nimirum

279 827 488 902 indiga,
523 834 576 882 et
607 828 712 882 alia
739 836 823 882 est
851 828 1104 900 prodiga,
1135 827 1345 899 quippe
1361 828 1620 899 quoniam
1655 828 1747 883 illa
1767 843 1890 899 quae

279 921 510 994 prodiga
549 928 652 986 est,
693 919 855 975 bonis
883 919 1144 974 omnibus
1172 920 1418 975 abundat
1442 928 1498 976 et
1534 920 1888 992 superabun-

279 1012 392 1077 dat,
418 1011 548 1065 dum
580 1026 644 1064 ex
671 1025 738 1066 eo
769 1011 917 1082 quod
952 1011 1117 1066 habet
1137 1011 1230 1066 dat
1258 1011 1533 1067 omnibus.
1571 1013 1722 1068 Unde
1753 1028 1892 1084 quo-

279 1103 425 1156 niam
459 1103 602 1156 inter
622 1103 738 1156 haec
763 1103 874 1157 duo
905 1103 1111 1157 lumina
1153 1103 1275 1157 talis
1313 1111 1397 1158 est
1443 1104 1597 1170 talio,
1639 1115 1699 1160 ut
1741 1105 1889 1178 quod

281 1207 394 1246 non
425 1191 740 1245 habeturin
789 1205 902 1246 uno
943 1191 1255 1247 inveniatur
1283 1191 1340 1246 in
1388 1191 1517 1259 alio,
1549 1209 1779 1249 necesse
1809 1205 1892 1250 est

279 1287 340 1334 ut
369 1296 466 1350 per
515 1279 620 1334 hoc
670 1278 852 1334 lumen
887 1279 1036 1351 quod
1085 1281 1198 1351 jam
1255 1279 1525 1334 habemus
1557 1279 1612 1333 in
1645 1297 1725 1346 re,
1761 1297 1889 1350 pro-

283 1387 543 1442 peremus
571 1373 640 1426 ad
679 1373 828 1427 aliud
886 1374 1033 1444 quod
1065 1374 1246 1428 adhuc
1275 1381 1658 1446 exspectamus
1689 1377 1742 1430 in
1767 1391 1885 1446 Spe.

280 1461 576 1516 Sciendum
609 1469 692 1516 est
730 1463 936 1534 quippe
963 1463 1093 1534 quia
1121 1464 1249 1518 licet
1277 1479 1390 1519 uno
1419 1465 1581 1520 modo
1614 1465 1890 1520 illumine-

281 1565 406 1603 mur
427 1549 497 1604 ab
519 1549 647 1614 alio,
673 1558 728 1604 et
759 1550 867 1606 alio
881 1551 952 1604 ab
975 1552 1096 1612 isto.
1132 1560 1432 1624 utrumque
1459 1561 1642 1608 tamen
1667 1571 1894 1625 sperare

279 1637 552 1692 debemus
584 1663 606 1688 ,ι
641 1638 876 1705 Christo,
909 1641 1174 1710 quoniam
1225 1641 1365 1712 ipse,
1399 1658 1432 1696 a
1463 1658 1572 1713 quo
1615 1659 1782 1697 unum
1815 1644 1899 1698 lu-

281 1745 409 1784 men
441 1729 709 1786 habemus
759 1732 1156 1798 temporaliter,
1209 1749 1334 1787 cum
1375 1733 1530 1788 Patre
1581 1741 1636 1789 et
1687 1736 1894 1806 Spiritu

279 1821 430 1876 aliud
461 1820 626 1876 habet
655 1823 1012 1877 aeternaliter.
1047 1823 1200 1880 Sicut
1226 1825 1373 1878 enim
1405 1825 1462 1878 in
1487 1827 1666 1882 tribus
1693 1843 1894 1897 perso-

281 1911 368 1966 nis
387 1911 693 1966 secundum
721 1919 968 1966 naturam
999 1913 1304 1968 divinitatis
1335 1929 1503 1969 unum
1536 1925 1621 1970 est
1663 1933 1892 1984 numen,

277 2003 354 2058 ita
404 2019 457 2056 In
501 2002 608 2056 illis
636 2017 746 2057 non
789 2004 888 2057 tria
939 2005 1166 2070 lumina,
1225 2005 1322 2059 sed
1361 2021 1531 2061 unum
1563 2018 1647 2062 est
1689 2009 1897 2076 lumen,

280 2095 430 2166 quod
474 2100 657 2148 tamen
708 2111 776 2150 eo
806 2096 982 2168 magis
1029 2097 1166 2152 solet
1209 2112 1322 2167 pra
1359 2099 1580 2153 caeteris
1610 2115 1899 2156 coruscare

279 2187 604 2254 luminibus,
645 2202 756 2258 quo
809 2187 984 2257 ipsum
1027 2188 1302 2244 illuminat
1351 2191 1621 2257 homines,
1677 2201 1732 2247 et
1787 2209 1896 2249 non

276 2277 622 2332 illuminatur
661 2277 731 2330 ab
776 2277 1116 2334 hominibus.
1181 2279 1417 2334 Proinde
1473 2281 1604 2336 licet
1659 2283 1794 2337 nihil
1827 2284 1899 2339 sit

275 2369 424 2440 quod
463 2369 645 2424 eidem
673 2369 867 2424 lumini
918 2369 1090 2442 digne
1133 2371 1409 2442 possimus
1446 2389 1688 2444 sequare,
1731 2391 1896 2446 quas-

281 2457 407 2512 dam
439 2464 619 2512 tamen
649 2458 870 2528 species
907 2459 1095 2530 aliquo
1139 2461 1306 2515 modo
1351 2461 1402 2516 ei
1433 2461 1703 2517 debemus
1739 2478 1893 2518 com-

281 2566 498 2620 parare,
531 2560 590 2604 ut
618 2549 837 2605 facilius
880 2551 1114 2624 intelligi
1160 2553 1332 2621 possit
1368 2568 1468 2623 per
1519 2554 1712 2608 eadem
1759 2557 1896 2609 aeni-

281 2648 468 2710 gmata
522 2654 725 2699 rerum,
785 2640 933 2709 quod
993 2639 1122 2694 huic
1161 2640 1270 2696 luci
1308 2641 1518 2696 visibili
1571 2642 1761 2713 dispar
1813 2651 1896 2697 est

281 2729 468 2782 lumen
538 2728 830 2786 luminum.
893 2737 948 2783 et
1008 2731 1130 2786 dies
1182 2731 1420 2786 dierum.
1483 2733 1681 2787 Eadem
1741 2734 1888 2788 enim

279 2817 654 2888 discrepantia
694 2819 758 2888 (si
789 2818 898 2872 dici
945 2819 1148 2890 liceat),
1181 2826 1265 2875 est
1295 2820 1350 2874 in
1396 2822 1495 2876 hac
1517 2821 1639 2876 luce
1669 2823 1892 2896 gemina

283 2921 407 2976 quae
441 2905 494 2960 in
532 2906 777 2961 masculo
807 2905 1220 2962 demonstratur
1265 2925 1330 2964 ac
1368 2908 1594 2976 femina,
1643 2927 1880 2980 praeser-

277 2992 374 3047 tim
406 3009 532 3048 cum
562 2993 746 3048 minor
773 2993 966 3062 majori
999 2995 1192 3051 eodem
1244 2997 1408 3052 modo
1448 2998 1793 3070 subjiciatur,
1835 3009 1892 3056 ut

275 3083 494 3154 opinor,
530 3099 640 3155 quo
673 3099 809 3139 uxor
836 3086 951 3140 viro
985 3102 1096 3142 non
1137 3087 1311 3155 major
1347 3089 1564 3144 videtur
1595 3106 1738 3158 esse,
1791 3091 1890 3146 sed

273 3177 474 3232 minor.
515 3177 781 3232 Praeterea
839 3193 970 3234 vero
1014 3179 1156 3234 sicut
1208 3181 1505 3237 maximum
1545 3199 1578 3237 a
1631 3183 1887 3250 minimo,

274 3277 334 3322 ut
362 3283 623 3338 magnum
657 3268 828 3324 distat
865 3286 897 3324 a
927 3269 1152 3340 pusillo,
1183 3271 1260 3326 ita
1299 3272 1508 3327 distare
1539 3273 1755 3328 videtur
1804 3275 1889 3329 lu-

276 3375 402 3412 men
428 3359 531 3413 hoc
555 3359 623 3412 ab
647 3359 762 3426 illo,
792 3359 921 3430 quia
951 3359 1389 3432 licetutrumque
1421 3363 1887 3420 nobiscoruscare

274 3449 526 3504 videatur
551 3467 582 3504 a
613 3449 847 3516 Christo,
880 3451 1054 3520 major
1099 3460 1285 3506 tamen
1323 3453 1498 3525 gratia
1541 3455 1702 3509 nobis
1748 3456 1890 3512 solet

274 3542 343 3596 ab
377 3541 470 3597 illo
501 3543 793 3612 provenire
819 3559 981 3614 quam
1015 3545 1136 3599 isto.
1171 3544 1468 3600 Sciendum
1487 3553 1568 3600 est
1589 3547 1734 3602 enim
1758 3549 1888 3620 quia

278 3640 542 3702 quantum
597 3632 860 3688 differunt
897 3651 928 3688 a
981 3635 1297 3689 carnalibus
1345 3636 1677 3706 spiritualia,
1729 3645 1783 3692 et
1822 3637 1890 3692 ab

279 3721 641 3776 inferioribus
671 3738 950 3793 ,superna,
985 3729 1195 3777 tantum
1248 3725 1338 3778 lux
1379 3724 1483 3780 ista
1515 3725 1836 3796 temporalis
1863 3743 1894 3781 a

277 3813 397 3867 luce
427 3812 595 3866 distat
631 3823 860 3878 aeterna,
893 3814 1128 3868 maxime
1186 3830 1310 3869 cum
1361 3816 1429 3869 ad
1461 3815 1720 3870 eumdem
1770 3831 1892 3870 mo-

275 3905 402 3958 dum
459 3904 703 3958 ccelestia
750 3905 1008 3971 terrenis,
1041 3911 1096 3960 et
1151 3921 1365 3960 summa
1403 3921 1513 3962 non
1563 3907 1896 3962 conveniant
1937 3900 1941 3904 ’

274 3995 422 4062 imis,
482 4011 594 4066 quo
653 3997 832 4067 prima
901 4013 1010 4052 non
1067 3998 1406 4054 conveniunt
1448 3999 1784 4065 novissimis,
1845 4015 1902 4073 et

277 4089 576 4146 novissima
633 4091 845 4161 primis.
878 4093 1070 4147 Adhuc
1121 4094 1288 4148 etiam
1339 4093 1534 4149 eodem
1588 4095 1752 4150 modo
1806 4093 1900 4149 lux

280 4197 388 4236 una
413 4181 577 4236 distat
603 4181 672 4236 ab
703 4183 829 4248 alia,
871 4199 982 4254 quo
1007 4183 1234 4254 spiritus
1263 4201 1294 4238 a
1325 4186 1504 4239 littera
1533 4186 1619 4240 vel
1659 4201 1891 4257 granum

279 4271 558 4342 discrepat
585 4289 617 4326 a
670 4273 847 4344 palea,
880 4288 950 4327 ne
989 4280 1044 4328 et
1083 4291 1186 4330 nos
1215 4290 1367 4330 more
1405 4276 1722 4332 Judaaorum
1764 4291 1892 4349 gra-

1993 465 2219 532 vadunt,
2277 463 2348 518 de
2405 463 2606 534 quibus
2643 463 2905 532 scriptum
2962 469 3073 515 est:
3129 463 3190 518 Si
3243 477 3414 517 caseus
3465 477 3601 518 caeco

1989 557 2256 611 ducatum
2288 555 2598 624 praebuerit,
2629 555 2784 609 ambo
2819 557 2879 608 in
2929 556 3138 621 foveam
3192 553 3396 607 cadunt
3427 553 3598 623 (Matt.

1991 644 2102 713 xv).
2134 643 2434 698 Christiani
2463 642 2623 697 caecis
2653 641 2763 695 illis
2792 657 3014 712 semper
3030 640 3274 694 arrident
3303 640 3372 694 de
3398 641 3602 710 quibus

1989 732 2254 804 scriptum
2308 739 2422 786 est:
2491 734 2626 786 σεινσὶ
2683 731 2866 786 vident
2923 730 3092 800 (Matt.
3145 730 3242 798 x1),
3302 729 3374 784 ita
3421 729 3602 784 Judaei

1990 840 2166 896 usque
2205 824 2262 878 in
2316 823 2450 878 iram
2501 821 2995 878 consummationis
3041 821 3202 876 caecis
3241 820 3352 874 illis
3389 819 3602 876 similes

1991 926 2172 984 erunt,
2227 920 2297 974 de
2336 918 2539 990 quibus
2585 917 2816 972 dicitur:
2869 918 3052 972 Oculos
3076 917 3274 970 habent
3303 923 3353 970 et
3381 931 3492 972 non
3518 919 3600 970 vi-

1989 1011 2191 1065 debunt
2231 1010 2336 1080 (Ps.
2369 1010 2540 1081 cxm).
2585 1009 2721 1072 Quia
2770 1009 2917 1062 enim
2958 1009 3135 1062 Judaei
3196 1023 3306 1063 non
3365 1023 3602 1078 conjun-

1989 1111 2196 1174 guntur
2237 1100 2578 1167 Christianis,
2619 1115 2721 1156 nec
2766 1100 3056 1155 Christiani
3085 1100 3311 1163 Judaeis,
3347 1099 3472 1154 ideo
3513 1099 3600 1154 lu-

1993 1206 2118 1244 men
2144 1189 2392 1245 veritatis
2423 1190 2607 1244 datum
2649 1197 2732 1245 est
2761 1189 2940 1248 nobis,
2987 1195 3042 1242 et
3087 1188 3330 1242 ablatum
3366 1196 3449 1242 est
3481 1188 3596 1254 eis;

1989 1279 2240 1350 quamvis
2275 1279 2438 1332 etiam
2501 1278 2604 1350 ipsi
2633 1278 2968 1348 quandoque
3034 1277 3245 1331 Patrem
3300 1283 3354 1330 et
3402 1277 3598 1333 Filium

1989 1369 2234 1424 debeant
2286 1369 2517 1424 adorare
2549 1369 2859 1432 nobiscum,
2899 1369 3126 1439 impleto
3171 1369 3322 1439 quod
3352 1368 3555 1424 dicitur
3586 1386 3600 1425 :

1996 1468 2058 1517 Ut
2086 1470 2408 1531 cognoscant
2433 1470 2484 1518 te
2495 1465 2668 1518 solum
2689 1477 2880 1517 verum
2903 1467 3088 1528 Deum,
3111 1467 3182 1526 et,
3209 1475 3366 1530 quem
3384 1464 3600 1530 misisti,

1992 1558 2174 1608 Iesum
2211 1557 2485 1610 Christum
2507 1555 2682 1626 (Joan.
2707 1563 2782 1615 ιι).
2823 1552 2927 1606 Sed
2969 1553 3256 1606 sciendum
3285 1551 3436 1624 quia,
3475 1552 3605 1608 licet

1999 1642 2054 1694 in
2075 1638 2342 1712 'mysterio
2364 1643 2544 1698 crucis
2569 1643 2718 1697 aliud
2756 1641 3002 1695 sentiant
3030 1638 3350 1704 Christiani,
3377 1648 3432 1692 et
3454 1638 3603 1691 aliud

1997 1733 2193 1799 Judaei,
2219 1749 2414 1788 omnes
2427 1741 2608 1788 tamen
2631 1739 3000 1804 peccaverunt
3019 1738 3074 1786 et
3103 1740 3268 1805 egent
3288 1730 3463 1805 gloria
3485 1729 3603 1796 Dei,

1996 1823 2070 1878 ita
2096 1831 2157 1879 ut
2184 1840 2414 1880 necesse
2445 1826 2516 1880 sit
2553 1825 2815 1880 omnibus
2839 1823 3129 1891 iustificari
3160 1823 3329 1894 gratis
3355 1838 3455 1892 per
3481 1837 3606 1892 gra-

1995 1913 2126 1966 tiam
2155 1913 2350 1983 ipsius,
2379 1931 2409 1968 a
2439 1929 2548 1986 quo
2595 1911 2982 1981 justiﬁcandus
3032 1918 3114 1966 est
3143 1911 3367 1981 impius,
3395 1916 3448 1964 et
3485 1909 3607 1982 glo-

1999 1998 2302 2056 riﬁcandus
2339 2009 2422 2057 est
2453 2002 2594 2072 pius.
2639 2001 2792 2054 Unde
2831 2000 3098 2054 orandum
3129 2005 3212 2052 est
3242 1997 3400 2052 nobis
3425 2005 3482 2052 ut
3509 1999 3610 2052 tua:

1995 2107 2144 2159 vera,
2183 2107 2303 2162 quae
2329 2095 2609 2148 illuminat
2660 2106 2872 2148 omnem
2917 2092 3183 2145 hominem
3212 2092 3513 2143 venientem
3550 2091 3610 2142 in

1999 2185 2146 2238 hunc
2168 2185 2439 2238 mundum
2469 2186 2645 2252 (Joan.
2677 2199 2806 2248 xvn,
2836 2181 3048 2237 Judaici
3083 2180 3267 2235 cordis
3299 2180 3372 2233 ita
3409 2180 3604 2252 digne-

2001 2285 2089 2333 tur
2114 2278 2429 2332 illuminare
2483 2277 2842 2348 profundum,
2875 2285 2935 2331 ut
2983 2275 3148 2331 etiam
3178 2275 3285 2346 ipsi
3318 2274 3605 2328 nobiscum

1999 2369 2068 2423 ab
2109 2370 2302 2424 eadem
2345 2377 2662 2424 mereantur
2715 2369 2838 2425 luce
2886 2369 3164 2439 perfundi,
3206 2368 3274 2421 de
3315 2383 3421 2438 qua
3473 2365 3610 2420 scri-

1999 2465 2146 2528 ptum
2179 2465 2294 2514 est:
2325 2464 2433 2528 Ego
2457 2476 2582 2515 sum
2629 2462 2728 2514 tua:
2750 2461 2945 2515 mundi
2971 2461 3145 2528 (Joan.
3186 2460 3278 2525 ιχ).

2071 2549 2194 2603 Haec
2223 2556 2306 2604 est
2363 2551 2529 2623 igitur
2568 2549 2659 2604 illa
2702 2551 2792 2604 lux
2823 2567 2922 2620 per
2950 2566 3114 2621 quam
3160 2549 3256 2604 Dei
3289 2549 3458 2604 Filius
3489 2555 3603 2604 tra—

1996 2641 2136 2694 hens
2161 2641 2349 2696 omnia
2379 2658 2569 2697 secum
2605 2641 2657 2696 in
2689 2659 2782 2696 ara
2811 2641 3010 2705 crucis,
3037 2642 3414 2717 evangelicum
3452 2641 3604 2696 illum

1992 2727 2400 2785 illuminaverat
2428 2747 2655 2798 caecum,
2688 2731 2782 2802 qui
2815 2731 2972 2798 juxta
3020 2730 3160 2784 viam
3194 2729 3322 2784 fidei
3357 2745 3606 2801 pr0pen-

1990 2817 2106 2871 sius
2161 2818 2475 2888 imprecans
2531 2819 2762 2893 gloriam
2821 2819 2947 2874 Dei:
3007 2822 3126 2886 Fili,
3169 2818 3371 2890 inquit,
3421 2819 3607 2885 David,

1989 2910 2244 2964 miserere
2277 2913 2388 2965 mei
2415 2910 2628 2980 (Matth.
2660 2925 2715 2975 x,
2757 2914 2882 2965 Luc.
2912 2909 3088 2979 xvm).
3133 2909 3210 2962 Ad
3237 2909 3342 2962 hoc
3373 2922 3611 2978 namque

1995 3018 2094 3072 per
2130 3010 2363 3057 mortem
2424 3003 2602 3056 crucis
2653 2999 2970 3058 mortiﬁcari
3011 3001 3184 3056 voluit
3219 3015 3448 3072 granum
3495 2999 3611 3052 fru-

1992 3089 2186 3156 menti,
2220 3097 2279 3144 ut
2308 3091 2400 3144 lux
2429 3091 2672 3146 caelestis
2720 3091 3069 3146 illucesceret
3125 3090 3275 3146 omni
3337 3088 3606 3155 credenti,

1991 3181 2120 3251 quia
2149 3181 2290 3236 sicut
2317 3183 2580 3238 omnibus
2607 3193 2818 3246 notum,
2878 3183 3039 3238 etiam
3081 3182 3342 3237 omnibus
3372 3189 3454 3235 est
3480 3180 3604 3252 pla-

1991 3284 2145 3335 num,
2179 3270 2234 3323 in
2261 3270 2460 3324 eodem
2487 3287 2634 3326 caeco
2681 3287 2860 3344 genus
2891 3271 3224 3326 illuminavit
3278 3270 3600 3322 humanum.

1989 3361 2134 3415 Deus
2187 3377 2425 3432 namque
2457 3362 2635 3416 lucem
2687 3379 2841 3417 suam
2887 3363 3086 3417 bifaria
3133 3361 3345 3416 ratione
3395 3359 3606 3428 divisit,

1990 3455 2122 3508 dum
2176 3455 2357 3509 eidem
2409 3470 2556 3510 caeco
2585 3455 2695 3510 duo
2746 3457 2956 3510 lumina
3022 3455 3286 3521 reddidit,
3341 3453 3436 3524 qui
3491 3453 3603 3506 duo

1989 3543 2194 3607 amisit,
2235 3544 2366 3614 quia
2391 3543 2435 3598 si
2471 3543 2752 3615 duplicem
2782 3544 3033 3600 sanitatis
3061 3546 3183 3608 ejus
3209 3542 3438 3613 gratiam
3474 3556 3608 3596 con-

1993 3631 2306 3687 sideremus
2344 3633 2578 3702 intente,
2623 3649 2723 3703 per
2748 3633 3070 3704 mysterium
3110 3632 3291 3686 crucis
3333 3631 3516 3684 lumen
3548 3629 3602 3683 in

1994 3741 2248 3796 corpore,
2283 3732 2338 3781 et
2383 3727 2570 3782 lumen
2603 3727 2815 3797 recepit
2844 3727 2898 3780 in
2933 3735 3136 3781 mente.
3182 3724 3335 3780 Unde
3365 3723 3412 3778 si
3442 3723 3606 3778 volu-

1995 3831 2118 3870 mus
2143 3826 2200 3870 ιιι
2221 3833 2345 3872 cum
2378 3818 2573 3872 eodem
2607 3833 2753 3873 caeco
2784 3818 2920 3872 lucis
2960 3825 3179 3872 aeternae
3203 3830 3610 3886 consequamur

1999 3909 2251 3980 gratiam,
2283 3924 2382 3980 pro
2421 3926 2528 3980 qua
2559 3909 2824 3964 Dominus
2866 3909 2934 3964 ad
2975 3925 3129 3964 cum:
3170 3909 3304 3972 Quid
3355 3907 3470 3972 tibi,
3513 3905 3608 3958 in-
3651 3949 3654 3956 .

2001 3998 2143 4068 quit,
2169 4001 2248 4053 vis
2285 4000 2529 4066 faciam?
2565 4002 2706 4068 (Luc.
2745 4000 2920 4070 xvm.)
2951 3999 3176 4070 dignum
3231 4003 3313 4050 est
3342 4007 3402 4050 ut
3433 4011 3606 4049 unus-

2001 4087 2234 4159 quisque
2271 4097 2519 4144 nostrum
2575 4105 2697 4144 cum
2747 4105 2814 4144 eo
2870 4089 3073 4160 saepius
3112 4086 3417 4142 orationem
3470 4085 3612 4140 hanc

2000 4177 2148 4232 dicat
2186 4177 2460 4250 exiguam,
2509 4195 2671 4250 quam
2735 4178 2855 4248 ipse
2924 4177 3208 4248 respondit
3248 4176 3318 4240 ei,
3379 4175 3606 4228 dicens:

1992 4271 2229 4334 Domine,
2271 4275 2333 4323 ut
2383 4269 2594 4324 videam
2629 4269 2823 4339 (ibid.).
2867 4268 3121 4338 Alioquin
3166 4265 3339 4320 turba:
3389 4264 3604 4334 cogita-

278 4364 407 4418 tiam
453 4365 547 4418 Dei
578 4365 911 4436 recipiamus
941 4365 998 4420 in
1029 4383 1251 4433 vanum,
1281 4383 1392 4439 quo
1444 4385 1541 4440 pro
1579 4347 2226 4425 littera—isttionum,
2280 4374 2404 4429 qua:
2468 4357 2632 4412 nobis
2684 4357 2844 4433 bona;
2900 4355 3196 4412 voluntatis
3255 4353 3606 4408 seminariam

278 4465 524 4529 quuntur
551 4459 826 4530 spiritum,
860 4470 914 4516 et
941 4477 1041 4531 pro
1082 4462 1240 4532 palea
1266 4479 1519 4532 granum.
1551 4464 1766 4519 Certum
1803 4471 1892 4518 est

276 4547 424 4601 enim
457 4549 608 4618 quia,
653 4549 796 4604 sicut
833 4551 902 4604 ad
933 4552 1382 4624 cognoscendum
1433 4553 1609 4624 legem
1643 4571 1806 4608 unam
1836 4561 1890 4608 et

277 4639 460 4706 aliam,
481 4638 766 4695 Christiani
789 4657 1020 4713 granum
1048 4651 1102 4698 et
1121 4643 1299 4698 Judtei
1321 4651 1628 4714 sequuntur
1653 4646 1889 4715 paleam,

276 4727 358 4780 sic
387 4734 623 4798 utraque
655 4729 742 4781 lex
793 4729 889 4784 uni
918 4732 1126 4801 popqu
1171 4733 1417 4804 loquitur
1464 4740 1519 4786 et
1555 4735 1710 4788 alteri
1743 4734 1888 4800 silet,

279 4813 408 4868 dum
439 4830 540 4885 pro
567 4815 973 4872 intuendaluce
1015 4819 1285 4876 Creatoris
1325 4837 1468 4876 unus
1495 4831 1582 4876 cst
1609 4837 1810 4889 caecus,
1837 4831 1892 4877 et

280 4906 419 4960 alius
444 4906 615 4960 videt.
648 4906 996 4964 Credendum
1037 4919 1121 4966 est
1159 4927 1293 4966 sane
1329 4912 1461 4983 quia
1511 4913 1656 4967 sicut
1686 4914 1894 4968 electo-

281 5013 396 5051 rum
433 4999 522 5052 lux
551 4998 856 5054 tentatione
887 5015 998 5055 non
1026 5003 1414 5076 exstinguitur,
1444 5004 1542 5058 sed
1567 5003 1890 5069 illustratur,

283 5088 358 5142 ita
388 5089 603 5143 caecitas
623 5089 938 5145 Jndieorum
967 5109 1144 5164 usque
1166 5095 1233 5147 ad
1264 5110 1547 5164 vesperam
1575 5095 1766 5150 mundi
1795 5111 1890 5151 se-

281 5178 567 5232 nescentis
613 5179 812 5233 durare
863 5180 1147 5250 probatur,
1177 5191 1452 5254 quatenus
1499 5185 1791 5240 Christiani
1835 5192 1890 5240 et

276 5266 452 5322 Judaei
483 5269 624 5324 duos
675 5269 915 5340 populos
965 5287 1090 5326 esse
1120 5289 1180 5326 se
1219 5273 1394 5328 sciant
1420 5275 1490 5328 de
1521 5274 1728 5345 quibus
1752 5276 1890 5330 scri-

279 5366 426 5428 ptum
460 5369 570 5414 est:
601 5363 702 5424 Qui
751 5376 862 5417 non
888 5363 1089 5431 vident,
1147 5366 1386 5432 videant,
1439 5373 1490 5420 et
1541 5371 1636 5435 qui
1684 5368 1885 5436 vident,

275 5454 400 5504 cwci
427 5452 570 5516 ﬁant
607 5455 782 5518 (Joun.
818 5453 910 5524 Ix).
954 5454 1106 5510 Sicut
1155 5457 1302 5510 enim
1352 5457 1641 5513 Christiani
1699 5467 1886 5529 typum

277 5543 493 5598 illorum
544 5561 718 5617 usque
781 5547 946 5603 hodie
985 5560 1206 5618 gerunt,
1252 5552 1322 5606 de
1381 5552 1582 5624 quibus
1649 5552 1883 5608 dicitur:

277 5638 424 5690 Beati
459 5638 554 5704 qui
601 5652 714 5692 non
757 5639 1031 5708 viderunt,
1069 5647 1122 5696 et
1167 5643 1509 5699 crediderunt
1547 5646 1726 5713 (Joan.
1773 5643 1886 5716 xx),

1991 4452 2243 4516 demunt,
2277 4468 2399 4506 cum
2431 4453 2626 4507 eodem
2683 4468 2828 4507 caeco
2858 4467 3047 4506 vocem
3106 4457 3306 4504 nostrae
3338 4448 3607 4517 depreca-

1991 4541 2158 4596 tionis
2193 4549 2475 4611 premunt,
2509 4541 2613 4596 nisi
2647 4543 3028 4612 phantasmata
3052 4539 3308 4593 vitiorum
3350 4553 3471 4609 quae
3525 4536 3606 4591 fc-

1992 4633 2170 4688 cimus
2189 4633 2259 4687 ab
2289 4633 2468 4688 oculis
2497 4633 2745 4688 cordium
2776 4632 3016 4687 assiduis
3060 4631 3394 4702 repellamus
3425 4627 3607 4700 preci-

1993 4722 2114 4776 bus.
2147 4721 2250 4776 Per
2292 4723 2398 4776 hoc
2419 4729 2600 4776 autem
2631 4723 2782 4792 quod
2821 4737 3002 4776 caecus
3043 4722 3146 4776 iste
3168 4722 3322 4790 juxta
3379 4719 3519 4774 viam
3552 4727 3609 4774 et

1994 4828 2104 4868 non
2137 4813 2192 4866 in
2215 4814 2306 4868 via
2324 4813 2575 4880 sedebat,
2608 4813 3031 4883 imperfectioris
3075 4813 3255 4870 adhuc
3284 4812 3413 4867 fidei
3445 4811 3608 4866 nobis

1993 4906 2304 4974 exemplum
2347 4905 2653 4975 praebebat,
2685 4916 2744 4960 ut
2799 4906 3182 4978 unusquisque
3223 4913 3468 4961 nostrum
3510 4919 3608 4973 per

1996 4991 2475 5050 mortiﬁcationem
2529 4993 2713 5070 carnis
2762 5009 2858 5050 cor
2895 5010 3054 5049 suum
3103 4995 3174 5048 ita
3217 5009 3438 5062 semper
3465 4989 3607 5045 afﬂi-

1991 5095 2104 5158 gat,
2135 5095 2198 5143 ut
2250 5089 2304 5143 in
2358 5088 2590 5143 veritate
2620 5089 2752 5144 boni
2784 5089 2969 5160 cperis
3007 5103 3254 5162 gressum
3301 5086 3452 5160 ﬁgat.
3499 5083 3606 5138 Sed

1995 5180 2100 5236 hoc
2128 5179 2246 5235 ﬁeri
2287 5195 2398 5236 non
2431 5187 2631 5251 potest,
2667 5181 2772 5235 nisi
2813 5197 2918 5236 nox
2951 5180 3064 5245 illa,
3125 5194 3290 5250 quam
3321 5175 3608 5252 originalis

1993 5275 2202 5346 peccati
2232 5274 2504 5330 morosior
2532 5275 2586 5328 in
2616 5275 2778 5330 nobis
2809 5283 3154 5330 contraxerat
3182 5274 3332 5334 hora,
3371 5272 3443 5326 ab
3474 5287 3610 5326 ocu-

1993 5370 2059 5422 lis
2089 5369 2290 5424 nostris
2317 5383 2473 5423 novze
2497 5367 2634 5422 lucis
2659 5368 2981 5423 discutiatur
3010 5382 3225 5433 aurora,
3261 5374 3340 5433 ut,
3366 5364 3609 5420 resoluta

1992 5465 2044 5518 in
2089 5463 2251 5518 nobis
2303 5463 2474 5517 totius
2511 5461 2764 5516 czecitate
2791 5460 3070 5536 caliginis,
3109 5460 3166 5514 in
3197 5475 3392 5515 novam
3425 5459 3606 5514 lucem

1987 5555 2156 5610 decor
2175 5553 2416 5623 antiquae
2445 5551 2776 5606 reformetur
2806 5550 3059 5624 originis.
3093 5549 3261 5606 Aliter
3290 5550 3496 5623 quippe
3527 5549 3606 5604 nil

1989 5642 2152 5699 nobis
2199 5639 2413 5713 proﬁcit
2465 5639 2616 5712 quod
2644 5639 2808 5694 Jesus
2876 5639 2932 5694 in
2991 5639 3188 5695 eodem
3247 5655 3392 5696 caeco
3422 5640 3602 5694 lucem
