3920 6054
208 758 211 763 !
301 706 432 743 nare
483 689 758 763 dignetur.
830 692 953 761 lpse
1006 691 1152 744 enim
1219 691 1314 762 qui
1367 706 1463 761 per
1511 691 1911 745 humanitatem

295 205 398 257 987
1277 200 1643 256 BERENGOSI
1686 202 1961 256 ABBATIS
2001 202 2054 254 S.
2099 200 2340 255 MAXlMl
2377 199 2637 254 TREVIR.
3516 193 3666 249 988

297 325 554 379 amissam
597 325 887 393 reparavit,
947 324 1166 395 quando
1224 340 1414 380 vocem
1469 325 1735 380 caecitatis
1784 325 1905 392 ejus
1933 336 1981 396 Α
2009 325 2121 395 (Ps.
2146 328 2260 392 cu).
2288 325 2377 378 Sic
2409 323 2575 394 igitur
2609 322 2845 393 repulsis
2871 322 2940 375 ab
3002 320 3195 374 eadem
3228 335 3366 374 nave
3421 319 3686 374 cunctis

299 416 572 470 transiens
607 416 815 470 audivit
860 422 1085 470 etstans
1115 416 1477 470 illuminavit:
1535 416 1639 471 nisi
1663 416 1778 481 ille,
1811 416 1907 488 qui
2013 417 2317 471 lueresibus
2344 422 2399 470 et
2437 413 2836 481 lueresiarchis,
2870 413 3046 483 primo
3085 418 3313 467 tractare
3358 411 3674 465 debemus

298 524 459 561 renes
488 517 541 560 et
570 496 737 561 corda
766 507 916 562 solus
948 507 1211 573 intuetur,
1242 508 1439 562 eodem
1471 507 1633 562 modo
1697 508 1909 563 cascita-
2012 513 2081 567 de
2106 511 2295 581 justis,
2330 511 2534 565 deinde
2563 510 2634 564 de
2686 508 2912 581 regibus
2940 514 2997 561 et
3026 506 3385 577 patriarchis:
3446 521 3681 576 quam-

297 606 404 652 tem
453 610 691 653 nostram
721 599 1055 654 transeundo
1102 599 1315 665 audire,
1365 606 1419 654 et
1473 599 1670 654 stando
1702 598 1911 654 illumi-
2013 601 2094 655 vis
2135 600 2456 671 priusquam
2502 599 2636 653 hinc
2664 598 2731 651 de
2772 595 3098 668 patriarchis
3137 594 3527 664 perveniamus
3571 593 3669 646 ad

2016 690 2332 760 prophetas,
2381 703 2491 743 non
2541 703 2705 741 unam
2733 694 2825 741 aut
2855 686 3012 749 duas,
3053 683 3151 738 sed
3200 682 3385 751 plures
3429 679 3664 734 vidca—

2014 796 2137 835 mur
2163 781 2368 835 habere
2396 779 2618 845 diaetas;
2654 789 2714 833 et
2759 777 2888 832 ideo
2929 790 3161 830 necesse
3207 780 3292 829 est
3315 778 3375 826 ut
3402 771 3499 843 qui
3529 788 3665 842 pa-

2017 875 2268 931 triarchis
2299 885 2353 929 et
2384 874 2668 945 prophetis
2697 873 2907 947 regiam
2946 870 3087 925 viam
3120 870 3248 925 olim
3294 866 3670 940 dignabatur

2016 963 2331 1023 ostendere.
2364 962 2728 1042 nobis,etiam
2758 962 2815 1016 in
2848 962 2954 1015 hoc
2987 958 3186 1014 itinere
3212 958 3455 1012 dextram
3478 970 3669 1009 suam

2019 1050 2279 1122 dignetur
2304 1050 2667 1121 praetendere,
2707 1049 2971 1120 quoniam
3013 1046 3264 1101 navicula
3303 1045 3506 1099 mentis
3542 1058 3679 1097 no-

2017 1149 2141 1195 stra:
2200 1150 2333 1198 tunc
2381 1158 2509 1196 vere
2553 1142 2738 1196 divina
2778 1139 2989 1213 regitur
3034 1139 3244 1205 dextra,
3289 1137 3333 1190 si
3373 1134 3679 1189 bitumine

2022 1214 2303 1285 charitatis
2342 1230 2490 1286 intus
2523 1229 2773 1284 ﬁrmetur
2819 1234 2873 1283 et
2913 1234 3086 1281 extra.
3134 1225 3241 1279 Sed
3285 1222 3553 1295 quoniam
3600 1220 3671 1274 in

2025 1318 2146 1373 navi
2179 1318 2431 1374 Ecclesia).
2490 1318 2689 1373 frustra
2723 1318 2835 1386 jam
2891 1315 3144 1371 videmur
3174 1309 3479 1372 immorari,
3532 1307 3670 1361 nisi

2024 1427 2145 1466 cum
2179 1411 2424 1482 antiquis
2447 1411 2699 1465 Patribus
2730 1426 2760 1464 a
2800 1408 2986 1463 divina
3016 1406 3138 1461 luce
3170 1418 3485 1459 mereamur
3518 1400 3669 1454 illu-

2025 1501 2207 1565 strari,
2248 1501 2515 1555 orandum
2585 1507 2667 1554 est
2726 1500 2779 1551 in
2832 1498 2937 1552 hoc
2984 1502 3215 1549 tractatu
3252 1492 3497 1562 seipsum
3542 1504 3676 1543 no—

313 1594 611 1664 postulare,
642 1596 737 1649 sed
772 1597 970 1651 lucem.
994 1597 1048 1650 Si
1083 1597 1231 1651 enim
1285 1599 1452 1653 corda
1497 1609 1684 1654 nostra
1728 1600 1920 1654 eadem
1954 1638 1996 1664 ,τ
2027 1595 2115 1650 bis
2140 1595 2271 1651 velit
2290 1595 2589 1651 ostendere
2620 1595 2838 1659 ducem,
2870 1591 2963 1663 qui
2992 1591 3063 1645 de
3090 1588 3276 1658 seipso
3304 1585 3611 1656 discipulis
3658 1603 3670 1636 ε

314 1684 400 1736 lux
446 1683 750 1738 divinitatis
806 1684 1064 1751 illustrat,
1106 1702 1270 1756 quam
1304 1702 1405 1741 nec
1444 1686 1660 1740 initium
1712 1687 1923 1754 dilatat,
1952 1682 2000 1705 ”
2029 1697 2166 1746 Dum
2214 1692 2408 1756 lucem,
2451 1689 2646 1760 inquit,
2675 1688 2877 1743 habetis
2914 1687 3112 1742 credite
3141 1688 3202 1739 in
3226 1685 3400 1738 lucem
3441 1682 3672 1750 (Joan..

314 1787 415 1826 nec
454 1774 581 1826 bnis
637 1782 907 1845 angustat,
951 1790 1175 1830 necesse
1234 1786 1318 1830 est
1374 1785 1433 1830 ut
1472 1776 1540 1830 ab
1566 1776 1758 1831 eadem
1807 1774 1964 1828 luce-
2031 1787 2147 1853 χιι),

315 1861 615 1932 quaerenda
667 1865 1114 1932 praetereuntium
1173 1864 1573 1921 diemoniorum
1628 1864 1792 1918 nullis
1820 1880 1920 1918 un-

315 1970 479 2026 quam
512 1972 796 2011 arceamur
835 1958 1023 2025 minis,
1064 1960 1220 2028 cujus
1256 1960 1498 2031 profecto
1530 1960 1668 2014 fides
1708 1959 1924 2013 initium

317 2051 399 2098 est
426 2051 479 2097 et
504 2045 755 2115 Operatio
791 2045 933 2100 linis.
970 2047 1031 2101 Et
1056 2048 1186 2118 quia
1223 2064 1326 2103 nec
1354 2048 1607 2102 humana:
1638 2047 1798 2102 saluti
1830 2062 1933 2100 nec

317 2135 514 2190 divinae
543 2138 804 2193 convenit
858 2138 1029 2202 laudi,
1072 2148 1130 2193 ut
1172 2156 1202 2193 a
1256 2139 1416 2194 nobis
1452 2140 1545 2194 illa
1595 2141 1682 2193 lux
1733 2138 1940 2193 debeat

320 2222 649 2295 quamqua
683 2225 767 2279 vel
786 2236 1032 2297 tempore
1065 2220 1232 2291 (iniri,
1262 2227 1348 2282 vel
1376 2228 1496 2283 loco
1526 2229 1704 2283 valeat
1735 2227 1942 2289 claudi,

321 2311 547 2384 dignum
579 2323 665 2368 est
695 2324 753 2368 ut
776 2314 922 2369 illam
954 2315 1132 2369 lucem
1161 2316 1282 2369 sine
1313 2315 1722 2371 intermissione
1786 2331 1937 2386 quae-

323 2417 525 2467 ramus,
549 2418 717 2473 quam
742 2418 854 2458 non
887 2419 1009 2457 cum
1040 2403 1263 2472 belluis,
1283 2406 1379 2459 sed
1412 2420 1535 2460 cum
1565 2406 1779 2481 angelis
1794 2420 1937 2461 com-

322 2510 543 2548 munem
580 2495 786 2549 habere
821 2497 1120 2551 valeamus.

395 2585 517 2639 Haec
554 2595 637 2640 est
663 2594 847 2641 autem
884 2589 972 2642 lux
1001 2596 1208 2643 aeterna
1256 2606 1379 2660 qua:
1421 2588 1630 2644 infimis
1657 2590 1829 2645 voluit
1851 2604 1942 2643 so-

322 2674 465 2728 ciare
522 2690 782 2745 superna,
837 2677 1061 2748 quando
1108 2678 1308 2733 divina:
1356 2679 1731 2734 miserationis
1768 2679 1942 2753 gratia

323 2764 498 2830 dives,
555 2782 654 2835 per
714 2768 1030 2838 mysterium
1074 2771 1252 2824 crucis
1301 2770 1528 2844 angelos
1577 2776 1631 2824 ct
1686 2769 1943 2824 homines

303 786 554 844 transrre,
597 787 653 833 et
704 796 800 849 per
839 780 1185 834 divinitatem
1228 780 1395 835 habet
1432 788 1599 848 stare,
1655 782 1910 835 eumdem

302 883 503 921 caecum
534 867 770 921 mirabili
798 869 963 923 modo
982 869 1241 937 dignatus
1266 877 1351 923 est
1378 868 1715 935 illuminare,
1739 885 1915 940 quan-

304 959 373 1011 do
414 957 543 1013 ﬁdei
564 959 736 1027 ipsius
768 960 1043 1030 propriam
1072 976 1261 1015 vocem
1291 961 1347 1013 in
1380 963 1499 1015 haec
1531 961 1699 1015 verba
1727 961 1913 1030 subje-

303 1052 406 1106 cit:
469 1055 620 1120 Vade,
659 1055 787 1118 ﬁdes
842 1061 937 1108 tua
992 1062 1041 1110 te
1093 1057 1306 1110 salvum
1347 1058 1475 1122 fecit
1533 1056 1729 1125 (ibid).
1764 1055 1915 1109 Unde

305 1145 434 1216 quia
470 1162 591 1213 nos,
624 1146 967 1201 dilectissimi
1008 1148 1225 1215 fratres,
1266 1156 1415 1203 tanta
1440 1149 1550 1217 jam
1586 1165 1777 1205 sumus
1814 1165 1912 1220 op-

308 1234 479 1303 pressi
507 1235 772 1298 cmcitate,
804 1242 860 1289 ut
904 1251 1015 1291 non
1043 1237 1219 1291 solum
1254 1237 1385 1291 caeci
1416 1252 1482 1292 ex
1523 1244 1792 1308 tempore,
1819 1238 1919 1292 sed

307 1326 469 1381 etiam
503 1327 630 1380 caeci
675 1327 850 1381 simus
881 1345 911 1381 a
964 1329 1273 1396 nativitate,
1325 1329 1594 1384 orandum
1627 1337 1711 1384 est
1759 1329 1921 1383 nobis

310 1424 367 1470 ut
396 1416 463 1469 ad
498 1426 777 1486 perpetuae
801 1418 938 1473 lucis
967 1419 1266 1474 claritatem
1300 1435 1359 1473 se
1393 1420 1570 1490 ipsum
1600 1420 1763 1475 nobis
1781 1436 1920 1490 prae—

311 1506 433 1560 beat
464 1505 679 1571 duccm,
724 1525 753 1560 a
796 1524 905 1578 quo
939 1509 1081 1562 idem
1140 1524 1316 1563 czecus
1358 1524 1468 1562 non
1524 1526 1715 1563 aurum
1747 1510 1925 1563 voluit

2102 1875 2224 1929 Haec
2237 1875 2565 1947 estergoilla
2590 1874 2679 1929 lux
2694 1890 2817 1946 quae
2834 1874 3071 1943 primum
3087 1878 3369 1943 parentem
3395 1878 3667 1924 nostrum

2030 1968 2196 2021 Adam
2215 1968 2612 2038 protoplastum
2637 1967 2690 2020 in
2705 1983 2796 2020 ara
2826 1966 3003 2021 crucis
3027 1980 3094 2020 ex
3125 1964 3297 2034 impio
3316 1963 3493 2034 pium,
3518 1970 3669 2015 etex

2035 2059 2247 2113 incesto
2274 2058 2479 2114 fecerat
2505 2058 2976 2129 castum,quando
3001 2056 3229 2128 perejus
3245 2053 3673 2126 mysteriisalu-

2043 2148 2175 2203 taris
2187 2146 2440 2203 effectum
2466 2148 2707 2218 antiqua:
2719 2147 2980 2201 claritatis
3001 2146 3058 2200 in
3073 2161 3137 2200 eo
3163 2141 3477 2200 reformavit
3493 2157 3672 2212 aspe-

2045 2247 2212 2294 ctum.
2261 2239 2383 2293 Haec
2412 2245 2495 2293 est
2524 2239 2615 2292 illa
2672 2240 2760 2293 lux
2802 2254 2900 2309 per
2928 2253 3091 2309 quam
3133 2237 3189 2290 in
3230 2236 3350 2306 ipsa
3379 2233 3676 2305 passionis

2047 2330 2345 2386 Dominicae
2384 2330 2474 2384 die
2514 2330 2824 2385 maledictio
2880 2330 2999 2383 Evaa
3031 2336 3243 2383 mutata
3279 2332 3362 2380 est
3419 2322 3675 2378 benedi-

2038 2420 2217 2474 ctione
2244 2418 2459 2483 Mariae;
2517 2419 2739 2490 quando
2770 2419 2837 2471 ad
2866 2416 3290 2488 comparandam
3321 2413 3478 2469 nobis
3516 2411 3675 2465 lucis

2045 2517 2327 2581 perpetuae
2364 2509 2737 2583 margaritam,
2790 2509 2845 2562 in
2887 2508 3146 2579 mysterio
3185 2506 3364 2561 crucis
3393 2519 3557 2574 paena
3606 2501 3666 2555 in

2041 2600 2293 2674 gloriam,
2318 2608 2372 2654 et
2402 2616 2551 2655 mors
2580 2600 2834 2654 transivit
2863 2600 2917 2653 in
2948 2600 3132 2654 vitam.
3167 2598 3291 2651 Haec
3316 2605 3398 2650 est
3435 2594 3532 2647 illa
3561 2593 3666 2646 lux

2044 2708 2142 2762 per
2171 2709 2333 2762 quam
2376 2692 2636 2747 Dominus
2687 2692 2831 2746 Dens
2872 2691 3035 2746 ISrael
3064 2690 3192 2745 olim
3245 2689 3517 2743 illustrare
3556 2701 3667 2740 vo-

2045 2784 2191 2838 lebat
2215 2783 2373 2850 Abel,
2406 2784 2648 2854 quando,
2691 2784 2832 2838 sicut
2864 2783 3059 2857 legifer
3089 2790 3323 2836 testatur
3379 2778 3668 2852 egregius,

325 2859 453 2914 fecit
494 2877 617 2916 esse
646 2864 917 2918 concives.
959 2864 1078 2919 llaec
1109 2873 1193 2919 est
1220 2865 1313 2918 illa
1362 2865 1453 2918 lux
1486 2864 1635 2918 unde
1676 2871 1736 2917 ut
1761 2877 1926 2917 causa

2055 2876 2274 2942 respexit
2330 2877 2585 2928 Dominus
2659 2874 2729 2927 ad
2772 2873 2943 2939 Abel,
3001 2879 3052 2927 et
3106 2872 3177 2925 ad
3258 2885 3489 2923 munera
3541 2871 3671 2935 ejus

326 2953 525 3018 causis,
569 2965 622 3008 et
665 2971 754 3010 res
786 2959 1123 3012 conveniant
1156 2959 1341 3025 rebus,
1384 2957 1653 3028 quosdam
1687 2956 1945 3027 antiquos
1972 3006 2016 3033 ρ
2047 2962 2191 3033 (Gen.
2230 2966 2320 3027 tv).
2370 2961 2490 3015 Haec
2518 2970 2601 3016 est
2630 2962 2723 3015 illa
2762 2962 2845 3015 lux
2882 2977 3004 3031 qua:
3034 2960 3168 3022 Noe,
3201 2958 3296 3029 qui
3328 2960 3530 3026 requies
3562 2955 3666 3009 in-

338 3006 346 3007 κ
490 3006 525 3018 κ,
577 3006 619 3008 --
791 3006 1123 3012 ---ην-ω---
1156 3006 1341 3025 ------,
1389 3006 1653 3028 1---"---
1690 3006 1942 3027 ηψπ-ν-
2048 3006 2191 3033 νη...
2230 3006 2320 3027 ..,-
2371 3006 2489 3015 mw
2521 3006 2601 3016 νυ.
2632 3006 2723 3015 .....
2762 3006 2844 3015 η..
2896 3006 3004 3031 ,ην
3034 3006 3168 3022 -.--,
3205 3006 3296 3029 γ-

331 3044 517 3099 Patres
559 3046 648 3100 hic
698 3047 1048 3103 introducere
1100 3048 1391 3113 debemus,
1435 3058 1707 3120 quatenus
1763 3063 1946 3103 sermo
1970 3006 2019 3074 Β
2048 3059 2402 3123 terpretatur,
2432 3053 2629 3117 illuxit,
2662 3052 2885 3124 quando
2918 3052 2986 3105 de
3019 3051 3185 3126 lignis
3224 3048 3674 3120 imputribilibus

331 3145 517 3190 noster
546 3152 613 3191 eo
635 3138 947 3193 consultius
978 3141 1047 3194 ad
1079 3139 1241 3194 ﬁnem
1275 3140 1452 3211 possit
1474 3141 1697 3195 evolare
1727 3156 1827 3210 per
1841 3154 1948 3194 οδε-
2048 3158 2226 3198 arcam
2248 3141 2302 3195 in
2329 3149 2515 3212 typum
2544 3142 2797 3196 Ecclesiae
2820 3139 3146 3202 construxit,
3167 3136 3424 3208 baptismi
3451 3136 3675 3190 scilicet

332 3233 445 3280 tera
475 3242 584 3297 quo
616 3228 705 3282 lux
737 3228 1031 3285 invisibilis
1051 3231 1119 3285 ad
1148 3231 1254 3286 hoc
1282 3231 1443 3286 nobis
1471 3230 1676 3302 profert
1714 3230 1781 3284 de
1814 3231 1942 3283 the-
2048 3232 2301 3287 salutaris
2339 3248 2401 3287 ac
2463 3230 2751 3285 Domicicaa
2808 3229 2989 3284 crucis
3042 3228 3202 3282 nobis
3250 3227 3551 3298 praeferens
3587 3226 3676 3279 si-

330 3334 492 3372 sauro
524 3336 624 3374 suo
648 3337 788 3377 nova
819 3332 874 3377 et
904 3331 1109 3378 vetera.
1158 3324 1294 3390 Quia
1324 3325 1472 3379 enim
1508 3324 1595 3378 lux
1643 3324 1947 3378 divinitatis
2046 3340 2237 3398 gnum,
2261 3323 2390 3377 dum
2418 3338 2477 3378 se
2508 3337 2750 3392 suosque
2770 3336 2868 3391 per
2892 3317 3401 3391 aquamsalvavitet
3425 3315 3665 3387 lignum.

331 3414 435 3460 tam
470 3407 606 3462 mira
624 3411 885 3480 probatur
931 3419 986 3466 et
1015 3420 1223 3480 sancta,
1273 3422 1335 3467 ut
1374 3413 1525 3467 nulla
1566 3428 1792 3483 prorsus
1821 3411 1946 3466 talis
2051 3412 2174 3466 Haec
2205 3419 2288 3466 est
2314 3411 2406 3465 illa
2437 3410 2526 3465 lux
2558 3426 2657 3481 per
2692 3425 2854 3479 quam
2889 3408 3034 3463 idem
3090 3407 3202 3462 Noe
3246 3405 3547 3460 illustratus
3576 3413 3671 3458 est

331 3498 580 3553 videatur
608 3509 701 3555 aut
730 3508 897 3569 tanta,
927 3502 1156 3577 dignum
1199 3510 1281 3558 est
1312 3513 1370 3557 ut
1420 3505 1718 3558 humanum
1751 3503 1802 3558 ei
1832 3518 1944 3557 non
2049 3500 2358 3574 figurative,
2400 3500 2625 3570 quando
2656 3498 2908 3553 columba
2947 3496 3051 3551 sibi
3113 3510 3321 3549 ramum
3380 3491 3672 3547 deferebat

333 3586 539 3643 debeat
605 3590 798 3645 deesse
848 3593 1208 3661 praeconium,
1287 3609 1409 3664 quae
1452 3594 1835 3665 propheticum
1893 3599 1949 3648 et
2050 3596 2228 3657 olivae.
2262 3595 2441 3665 typice
2467 3593 2679 3649 scilicet
2706 3593 3005 3667 designans
3035 3590 3182 3662 quod
3233 3588 3490 3642 virtutum
3526 3603 3666 3657 pen-

334 3680 712 3753 cvangclicum
738 3684 877 3737 solet
903 3685 1104 3740 habere
1126 3685 1527 3740 testimonium.
1549 3686 1654 3740 Sed
1688 3686 1947 3756 quoniam
2051 3686 2138 3739 nis
2170 3685 2356 3740 nullus
2386 3685 2604 3739 evolare
2634 3684 2778 3738 valet
2807 3684 2876 3738 ab
2917 3683 3044 3737 imis
3081 3682 3151 3737 ad
3190 3696 3425 3744 summa,
3472 3679 3575 3733 nisi
3610 3680 3668 3734 in

333 3769 569 3841 geminae
594 3771 815 3827 dilectio
844 3774 1127 3829 charitatis
1168 3776 1421 3845 personis
1454 3775 1753 3846 deputatur
1774 3775 1951 3850 gemi-
2051 3790 2230 3829 arcam
2249 3774 2508 3829 Ecclesia;
2540 3773 2672 3827 boni
2701 3772 2886 3843 operis
2912 3787 3122 3826 ramum
3147 3771 3364 3825 studeat
3384 3776 3672 3839 reportare

335 3855 446 3921 nis,
475 3868 798 3928 competens
826 3871 909 3915 est
938 3870 996 3916 ut
1047 3864 1102 3916 in
1138 3864 1240 3918 hac
1266 3863 1505 3918 lectione
1538 3863 1760 3919 feminae
1792 3864 1947 3931 viris,
1989 3872 1996 3878 '
2052 3878 2176 3917 cum
2219 3862 2478 3917 columba
2533 3862 2654 3917 Haec
2693 3871 2778 3915 est
2818 3860 2911 3915 illa
2942 3861 3031 3915 lux
3070 3876 3179 3930 qua
3219 3859 3363 3912 idem
3405 3858 3516 3913 Noe
3547 3857 3675 3912 illu-

336 3953 391 4001 et
420 3948 520 4001 viri
562 3949 877 4006 adunentur
925 3953 1166 4021 feminis,
1204 3955 1335 4027 quia
1377 3955 1585 4025 justum
1619 3965 1703 4011 est
1750 3967 1809 4011 ut
1865 3958 1949 4011 lex
2051 3964 2253 4011 stratus
2284 3964 2388 4022 est,
2431 3957 2651 4028 quando
2704 3957 2772 4010 de
2816 3955 2964 4021 vino,
3014 3954 3161 4026 quod
3208 3954 3327 4024 ipse
3382 3952 3670 4023 plantavit,

326 4040 543 4091 ’arterna
583 4040 956 4096 testimonium
982 4044 1229 4099 habeata
1260 4046 1399 4100 virili
1432 4063 1565 4102 sexu
1602 4056 1656 4102 et
1682 4047 1948 4118 femineo,
2055 4048 2361 4103 inebriatus
2391 4060 2496 4112 est,
2528 4046 2849 4120 significans
2893 4047 3154 4102 videlicet
3182 4045 3329 4117 quod
3375 4043 3514 4100 calix
3561 4044 3672 4098 Do-

338 4139 461 4193 quae
486 4125 539 4178 in
567 4129 828 4197 mysterio
859 4132 1036 4187 crucis
1069 4141 1368 4205 utrumque
1408 4152 1440 4190 a
1479 4136 1752 4192 diabolico
1781 4138 1954 4193 voluit
2055 4138 2275 4192 minicae
2305 4138 2574 4208 passionis
2599 4136 2858 4192 ﬁdelibus
2887 4137 3070 4191 suavis
3114 4144 3170 4189 et
3206 4134 3413 4190 Judaais
3443 4150 3671 4187 amarus

342 4213 579 4271 liberare
608 4217 874 4288 dominio,
916 4229 1112 4279 etnon
1170 4225 1445 4281 immerito
1494 4226 1719 4297 quidem
1766 4228 1954 4284 lumen
2057 4238 2167 4294 est;
2202 4229 2272 4283 de
2304 4245 2414 4300 quo
2446 4244 2627 4285 sermo
2669 4229 3059 4300 propheticus;
3092 4230 3264 4293 Catia),
3301 4225 3670 4296 inquit,meus

345 4316 612 4366 mternum
641 4329 671 4366 a
701 4315 833 4370 viris
872 4325 927 4371 et
983 4317 1204 4373 feminis
1255 4320 1421 4376 debet
1458 4321 1663 4376 habere
1693 4322 1946 4395 gloriam,
1979 4309 2027 4376 D
2054 4319 2332 4373 inebrians
2370 4335 2535 4388 quam
2567 4320 2863 4388 prwclarus
2888 4317 2997 4374 estl
3048 4318 3208 4386 (Psal.
3239 4316 3398 4385 χχιι.)
3438 4316 3559 4370 Haec
3583 4324 3671 4371 est

345 4404 490 4472 quod
522 4405 595 4459 in‘
622 4416 854 4480 utroque
910 4426 1042 4465 sexu
1072 4403 1226 4466 suam
1268 4412 1441 4468 voluit
1472 4422 1801 4485 perpetuare
1834 4432 1955 4470 me-
2060 4412 2154 4467 illa
2184 4412 2273 4466 lux
2307 4428 2406 4483 per
2436 4429 2599 4484 quam
2630 4414 2754 4468 Sem
2785 4421 2837 4468 et
2884 4414 3116 4484 Japheth
3151 4412 3410 4468 illustrari
3440 4428 3662 4466 merue—

349 4499 599 4565 moriam,
633 4501 761 4557 dum
794 4520 933 4575 quos
971 4506 1144 4561 virtus
1197 4507 1470 4564 conditori
1524 4509 1651 4562 olim
1704 4508 1959 4564 formavit
2062 4511 2206 4567 runt,
2242 4503 2464 4573 quando
2494 4520 2559 4557 ex
2599 4504 2828 4558 adverso
2858 4504 3149 4558 venientes
3190 4503 3359 4574 patris
3382 4502 3466 4557 sui
3495 4501 3675 4559 virilia

348 4595 413 4650 ad
465 4596 655 4675 vitam,
713 4599 805 4653 lux
861 4601 1165 4658 divinitatis
1232 4603 1522 4658 illustravit
1581 4605 1648 4659 ad
1706 4605 1953 4678 gratiam,
2064 4602 2341 4662 texerunt,
2392 4594 2768 4670 signiﬁcantes
2807 4597 3065 4651 videlicet
3091 4605 3150 4651 ut
3180 4611 3282 4651 nos
3310 4595 3382 4650 ad
3413 4595 3667 4653 eumdem

351 4683 502 4737 Unde
525 4687 785 4755 quoniam
818 4690 907 4745 hic
935 4692 1190 4747 volumus
1226 4693 1579 4764 antiquorum
1608 4693 1826 4747 Patrum
1861 4709 1960 4747 ne-
2063 4686 2285 4741 modum
2315 4685 2607 4741 virtutibus
2646 4685 2839 4740 faciem
2881 4696 2935 4740 et
2963 4685 3112 4739 vitiis
3142 4684 3487 4755 praebeamus
3535 4683 3669 4739 dor-

346 4779 766 4850 gotiatractare,
806 4783 1031 4855 dignum
1058 4793 1139 4841 est
1170 4794 1227 4841 ut
1269 4787 1580 4842 naviculam
1632 4786 1834 4840 mentis
1862 4803 1926 4842 no

2061 4794 2206 4845 sum,
2238 4793 2348 4849 quo
2387 4777 2623 4865 ipsi'pro
2653 4779 3002 4852 contegenda
3029 4777 3367 4833 verecundia
3391 4775 3556 4847 patris
3582 4776 3672 4830 in-

351 4877 445 4923 tra-‘e
489 4871 673 4927 lumen
705 4883 969 4931 aeternum
1031 4879 1351 4932 studeamus
1385 4877 1642 4942 invitare,
1674 4878 1805 4948 quia
1834 4894 1960 4931 san-
2062 4885 2280 4925 cessere
2338 4879 2656 4925 retrorsum.
2708 4871 2831 4926 llaec
2879 4878 2962 4925 est
3017 4870 3109 4924 illa
3154 4871 3243 4924 lux
3284 4885 3406 4940 qua:
3450 4868 3671 4923 Melchi-

348 4965 555 5015 ctarum
603 4963 1004 5033 Scripturarum
1056 4966 1223 5020 remis
1266 4981 1333 5020 eo
1384 4965 1684 5021 studiosius
1717 4967 1828 5037 jam
1882 4966 1959 5020 in-
2063 4960 2268 5016 sedcch
2298 4960 2603 5015 sacerdotis
2632 4960 2763 5016 olim
2798 4961 3049 5015 illuxerat
3086 4958 3283 5024 menti,
3323 4958 3541 5030 quando
3573 4975 3671 5027 pa-

347 5049 611 5105 cumberc
665 5051 956 5117 debemus,
1004 5068 1112 5124 quo
1163 5054 1215 5106 in
1258 5053 1453 5126 pelago
1500 5054 1622 5107 libri
1680 5054 1960 5110 Geneseos
2061 5066 2186 5105 nem
2244 5057 2298 5104 et
2327 5050 2515 5104 vinum
2572 5050 2772 5106 obtulit
2814 5051 3042 5106 Abraba:
3096 5067 3128 5104 a
3176 5050 3328 5103 cmde
3380 5051 3667 5103 revertenti

348 5153 447 5192 nos
497 5148 716 5210 oportet
754 5142 1028 5213 aliquibus
1067 5142 1333 5197 ﬂuctuare
1365 5143 1586 5198 diebus.
1648 5143 1783 5207 Quia
1810 5141 1957 5195 enim
2058 5145 2205 5210 (Gen.
2235 5144 2368 5209 xw),
2403 5143 2724 5213 praecedens
2746 5143 2960 5197 scilicet
2986 5141 3150 5196 nobis
3175 5140 3505 5196 sacrificium
3538 5140 3668 5195 illud

341 5232 453 5299 jam
513 5231 836 5288 intravimus
876 5234 959 5288 hic
1020 5249 1165 5287 mare
1228 5249 1485 5307 magnum
1539 5242 1594 5289 et
1655 5233 1957 5304 spatiosum
2062 5232 2368 5287 sacerdotis
2420 5231 2712 5297 Altissimi,
2760 5231 2827 5286 de
2859 5247 2968 5303 quo
3021 5230 3268 5301 Sponsus
3325 5230 3379 5283 in
3411 5229 3667 5285 Canticis:

349 5320 647 5390 mentibus,
676 5338 903 5377 necesse
930 5329 1015 5377 est
1054 5330 1115 5376 ut
1154 5337 1257 5376 nec
1292 5322 1450 5376 vanis
1507 5321 1957 5397 cogitationibus,
2059 5322 2343 5388 Comedz‘te,
2374 5322 2573 5391 inquit,
2627 5322 2995 5383 inebriamini,
3040 5320 3347 5375 charissimi
3391 5319 3561 5388 (Cant.
3592 5321 3664 5387 ν).

351 5422 454 5460 nec
484 5409 664 5463 verbis
691 5411 1069 5480 periclitemur
1108 5411 1386 5477 inanibus,
1431 5427 1532 5466 nec
1562 5412 1670 5465 illis
1703 5410 1958 5465 vitiorum
2072 5412 2194 5468 Haec
2226 5421 2307 5468 est
2336 5413 2429 5467 illa
2459 5413 2548 5466 lux
2598 5430 2698 5483 per
2736 5428 2900 5483 quam
2960 5411 3225 5466 Dominus
3256 5411 3402 5464 Deus
3441 5409 3665 5464 Sabaoth

351 5499 639 5567 reptilibus
682 5502 865 5556 cordis
915 5504 1087 5557 nostri
1122 5510 1380 5577 gravetur
1426 5504 1702 5564 humerus,
1746 5502 1815 5556 de
1842 5503 1968 5573 qui-
2067 5504 2348 5576 quondam
2392 5504 2664 5558 illustrare
2704 5503 2963 5574 dignatus
3009 5508 3093 5556 est
3140 5502 3257 5569 Lot,
3289 5500 3514 5572 quando
3544 5516 3667 5554 con-

350 5583 454 5638 bus
480 5585 711 5640 dicitur:
744 5592 860 5644 Illic
886 5594 1120 5660 reptilia,
1177 5606 1408 5660 quorum
1447 5608 1557 5648 non
1589 5598 1665 5647 est
1706 5606 1968 5649 numerus
2070 5593 2470 5665 cupisccntiam
2504 5590 2779 5646 carnalem
2823 5590 2980 5661 quasi
3018 5589 3311 5644 Sudomam
3344 5586 3560 5661 fugiens
3585 5604 3664 5641 ar-
