3912 6044
153 217 280 272 989

1250 215 1352 270 LlB
1419 212 1501 267 DE
1540 211 1864 266 MYSTERIO
1906 211 2080 266 LIGNI
2123 211 2437 268 DOMINICI.

3407 215 3518 272 990

158 344 406 398 dentem
434 343 578 410 (Gen.
627 342 763 413 xxx),
803 342 858 396 in
905 357 1071 414 parva
1127 341 1348 398 civitate
1383 341 1558 412 Segor
1594 353 1797 410 corpus
1825 349 1872 413 Α
1899 338 2306 408 perennitatem
2345 337 2508 394 nobis
2537 346 2758 394 aeternae
2795 341 3036 397 reddidit
3078 341 3237 397 lucis.
3276 343 3397 396 llaec
3426 350 3510 396 est

166 431 422 487 salvavit
449 436 505 486 et
534 441 796 486 mentem.
835 431 958 487 Haec
1005 438 1090 487 est
1120 430 1214 486 illa
1245 431 1336 485 lux
1379 445 1504 502 quae
1533 428 1802 484 divinitus

162 523 480 580 illustravit
521 521 814 586 Abraham,
867 537 991 577 cum
1033 523 1188 591 juxta
1219 528 1555 597 praaceptum
1591 516 1805 576 Domini

163 619 549 690 egrederetur
576 616 646 670 de
671 616 852 681 Aram,
877 613 971 669 ubi
1000 631 1032 670 a
1061 614 1293 670 Domino
1323 613 1548 685 cepiosa
1575 612 1676 667 ista
1696 611 1802 666 be-

167 707 432 762 nedictio
463 706 588 760 data
612 713 695 759 est
722 703 860 758 sibi:
888 703 1209 760 Benedicam
1227 702 1655 758 benedicentibus
1685 700 1802 765 tibi,

165 810 228 859 et
274 803 601 857 maledicam
647 799 1092 855 maledicentibas
1145 800 1241 854 tibi
1274 797 1424 868 (Gen.
1483 797 1518 865 ).
1574 795 1696 851 110ξο
1723 801 1806 850 est

169 893 278 947 illa
315 892 406 946 lux
443 881 565 961 quae
597 889 778 943 adhuc
835 887 1114 943 interioris
1145 887 1384 942 hominis
1414 885 1593 940 illuxit
1622 885 1802 950 oculo,

171 983 280 1038 ubi
315 981 588 1039 Lotfratri
617 995 718 1035 suo
771 995 836 1034 ac
878 978 1204 1034 mulieribus
1259 978 1378 1050 ejus
1420 976 1688 1033 succurrit
1740 991 1806 1031 ac

171 1077 418 1149 populo,
465 1075 691 1146 quando
739 1080 944 1129 sanctae
981 1073 1260 1129 Trinitatis
1293 1073 1498 1129 auxilio
1541 1072 1802 1128 adversa-

171 1169 393 1225 riorum
425 1183 650 1223 suorum
683 1167 882 1222 robore
901 1165 1052 1221 velut
1069 1166 1126 1220 in
1146 1165 1276 1240 igne
1305 1164 1680 1220 tribulationis
1707 1179 1803 1219 ex-

177 1268 348 1317 cocto
389 1261 486 1331 (3).
517 1261 642 1314 11ωο
682 1266 765 1314 est
805 1258 898 1314 illa
929 1259 1018 1313 lux
1041 1275 1163 1331 qum
1205 1259 1385 1314 eidem
1414 1257 1646 1313 Abrahae
1676 1273 1804 1328 par-

179 1358 300 1406 tem
335 1351 405 1405 de
441 1364 541 1405 suo
567 1348 778 1403 lumine
815 1347 991 1416 dedit,
1025 1347 1155 1402 dum
1187 1348 1256 1402 ad
1287 1363 1543 1403 occasum
1575 1345 1707 1402 solis
1736 1345 1804 1399 de

177 1438 468 1495 sacriﬁcio
509 1437 726 1493 Domini
773 1452 904 1492 aves
955 1436 1162 1512 abegit,
1223 1435 1543 1508 significans
1597 1433 1808 1490 scilicet

181 1529 340 1602 quod
385 1529 454 1582 de
483 1525 752 1582 sacriﬁcio
793 1526 1060 1581 orationis
1100 1541 1265 1580 nemo
1305 1524 1572 1594 repellere
1631 1527 1810 1594 potest

182 1619 456 1675 volucres
501 1613 918 1678 daemoniorum,
965 1615 1075 1670 nisi
1126 1613 1196 1668 ab
1243 1614 1420 1668 oculis
1447 1612 1628 1668 cordis
1658 1611 1810 1682 prius

180 1709 438 1779 abegerit
468 1705 850 1775 phantasmata
866 1703 1144 1758 vitiorum.
1180 1703 1306 1758 Haec
1331 1711 1416 1756 est
1442 1701 1535 1756 illa
1563 1700 1652 1755 lux
1681 1715 1805 1770 quae

181 1799 242 1852 iu
265 1795 518 1852 convalle
548 1794 952 1849 Mambreillum
977 1793 1243 1848 divinitus
1261 1791 1805 1864 illustravit,quando

177 1887 290 1942 sub
317 1884 512 1940 arbore
541 1885 728 1939 crucis
761 1890 878 1938 tres
909 1883 1068 1950 vidit,
1095 1889 1149 1938 et
1176 1898 1344 1938 unum
1369 1882 1634 1948 adoravit,
1658 1887 1806 1936 tanta

182 1981 457 2036 videlicet
481 1979 658 2034 divini
689 1978 913 2034 luminis
938 1978 1240 2033 illustratus
1265 1978 1608 2038 claritate,ut
1636 1992 1801 2048 quem

186 2071 394 2126 trinum
433 2069 588 2125 novit
631 2068 686 2122 in
735 2067 1011 2138 personis,
1053 2081 1222 2121 unum
1261 2066 1494 2121 adorare
1524 2065 1581 2118 in
1631 2063 1804 2133 maje-

183 2168 350 2216 state.
387 2159 508 2214 11ωο
541 2164 630 2213 est
655 2157 748 2211 illa
805 2157 895 2210 lux
926 2171 1048 2228 quaa
1079 2154 1304 2209 aliunde
1333 2155 1516 2210 adhuc
1553 2154 1804 2225 resplen-

187 2251 316 2306 duit
339 2249 468 2318 sibi,
497 2249 592 2306 ubi
629 2247 892 2304 Dominus
919 2247 986 2302 ad
1019 2262 1180 2302 eum:
1227 2244 1390 2311 Oﬁer,
1423 2245 1618 2317 inquit,
1669 2244 1805 2299 mihi

186 2343 364 2398 ﬁlium
416 2348 570 2396 tuum
637 2355 807 2412 super
857 2355 1028 2393 unum
1093 2338 1360 2394 montium
1414 2353 1577 2408 quem
1646 2351 1809 2392 mon-

187 2444 438 2490 stravere
466 2431 596 2498 tibi;
649 2447 750 2502 per
777 2431 928 2502 quod
968 2429 1229 2484 videlicet
1258 2428 1422 2484 nobis
1463 2427 1679 2484 diversa
1701 2427 1809 2482 Do-

188 2527 412 2583 minicaa
447 2524 722 2596 passionis
750 2532 808 2578 et
843 2521 1025 2578 crucis
1065 2520 1306 2591 praetulit
1341 2519 1520 2592 signa,
1571 2519 1703 2573 dum
1752 2517 1808 2572 in

187 2621 384 2676 eadem
429 2617 689 2689 mysteria
719 2615 894 2670 ﬁlium
943 2614 1224 2688 colligavit
1263 2629 1326 2668 ac
1371 2612 1539 2685 ligna.
1579 2612 1702 2665 Haec
1727 2616 1810 2665 est

195 2713 291 2767 illa
322 2711 409 2766 lux
435 2727 532 2781 per
554 2725 716 2780 quam
747 2707 1051 2761 illustratus
1068 2713 1150 2760 est
1182 2706 1350 2768 Isaac,
1384 2703 1530 2757 ﬁlius
1557 2701 1804 2766 Abrahie,

197 2817 325 2856 cum
375 2799 507 2853 Sara
537 2805 591 2852 et
619 2799 762 2866 Agar
789 2795 960 2850 rixam
991 2794 1262 2849 haberent
1291 2793 1434 2847 inter
1462 2809 1541 2857 se,
1583 2789 1805 2862 quando

190 2891 249 2945 in
282 2889 476 2962 ﬁgura,
514 2885 808 2940 Salvatoris
837 2885 893 2937 in
923 2884 1088 2940 domo
1121 2883 1290 2954 patris
1315 2883 1398 2938 sui
1431 2890 1536 2937 tanx
1571 2882 1806 2936 honeste

192 2980 410 3036 solebat
439 2977 644 3042 vivere,
680 2983 738 3031 ut
769 2977 942 3030 haeres
973 2974 1094 3031 ﬁeri
1124 2991 1236 3030 non
1290 2984 1474 3046 posset
1523 2973 1668 3027 ﬁlius
1711 2987 1810 3026 an-

195 3070 342 3125 cillze
375 3084 498 3123 cum
533 3064 646 3121 ﬁlio
695 3065 904 3120 liberae.
943 3065 1065 3120 Haec
1113 3071 1198 3118 est
1228 3063 1321 3118 illa
1365 3063 1453 3117 lux
1503 3078 1625 3133 qua:
1651 3061 1812 3115 nobis

191 3157 426 3212 formam
493 3154 819 3210 humilitatis
846 3153 1114 3217 ostendit,
1174 3152 1302 3207 dum
1360 3151 1632 3213 Rebecca,
1688 3147 1806 3203 viso

195 3252 375 3314 Isaac,
417 3249 485 3303 de
517 3245 730 3302 camelo
767 3245 1056 3300 descendit
1080 3245 1231 3312 (Gen.
1274 3244 1435 3312 xxxv),
1469 3241 1649 3313 typicc
1689 3239 1802 3293 sci-

192 3341 318 3394 licet
343 3335 663 3409 signiﬁcans
689 3335 836 3406 quod
875 3333 1102 3404 antiqua
1130 3332 1406 3406 gentilitas
1430 3331 1598 3386 totius
1629 3327 1807 3384 idolo-

191 3433 361 3489 latriae
385 3431 634 3486 deseruit
657 3430 943 3493 struinam,
963 3430 1092 3482 dum
1122 3427 1432 3498 quasivisio
1465 3427 1518 3480 in
1546 3423 1806 3496 passione

199 3522 410 3578 Domini
443 3521 573 3575 ﬁdei
600 3519 805 3575 meruit
835 3535 1135 3592 agnoscere
1175 3520 1414 3590 plumam
1451 3517 1705 3588 [palmam
1735 3513 1802 3588 η.

203 3615 326 3670 llaec
350 3624 437 3668 est
469 3611 562 3666 illa
592 3611 680 3664 lux
708 3626 831 3681 quae
863 3610 1041 3663 cidem
1069 3610 1220 3663 Isaac
1241 3623 1306 3662 eo
1332 3616 1576 3678 tempore
1604 3606 1808 3661 divini-

203 3715 290 3760 tus
329 3704 508 3760 illuxit
551 3703 747 3773 (ibid),
799 3701 1018 3773 quando
1063 3700 1364 3755 Rebeccam
1395 3714 1622 3768 uxorem
1653 3714 1808 3752 suam

205 3798 460 3870 diligens,
505 3795 562 3848 in
609 3794 1020 3848 tabernaculum
1067 3792 1212 3846 Sara:
1251 3791 1442 3846 matris
1485 3790 1806 3856 introduxit,

205 3905 300 3958 per
332 3886 477 3958 quod
511 3884 770 3938 videlicet
797 3883 1128 3938 ixxtroductio
1155 3882 1244 3936 illa
1259 3883 1422 3936 nobis
1451 3881 1809 3953 praetenditur

204 3982 256 4034 in
291 3979 466 4052 ﬁgura
497 3977 566 4031 de
591 3991 700 4047 qua
730 3974 1044 4030 Ecclesiain
1071 3974 1334 4029 Canticis:
1369 3975 1677 4029 Introduxit
1701 3990 1806 4038 me,

201 4071 400 4144 inquit,
426 4085 524 4126 rex
563 4073 624 4123 in
655 4070 873 4126 cellaria
903 4084 1005 4123 sua
1035 4072 1207 4134 (Cant.
1244 4075 1296 4130 il.
1334 4067 1458 4124 Haec
1486 4075 1570 4122 est
1598 4067 1689 4121 illa
1718 4066 1808 4120 lux

205 4181 323 4238 quae
353 4163 614 4218 eumdem
647 4163 798 4216 lsaac
822 4161 1131 4231 disciplinae
1161 4160 1401 4216 caelestis
1429 4159 1808 4215 moderamine

206 4254 360 4318 rexit,
383 4253 512 4306 dum
541 4251 844 4306 Rebeccam
886 4265 1112 4305 uxorem
1139 4267 1292 4305 suam
1317 4249 1490 4304 nimio
1509 4263 1694 4304 amore
1723 4248 1809 4302 di-

1833 1663 1881 1730 Β

1905 429 1997 484 illa
2026 430 2118 484 lux
2138 446 2262 501 quae
2290 429 2347 483 in
2377 431 2571 485 eodem
2607 431 2757 487 Isaac
2797 429 2971 488 ﬁlium
3009 432 3168 490 nobis
3202 432 3521 488 clariﬁcavit

1904 519 2109 587 Mariae,
2161 521 2255 576 ubi
2306 537 2543 596 egressus
2598 529 2676 577 est
2727 524 2798 577 ad
2834 526 3210 579 meditandum
3263 527 3324 578 in
3368 539 3516 593 agro,

1905 613 2172 668 inclinata
2191 617 2318 682 jam
2343 614 2430 668 die
2459 617 2584 681 (Gen
2636 613 2815 684 xxxv);
2849 614 3192 689 signiﬁcans,
3239 613 3517 680 videlicet,

1903 703 2052 774 quod
2098 704 2423 779 unigenitus
2457 705 2550 759 Dei
2590 705 2758 760 Filius
2801 706 2855 760 in
2907 723 3040 779 agro
3097 707 3260 775 hujus
3301 705 3516 772 mundi,

1905 795 2053 850 velut
2082 796 2150 850 ad
2183 797 2563 852 meditandum
2595 797 2989 864 deambulavit,
3018 798 3147 852 dum
3181 813 3280 869 per
3313 798 3518 866 clavos,

1903 883 2152 940 lanceam
2202 894 2257 940 et
2309 901 2526 940 crucem
2585 886 2652 940 ad
2706 895 2937 942 mortem
2971 901 3145 958 usque
3180 885 3518 957 properavit.

1905 977 2029 1033 11ωο
2055 987 2139 1034 est
2193 979 2284 1034 illa
2319 979 2409 1034 lux
2449 996 2572 1051 quae
2625 981 2882 1036 eumdem
2918 982 3070 1036 Isaac
3097 987 3152 1036 et
3192 981 3304 1036 alio
3355 981 3520 1036 modo

1902 1067 2076 1122 voluit
2105 1067 2421 1123 illuminare
2461 1069 2591 1123 dum
2625 1069 2775 1144 ligna
2811 1070 3120 1126 lxolocausti
3173 1068 3373 1124 meruit
3402 1068 3520 1140 ipse

1904 1164 2158 1224 portare:
2209 1156 2440 1226 mystice
2476 1155 2686 1210 scilicet
2725 1156 2889 1211 nobis
2917 1157 3160 1212 innucns
3205 1155 3352 1228 quod
3381 1155 3523 1210 sicut

1905 1243 2024 1314 ipse
2064 1242 2216 1316 ligna
2285 1243 2340 1298 in
2387 1244 2769 1298 holocaustum
2825 1245 3109 1314 bajulavit,
3171 1243 3244 1298 ita
3277 1243 3520 1298 Christus

1903 1353 2120 1392 crucem
2154 1353 2308 1392 suam
2338 1337 2393 1392 in
2427 1338 2546 1409 ipsa
2565 1339 2822 1409 passione
2853 1339 3090 1410 portavit
3125 1340 3328 1410 (Matth.
3366 1355 3518 1403 xxxv;

1908 1431 2066 1482 Marc.
2127 1443 2231 1492 xv;
2287 1433 2410 1482 Luc.
2469 1443 2635 1496 xxxix;
2681 1433 2838 1484 Joan.
2918 1429 3050 1500 xxx).
3111 1429 3232 1483 Haec
3290 1434 3375 1482 est
3428 1427 3521 1482 illa

1908 1520 2019 1586 lux,
2069 1537 2192 1592 quae
2240 1521 2294 1576 in
2354 1522 2509 1577 asino
2577 1522 2672 1576 illo
2724 1522 2968 1578 Judaicze
3045 1522 3307 1577 caecitatis
3359 1521 3522 1578 nobis

1909 1613 2180 1683 expressit
2210 1613 2378 1668 chaos
2407 1613 2475 1668 dc
2503 1629 2612 1684 quo
2639 1613 2905 1684 scriptum
2937 1621 3050 1668 est:
3096 1618 3410 1682 Exspectate
3439 1616 3523 1668 hic

1904 1718 2029 1758 cum
2085 1707 2259 1771 asino,
2303 1706 2466 1760 donec
2515 1712 2855 1760 revertamur
2902 1706 2973 1760 ad
3025 1721 3112 1760 vos
3169 1703 3318 1759 xGen.
3366 1703 3518 1772 xxxx),

1905 1795 2135 1866 mystice
2182 1796 2393 1852 scilicet
2447 1797 2749 1870 designans
2795 1797 2942 1868 quod
3001 1797 3070 1851 ad
3126 1797 3373 1862 Judteos,
3423 1795 3518 1866 qui

1904 1890 2151 1945 nondum
2179 1897 2308 1945 sunt
2346 1890 2510 1945 ﬁdem
2565 1899 2767 1946 sanctae
2805 1890 3082 1944 Trinitatis
3113 1889 3344 1960 experti,
3377 1890 3521 1944 circa

1903 1980 2069 2034 ﬁnem
2103 1981 2290 2036 saeculi
2330 1980 2459 2035 ﬁdei
2485 1979 2694 2035 debent
2721 1979 3029 2035 arrhabone
3056 1981 3275 2034 reverti.
3307 1980 3523 2036 [iamest

1904 2073 1996 2126 illa
2025 2071 2116 2126 lux
2147 2088 2269 2144 quae
2301 2087 2402 2143 per
2431 2073 2554 2134 hoc,
2605 2071 2754 2144 quod
2797 2071 2940 2125 aries
2969 2071 3286 2126 immolatus
3325 2078 3428 2138 est,
3469 2077 3524 2126 et

1908 2165 2056 2220 Isaac
2081 2164 2276 2229 evasit,
2307 2163 2516 2234 duplici
2550 2163 2811 2234 mysterio
2843 2151 2945 2217 nos
2977 2163 3246 2218 irradiarc
3277 2163 3518 2218 curavit:

1907 2253 2088 2323 typice
2117 2253 2279 2308 nobis
2335 2253 2627 2307 insinuans
2675 2251 2804 2323 quia
2855 2251 2985 2305 licet
3015 2252 3068 2305 in
3105 2251 3366 2320 passione
3422 2267 3523 2304 sua

1909 2345 2155 2400 diversas
2186 2345 2470 2401 irrisiones
2509 2343 2792 2414 pertulerit
2837 2343 3019 2408 Jesus,
3077 2343 3132 2397 in
3181 2343 3518 2397 humanitate

1912 2445 2096 2493 tamen
2149 2455 2364 2509 passus,
2420 2443 2474 2492 et
2518 2437 2570 2492 in
2623 2437 2908 2492 divinitate
2959 2435 3262 2506 permansit
3297 2435 3514 2490 illaasus.

1915 2533 2036 2588 Haec
2065 2539 2148 2588 est
2188 2531 2282 2587 illa
2312 2531 2404 2587 lux
2447 2548 2571 2603 quae
2591 2531 2760 2586 Jacob
2788 2531 2890 2585 sub
2925 2538 3054 2600 typo
3081 2529 3306 2600 gentilis
3331 2527 3519 2600 pepuli

1911 2621 2128 2678 caelitus
2159 2621 2337 2676 illuxit
2361 2624 2504 2687 (Gen.
2541 2619 2737 2688 xxvxx),
2769 2618 2898 2672 dum
2929 2617 2998 2671 ad
3030 2622 3310 2687 paternam
3341 2613 3518 2669 benc-

1911 2715 2207 2770 dictionem
2271 2714 2422 2784 prior
2458 2727 2583 2768 eum
2637 2711 2812 2786 gratia
2865 2717 3042 2764 mater
3095 2688 3415 2775 introduxit,
3461 2715 3523 2764 ut

1909 2803 2092 2858 minor
2117 2802 2263 2856 idem
2295 2801 2462 2856 frater
2497 2815 2563 2856 eo
2595 2800 2832 2867 majores
2870 2798 3076 2872 gratias
3098 2797 3329 2852 referret
3365 2811 3522 2851 crea—

1913 2895 2037 2954 tori,
2071 2909 2363 2965 quousque
2413 2892 2582 2948 hodie
2639 2891 2815 2960 major
2846 2891 3016 2946 debet
3045 2889 3252 2944 servire
3296 2887 3518 2942 minori.

1915 2985 2038 3039 llaec
2072 2989 2158 3038 est
2191 2982 2284 3036 illa
2324 2981 2411 3036 lux
2469 2997 2567 3052 per
2591 2997 2758 3052 quam
2817 2979 2962 3034 idem
3020 2979 3188 3034 Jacoh
3233 2977 3522 3033 Dominum

1915 3073 1967 3126 in
1997 3070 2208 3126 somnis
2251 3070 2408 3136 vidit,
2442 3071 2666 3142 quando
2693 3071 2762 3126 de
2794 3069 3068 3124 Bersabee
3089 3068 3158 3122 ad
3191 3067 3348 3122 Aram
3396 3081 3521 3136 per-

1905 3179 2062 3237 gens,
2112 3165 2166 3218 in
2217 3163 2417 3218 itinere
2468 3163 2728 3218 dormivit
2791 3163 2942 3231 (Gen.
3009 3159 3236 3230 xxvxxx):
3294 3157 3523 3229 mystice

1906 3253 2204 3325 designans
2232 3252 2382 3322 quod
2428 3249 2520 3305 lux
2580 3251 2886 3306 divinitatis
2927 3249 3063 3305 nulli
3119 3247 3338 3318 penitus
3395 3245 3523 3299 illu-

1907 3345 2096 3413 cescit,
2149 3343 2254 3398 nisi
2284 3343 2379 3414 qui
2432 3343 2487 3396 in
2529 3343 2762 3397 transitu
2797 3342 2960 3412 hujus
3019 3338 3209 3394 nxundi
3251 3337 3320 3392 ab
3370 3335 3520 3391 omni

1907 3433 2110 3489 carnali
2131 3431 2590 3502 concupiscentia
2612 3429 2872 3501 quiescit.
2907 3429 3032 3482 11ωο
3057 3434 3139 3482 est
3161 3427 3252 3480 illa
3281 3425 3370 3478 lux
3401 3440 3523 3495 quae

1908 3525 2156 3581 eamdem
2184 3523 2355 3580 Jacob
2389 3523 2570 3578 adhuc
2621 3521 2700 3576 ibi
2738 3521 3004 3575 divinitus
3036 3516 3351 3581 illustravit,
3390 3515 3520 3569 dum

1909 3617 1964 3669 in
1993 3615 2138 3670 scala
2194 3613 2450 3669 Ecclesia:
2505 3611 2734 3686 angelos
2785 3609 3148 3665 ascendentes
3205 3613 3260 3662 et
3290 3605 3524 3660 descen-

1911 3705 2106 3760 dentes
2157 3711 2212 3759 et
2287 3704 2502 3760 visione
2565 3701 2889 3758 monstravit
2954 3701 3097 3771 (Gen.
3180 3704 3348 3762 xxxx),
3425 3711 3524 3766 per

1911 3801 2326 3856 descensionem
2368 3799 2580 3856 scilicet
2635 3797 2798 3854 nobis
2849 3797 3112 3857 innucns,
3159 3800 3221 3848 ut
3265 3791 3524 3863 diligatur

1912 3889 2190 3958 proximus
2227 3905 2324 3960 per
2374 3888 2753 3943 ascensionem
2802 3902 2933 3942 vero
2965 3893 3024 3938 ut
3053 3883 3316 3957 diligatur
3355 3881 3517 3934 Deus.

1914 3981 2034 4035 llaec
2064 3987 2146 4035 est
2184 3980 2276 4034 illa
2308 3980 2396 4035 lux
2434 3996 2532 4052 per
2551 3995 2716 4051 quam
2745 3977 2914 4034 Jacob
2963 3984 3018 4032 et
3053 3975 3161 4030 alio
3205 3973 3370 4028 modo
3397 3971 3523 4025 illu-

1909 4072 2067 4126 strari
2095 4071 2408 4138 videbatur,
2437 4073 2564 4126 dum
2601 4086 2699 4142 pro
2727 4068 3072 4142 adaquandis
3100 4067 3294 4122 ovibus
3323 4061 3526 4118 amovit

1910 4160 2150 4230 lapidem
2172 4175 2283 4232 quo
2305 4167 2504 4231 puteus
2519 4159 2901 4224 claudebatur,
2923 4155 3243 4230 signiﬁcans
3266 4151 3528 4206 videlicet

1908 4253 2055 4324 quod
2083 4269 2246 4307 verus
2275 4252 2442 4307 lacob
2482 4252 2538 4305 in
2571 4267 2665 4306 ara
2695 4250 2875 4305 crucis
2933 4249 3191 4319 dignatus
3229 4252 3313 4298 est
3361 4241 3526 4296 nobis

207 4347 330 4401 lexit
360 4349 506 4413 (Gen.
535 4345 703 4414 xxxv),
753 4342 1074 4419 signiﬁcans
1122 4344 1380 4399 videlicet
1435 4344 1582 4416 quod
1614 4342 2136 4419 unige-nputeum
2201 4341 2416 4411 aperire
2467 4339 2734 4404 veritatis,
2789 4344 2848 4392 ut
2902 4352 2968 4390 ex
3035 4342 3201 4404 puteo
3256 4327 3524 4384 Dominici

210 4434 348 4489 nitus
381 4433 477 4488 Dei
517 4433 681 4488 Filius
712 4395 876 4486 niniis
914 4433 1207 4488 Ecclesiam
1239 4395 1468 4493 amavit?
1491 4433 1620 4488 dum
1653 4395 1806 4486 (10δῖοο
1834 4395 1895 4466 D
1916 4430 2204 4506 sanguinis
2232 4429 2588 4484 reﬁceremur
2627 4427 2775 4481 unda
2805 4421 3107 4479 charilatis.
3153 4420 3274 4473 llaec
3311 4425 3397 4472 cst
3435 4415 3525 4470 illa

209 4542 313 4580 rem
343 4541 465 4596 quae
489 4540 555 4578 ex
572 4530 753 4579 morte
775 4524 965 4578 matris
986 4540 1099 4578 sua:
1113 4525 1414 4600 Synagogaa
1441 4527 1549 4580 sibi
1576 4543 1820 4584 accesse‘

209 4625 304 4686 rat,
342 4617 674 4686 temperavit
725 4617 851 4672 Haec
880 4617 1069 4671 estilla
1089 4617 1178 4671 lux
1207 4633 1328 4688 quae
1351 4618 1501 4673 Isaac
1523 4627 1578 4673 et
1611 4620 1816 4676 Rebec-

1921 4525 2010 4578 lux
2065 4537 2162 4594 per
2209 4537 2371 4593 quam
2408 4519 2576 4574 Jacob
2607 4516 2898 4572 Raclxelem
2950 4513 3054 4567 sibi
3093 4526 3320 4566 uxorem
3376 4507 3529 4563 novit

1919 4632 2044 4672 esse
2074 4615 2332 4680 futuram,
2357 4613 2510 4677 dum,
2539 4611 2814 4681 adaquato
2845 4624 3014 4683 grege
3043 4607 3186 4675 ejus,
3219 4620 3338 4658 eam
3363 4617 3528 4657 oscu-

208 4724 320 4762 cam
377 4705 598 4761 cuilitus
636 4704 948 4772 illustravit,
990 4705 1118 4759 dum
1167 4705 1223 4759 in
1279 4704 1452 4776 ﬁgura
1505 4705 1703 4762 Christi
1758 4716 1814 4763 et
1913 4707 2010 4760 lari
2052 4703 2240 4774 etrapit.
2296 4710 2354 4758 ut
2380 4718 2557 4769 suam,
2591 4700 2773 4771 typice
2823 4699 3033 4756 scilicet
3060 4697 3348 4752 insinuans
3379 4692 3528 4765 quod

213 4798 460 4855 Ecclesia:
490 4798 722 4852 alterum
755 4796 910 4852 alteri
944 4805 1132 4852 mutua
1162 4797 1429 4852 clxaritate
1476 4797 1724 4866 sociavit,
1753 4808 1812 4855 ut
1911 4798 2153 4854 Ecclesia
2175 4813 2300 4852 cum
2332 4796 2542 4851 Christo
2584 4802 2708 4866 post
2747 4794 3072 4850 effusionem
3119 4789 3407 4865 sanguinis
3443 4787 3528 4842 sui

215 4886 444 4942 Ecclesia
494 4885 710 4941 Christo
763 4892 911 4941 tanta
987 4885 1282 4941 dilectione
1337 4887 1702 4958 copulandam
1755 4905 1816 4944 se

213 4979 340 5034 sciat
369 4979 547 5047 (ibid),
579 4985 642 5031 ut
697 4993 808 5048 prae
838 4992 1024 5032 amore
1064 4977 1210 5032 illius
1245 4993 1384 5033 uxor
1427 4995 1706 5050 nunquam
1739 4981 1820 5034 al-

214 5069 374 5124 terius
405 5069 518 5124 ﬁat.

281 5159 396 5214 Haec
432 5166 516 5212 est
556 5159 648 5214 illa
707 5161 818 5223 lux,
861 5175 956 5228 per
1006 5175 1168 5230 quam
1213 5160 1356 5215 idem
1417 5163 1571 5217 Isaac
1603 5163 1820 5218 caelitus

219 5251 407 5306 meruit
451 5251 728 5314 illustrari,
773 5252 997 5322 quando
1045 5253 1292 5308 Salvator
1344 5261 1534 5308 noster
1581 5270 1681 5324 pro
1729 5270 1818 5321 eo,

217 5343 358 5413 quasi
395 5343 562 5409 aries,
587 5343 760 5399 voluit
790 5343 1090 5398 immolari:
1153 5344 1245 5416 qui
1287 5345 1416 5400 dum
1451 5345 1595 5400 inter
1622 5361 1821 5416 vepres

221 5437 553 5502 peccatorum
628 5441 940 5487 nostrorum
988 5433 1220 5488 adhaesit
1302 5433 1568 5488 cornibus
1617 5435 1818 5504 crucis,

284 5600 360 5668 (3)
393 5599 620 5656 Videtur
641 5599 852 5672 aliquid
885 5601 1104 5657 deesse.

1919 4887 2216 4947 osculoillo
2247 4884 3180 4942 charitatisdcbetaeternaliterfrui
3233 4883 3306 4936 De
3326 4894 3531 4951 sponsa

1921 4985 1976 5039 in
2037 4981 2299 5037 Canticis:
2351 4983 2645 5047 Osculetur,
2705 4981 2901 5052 inquit,
2964 4994 3052 5035 me
3105 4979 3324 5033 dilectus
3379 4988 3530 5028 meus

1919 5073 2094 5128 osculo
2117 5074 2224 5126 oris
2250 5075 2339 5126 sui
2363 5073 2540 5137 (Cant.
2572 5073 2634 5138 ι).
2677 5070 2798 5124 Haec
2837 5079 2922 5124 est
2969 5068 3062 5122 illa
3092 5068 3183 5121 lux
3213 5081 3335 5136 quae
3359 5061 3531 5116 Jacob

1921 5161 2225 5215 illustratus
2281 5159 2524 5230 ponebat
2563 5158 2746 5232 virgas
2809 5157 2866 5211 in
2926 5154 3210 5212 canalibus
3264 5164 3528 5222 aquarum

1922 5251 2068 5318 (Gen.
2111 5253 2180 5320 1.),
2242 5257 2298 5305 ut
2321 5251 2474 5320 juxta
2512 5249 2836 5304 varietatem
2891 5247 3104 5302 illarum
3138 5243 3323 5300 varius
3377 5241 3533 5296 ﬁeret

1922 5344 2067 5400 fetus
2105 5344 2288 5400 ovium
2311 5360 2567 5399 suarum:
2624 5343 2806 5414 typice
2833 5341 2993 5397 nobis
3033 5340 3270 5394 innucns
3294 5335 3442 5408 quod
3476 5335 3529 5388 in

1921 5435 2206 5491 canalibus
2233 5435 2483 5492 cordium
2540 5440 2848 5490 nostrorum
2891 5433 3002 5488 Deo
3041 5431 3267 5504 dignum
3320 5443 3530 5501 praepa-
