3912 6044
399 228 496 280 991
1410 232 1773 289 BERENGOSI
1814 232 2092 288 ABBATIS
2132 232 2186 284 S.
2230 228 2466 285 MAXIM!
2505 226 2762 282 TREVIR.
3629 226 3737 280 992

393 370 511 407 rare
542 370 653 408 non
681 370 973 424 possumus
1021 357 1309 427 templum,
1345 358 1450 413 nisi
1497 376 1600 430 pro
1640 359 2009 430 concipienda
2040 369 2083 432 Α
2112 372 2268 411 ovem
2309 353 2691 417 centesimam,
2741 352 2810 406 de
2862 352 3155 407 meretrice
3212 369 3500 424 sponsam,
3558 360 3622 406 et
3670 352 3741 405 de

391 444 656 499 varietate
726 445 1018 510 virtutum.
1087 448 1155 501 de
1206 449 1367 504 bonis
1446 468 1667 523 semper
1731 467 2011 506 sumamus
2112 451 2401 523 Synagoga
2429 446 2558 503 fecit
2605 446 2919 501 Ecclesium.
2955 446 3081 502 Haec
3100 454 3185 501 est
3213 447 3305 500 illa
3336 448 3421 501 lux
3442 461 3739 517 perquam

393 534 729 602 exemplum.
762 534 883 588 Haec
911 542 992 589 est
1024 535 1116 590 illa
1151 537 1241 591 lux
1268 554 1366 607 per
1395 556 1558 610 quam
1589 541 1756 596 etiam
1804 555 1905 594 nos
1944 542 2011 594 ad
2110 539 2280 594 Judas
2332 536 2618 599 annulum,
2663 535 2917 591 baculum
2959 541 3013 589 et
3065 535 3354 600 armillam,
3396 551 3523 606 quae
3574 534 3751 605 signa

402 620 861 676 illuminationem
896 625 1160 678 mentium
1193 626 1333 681 vitas
1365 630 1579 683 Patrum
1610 630 1665 684 in
1697 630 2010 700 exemplum
2112 638 2268 687 erant
2316 629 2663 690 arrhabonis,
2728 629 2909 684 eidem
2962 629 3195 684 Thamar
3245 629 3397 683 dedit
3425 629 3483 682 in
3520 630 3741 700 pignus

399 710 687 773 habemus,
722 728 820 781 per
849 728 1008 782 quas,
1041 715 1242 770 cortice
1278 717 1413 791 legis
1444 719 1647 782 ablato,
1689 727 1743 773 et
1773 722 2014 775 candore
2113 721 2440 787 vocationis,
2464 718 2875 787 justiﬁcationis
2904 729 2959 774 et
2998 719 3436 793 gloriﬁcationis,
3495 722 3734 793 quando

394 799 583 869 gratiae
613 810 908 870 concepto,
954 803 1163 872 prolem
1194 805 1325 859 boni
1358 808 1544 876 Operis
1573 809 1798 883 gignere
1849 810 2019 865 debe—
2118 812 2366 868 Christus
2398 811 2694 868 Ecclesiam
2736 813 2954 883 corpori
2983 827 3083 867 suo
3110 812 3165 865 in
3197 828 3289 866 ara
3304 813 3483 885 crucis
3517 815 3739 885 triplici

400 904 541 953 mus,
577 889 621 942 si
654 899 735 955 tu,
770 891 914 945 Deus
953 893 1329 962 omnipotens,
1379 912 1481 951 nos
1535 898 1674 952 intra
1713 915 1845 954 oves
1897 900 2017 954 illas

400 977 603 1032 fetosas
663 979 962 1034 fecundare
1028 982 1275 1056 digneris
1312 984 1365 1037 iu
1422 985 1721 1041 virtutibus
1760 989 1888 1052 tuis,
1944 989 2014 1045 de

399 1067 601 1135 quibus
646 1069 875 1125 dicitur:
925 1077 1047 1128 Oves
1088 1089 1275 1130 eorum
1329 1079 1510 1144 retusae
1559 1080 1899 1137 abundantes
1956 1085 2019 1137 in

397 1160 689 1224 egressibus
717 1165 830 1218 suis
874 1166 1035 1234 (Psat.
1080 1173 1279 1229 cxi.qu
1337 1169 1458 1223 Haec
1499 1178 1584 1224 est
1624 1170 1716 1225 illa
1760 1172 1849 1226 lux
1896 1189 2018 1244 quae

401 1248 582 1305 eidem
608 1253 776 1309 Jacob
806 1255 1026 1311 duobus
1055 1259 1443 1324 modisilluxit,
1470 1261 1597 1315 dum
1632 1263 1810 1332 primo
1844 1264 2019 1326 Liam,

400 1344 646 1399 secundo
695 1346 893 1402 Rachel
926 1349 981 1402 in
1024 1365 1249 1405 uxorem
1294 1350 1476 1406 duxit:
1523 1369 1620 1423 per
1649 1355 1760 1409 hoc
1806 1356 2023 1411 scilicet

405 1434 566 1490 nobis
620 1436 910 1493 insinuans
940 1442 1259 1510 mysterium
1316 1442 1449 1496 illud
1481 1445 1718 1499 salutare
1774 1445 1845 1500 de
1903 1462 2014 1517 quo

404 1523 717 1592 Apostolus,
757 1532 867 1581 Non
893 1532 1066 1596 prius,
1110 1529 1309 1601 inquit,
1342 1533 1478 1600 quod
1504 1536 1805 1602 spirituale,
1833 1543 1908 1590 est
1931 1538 2020 1591 sed

403 1617 540 1682 quod
567 1620 806 1673 animale
837 1622 883 1690 (I
909 1624 1024 1675 Cor.
1056 1634 1166 1692 xv).
1204 1624 1327 1679 Haec
1356 1634 1439 1681 est
1467 1626 1560 1680 illa
1591 1628 1678 1681 lux
1708 1644 1817 1698 qua
1843 1628 2012 1683 Jacob

2116 903 2224 957 hoc
2254 902 2562 956 arrhabone
2602 902 2852 967 sociavit,
2886 902 2955 956 de
2987 917 3097 972 quo
3129 902 3390 972 scriptum
3433 910 3550 957 est:
3602 907 3753 966 Quo:

2115 994 2340 1058 vocavit,
2372 994 2461 1046 hos
2482 996 2532 1045 et
2551 991 2895 1059 justiﬁcavit,
2935 996 2987 1043 et
3012 1005 3137 1058 quos
3157 992 3500 1058 justiﬁcavit,
3547 992 3676 1045 illos
3698 1000 3748 1046 et

2118 1081 2438 1148 gloriﬁcavit
2486 1080 2647 1148 (Rom.
2680 1078 2814 1147 vni).
2848 1078 2971 1132 Haec
3009 1084 3093 1132 est
3138 1077 3229 1132 illa
3275 1079 3364 1132 lux
3416 1095 3516 1149 per
3564 1095 3741 1150 quam

2121 1166 2345 1231 Phares,
2386 1166 2477 1237 qui
2535 1167 2721 1221 divisio
2773 1166 3184 1235 interpretatur,
3252 1165 3425 1237 gratia
3479 1166 3742 1220 caelestis

2124 1257 2327 1323 arrisit,
2360 1258 2490 1311 dum
2525 1257 2581 1311 in
2610 1264 2740 1328 typo
2769 1256 2993 1328 gentilis
3024 1256 3212 1326 populi
3252 1272 3377 1311 eum
3432 1272 3463 1309 a
3504 1256 3750 1311 Judaica

2126 1350 2454 1406 inﬁdelitate
2492 1351 2701 1417 divisit,
2743 1357 2802 1405 ut
2840 1358 2895 1404 et
2933 1350 3076 1406 inter
3115 1350 3254 1404 alios
3296 1349 3593 1420 partiretur
3622 1351 3753 1405 illas

2122 1443 2432 1499 divisiones
2461 1443 2952 1506 ministrationum,
2983 1443 3051 1497 de
3081 1441 3284 1512 quibus
3321 1442 3587 1511 scriptum
3623 1450 3744 1496 est:

2118 1540 2229 1593 Alii
2274 1554 2471 1608 genera
2520 1542 2857 1607 linguarum,
2906 1538 3006 1591 alii
3030 1538 3405 1605 interpretatio
3427 1550 3754 1589 sermonum

2121 1632 2162 1694 (1
2185 1632 2298 1682 Cor.
2344 1631 2460 1695 xu).
2499 1627 2623 1681 Haec
2660 1634 2745 1681 est
2784 1626 2878 1680 illa
2919 1626 3010 1680 lux
3048 1641 3172 1695 quae
3210 1624 3375 1689 Zarat,
3433 1624 3528 1694 qui
3560 1627 3748 1678 oriens

408 1702 708 1758 illustratus
754 1706 819 1759 ad
862 1710 1112 1763 eamdem
1169 1711 1533 1768 differentiam
1595 1717 1832 1785 spatium
1885 1702 2336 1786 fecithicitur,
2381 1719 2547 1773 nimis
2588 1735 2750 1789 quam
2800 1735 2940 1788 opus
3005 1724 3151 1772 esset
3188 1716 3386 1781 illuxit,
3445 1716 3580 1770 dum
3635 1716 3743 1787 qui

409 1798 549 1851 inter
603 1816 827 1873 gregem
870 1811 924 1857 et
969 1822 1217 1879 gregem,
1266 1825 1389 1880 quae
1427 1826 1601 1881 usque
1655 1811 1818 1866 hodie
1872 1812 2015 1867 inter
2114 1808 2267 1878 prius
2293 1808 2429 1863 oriri
2459 1808 2670 1872 debuit,
2701 1807 2853 1877 prior
2906 1823 3131 1861 manum
3180 1806 3399 1869 eduxit;
3432 1821 3533 1876 per
3587 1807 3745 1876 quod

406 1886 585 1960 legem
644 1890 923 1958 speciatur
996 1901 1051 1947 et
1120 1892 1323 1970 legem,
1382 1914 1450 1952 ne
1532 1899 1789 1971 ignorare
1844 1899 2017 1970 possit
2115 1897 2684 1952 videlicetJudaicum
2720 1899 2984 1969 populum
3013 1896 3261 1952 nobisin
3293 1895 3468 1969 ﬁgura
3501 1903 3754 1965 praeten-

408 1977 589 2031 omnis
641 1977 886 2034 ﬁdelium
932 1991 1106 2037 coetus
1168 1985 1302 2054 quid
1361 2002 1459 2056 per
1520 1986 1756 2042 salutare
1814 1996 2017 2058 myste-

410 2067 551 2121 rium
598 2084 737 2125 nova
796 2071 878 2126 lex
932 2073 1193 2145 loquatur
1242 2084 1335 2129 aut
1372 2086 1551 2131 vetus.
1604 2077 1727 2132 Haec
1782 2086 1867 2131 est
1928 2077 2023 2131 illa

407 2157 500 2211 lux
562 2176 685 2230 quae
750 2160 1033 2218 interioris
1098 2166 1246 2220 oculi
1303 2166 1425 2234 ejus
1486 2167 1669 2221 adhuc
1732 2168 2024 2223 illustravit

408 2251 602 2315 aciem,
664 2255 888 2324 quando
956 2264 1142 2328 raptus
1212 2259 1353 2313 ultra
1407 2275 1467 2314 se
1524 2260 1660 2314 vidit
1732 2261 2020 2315 Dominum

410 2341 548 2395 facie
598 2344 667 2397 ad
722 2344 947 2400 faciem:
1009 2350 1259 2419 quamvis
1308 2365 1435 2404 eum
1485 2350 1541 2403 in
1592 2349 1883 2403 divinitate
1925 2364 2023 2403 sua

409 2429 609 2484 viderit
683 2449 989 2506 nunquam,
1068 2444 1303 2493 testante
1381 2439 1616 2504 Joanne,
1686 2438 1780 2510 qui
1838 2438 2020 2492 dicit:

410 2522 575 2572 Deum
628 2536 783 2576 nemo
830 2526 963 2577 vidit
1008 2540 1255 2594 unquam
1308 2526 1358 2596 (Ι
1415 2531 1573 2582 Joan.
1629 2530 1725 2595 IV).
1785 2525 1908 2580 Haec
1942 2532 2026 2579 est

412 2609 505 2665 illa
554 2610 643 2664 lux
703 2614 797 2683 qui
850 2618 1104 2671 eumdem
1164 2617 1334 2674 Jacob
1377 2619 1671 2674 illustravit
1716 2619 1771 2672 in
1818 2618 2024 2683 Bethel,

415 2701 532 2769 ubi,
574 2710 784 2762 mutato
824 2709 1048 2763 nomine
1095 2710 1287 2778 Jacob,
1318 2711 1617 2782 appellavit
1654 2726 1780 2765 eum
1814 2711 1976 2765 Israel
2012 2728 2024 2763 :

414 2797 644 2866 mystice
679 2801 977 2875 designans
1015 2806 1164 2875 quod
1216 2805 1552 2875 spiritalibus
1607 2812 1818 2859 tantum
1848 2804 2025 2859 oculis

411 2884 603 2940 videre
633 2887 904 2944 debemus
959 2908 1147 2945 verum
1206 2893 1356 2947 illum
1411 2894 1745 2958 Nazamum,
1787 2892 1855 2945 de
1910 2907 2020 2963 quo

415 2971 560 3026 idem
619 2976 789 3031 Jacob
847 2979 1153 3048 appellatus
1218 2989 1301 3036 est
1349 2982 1538 3047 Israel,
1600 2981 1655 3034 id
1709 2987 1791 3034 est
1839 2983 2022 3036 videns

410 3063 597 3114 Deum.
643 3063 769 3118 Haec
796 3076 880 3118 est
908 3066 998 3120 illa
1039 3067 1126 3121 lux
1158 3084 1257 3138 per
1284 3085 1447 3139 quam
1489 3069 1710 3136 Rachel,
1743 3086 1866 3142 quae
1915 3075 2023 3126 ovis

412 3147 636 3215 dicitur,
689 3151 948 3207 illustrari
1005 3156 1226 3222 meruit,
1284 3156 1414 3211 dum
1473 3157 1619 3213 idola
1653 3158 1859 3226 Laban,
1900 3174 2023 3230 quae

413 3235 611 3292 furtive
654 3238 898 3302 abstulit,
932 3242 1179 3299 sedendo
1211 3247 1518 3316 coeperuit,
1552 3247 1782 3317 mystice
1813 3246 2026 3301 scilicet

414 3327 710 3385 instituens
739 3333 890 3402 quod
923 3341 1071 3389 veste
1120 3334 1392 3391 bonorum
1437 3352 1666 3407 operum
1707 3344 1763 3392 et
1807 3338 2029 3393 confes-

411 3421 570 3476 sione
620 3433 969 3493 peccatorum
1020 3436 1209 3500 tegere
1248 3429 1516 3484 debemus
1554 3430 1704 3485 idola
1742 3429 2022 3485 vitiorum.

416 3511 540 3567 Haec
569 3522 652 3569 est
683 3515 776 3570 illa
806 3517 893 3571 lux
927 3535 1049 3590 quae
1083 3536 1181 3590 per
1232 3522 1480 3593 mysterii
1534 3522 2025 3577 salutarisintelle-

417 3610 564 3658 ctum
607 3606 711 3662 Liw
743 3615 798 3663 et
844 3610 1092 3666 Rachelis
1131 3612 1422 3668 illustravit
1450 3622 1761 3684 aspectum:
1790 3614 2026 3668 maxime

420 3711 543 3751 cum
576 3698 681 3754 hoc
711 3701 870 3756 nobis
902 3703 1096 3759 innuat
1124 3704 1399 3775 lippitudo
1430 3705 1559 3773 Liaa,
1592 3713 1646 3761 et
1675 3705 2027 3775 pulchritudo

414 3782 692 3852 Rachelis,
734 3797 939 3843 utcum
994 3807 1103 3845 una
1134 3791 1453 3847 laboremus
1497 3794 1552 3846 in
1594 3793 1773 3859 terris,
1821 3801 1875 3848 et
1904 3809 2026 3848 cum

415 3872 522 3925 alia
553 3875 900 3942 quiescamus
932 3878 985 3930 in
1027 3879 1198 3933 coehs.
1238 3880 1359 3935 Haec
1402 3888 1486 3935 est
1516 3880 1608 3935 illa
1647 3883 1738 3936 lux
1769 3897 1889 3952 quae
1916 3897 2028 3936 uno

414 3959 579 4013 modo
616 3959 876 4015 Martham
926 3974 981 4018 et
1028 3966 1199 4031 Luam,
1240 3966 1348 4021 alio
1396 3983 1527 4022 vero
1585 3968 1876 4024 Rachelem
1909 3968 2030 4022 illu-

413 4046 605 4100 stravit
634 4048 947 4117 etMariam,
978 4060 1038 4106 ut
1066 4061 1121 4107 et
1146 4068 1248 4107 nos
1269 4054 1439 4109 inhac
1463 4055 1572 4110 vita
1588 4055 1734 4110 circa
1761 4056 2021 4126 frequens

415 4138 780 4195 ministerium
811 4144 1117 4200 conditoris
1140 4154 1246 4200 tam
1278 4147 1525 4202 studiose
1550 4148 1864 4203 laboremus
1894 4164 2019 4204 cum

414 4227 623 4283 Martha
679 4241 734 4285 et
792 4231 901 4295 Lia,
957 4242 1016 4288 ut
1053 4234 1109 4288 in
1152 4234 1322 4291 altera
1375 4237 1489 4292 vita
1552 4239 2020 4307 contemplatione

2122 1989 2223 2055 dit,
2266 1989 2362 2060 qui
2401 1989 2557 2059 quasi
2599 2005 2823 2044 manum
2865 1988 3121 2059 praebuit,
3171 1988 3299 2042 dum
3336 1987 3404 2041 ad
3451 1986 3746 2056 implenda

2124 2089 2400 2150 praecepta
2448 2079 2762 2136 Conditoris
2797 2097 2857 2135 sc
2917 2090 3279 2151 praeparatum
3318 2079 3576 2133 ostendit.
3620 2078 3751 2131 Hec

2122 2176 2206 2223 est
2246 2168 2338 2222 illa
2367 2167 2457 2221 lux
2489 2185 2613 2239 qua!
2645 2169 2910 2223 eumdum
2945 2168 3130 2222 Zaram
3166 2181 3461 2238 parumper
3492 2165 3748 2219 illustra-

2122 2256 2219 2322 vit,
2253 2256 2383 2310 dum
2415 2256 2684 2312 obstetrix
2697 2273 2797 2310 sua
2818 2257 3107 2312 coccinum
3128 2255 3430 2311 Dominicae
3459 2252 3753 2324 passionis

2125 2352 2181 2399 et
2239 2345 2421 2399 crucis
2459 2345 2510 2399 ei
2559 2344 2756 2400 frustra
2805 2345 3013 2420 ligavit,
3056 2345 3188 2415 quia
3226 2344 3353 2397 dum
3417 2343 3749 2413 mysterium

2126 2432 2280 2499 ﬁdei,
2312 2433 2462 2503 quod
2495 2433 2548 2486 in
2580 2434 2804 2489 coccino
2826 2432 3154 2503 eipraebuit,
3179 2432 3431 2501 accipere
3446 2430 3748 2495 recusavit,

2127 2537 2349 2576 manum
2378 2538 2542 2594 quam
2574 2522 2640 2576 ad
2672 2521 2836 2576 ﬁdem
2868 2522 3111 2592 protulit,
3136 2520 3398 2575 continuo
3431 2518 3735 2576 revocavit.

2134 2610 2258 2666 Haec
2287 2621 2373 2666 est
2403 2613 2496 2666 illa
2527 2613 2636 2677 lux,
2670 2628 2792 2683 quae
2830 2613 3007 2667 oculis
3036 2613 3156 2679 ejus
3176 2624 3241 2665 ex
3272 2616 3422 2681 parte
3462 2608 3744 2679 caligavit,

2129 2702 2259 2756 dum
2283 2704 2441 2774 quasi
2459 2703 2528 2758 ad
2560 2702 2724 2757 ﬁdem
2759 2720 2979 2758 manum
3012 2703 3223 2768 extulit,
3255 2710 3308 2757 et
3339 2702 3406 2756 ad
3436 2699 3747 2755 inﬁdelita-

2126 2797 2233 2846 tem
2262 2793 2556 2855 revocavit,
2597 2793 2721 2848 illos
2757 2792 2966 2848 scilicet
2994 2792 3311 2865 signiﬁcans
3340 2790 3433 2861 qui
3466 2806 3564 2860 per
3589 2805 3742 2843 mor-

2124 2884 2233 2932 tem
2291 2880 2470 2934 crucis
2509 2896 2703 2934 manus
2756 2886 3015 2935 cruentas
3054 2880 3108 2933 in
3168 2878 3319 2933 illum
3374 2876 3746 2931 extenderunt

2122 2965 2193 3019 de
2221 2982 2331 3037 quo
2353 2967 2618 3038 scriptum
2641 2978 2726 3023 est
2748 2986 2761 3022 :
2789 2975 2854 3023 In
2874 2972 3091 3039 propria
3109 2971 3278 3035 venit,
3303 2974 3355 3022 et
3373 2968 3463 3021 sui
3486 2981 3610 3019 eum
3632 2981 3746 3020 non

2115 3066 2430 3128 receperunt
2451 3060 2610 3131 (Joan
2631 3079 2686 3130 ι).
2717 3061 2837 3115 Haec
2859 3070 2943 3116 est
2959 3062 3051 3115 illa
3076 3062 3162 3116 lux
3187 3079 3310 3134 quaa
3332 3064 3495 3117 etiam
3515 3063 3735 3118 unicui-

2124 3162 2232 3217 que
2263 3146 2392 3203 ﬁdei
2421 3150 2605 3203 lumen
2639 3166 2753 3204 suae
2780 3150 3066 3204 charitatis
3092 3151 3354 3216 ostendit,
3388 3152 3480 3222 qui
3513 3167 3738 3204 manum

2125 3252 2280 3291 suam
2322 3238 2391 3291 ad
2433 3238 2777 3309 iniquitatem
2821 3254 2931 3294 non
2965 3239 3240 3294 extendit:
3295 3240 3444 3293 illum
3485 3240 3749 3294 videlicet

2128 3326 2291 3382 bonis
2319 3326 2586 3397 operibus
2610 3343 2832 3398 semper
2861 3329 3241 3399 exsequendo,
3264 3328 3357 3399 qui
3389 3329 3442 3382 in
3473 3344 3747 3383 remune-

2130 3415 2347 3470 ratione
2386 3425 2700 3470 sanctorum
2738 3415 2998 3470 extendet
3028 3431 3250 3471 manum
3297 3432 3451 3471 suam
3484 3416 3538 3469 in
3573 3417 3745 3471 retri-

2130 3503 2372 3559 buendo.
2412 3504 2536 3559 Haec
2580 3513 2665 3559 est
2694 3504 2787 3558 illa
2824 3504 2914 3560 lux
2943 3521 3065 3576 quae
3096 3505 3261 3561 nobis
3305 3504 3471 3559 etiam
3506 3504 3748 3577 singulis

2130 3598 2401 3655 illucescit
2453 3599 2673 3664 diebus,
2713 3599 2759 3652 si
2801 3614 2996 3652 manus
3038 3605 3255 3653 nostras
3284 3598 3351 3650 ad
3391 3597 3743 3667 iniquitatem

2130 3706 2240 3746 non
2314 3691 2698 3757 extendamus,
2753 3690 2853 3744 sed
2920 3689 2988 3743 ab
3043 3689 3336 3760 iniquitate
3391 3705 3745 3753 revocemus,

2129 3783 2391 3853 quoniam
2439 3783 2540 3838 hoc
2574 3782 2887 3851 exemplum
2946 3780 3111 3836 nobis
3167 3781 3223 3834 in
3261 3780 3443 3851 seipso
3499 3781 3752 3835 Salvator

2130 3874 2392 3940 ostendit,
2423 3873 2518 3944 qui
2549 3873 2602 3927 in
2634 3873 3000 3928 retributione
3025 3872 3298 3940 justorum
3332 3887 3553 3925 manum
3585 3888 3745 3925 suam

2132 3981 2231 4036 pro
2262 3966 2515 4037 reprobis
2555 3965 2853 4031 contrahit,
2885 3972 2938 4019 et
2978 3980 3077 4035 pro
3102 3965 3267 4033 justis
3319 3964 3585 4017 extendit.
3624 3964 3746 4017 llaec

2119 4073 2204 4113 est
2258 4058 2351 4113 illa
2400 4060 2490 4113 lux
2536 4074 2660 4129 qua),
2709 4058 2912 4128 .loseph
2954 4057 3233 4129 quondam
3295 4072 3395 4126 per
3446 4057 3732 4110 somnium

2118 4150 2340 4205 volebat
2370 4150 2666 4217 illustrare,
2702 4150 2831 4204 dum
2870 4148 3182 4219 manipulos
3234 4148 3463 4203 fratrum
3506 4163 3730 4202 suorum

2121 4239 2466 4311 manipulum
2501 4255 2659 4293 suum
2695 4239 2833 4293 vidit
2857 4238 3112 4303 adorare,
3147 4236 3471 4310 signiﬁcans
3498 4236 3733 4299 scilicet,

414 4317 599 4373 divina
627 4336 751 4375 cum
805 4322 1039 4379 Rachele
1070 4326 1417 4396 perfruamur
1461 4334 1515 4382 et
1563 4327 1744 4383 Maria.
1791 4328 1913 4383 Haec
1939 4336 2098 4422 estD
2123 4327 2272 4399 quod
2302 4328 2394 4381 ille
2447 4343 2479 4380 a
2517 4326 2678 4382 nobis
2724 4327 2994 4382 bonorum
3035 4341 3261 4396 operum
3310 4340 3531 4394 semper
3569 4324 3738 4378 debet

415 4411 505 4464 illa
534 4414 623 4467 lux
650 4431 748 4485 per
775 4433 940 4487 quam
979 4418 1032 4471 iu
1060 4419 1218 4488 Juda,
1249 4420 1345 4491 qui
1382 4420 1777 4491 interpretatur
1812 4411 2089 4488 confes-u
2123 4422 2340 4476 adorari
2406 4421 2723 4491 manipulis,
2758 4422 2850 4492 qui
2895 4428 3021 4490 post
3071 4420 3533 4475 resurrectionem
3580 4435 3734 4472 suam

412 4509 510 4573 sio,
545 4506 864 4565 Christiane
923 4511 1210 4584 religionis
1258 4522 1341 4569 est
1395 4515 1667 4570 illustrata
1717 4515 2021 4586 professio:

416 4602 677 4670 quoniam
723 4604 962 4660 Ecclesia
1036 4607 1231 4664 Christi
1287 4609 1449 4665 bonis
1492 4627 1714 4682 semper
1761 4610 2027 4682 operibus

419 4690 814 4749 conﬁtebimur
859 4697 992 4765 Deo,
1047 4699 1117 4753 de
1172 4717 1281 4772 quo
1335 4702 1599 4768 scriptum
1649 4711 1764 4758 est:
1803 4707 1904 4767 Qui
1943 4717 2030 4757 me

415 4786 685 4850 confessus
735 4789 904 4853 fuerit
931 4806 1114 4845 coram
1141 4794 1464 4861 hominibus,
1513 4797 1799 4861 conﬁtebor
1846 4802 1897 4850 et
1939 4810 2030 4863 ego

415 4888 541 4927 eum
569 4889 752 4928 coram
788 4877 951 4931 Patre
993 4895 1109 4934 meo
1150 4881 1356 4947 (stult/1.
1399 4882 1472 4952 x).
1510 4883 1632 4937 Haec
1660 4890 1744 4937 est
1771 4882 1862 4937 illa
1915 4882 2025 4946 lux,

418 4976 541 5030 qua:
565 4961 784 5032 ludam,
817 4964 910 5034 qui
944 4966 1012 5018 ad
1060 4968 1371 5024 tondendas
1419 4986 1550 5025 oves
1589 4971 1863 5034 veniebat,
1901 4979 2027 5041 typo

418 5054 715 5111 Salvatoris
764 5058 1041 5113 illustrare
1084 5063 1322 5128 volebat,
1378 5064 1472 5135 qui
1530 5065 1584 5117 in
1617 5081 1711 5118 ara
1739 5065 1920 5119 crucis
1956 5065 2024 5118 ad

417 5147 521 5203 hoc
584 5148 773 5219 quinis
820 5150 990 5205 voluit
1047 5154 1319 5208 cruentari
1397 5155 1738 5218 vulneribus,
1786 5163 1842 5209 ut
1893 5171 2024 5210 oves

416 5254 634 5307 pascuae
663 5240 784 5308 ejus
813 5257 843 5295 a
877 5250 1226 5306 peccatorum
1260 5261 1482 5301 suorum
1507 5254 1694 5316 posset
1723 5261 2025 5300 exonerare

419 5327 736 5382 velleribus.
782 5330 903 5385 Haec
933 5339 1016 5386 est
1046 5332 1138 5386 illa
1188 5334 1279 5387 lux
1318 5350 1442 5405 quae
1488 5334 1643 5390 Juda:
1679 5335 1745 5388 ad
1797 5334 2028 5388 Thamar

419 5416 681 5484 spiritalis
726 5418 991 5473 connubii
1033 5420 1316 5489 praebebat
1370 5421 1599 5486 aditum,
1677 5436 1820 5493 quae,
1877 5428 2027 5476 veste

419 5509 704 5564 viduitatis
743 5520 923 5575 exuta,
968 5529 1170 5569 nomen
1201 5515 1430 5570 mutavit
1458 5524 1513 5570 et
1536 5515 1800 5581 habitum,
1831 5515 2026 5569 Judam

422 5597 632 5651 scilicet
653 5599 803 5653 illum
837 5600 1158 5673 signiﬁcans
1185 5603 1282 5674 qui
1309 5604 1365 5658 in
1395 5619 1491 5658 ara
1527 5602 1706 5658 crucis
1742 5604 2031 5672 requirens

2126 4511 2415 4567 manifeste
2471 4512 2644 4567 voluit
2678 4511 2794 4566 suis
2822 4526 3086 4580 apparere
3127 4508 3435 4580 discipulis.
3479 4509 3599 4562 Haec
3659 4515 3738 4562 est

2128 4599 2221 4654 illa
2261 4600 2348 4654 lux
2389 4616 2488 4671 per
2514 4615 2677 4671 quam
2732 4599 2878 4654 idem
2917 4599 3122 4668 Joseph
3170 4598 3278 4653 alio
3335 4596 3500 4652 modo
3538 4596 3738 4651 meruit

2129 4689 2449 4756 illuminari,
2490 4689 2620 4743 dum
2671 4704 2702 4742 a
2748 4688 2884 4750 sole,
2921 4688 3044 4741 luna
3099 4694 3155 4741 et
3185 4686 3362 4741 stellis
3410 4702 3469 4740 se
3514 4685 3735 4739 videbat

2129 4784 2378 4839 adorari:
2430 4784 2584 4838 illum
2633 4783 2892 4839 videlicet
2955 4782 3258 4854 designans
3295 4797 3459 4851 quem
3510 4781 3567 4834 in
3598 4781 3732 4846 sole,

2130 4872 2261 4927 luna
2291 4884 2347 4929 et
2392 4873 2586 4940 stellis,
2619 4872 2823 4944 quibus
2865 4872 3129 4946 ﬁguratur
3179 4870 3399 4924 claritas
3436 4869 3732 4937 justorum,

2129 4967 2361 5021 adorare
2408 4964 2575 5020 debet
2605 4965 2787 5019 omnis
2819 4963 3060 5018 Ecclesia
3105 4968 3445 5017 sanctorum.
3482 4960 3605 5013 Haec
3657 4969 3735 5013 est

2125 5053 2220 5107 illa
2249 5053 2341 5107 lux
2367 5069 2491 5124 quae
2522 5053 2728 5123 Joseph
2774 5051 3061 5107 illustravit
3088 5051 3186 5104 hac
3242 5048 3420 5124 gratia
3449 5046 3732 5119 singulari,

2125 5152 2184 5199 ut
2233 5145 2377 5200 inter
2406 5145 2543 5201 alios
2581 5146 2775 5200 fratres
2815 5159 2969 5199 so.us
3014 5148 3258 5197 uteretur
3316 5140 3500 5195 tunica
3540 5138 3727 5192 talari:

2127 5236 2357 5307 mystice
2408 5253 2509 5293 nos
2557 5237 2835 5291 instruens
2891 5236 3039 5307 quod
3098 5233 3189 5287 ille
3239 5231 3551 5286 mercedem
3601 5229 3729 5283 boui

2127 5326 2314 5396 operis
2344 5326 2399 5379 in
2439 5333 2705 5381 aeternum
2748 5325 3000 5389 haberet,
3053 5323 3121 5377 de
3152 5337 3262 5393 quo
3314 5320 3573 5389 scriptum
3615 5327 3730 5372 est:

2127 5423 2227 5483 Qui
2272 5422 2687 5489 perseveraverit
2742 5433 2907 5487 usque
2934 5420 2992 5470 in
3027 5417 3215 5482 ﬁnem,
3271 5415 3358 5467 hic
3404 5413 3585 5467 salvus
3636 5413 3736 5465 erit

2132 5514 2334 5583 (Matth.
2369 5517 2447 5580 x).
2483 5512 2607 5565 llaec
2664 5519 2746 5563 est
2774 5510 2866 5563 illa
2920 5509 3006 5561 lux
3040 5523 3137 5577 per
3159 5521 3321 5576 quam
3376 5502 3581 5572 Joscph
3612 5500 3737 5556 illu-

2129 5609 2350 5667 stratus,
2366 5599 2603 5672 prepriae
2628 5598 2796 5667 cecpit
2818 5595 3124 5667 praevidere
3145 5592 3329 5657 saluti,
3361 5589 3492 5644 dum
3515 5587 3735 5659 pallium

3840 352 3851 443 l
