  <div class='ocr_page' id='page_1' title='image "/cluster/home/n/w/nwhite01/storage/ocr_20150623/160/hvd.32044054760186/502.png"; bbox 0 0 3912 6044; ppageno 0'>
   <div class='ocr_carea' id='block_1_1' title="bbox 141 142 272 197">
    <p class='ocr_par' dir='ltr' id='par_1_1' title="bbox 141 142 272 197">
     <span class='ocr_line' id='line_1_1' title="bbox 141 142 272 197; baseline 0.008 -2"><span class='ocrx_word' id='word_1_1' title='bbox 141 142 272 197; x_wconf 71' lang='lat'>993</span> 
     </span>
    </p>
   </div>
   <div class='ocr_carea' id='block_1_2' title="bbox 1251 132 2444 190">
    <p class='ocr_par' dir='ltr' id='par_1_2' title="bbox 1251 132 2444 190">
     <span class='ocr_line' id='line_1_2' title="bbox 1251 132 2444 190; baseline -0.001 -1"><span class='ocrx_word' id='word_1_2' title='bbox 1251 135 1375 189; x_wconf 87' lang='lat' dir='ltr'><strong>LIB.</strong></span> <span class='ocrx_word' id='word_1_3' title='bbox 1416 134 1500 190; x_wconf 85' lang='lat' dir='ltr'>DE</span> <span class='ocrx_word' id='word_1_4' title='bbox 1538 132 1867 190; x_wconf 79' lang='lat' dir='ltr'>MYSTERIO</span> <span class='ocrx_word' id='word_1_5' title='bbox 1907 133 2086 189; x_wconf 84' lang='lat' dir='ltr'>LlGNl</span> <span class='ocrx_word' id='word_1_6' title='bbox 2126 133 2444 190; x_wconf 80' lang='lat' dir='ltr'>DOMlNlCl.</span> 
     </span>
    </p>
   </div>
   <div class='ocr_carea' id='block_1_3' title="bbox 3401 149 3508 206">
    <p class='ocr_par' dir='ltr' id='par_1_3' title="bbox 3401 149 3508 206">
     <span class='ocr_line' id='line_1_3' title="bbox 3401 149 3508 206; baseline -0.019 -1"><span class='ocrx_word' id='word_1_7' title='bbox 3401 149 3508 206; x_wconf 73' lang='grc'>994</span> 
     </span>
    </p>
   </div>
   <div class='ocr_carea' id='block_1_4' title="bbox 143 263 3502 348">
    <p class='ocr_par' dir='ltr' id='par_1_4' title="bbox 143 263 3502 348">
     <span class='ocr_line' id='line_1_4' title="bbox 143 263 3502 348; baseline 0.003 -23"><span class='ocrx_word' id='word_1_8' title='bbox 143 287 337 326; x_wconf 88' lang='lat' dir='ltr'>suum</span> <span class='ocrx_word' id='word_1_9' title='bbox 403 269 590 324; x_wconf 91' lang='lat' dir='ltr'>divisit</span> <span class='ocrx_word' id='word_1_10' title='bbox 637 267 923 335; x_wconf 62' lang='lat' dir='ltr'>adulterae,</span> <span class='ocrx_word' id='word_1_11' title='bbox 974 282 1094 338; x_wconf 72' lang='lat' dir='ltr'>quae</span> <span class='ocrx_word' id='word_1_12' title='bbox 1155 281 1223 321; x_wconf 88' lang='lat' dir='ltr'>eo</span> <span class='ocrx_word' id='word_1_13' title='bbox 1273 264 1414 319; x_wconf 89' lang='lat' dir='ltr'>male</span> <span class='ocrx_word' id='word_1_14' title='bbox 1474 264 1647 320; x_wconf 90' lang='lat' dir='ltr'>voluit</span> <span class='ocrx_word' id='word_1_15' title='bbox 1684 263 1789 327; x_wconf 89' lang='lat' dir='ltr'>uti,</span> <span class='ocrx_word' id='word_1_16' title='bbox 1817 265 2143 341; x_wconf 70' lang='lat' dir='ltr'>Afrugibus</span> <span class='ocrx_word' id='word_1_17' title='bbox 2181 267 2290 322; x_wconf 90' lang='lat' dir='ltr'>illis</span> <span class='ocrx_word' id='word_1_18' title='bbox 2332 269 2591 324; x_wconf 89' lang='lat' dir='ltr'>virtutum</span> <span class='ocrx_word' id='word_1_19' title='bbox 2633 287 2768 342; x_wconf 85' lang='lat' dir='ltr'>ager</span> <span class='ocrx_word' id='word_1_20' title='bbox 2808 272 3140 330; x_wconf 85' lang='lat' dir='ltr'>fecundetur</span> <span class='ocrx_word' id='word_1_21' title='bbox 3171 278 3502 348; x_wconf 88' lang='lat' dir='ltr'>animarum,</span> 
     </span>
    </p>
   </div>
   <div class='ocr_carea' id='block_1_5' title="bbox 149 353 1790 433">
    <p class='ocr_par' dir='ltr' id='par_1_5' title="bbox 149 353 1790 433">
     <span class='ocr_line' id='line_1_5' title="bbox 149 353 1790 433; baseline -0.006 -17"><span class='ocrx_word' id='word_1_22' title='bbox 149 361 358 433; x_wconf 87' lang='lat' dir='ltr'>typice</span> <span class='ocrx_word' id='word_1_23' title='bbox 378 360 590 415; x_wconf 92' lang='lat' dir='ltr'>scilicet</span> <span class='ocrx_word' id='word_1_24' title='bbox 614 359 923 424; x_wconf 86' lang='lat' dir='ltr'>insinuans,</span> <span class='ocrx_word' id='word_1_25' title='bbox 951 356 1100 428; x_wconf 88' lang='lat' dir='ltr'>quod</span> <span class='ocrx_word' id='word_1_26' title='bbox 1120 363 1342 428; x_wconf 80' lang='lat' dir='ltr'>tegmen</span> <span class='ocrx_word' id='word_1_27' title='bbox 1365 353 1557 428; x_wconf 76' lang='lat' dir='ltr'>legalis</span> <span class='ocrx_word' id='word_1_28' title='bbox 1573 353 1790 415; x_wconf 68' lang='lat' dir='ltr'>litterae,</span> 
     </span>
    </p>
   </div>
   <div class='ocr_carea' id='block_1_6' title="bbox 147 445 1792 519">
    <p class='ocr_par' dir='ltr' id='par_1_6' title="bbox 147 445 1792 519">
     <span class='ocr_line' id='line_1_6' title="bbox 147 445 1792 519; baseline -0.005 -12"><span class='ocrx_word' id='word_1_29' title='bbox 147 451 532 508; x_wconf 70' lang='lat' dir='ltr'>unde&#39;Iudaai</span> <span class='ocrx_word' id='word_1_30' title='bbox 563 449 773 506; x_wconf 91' lang='lat' dir='ltr'>nullum</span> <span class='ocrx_word' id='word_1_31' title='bbox 815 449 1024 504; x_wconf 86' lang='lat' dir='ltr'>habent</span> <span class='ocrx_word' id='word_1_32' title='bbox 1079 445 1406 519; x_wconf 86' lang='lat' dir='ltr'>proﬁcuum,</span> <span class='ocrx_word' id='word_1_33' title='bbox 1467 461 1566 516; x_wconf 92' lang='lat' dir='ltr'>per</span> <span class='ocrx_word' id='word_1_34' title='bbox 1605 445 1792 500; x_wconf 88' lang='lat' dir='ltr'>lumen</span> 
     </span>
    </p>
   </div>
   <div class='ocr_carea' id='block_1_7' title="bbox 149 540 1795 613">
    <p class='ocr_par' dir='ltr' id='par_1_7' title="bbox 149 540 1795 613">
     <span class='ocr_line' id='line_1_7' title="bbox 149 540 1795 613; baseline -0.005 -11"><span class='ocrx_word' id='word_1_35' title='bbox 149 547 479 604; x_wconf 72' lang='lat' dir='ltr'>divinitatis</span> <span class='ocrx_word' id='word_1_36' title='bbox 528 545 690 601; x_wconf 90' lang='lat' dir='ltr'>nobis</span> <span class='ocrx_word' id='word_1_37' title='bbox 727 545 896 599; x_wconf 90' lang='lat' dir='ltr'>debet</span> <span class='ocrx_word' id='word_1_38' title='bbox 947 558 1072 598; x_wconf 89' lang='lat' dir='ltr'>esse</span> <span class='ocrx_word' id='word_1_39' title='bbox 1101 541 1475 613; x_wconf 87' lang='lat' dir='ltr'>perspicuum.</span> <span class='ocrx_word' id='word_1_40' title='bbox 1537 540 1660 595; x_wconf 55' lang='lat' dir='ltr'>Haec</span> <span class='ocrx_word' id='word_1_41' title='bbox 1712 545 1795 594; x_wconf 88' lang='lat' dir='ltr'>est</span> 
     </span>
    </p>
   </div>
   <div class='ocr_carea' id='block_1_8' title="bbox 150 627 1794 705">
    <p class='ocr_par' dir='ltr' id='par_1_8' title="bbox 150 627 1794 705">
     <span class='ocr_line' id='line_1_8' title="bbox 150 627 1794 705; baseline -0.005 -16"><span class='ocrx_word' id='word_1_42' title='bbox 150 635 262 694; x_wconf 84' lang='lat' dir='ltr'>illa</span> <span class='ocrx_word' id='word_1_43' title='bbox 293 636 390 690; x_wconf 89' lang='lat' dir='ltr'>lux</span> <span class='ocrx_word' id='word_1_44' title='bbox 420 649 519 705; x_wconf 89' lang='lat' dir='ltr'>per</span> <span class='ocrx_word' id='word_1_45' title='bbox 546 649 713 704; x_wconf 88' lang='lat' dir='ltr'>quam</span> <span class='ocrx_word' id='word_1_46' title='bbox 733 633 791 686; x_wconf 89' lang='lat' dir='ltr'>in</span> <span class='ocrx_word' id='word_1_47' title='bbox 830 631 1036 702; x_wconf 85' lang='lat' dir='ltr'>Ioseph</span> <span class='ocrx_word' id='word_1_48' title='bbox 1067 629 1360 686; x_wconf 86' lang='lat' dir='ltr'>emicantis</span> <span class='ocrx_word' id='word_1_49' title='bbox 1378 628 1570 702; x_wconf 70' lang='lat' dir='ltr'>gratia:</span> <span class='ocrx_word' id='word_1_50' title='bbox 1592 627 1794 698; x_wconf 85' lang='lat' dir='ltr'>duplex</span> 
     </span>
    </p>
   </div>
   <div class='ocr_carea' id='block_1_9' title="bbox 153 721 1796 792">
    <p class='ocr_par' dir='ltr' id='par_1_9' title="bbox 153 721 1796 792">
     <span class='ocr_line' id='line_1_9' title="bbox 153 721 1796 792; baseline -0.005 -9"><span class='ocrx_word' id='word_1_51' title='bbox 153 727 384 784; x_wconf 90' lang='lat' dir='ltr'>enituit</span> <span class='ocrx_word' id='word_1_52' title='bbox 411 725 641 792; x_wconf 88' lang='lat' dir='ltr'>fructus,</span> <span class='ocrx_word' id='word_1_53' title='bbox 682 725 810 780; x_wconf 89' lang='lat' dir='ltr'>dum</span> <span class='ocrx_word' id='word_1_54' title='bbox 844 723 902 778; x_wconf 91' lang='lat' dir='ltr'>in</span> <span class='ocrx_word' id='word_1_55' title='bbox 929 739 1153 780; x_wconf 88' lang='lat' dir='ltr'>carcere</span> <span class='ocrx_word' id='word_1_56' title='bbox 1191 723 1342 778; x_wconf 91' lang='lat' dir='ltr'>solus</span> <span class='ocrx_word' id='word_1_57' title='bbox 1371 727 1456 776; x_wconf 89' lang='lat' dir='ltr'>est</span> <span class='ocrx_word' id='word_1_58' title='bbox 1483 721 1704 781; x_wconf 89' lang='lat' dir='ltr'>missus.</span> <span class='ocrx_word' id='word_1_59' title='bbox 1740 729 1796 775; x_wconf 92' lang='lat' dir='ltr'>et</span> 
     </span>
    </p>
   </div>
   <div class='ocr_carea' id='block_1_10' title="bbox 153 813 1794 886">
    <p class='ocr_par' dir='ltr' id='par_1_10' title="bbox 153 813 1794 886">
     <span class='ocr_line' id='line_1_10' title="bbox 153 813 1794 886; baseline -0.005 -12"><span class='ocrx_word' id='word_1_60' title='bbox 153 819 306 874; x_wconf 87' lang='lat' dir='ltr'>inde</span> <span class='ocrx_word' id='word_1_61' title='bbox 323 817 477 873; x_wconf 91' lang='lat' dir='ltr'>solus</span> <span class='ocrx_word' id='word_1_62' title='bbox 507 817 768 872; x_wconf 88' lang='lat' dir='ltr'>eductus:</span> <span class='ocrx_word' id='word_1_63' title='bbox 813 831 912 886; x_wconf 92' lang='lat' dir='ltr'>per</span> <span class='ocrx_word' id='word_1_64' title='bbox 942 815 1088 886; x_wconf 90' lang='lat' dir='ltr'>quod</span> <span class='ocrx_word' id='word_1_65' title='bbox 1118 813 1383 869; x_wconf 87' lang='lat' dir='ltr'>videlicet</span> <span class='ocrx_word' id='word_1_66' title='bbox 1412 813 1575 868; x_wconf 89' lang='lat' dir='ltr'>nobis</span> <span class='ocrx_word' id='word_1_67' title='bbox 1607 829 1794 867; x_wconf 88' lang='lat' dir='ltr'>resur-</span> 
     </span>
    </p>
   </div>
   <div class='ocr_carea' id='block_1_11' title="bbox 159 904 1797 980">
    <p class='ocr_par' dir='ltr' id='par_1_11' title="bbox 159 904 1797 980">
     <span class='ocr_line' id='line_1_11' title="bbox 159 904 1797 980; baseline -0.005 -13"><span class='ocrx_word' id='word_1_68' title='bbox 159 912 485 967; x_wconf 88' lang='lat' dir='ltr'>rectionem</span> <span class='ocrx_word' id='word_1_69' title='bbox 528 912 650 977; x_wconf 83' lang='lat' dir='ltr'>ejus</span> <span class='ocrx_word' id='word_1_70' title='bbox 689 908 744 962; x_wconf 92' lang='lat' dir='ltr'>in</span> <span class='ocrx_word' id='word_1_71' title='bbox 784 907 957 980; x_wconf 90' lang='lat' dir='ltr'>ﬁgura</span> <span class='ocrx_word' id='word_1_72' title='bbox 1007 905 1244 978; x_wconf 77' lang='lat' dir='ltr'>signavit</span> <span class='ocrx_word' id='word_1_73' title='bbox 1281 904 1400 976; x_wconf 90' lang='lat' dir='ltr'>qui,</span> <span class='ocrx_word' id='word_1_74' title='bbox 1433 919 1728 980; x_wconf 81' lang='lat' dir='ltr'>resurgens</span> <span class='ocrx_word' id='word_1_75' title='bbox 1765 920 1797 958; x_wconf 92' lang='lat' dir='ltr'>a</span> 
     </span>
    </p>
   </div>
   <div class='ocr_carea' id='block_1_12' title="bbox 158 999 1798 1072">
    <p class='ocr_par' dir='ltr' id='par_1_12' title="bbox 158 999 1798 1072">
     <span class='ocr_line' id='line_1_12' title="bbox 158 999 1798 1072; baseline -0.006 -10"><span class='ocrx_word' id='word_1_76' title='bbox 158 1007 436 1072; x_wconf 83' lang='lat' dir='ltr'>mortuis,</span> <span class='ocrx_word' id='word_1_77' title='bbox 463 1021 593 1060; x_wconf 87' lang='lat' dir='ltr'>suos</span> <span class='ocrx_word' id='word_1_78' title='bbox 619 1020 684 1059; x_wconf 88' lang='lat' dir='ltr'>ex</span> <span class='ocrx_word' id='word_1_79' title='bbox 714 1002 918 1058; x_wconf 87' lang='lat' dir='ltr'>inferni</span> <span class='ocrx_word' id='word_1_80' title='bbox 947 1017 1165 1057; x_wconf 88' lang='lat' dir='ltr'>carcere</span> <span class='ocrx_word' id='word_1_81' title='bbox 1196 1001 1574 1070; x_wconf 85' lang='lat' dir='ltr'>potentissime</span> <span class='ocrx_word' id='word_1_82' title='bbox 1604 999 1798 1054; x_wconf 91' lang='lat' dir='ltr'>libera-</span> 
     </span>
    </p>
   </div>
   <div class='ocr_carea' id='block_1_13' title="bbox 156 1090 1798 1166">
    <p class='ocr_par' dir='ltr' id='par_1_13' title="bbox 156 1090 1798 1166">
     <span class='ocr_line' id='line_1_13' title="bbox 156 1090 1798 1166; baseline -0.005 -13"><span class='ocrx_word' id='word_1_83' title='bbox 156 1099 272 1155; x_wconf 87' lang='lat' dir='ltr'>vit.</span> <span class='ocrx_word' id='word_1_84' title='bbox 313 1099 433 1154; x_wconf 64' lang='lat' dir='ltr'>Haec</span> <span class='ocrx_word' id='word_1_85' title='bbox 458 1106 541 1152; x_wconf 90' lang='lat' dir='ltr'>est</span> <span class='ocrx_word' id='word_1_86' title='bbox 581 1097 674 1150; x_wconf 80' lang='lat' dir='ltr'>Illa</span> <span class='ocrx_word' id='word_1_87' title='bbox 713 1097 803 1150; x_wconf 86' lang='lat' dir='ltr'>lux</span> <span class='ocrx_word' id='word_1_88' title='bbox 850 1109 974 1166; x_wconf 63' lang='lat' dir='ltr'>quae</span> <span class='ocrx_word' id='word_1_89' title='bbox 1020 1093 1226 1162; x_wconf 89' lang='lat' dir='ltr'>Ioseph</span> <span class='ocrx_word' id='word_1_90' title='bbox 1267 1092 1498 1147; x_wconf 64' lang='lat' dir='ltr'>internae</span> <span class='ocrx_word' id='word_1_91' title='bbox 1537 1090 1798 1146; x_wconf 88' lang='lat' dir='ltr'>claritatis</span> 
     </span>
    </p>
   </div>
   <div class='ocr_carea' id='block_1_14' title="bbox 158 1180 1800 1258">
    <p class='ocr_par' dir='ltr' id='par_1_14' title="bbox 158 1180 1800 1258">
     <span class='ocr_line' id='line_1_14' title="bbox 158 1180 1800 1258; baseline -0.006 -14"><span class='ocrx_word' id='word_1_92' title='bbox 158 1196 384 1244; x_wconf 82' lang='lat' dir='ltr'>tantam</span> <span class='ocrx_word' id='word_1_93' title='bbox 426 1186 688 1258; x_wconf 87' lang='lat' dir='ltr'>aspiravit</span> <span class='ocrx_word' id='word_1_94' title='bbox 735 1182 1050 1247; x_wconf 83' lang='lat' dir='ltr'>scientiam,</span> <span class='ocrx_word' id='word_1_95' title='bbox 1111 1193 1171 1237; x_wconf 93' lang='lat' dir='ltr'>ut</span> <span class='ocrx_word' id='word_1_96' title='bbox 1229 1182 1417 1256; x_wconf 78' lang='lat' dir='ltr'>lingua</span> <span class='ocrx_word' id='word_1_97' title='bbox 1473 1181 1595 1252; x_wconf 85' lang='lat' dir='ltr'>ejus</span> <span class='ocrx_word' id='word_1_98' title='bbox 1653 1180 1800 1235; x_wconf 90' lang='lat' dir='ltr'>inter</span> 
     </span>
    </p>
   </div>
   <div class='ocr_carea' id='block_1_15' title="bbox 159 1273 1798 1353">
    <p class='ocr_par' dir='ltr' id='par_1_15' title="bbox 159 1273 1798 1353">
     <span class='ocr_line' id='line_1_15' title="bbox 159 1273 1798 1353; baseline -0.005 -17"><span class='ocrx_word' id='word_1_99' title='bbox 159 1281 459 1353; x_wconf 87' lang='lat' dir='ltr'>principes</span> <span class='ocrx_word' id='word_1_100' title='bbox 481 1279 800 1350; x_wconf 86' lang='lat' dir='ltr'>loqueretur</span> <span class='ocrx_word' id='word_1_101' title='bbox 843 1274 1196 1346; x_wconf 87' lang='lat' dir='ltr'>sapientiam,</span> <span class='ocrx_word' id='word_1_102' title='bbox 1247 1273 1469 1344; x_wconf 89' lang='lat' dir='ltr'>quando</span> <span class='ocrx_word' id='word_1_103' title='bbox 1517 1273 1571 1327; x_wconf 91' lang='lat' dir='ltr'>in</span> <span class='ocrx_word' id='word_1_104' title='bbox 1632 1273 1798 1328; x_wconf 90' lang='lat' dir='ltr'>domo</span> 
     </span>
    </p>
   </div>
   <div class='ocr_carea' id='block_1_16' title="bbox 163 1362 1794 1433">
    <p class='ocr_par' dir='ltr' id='par_1_16' title="bbox 163 1362 1794 1433">
     <span class='ocr_line' id='line_1_16' title="bbox 163 1362 1794 1433; baseline -0.006 -9"><span class='ocrx_word' id='word_1_105' title='bbox 163 1367 481 1424; x_wconf 82' lang='lat' dir='ltr'>Pharaonis</span> <span class='ocrx_word' id='word_1_106' title='bbox 505 1367 585 1421; x_wconf 92' lang='lat' dir='ltr'>illi</span> <span class='ocrx_word' id='word_1_107' title='bbox 610 1366 908 1420; x_wconf 90' lang='lat' dir='ltr'>servitores</span> <span class='ocrx_word' id='word_1_108' title='bbox 945 1364 1066 1432; x_wconf 88' lang='lat' dir='ltr'>ejus</span> <span class='ocrx_word' id='word_1_109' title='bbox 1091 1363 1148 1416; x_wconf 92' lang='lat' dir='ltr'>in</span> <span class='ocrx_word' id='word_1_110' title='bbox 1177 1362 1422 1433; x_wconf 80' lang='lat' dir='ltr'>caphino</span> <span class='ocrx_word' id='word_1_111' title='bbox 1465 1362 1794 1417; x_wconf 90' lang='lat' dir='ltr'>servierunt.</span> 
     </span>
    </p>
   </div>
   <div class='ocr_carea' id='block_1_17' title="bbox 167 1453 1796 1528">
    <p class='ocr_par' dir='ltr' id='par_1_17' title="bbox 167 1453 1796 1528">
     <span class='ocr_line' id='line_1_17' title="bbox 167 1453 1796 1528; baseline -0.005 -12"><span class='ocrx_word' id='word_1_112' title='bbox 167 1462 304 1516; x_wconf 69' lang='lat' dir='ltr'>Haec</span> <span class='ocrx_word' id='word_1_113' title='bbox 339 1466 423 1516; x_wconf 89' lang='lat' dir='ltr'>est</span> <span class='ocrx_word' id='word_1_114' title='bbox 452 1459 544 1514; x_wconf 90' lang='lat' dir='ltr'>illa</span> <span class='ocrx_word' id='word_1_115' title='bbox 573 1459 663 1512; x_wconf 86' lang='lat' dir='ltr'>lux</span> <span class='ocrx_word' id='word_1_116' title='bbox 716 1472 838 1528; x_wconf 77' lang='lat' dir='ltr'>quae</span> <span class='ocrx_word' id='word_1_117' title='bbox 879 1454 1104 1510; x_wconf 90' lang='lat' dir='ltr'>divertit</span> <span class='ocrx_word' id='word_1_118' title='bbox 1135 1455 1204 1508; x_wconf 91' lang='lat' dir='ltr'>ab</span> <span class='ocrx_word' id='word_1_119' title='bbox 1247 1453 1517 1510; x_wconf 89' lang='lat' dir='ltr'>oneribus</span> <span class='ocrx_word' id='word_1_120' title='bbox 1568 1453 1796 1508; x_wconf 88' lang='lat' dir='ltr'>dorsum</span> 
     </span>
    </p>
   </div>
   <div class='ocr_carea' id='block_1_18' title="bbox 165 1541 1797 1620">
    <p class='ocr_par' dir='ltr' id='par_1_18' title="bbox 165 1541 1797 1620">
     <span class='ocr_line' id='line_1_18' title="bbox 165 1541 1797 1620; baseline -0.006 -16"><span class='ocrx_word' id='word_1_121' title='bbox 165 1550 328 1619; x_wconf 87' lang='lat' dir='ltr'>ejus:</span> <span class='ocrx_word' id='word_1_122' title='bbox 387 1547 610 1620; x_wconf 87' lang='lat' dir='ltr'>quando</span> <span class='ocrx_word' id='word_1_123' title='bbox 663 1561 759 1600; x_wconf 90' lang='lat' dir='ltr'>cor</span> <span class='ocrx_word' id='word_1_124' title='bbox 824 1544 974 1599; x_wconf 90' lang='lat' dir='ltr'>illius</span> <span class='ocrx_word' id='word_1_125' title='bbox 1026 1543 1278 1612; x_wconf 88' lang='lat' dir='ltr'>ejusdem</span> <span class='ocrx_word' id='word_1_126' title='bbox 1347 1541 1520 1596; x_wconf 90' lang='lat' dir='ltr'>divini</span> <span class='ocrx_word' id='word_1_127' title='bbox 1566 1541 1797 1596; x_wconf 91' lang='lat' dir='ltr'>luminis</span> 
     </span>
    </p>
   </div>
   <div class='ocr_carea' id='block_1_19' title="bbox 163 1631 1790 1711">
    <p class='ocr_par' dir='ltr' id='par_1_19' title="bbox 163 1631 1790 1711">
     <span class='ocr_line' id='line_1_19' title="bbox 163 1631 1790 1711; baseline -0.004 -16"><span class='ocrx_word' id='word_1_128' title='bbox 163 1640 443 1710; x_wconf 84' lang='lat' dir='ltr'>splendor</span> <span class='ocrx_word' id='word_1_129' title='bbox 471 1637 754 1694; x_wconf 90' lang='lat' dir='ltr'>irradiavit</span> <span class='ocrx_word' id='word_1_130' title='bbox 782 1639 1028 1711; x_wconf 78' lang='lat' dir='ltr'>egregie,</span> <span class='ocrx_word' id='word_1_131' title='bbox 1058 1650 1127 1689; x_wconf 90' lang='lat' dir='ltr'>ne</span> <span class='ocrx_word' id='word_1_132' title='bbox 1157 1633 1211 1688; x_wconf 90' lang='lat' dir='ltr'>in</span> <span class='ocrx_word' id='word_1_133' title='bbox 1245 1635 1451 1710; x_wconf 87' lang='lat' dir='ltr'>Egypto</span> <span class='ocrx_word' id='word_1_134' title='bbox 1475 1631 1790 1688; x_wconf 89' lang='lat' dir='ltr'>tribulatio-</span> 
     </span>
    </p>
   </div>
   <div class='ocr_carea' id='block_1_20' title="bbox 173 1720 1806 1798">
    <p class='ocr_par' dir='ltr' id='par_1_20' title="bbox 173 1720 1806 1798">
     <span class='ocr_line' id='line_1_20' title="bbox 173 1720 1806 1798; baseline -0.005 -14"><span class='ocrx_word' id='word_1_135' title='bbox 173 1730 268 1784; x_wconf 90' lang='lat' dir='ltr'>nis</span> <span class='ocrx_word' id='word_1_136' title='bbox 301 1728 607 1784; x_wconf 88' lang='lat' dir='ltr'>carnalium</span> <span class='ocrx_word' id='word_1_137' title='bbox 641 1725 952 1782; x_wconf 87' lang='lat' dir='ltr'>divitiarum</span> <span class='ocrx_word' id='word_1_138' title='bbox 994 1731 1314 1798; x_wconf 83' lang='lat' dir='ltr'>gravaretur</span> <span class='ocrx_word' id='word_1_139' title='bbox 1341 1737 1534 1787; x_wconf 92' lang='lat' dir='ltr'>onere,</span> <span class='ocrx_word' id='word_1_140' title='bbox 1567 1721 1635 1776; x_wconf 90' lang='lat' dir='ltr'>de</span> <span class='ocrx_word' id='word_1_141' title='bbox 1683 1720 1806 1793; x_wconf 89' lang='lat' dir='ltr'>qui-</span> 
     </span>
    </p>
   </div>
   <div class='ocr_carea' id='block_1_21' title="bbox 171 1813 1804 1890">
    <p class='ocr_par' dir='ltr' id='par_1_21' title="bbox 171 1813 1804 1890">
     <span class='ocr_line' id='line_1_21' title="bbox 171 1813 1804 1890; baseline -0.005 -15"><span class='ocrx_word' id='word_1_142' title='bbox 171 1821 285 1875; x_wconf 88' lang='lat' dir='ltr'>bus</span> <span class='ocrx_word' id='word_1_143' title='bbox 341 1819 603 1890; x_wconf 90' lang='lat' dir='ltr'>scriptum</span> <span class='ocrx_word' id='word_1_144' title='bbox 660 1825 775 1871; x_wconf 89' lang='lat' dir='ltr'>est:</span> <span class='ocrx_word' id='word_1_145' title='bbox 836 1817 1045 1870; x_wconf 77' lang='lat' dir='ltr'>Divitiae</span> <span class='ocrx_word' id='word_1_146' title='bbox 1093 1816 1142 1868; x_wconf 79' lang='lat' dir='ltr'>si</span> <span class='ocrx_word' id='word_1_147' title='bbox 1177 1815 1440 1880; x_wconf 76' lang='lat' dir='ltr'>afﬂuant,</span> <span class='ocrx_word' id='word_1_148' title='bbox 1493 1813 1660 1870; x_wconf 78' lang='lat' dir='ltr'>nolite</span> <span class='ocrx_word' id='word_1_149' title='bbox 1715 1825 1804 1867; x_wconf 80' lang='lat' dir='ltr'>cor</span> 
     </span>
    </p>
   </div>
   <div class='ocr_carea' id='block_1_22' title="bbox 174 1901 1798 1982">
    <p class='ocr_par' dir='ltr' id='par_1_22' title="bbox 174 1901 1798 1982">
     <span class='ocr_line' id='line_1_22' title="bbox 174 1901 1798 1982; baseline -0.007 -15"><span class='ocrx_word' id='word_1_150' title='bbox 174 1925 450 1982; x_wconf 79' lang='lat' dir='ltr'>apponere</span> <span class='ocrx_word' id='word_1_151' title='bbox 499 1910 662 1978; x_wconf 75' lang='lat' dir='ltr'>(Psal.</span> <span class='ocrx_word' id='word_1_152' title='bbox 715 1911 840 1973; x_wconf 76' lang='lat' dir='ltr'>mu).</span> <span class='ocrx_word' id='word_1_153' title='bbox 904 1905 1028 1960; x_wconf 64' lang='lat' dir='ltr'>Haec</span> <span class='ocrx_word' id='word_1_154' title='bbox 1057 1911 1140 1960; x_wconf 87' lang='lat' dir='ltr'>est</span> <span class='ocrx_word' id='word_1_155' title='bbox 1192 1903 1285 1958; x_wconf 89' lang='lat' dir='ltr'>illa</span> <span class='ocrx_word' id='word_1_156' title='bbox 1316 1904 1406 1958; x_wconf 87' lang='lat' dir='ltr'>lux</span> <span class='ocrx_word' id='word_1_157' title='bbox 1443 1919 1566 1974; x_wconf 73' lang='lat' dir='ltr'>quae</span> <span class='ocrx_word' id='word_1_158' title='bbox 1593 1901 1798 1974; x_wconf 82' lang='lat' dir='ltr'>Ioseph</span> 
     </span>
    </p>
   </div>
   <div class='ocr_carea' id='block_1_23' title="bbox 181 1995 1802 2072">
    <p class='ocr_par' dir='ltr' id='par_1_23' title="bbox 181 1995 1802 2072">
     <span class='ocr_line' id='line_1_23' title="bbox 181 1995 1802 2072; baseline -0.006 -15"><span class='ocrx_word' id='word_1_159' title='bbox 181 2002 396 2058; x_wconf 88' lang='lat' dir='ltr'>divinis</span> <span class='ocrx_word' id='word_1_160' title='bbox 426 2000 715 2056; x_wconf 87' lang='lat' dir='ltr'>illustravit</span> <span class='ocrx_word' id='word_1_161' title='bbox 743 1997 981 2072; x_wconf 78' lang='lat' dir='ltr'>legibus,</span> <span class='ocrx_word' id='word_1_162' title='bbox 1009 1997 1140 2050; x_wconf 91' lang='lat' dir='ltr'>dum</span> <span class='ocrx_word' id='word_1_163' title='bbox 1191 2011 1288 2066; x_wconf 89' lang='lat' dir='ltr'>per</span> <span class='ocrx_word' id='word_1_164' title='bbox 1315 2000 1483 2050; x_wconf 86' lang='lat' dir='ltr'>totam</span> <span class='ocrx_word' id='word_1_165' title='bbox 1534 1995 1802 2069; x_wconf 85' lang='lat' dir='ltr'>Egyptum</span> 
     </span>
    </p>
   </div>
   <div class='ocr_carea' id='block_1_24' title="bbox 180 2082 1803 2162">
    <p class='ocr_par' dir='ltr' id='par_1_24' title="bbox 180 2082 1803 2162">
     <span class='ocr_line' id='line_1_24' title="bbox 180 2082 1803 2162; baseline -0.006 -17"><span class='ocrx_word' id='word_1_166' title='bbox 180 2091 436 2162; x_wconf 91' lang='lat' dir='ltr'>quintam</span> <span class='ocrx_word' id='word_1_167' title='bbox 470 2095 680 2161; x_wconf 89' lang='lat' dir='ltr'>partem</span> <span class='ocrx_word' id='word_1_168' title='bbox 713 2087 934 2161; x_wconf 90' lang='lat' dir='ltr'>frugum</span> <span class='ocrx_word' id='word_1_169' title='bbox 959 2084 1236 2158; x_wconf 73' lang='lat' dir='ltr'>delegavit</span> <span class='ocrx_word' id='word_1_170' title='bbox 1275 2083 1536 2156; x_wconf 80' lang='lat' dir='ltr'>regibus:</span> <span class='ocrx_word' id='word_1_171' title='bbox 1587 2082 1803 2155; x_wconf 83' lang='lat' dir='ltr'>signiﬁ-</span> 
     </span>
    </p>
   </div>
   <div class='ocr_carea' id='block_1_25' title="bbox 177 2177 1810 2255">
    <p class='ocr_par' dir='ltr' id='par_1_25' title="bbox 177 2177 1810 2255">
     <span class='ocr_line' id='line_1_25' title="bbox 177 2177 1810 2255; baseline -0.005 -15"><span class='ocrx_word' id='word_1_172' title='bbox 177 2201 320 2240; x_wconf 89' lang='lat' dir='ltr'>cans</span> <span class='ocrx_word' id='word_1_173' title='bbox 339 2184 600 2240; x_wconf 89' lang='lat' dir='ltr'>videlicet</span> <span class='ocrx_word' id='word_1_174' title='bbox 626 2181 776 2255; x_wconf 90' lang='lat' dir='ltr'>quod</span> <span class='ocrx_word' id='word_1_175' title='bbox 809 2181 949 2252; x_wconf 92' lang='lat' dir='ltr'>ipse,</span> <span class='ocrx_word' id='word_1_176' title='bbox 981 2179 1076 2252; x_wconf 85' lang='lat' dir='ltr'>qui</span> <span class='ocrx_word' id='word_1_177' title='bbox 1105 2177 1536 2250; x_wconf 84' lang='lat' dir='ltr'>primogenitum</span> <span class='ocrx_word' id='word_1_178' title='bbox 1567 2178 1810 2234; x_wconf 87' lang='lat' dir='ltr'>hominis</span> 
     </span>
    </p>
   </div>
   <div class='ocr_carea' id='block_1_26' title="bbox 181 2273 1806 2353">
    <p class='ocr_par' dir='ltr' id='par_1_26' title="bbox 181 2273 1806 2353">
     <span class='ocr_line' id='line_1_26' title="bbox 181 2273 1806 2353; baseline -0.005 -17"><span class='ocrx_word' id='word_1_179' title='bbox 181 2281 436 2353; x_wconf 89' lang='lat' dir='ltr'>quinque</span> <span class='ocrx_word' id='word_1_180' title='bbox 455 2279 610 2334; x_wconf 91' lang='lat' dir='ltr'>siclis</span> <span class='ocrx_word' id='word_1_181' title='bbox 627 2277 839 2350; x_wconf 87' lang='lat' dir='ltr'>argenti</span> <span class='ocrx_word' id='word_1_182' title='bbox 865 2274 1070 2331; x_wconf 89' lang='lat' dir='ltr'>redimi</span> <span class='ocrx_word' id='word_1_183' title='bbox 1084 2273 1338 2344; x_wconf 90' lang='lat' dir='ltr'>jubebat.</span> <span class='ocrx_word' id='word_1_184' title='bbox 1363 2290 1462 2344; x_wconf 92' lang='lat' dir='ltr'>per</span> <span class='ocrx_word' id='word_1_185' title='bbox 1486 2273 1806 2346; x_wconf 85' lang='lat' dir='ltr'>mysterium</span> 
     </span>
    </p>
   </div>
   <div class='ocr_carea' id='block_1_27' title="bbox 182 2361 1810 2439">
    <p class='ocr_par' dir='ltr' id='par_1_27' title="bbox 182 2361 1810 2439">
     <span class='ocr_line' id='line_1_27' title="bbox 182 2361 1810 2439; baseline -0.006 -14"><span class='ocrx_word' id='word_1_186' title='bbox 182 2369 366 2425; x_wconf 89' lang='lat' dir='ltr'>crucis</span> <span class='ocrx_word' id='word_1_187' title='bbox 387 2369 636 2439; x_wconf 89' lang='lat' dir='ltr'>quinque</span> <span class='ocrx_word' id='word_1_188' title='bbox 662 2380 924 2421; x_wconf 89' lang='lat' dir='ltr'>sensuum</span> <span class='ocrx_word' id='word_1_189' title='bbox 981 2369 1292 2419; x_wconf 89' lang='lat' dir='ltr'>nostrorum</span> <span class='ocrx_word' id='word_1_190' title='bbox 1336 2361 1644 2417; x_wconf 89' lang='lat' dir='ltr'>custodiam</span> <span class='ocrx_word' id='word_1_191' title='bbox 1691 2361 1810 2433; x_wconf 90' lang='lat' dir='ltr'>qui-</span> 
     </span>
    </p>
   </div>
   <div class='ocr_carea' id='block_1_28' title="bbox 189 2453 1809 2524">
    <p class='ocr_par' dir='ltr' id='par_1_28' title="bbox 189 2453 1809 2524">
     <span class='ocr_line' id='line_1_28' title="bbox 189 2453 1809 2524; baseline -0.006 -8"><span class='ocrx_word' id='word_1_192' title='bbox 189 2461 280 2516; x_wconf 90' lang='lat' dir='ltr'>nis</span> <span class='ocrx_word' id='word_1_193' title='bbox 304 2459 626 2514; x_wconf 87' lang='lat' dir='ltr'>vulneribus</span> <span class='ocrx_word' id='word_1_194' title='bbox 655 2455 986 2512; x_wconf 88' lang='lat' dir='ltr'>redimebat.</span> <span class='ocrx_word' id='word_1_195' title='bbox 1017 2454 1145 2509; x_wconf 72' lang='grc' dir='ltr'>11ωο</span> <span class='ocrx_word' id='word_1_196' title='bbox 1173 2461 1252 2509; x_wconf 91' lang='lat' dir='ltr'>est</span> <span class='ocrx_word' id='word_1_197' title='bbox 1279 2453 1374 2508; x_wconf 92' lang='lat' dir='ltr'>illa</span> <span class='ocrx_word' id='word_1_198' title='bbox 1401 2453 1493 2508; x_wconf 92' lang='lat' dir='ltr'>lux</span> <span class='ocrx_word' id='word_1_199' title='bbox 1520 2469 1621 2524; x_wconf 90' lang='lat' dir='ltr'>per</span> <span class='ocrx_word' id='word_1_200' title='bbox 1643 2469 1809 2524; x_wconf 90' lang='lat' dir='ltr'>quam</span> 
     </span>
    </p>
   </div>
   <div class='ocr_carea' id='block_1_29' title="bbox 191 2545 1810 2623">
    <p class='ocr_par' dir='ltr' id='par_1_29' title="bbox 191 2545 1810 2623">
     <span class='ocr_line' id='line_1_29' title="bbox 191 2545 1810 2623; baseline -0.006 -14"><span class='ocrx_word' id='word_1_201' title='bbox 191 2554 342 2609; x_wconf 90' lang='lat' dir='ltr'>idem</span> <span class='ocrx_word' id='word_1_202' title='bbox 362 2549 840 2623; x_wconf 88' lang='lat' dir='ltr'>Iosephillustrari</span> <span class='ocrx_word' id='word_1_203' title='bbox 864 2547 1084 2614; x_wconf 89' lang='lat' dir='ltr'>meruit,</span> <span class='ocrx_word' id='word_1_204' title='bbox 1109 2546 1240 2602; x_wconf 92' lang='lat' dir='ltr'>dum</span> <span class='ocrx_word' id='word_1_205' title='bbox 1269 2561 1370 2617; x_wconf 89' lang='lat' dir='ltr'>pro</span> <span class='ocrx_word' id='word_1_206' title='bbox 1395 2545 1810 2617; x_wconf 89' lang='lat' dir='ltr'>dispensatione</span> 
     </span>
    </p>
   </div>
   <div class='ocr_carea' id='block_1_30' title="bbox 189 2637 1814 2712">
    <p class='ocr_par' dir='ltr' id='par_1_30' title="bbox 189 2637 1814 2712">
     <span class='ocr_line' id='line_1_30' title="bbox 189 2637 1814 2712; baseline -0.005 -12"><span class='ocrx_word' id='word_1_207' title='bbox 189 2645 456 2700; x_wconf 80' lang='lat' dir='ltr'>frumenti</span> <span class='ocrx_word' id='word_1_208' title='bbox 505 2645 706 2698; x_wconf 89' lang='lat' dir='ltr'>horrea</span> <span class='ocrx_word' id='word_1_209' title='bbox 779 2640 925 2712; x_wconf 88' lang='lat' dir='ltr'>regis</span> <span class='ocrx_word' id='word_1_210' title='bbox 977 2639 1216 2710; x_wconf 89' lang='lat' dir='ltr'>aperuit,</span> <span class='ocrx_word' id='word_1_211' title='bbox 1274 2637 1454 2708; x_wconf 84' lang='lat' dir='ltr'>typice</span> <span class='ocrx_word' id='word_1_212' title='bbox 1515 2637 1814 2710; x_wconf 87' lang='lat' dir='ltr'>designans</span> 
     </span>
    </p>
   </div>
   <div class='ocr_carea' id='block_1_31' title="bbox 195 2727 1812 2806">
    <p class='ocr_par' dir='ltr' id='par_1_31' title="bbox 195 2727 1812 2806">
     <span class='ocr_line' id='line_1_31' title="bbox 195 2727 1812 2806; baseline -0.005 -16"><span class='ocrx_word' id='word_1_213' title='bbox 195 2734 348 2806; x_wconf 91' lang='lat' dir='ltr'>quod</span> <span class='ocrx_word' id='word_1_214' title='bbox 397 2732 630 2804; x_wconf 87' lang='lat' dir='ltr'>quilibet</span> <span class='ocrx_word' id='word_1_215' title='bbox 698 2729 960 2802; x_wconf 74' lang='lat' dir='ltr'>praelatus</span> <span class='ocrx_word' id='word_1_216' title='bbox 1040 2744 1209 2800; x_wconf 90' lang='lat' dir='ltr'>super</span> <span class='ocrx_word' id='word_1_217' title='bbox 1289 2727 1554 2784; x_wconf 82' lang='lat' dir='ltr'>familiam</span> <span class='ocrx_word' id='word_1_218' title='bbox 1593 2727 1812 2783; x_wconf 90' lang='lat' dir='ltr'>Domini</span> 
     </span>
    </p>
   </div>
   <div class='ocr_carea' id='block_1_32' title="bbox 199 2818 1811 2891">
    <p class='ocr_par' dir='ltr' id='par_1_32' title="bbox 199 2818 1811 2891">
     <span class='ocr_line' id='line_1_32' title="bbox 199 2818 1811 2891; baseline -0.004 -10"><span class='ocrx_word' id='word_1_219' title='bbox 199 2831 406 2881; x_wconf 89' lang='lat' dir='ltr'>tantam</span> <span class='ocrx_word' id='word_1_220' title='bbox 451 2821 737 2877; x_wconf 89' lang='lat' dir='ltr'>habiturus</span> <span class='ocrx_word' id='word_1_221' title='bbox 769 2828 855 2875; x_wconf 91' lang='lat' dir='ltr'>est</span> <span class='ocrx_word' id='word_1_222' title='bbox 884 2836 1092 2888; x_wconf 91' lang='lat' dir='ltr'>curam,</span> <span class='ocrx_word' id='word_1_223' title='bbox 1123 2830 1192 2874; x_wconf 90' lang='lat' dir='ltr'>ut</span> <span class='ocrx_word' id='word_1_224' title='bbox 1212 2819 1305 2874; x_wconf 85' lang='lat' dir='ltr'>det</span> <span class='ocrx_word' id='word_1_225' title='bbox 1327 2818 1436 2874; x_wconf 91' lang='lat' dir='ltr'>illis</span> <span class='ocrx_word' id='word_1_226' title='bbox 1471 2819 1531 2874; x_wconf 93' lang='lat' dir='ltr'>in</span> <span class='ocrx_word' id='word_1_227' title='bbox 1561 2826 1811 2891; x_wconf 89' lang='lat' dir='ltr'>tempore</span> 
     </span>
    </p>
   </div>
   <div class='ocr_carea' id='block_1_33' title="bbox 196 2903 1815 2992">
    <p class='ocr_par' dir='ltr' id='par_1_33' title="bbox 196 2903 1815 2992">
     <span class='ocr_line' id='line_1_33' title="bbox 196 2903 1815 2992; baseline -0.004 -18"><span class='ocrx_word' id='word_1_228' title='bbox 196 2918 468 2992; x_wconf 83' lang='lat' dir='ltr'>spiritalis</span> <span class='ocrx_word' id='word_1_229' title='bbox 513 2917 678 2972; x_wconf 84' lang='lat' dir='ltr'>tritici</span> <span class='ocrx_word' id='word_1_230' title='bbox 713 2903 1050 2971; x_wconf 87' lang='lat' dir='ltr'>mensuram.</span> <span class='ocrx_word' id='word_1_231' title='bbox 1084 2914 1211 2969; x_wconf 65' lang='lat' dir='ltr'>Haec</span> <span class='ocrx_word' id='word_1_232' title='bbox 1267 2921 1350 2968; x_wconf 90' lang='lat' dir='ltr'>est</span> <span class='ocrx_word' id='word_1_233' title='bbox 1407 2913 1499 2968; x_wconf 92' lang='lat' dir='ltr'>illa</span> <span class='ocrx_word' id='word_1_234' title='bbox 1549 2912 1638 2968; x_wconf 87' lang='lat' dir='ltr'>lux</span> <span class='ocrx_word' id='word_1_235' title='bbox 1691 2928 1815 2986; x_wconf 66' lang='lat' dir='ltr'>qua:</span> 
     </span>
    </p>
   </div>
   <div class='ocr_carea' id='block_1_34' title="bbox 200 3007 1814 3078">
    <p class='ocr_par' dir='ltr' id='par_1_34' title="bbox 200 3007 1814 3078">
     <span class='ocr_line' id='line_1_34' title="bbox 200 3007 1814 3078; baseline -0.006 -8"><span class='ocrx_word' id='word_1_236' title='bbox 200 3013 560 3070; x_wconf 88' lang='lat' dir='ltr'>interioribus</span> <span class='ocrx_word' id='word_1_237' title='bbox 610 3010 786 3066; x_wconf 91' lang='lat' dir='ltr'>oculis</span> <span class='ocrx_word' id='word_1_238' title='bbox 841 3009 962 3078; x_wconf 89' lang='lat' dir='ltr'>ejus</span> <span class='ocrx_word' id='word_1_239' title='bbox 1000 3007 1362 3078; x_wconf 88' lang='lat' dir='ltr'>spiritualiter</span> <span class='ocrx_word' id='word_1_240' title='bbox 1417 3007 1642 3072; x_wconf 86' lang='lat' dir='ltr'>insedit,</span> <span class='ocrx_word' id='word_1_241' title='bbox 1683 3007 1814 3062; x_wconf 87' lang='lat' dir='ltr'>dum</span> 
     </span>
    </p>
   </div>
   <div class='ocr_carea' id='block_1_35' title="bbox 206 3099 1822 3176">
    <p class='ocr_par' dir='ltr' id='par_1_35' title="bbox 206 3099 1822 3176">
     <span class='ocr_line' id='line_1_35' title="bbox 206 3099 1822 3176; baseline -0.005 -15"><span class='ocrx_word' id='word_1_242' title='bbox 206 3107 492 3176; x_wconf 82' lang='lat' dir='ltr'>Benjamin</span> <span class='ocrx_word' id='word_1_243' title='bbox 539 3103 690 3160; x_wconf 88' lang='lat' dir='ltr'>fratri</span> <span class='ocrx_word' id='word_1_244' title='bbox 721 3118 821 3158; x_wconf 91' lang='lat' dir='ltr'>suo</span> <span class='ocrx_word' id='word_1_245' title='bbox 879 3109 1157 3157; x_wconf 88' lang='lat' dir='ltr'>trecentos</span> <span class='ocrx_word' id='word_1_246' title='bbox 1211 3109 1502 3174; x_wconf 87' lang='lat' dir='ltr'>argenteos</span> <span class='ocrx_word' id='word_1_247' title='bbox 1555 3099 1730 3162; x_wconf 90' lang='lat' dir='ltr'>dedit,</span> <span class='ocrx_word' id='word_1_248' title='bbox 1762 3105 1822 3154; x_wconf 91' lang='lat' dir='ltr'>ut</span> 
     </span>
    </p>
   </div>
   <div class='ocr_carea' id='block_1_36' title="bbox 205 3189 1822 3266">
    <p class='ocr_par' dir='ltr' id='par_1_36' title="bbox 205 3189 1822 3266">
     <span class='ocr_line' id='line_1_36' title="bbox 205 3189 1822 3266; baseline -0.006 -14"><span class='ocrx_word' id='word_1_249' title='bbox 205 3213 321 3266; x_wconf 89' lang='lat' dir='ltr'>vos,</span> <span class='ocrx_word' id='word_1_250' title='bbox 355 3193 702 3252; x_wconf 90' lang='lat' dir='ltr'>dilectissimi</span> <span class='ocrx_word' id='word_1_251' title='bbox 761 3193 982 3260; x_wconf 88' lang='lat' dir='ltr'>fratres,</span> <span class='ocrx_word' id='word_1_252' title='bbox 1024 3191 1080 3245; x_wconf 89' lang='lat' dir='ltr'>in</span> <span class='ocrx_word' id='word_1_253' title='bbox 1120 3191 1328 3246; x_wconf 90' lang='lat' dir='ltr'>eisdem</span> <span class='ocrx_word' id='word_1_254' title='bbox 1359 3189 1638 3262; x_wconf 86' lang='lat' dir='ltr'>argenteis</span> <span class='ocrx_word' id='word_1_255' title='bbox 1685 3189 1822 3244; x_wconf 90' lang='lat' dir='ltr'>nihil</span> 
     </span>
    </p>
   </div>
   <div class='ocr_carea' id='block_1_37' title="bbox 208 3282 1823 3361">
    <p class='ocr_par' dir='ltr' id='par_1_37' title="bbox 208 3282 1823 3361">
     <span class='ocr_line' id='line_1_37' title="bbox 208 3282 1823 3361; baseline -0.005 -17"><span class='ocrx_word' id='word_1_256' title='bbox 208 3289 355 3344; x_wconf 90' lang='lat' dir='ltr'>aliud</span> <span class='ocrx_word' id='word_1_257' title='bbox 395 3287 709 3361; x_wconf 87' lang='lat' dir='ltr'>intelligere</span> <span class='ocrx_word' id='word_1_258' title='bbox 739 3285 1010 3352; x_wconf 80' lang='lat' dir='ltr'>debeatis,</span> <span class='ocrx_word' id='word_1_259' title='bbox 1041 3283 1146 3338; x_wconf 90' lang='lat' dir='ltr'>nisi</span> <span class='ocrx_word' id='word_1_260' title='bbox 1195 3283 1516 3354; x_wconf 87' lang='lat' dir='ltr'>mysterium</span> <span class='ocrx_word' id='word_1_261' title='bbox 1548 3282 1726 3338; x_wconf 90' lang='lat' dir='ltr'>crucis</span> <span class='ocrx_word' id='word_1_262' title='bbox 1767 3289 1823 3336; x_wconf 90' lang='lat' dir='ltr'>et</span> 
     </span>
    </p>
   </div>
   <div class='ocr_carea' id='block_1_38' title="bbox 209 3377 1826 3448">
    <p class='ocr_par' dir='ltr' id='par_1_38' title="bbox 209 3377 1826 3448">
     <span class='ocr_line' id='line_1_38' title="bbox 209 3377 1826 3448; baseline -0.004 -10"><span class='ocrx_word' id='word_1_263' title='bbox 209 3383 373 3438; x_wconf 88' lang='lat' dir='ltr'>ﬁdem</span> <span class='ocrx_word' id='word_1_264' title='bbox 403 3391 606 3438; x_wconf 72' lang='lat' dir='ltr'>sancta:</span> <span class='ocrx_word' id='word_1_265' title='bbox 657 3380 954 3436; x_wconf 88' lang='lat' dir='ltr'>Trinitatis.</span> <span class='ocrx_word' id='word_1_266' title='bbox 1010 3379 1133 3435; x_wconf 64' lang='lat' dir='ltr'>Haec</span> <span class='ocrx_word' id='word_1_267' title='bbox 1162 3385 1247 3433; x_wconf 87' lang='lat' dir='ltr'>est</span> <span class='ocrx_word' id='word_1_268' title='bbox 1295 3378 1388 3432; x_wconf 90' lang='lat' dir='ltr'>illa</span> <span class='ocrx_word' id='word_1_269' title='bbox 1417 3377 1508 3432; x_wconf 91' lang='lat' dir='ltr'>lux</span> <span class='ocrx_word' id='word_1_270' title='bbox 1557 3393 1682 3448; x_wconf 72' lang='lat' dir='ltr'>quae</span> <span class='ocrx_word' id='word_1_271' title='bbox 1729 3392 1826 3446; x_wconf 88' lang='lat' dir='ltr'>per</span> 
     </span>
    </p>
   </div>
   <div class='ocr_carea' id='block_1_39' title="bbox 213 3467 1823 3543">
    <p class='ocr_par' dir='ltr' id='par_1_39' title="bbox 213 3467 1823 3543">
     <span class='ocr_line' id='line_1_39' title="bbox 213 3467 1823 3543; baseline -0.006 -11"><span class='ocrx_word' id='word_1_272' title='bbox 213 3482 488 3532; x_wconf 89' lang='lat' dir='ltr'>trecentos</span> <span class='ocrx_word' id='word_1_273' title='bbox 517 3487 798 3538; x_wconf 91' lang='lat' dir='ltr'>numeros,</span> <span class='ocrx_word' id='word_1_274' title='bbox 829 3473 926 3543; x_wconf 91' lang='lat' dir='ltr'>qui</span> <span class='ocrx_word' id='word_1_275' title='bbox 963 3471 1316 3526; x_wconf 91' lang='lat' dir='ltr'>continentur</span> <span class='ocrx_word' id='word_1_276' title='bbox 1352 3469 1409 3523; x_wconf 92' lang='lat' dir='ltr'>in</span> <span class='ocrx_word' id='word_1_277' title='bbox 1457 3469 1640 3524; x_wconf 89' lang='lat' dir='ltr'>littera</span> <span class='ocrx_word' id='word_1_278' title='bbox 1691 3467 1823 3533; x_wconf 84' lang='lat' dir='ltr'>Tan,</span> 
     </span>
    </p>
   </div>
   <div class='ocr_carea' id='block_1_40' title="bbox 215 3558 1838 3638">
    <p class='ocr_par' dir='ltr' id='par_1_40' title="bbox 215 3558 1838 3638">
     <span class='ocr_line' id='line_1_40' title="bbox 215 3558 1838 3638; baseline -0.005 -18"><span class='ocrx_word' id='word_1_279' title='bbox 215 3565 442 3638; x_wconf 88' lang='lat' dir='ltr'>ﬁguram</span> <span class='ocrx_word' id='word_1_280' title='bbox 469 3563 646 3619; x_wconf 88' lang='lat' dir='ltr'>crucis</span> <span class='ocrx_word' id='word_1_281' title='bbox 675 3560 929 3632; x_wconf 89' lang='lat' dir='ltr'>quotidie</span> <span class='ocrx_word' id='word_1_282' title='bbox 962 3559 1124 3616; x_wconf 92' lang='lat' dir='ltr'>nobis</span> <span class='ocrx_word' id='word_1_283' title='bbox 1174 3558 1418 3614; x_wconf 78' lang='lat' dir='ltr'>OStendit</span> <span class='ocrx_word' id='word_1_284' title='bbox 1473 3558 1530 3612; x_wconf 91' lang='lat' dir='ltr'>in</span> <span class='ocrx_word' id='word_1_285' title='bbox 1587 3558 1838 3630; x_wconf 86' lang='lat' dir='ltr'>imagine</span> 
     </span>
    </p>
   </div>
   <div class='ocr_carea' id='block_1_41' title="bbox 216 3647 1824 3726">
    <p class='ocr_par' dir='ltr' id='par_1_41' title="bbox 216 3647 1824 3726">
     <span class='ocr_line' id='line_1_41' title="bbox 216 3647 1824 3726; baseline -0.005 -16"><span class='ocrx_word' id='word_1_286' title='bbox 216 3655 363 3720; x_wconf 90' lang='lat' dir='ltr'>Iesu,</span> <span class='ocrx_word' id='word_1_287' title='bbox 443 3649 768 3726; x_wconf 85' lang='lat' dir='ltr'>significans</span> <span class='ocrx_word' id='word_1_288' title='bbox 846 3649 1058 3704; x_wconf 91' lang='lat' dir='ltr'>scilicet</span> <span class='ocrx_word' id='word_1_289' title='bbox 1125 3647 1272 3720; x_wconf 90' lang='lat' dir='ltr'>quod</span> <span class='ocrx_word' id='word_1_290' title='bbox 1329 3663 1424 3703; x_wconf 92' lang='lat' dir='ltr'>cor</span> <span class='ocrx_word' id='word_1_291' title='bbox 1470 3655 1716 3703; x_wconf 91' lang='lat' dir='ltr'>nostrum</span> <span class='ocrx_word' id='word_1_292' title='bbox 1768 3648 1824 3702; x_wconf 92' lang='lat' dir='ltr'>in</span> 
     </span>
    </p>
   </div>
   <div class='ocr_carea' id='block_1_42' title="bbox 219 3741 1827 3814">
    <p class='ocr_par' dir='ltr' id='par_1_42' title="bbox 219 3741 1827 3814">
     <span class='ocr_line' id='line_1_42' title="bbox 219 3741 1827 3814; baseline -0.004 -9"><span class='ocrx_word' id='word_1_293' title='bbox 219 3749 448 3805; x_wconf 89' lang='lat' dir='ltr'>Domino</span> <span class='ocrx_word' id='word_1_294' title='bbox 486 3762 554 3802; x_wconf 92' lang='lat' dir='ltr'>eo</span> <span class='ocrx_word' id='word_1_295' title='bbox 593 3745 758 3800; x_wconf 89' lang='lat' dir='ltr'>altius</span> <span class='ocrx_word' id='word_1_296' title='bbox 808 3759 930 3799; x_wconf 89' lang='lat' dir='ltr'>esse</span> <span class='ocrx_word' id='word_1_297' title='bbox 983 3743 1151 3802; x_wconf 89' lang='lat' dir='ltr'>debet</span> <span class='ocrx_word' id='word_1_298' title='bbox 1203 3741 1476 3809; x_wconf 89' lang='lat' dir='ltr'>innixum,</span> <span class='ocrx_word' id='word_1_299' title='bbox 1522 3757 1632 3814; x_wconf 90' lang='lat' dir='ltr'>quo</span> <span class='ocrx_word' id='word_1_300' title='bbox 1688 3742 1827 3798; x_wconf 90' lang='lat' dir='ltr'>nihil</span> 
     </span>
    </p>
   </div>
   <div class='ocr_carea' id='block_1_43' title="bbox 221 3831 1828 3900">
    <p class='ocr_par' dir='ltr' id='par_1_43' title="bbox 221 3831 1828 3900">
     <span class='ocr_line' id='line_1_43' title="bbox 221 3831 1828 3900; baseline -0.004 -6"><span class='ocrx_word' id='word_1_301' title='bbox 221 3838 362 3894; x_wconf 91' lang='lat' dir='ltr'>scire</span> <span class='ocrx_word' id='word_1_302' title='bbox 434 3835 728 3900; x_wconf 89' lang='lat' dir='ltr'>debemus,</span> <span class='ocrx_word' id='word_1_303' title='bbox 800 3832 906 3887; x_wconf 92' lang='lat' dir='ltr'>nisi</span> <span class='ocrx_word' id='word_1_304' title='bbox 954 3832 1232 3888; x_wconf 89' lang='lat' dir='ltr'>Christum</span> <span class='ocrx_word' id='word_1_305' title='bbox 1301 3831 1512 3898; x_wconf 89' lang='lat' dir='ltr'>Iesum,</span> <span class='ocrx_word' id='word_1_306' title='bbox 1571 3839 1627 3887; x_wconf 90' lang='lat' dir='ltr'>et</span> <span class='ocrx_word' id='word_1_307' title='bbox 1678 3833 1828 3888; x_wconf 90' lang='lat' dir='ltr'>hunc</span> 
     </span>
    </p>
   </div>
   <div class='ocr_carea' id='block_1_44' title="bbox 221 3919 1834 3993">
    <p class='ocr_par' dir='ltr' id='par_1_44' title="bbox 221 3919 1834 3993">
     <span class='ocr_line' id='line_1_44' title="bbox 221 3919 1834 3993; baseline -0.004 -11"><span class='ocrx_word' id='word_1_308' title='bbox 221 3925 563 3983; x_wconf 83' lang='lat' dir='ltr'>cruciﬁxum.</span> <span class='ocrx_word' id='word_1_309' title='bbox 599 3925 722 3978; x_wconf 61' lang='lat' dir='ltr'>Haec</span> <span class='ocrx_word' id='word_1_310' title='bbox 767 3929 851 3976; x_wconf 89' lang='lat' dir='ltr'>est</span> <span class='ocrx_word' id='word_1_311' title='bbox 907 3921 998 3976; x_wconf 90' lang='lat' dir='ltr'>illa</span> <span class='ocrx_word' id='word_1_312' title='bbox 1030 3921 1120 3976; x_wconf 90' lang='lat' dir='ltr'>lux</span> <span class='ocrx_word' id='word_1_313' title='bbox 1149 3936 1272 3993; x_wconf 83' lang='lat' dir='ltr'>quae</span> <span class='ocrx_word' id='word_1_314' title='bbox 1303 3919 1520 3976; x_wconf 90' lang='lat' dir='ltr'>duobus</span> <span class='ocrx_word' id='word_1_315' title='bbox 1565 3921 1674 3976; x_wconf 88' lang='lat' dir='ltr'>illis</span> <span class='ocrx_word' id='word_1_316' title='bbox 1702 3921 1834 3976; x_wconf 90' lang='lat' dir='ltr'>viris</span> 
     </span>
    </p>
   </div>
   <div class='ocr_carea' id='block_1_45' title="bbox 223 4013 1834 4089">
    <p class='ocr_par' dir='ltr' id='par_1_45' title="bbox 223 4013 1834 4089">
     <span class='ocr_line' id='line_1_45' title="bbox 223 4013 1834 4089; baseline -0.003 -16"><span class='ocrx_word' id='word_1_317' title='bbox 223 4017 569 4089; x_wconf 64' lang='lat' dir='ltr'>inaequaliter</span> <span class='ocrx_word' id='word_1_318' title='bbox 587 4015 783 4079; x_wconf 83' lang='lat' dir='ltr'>illuxit,</span> <span class='ocrx_word' id='word_1_319' title='bbox 812 4029 951 4084; x_wconf 72' lang='lat' dir='ltr'>Quos</span> <span class='ocrx_word' id='word_1_320' title='bbox 978 4013 1186 4068; x_wconf 89' lang='lat' dir='ltr'>Pharao</span> <span class='ocrx_word' id='word_1_321' title='bbox 1239 4013 1308 4068; x_wconf 90' lang='lat' dir='ltr'>de</span> <span class='ocrx_word' id='word_1_322' title='bbox 1335 4029 1558 4068; x_wconf 87' lang='lat' dir='ltr'>carcere</span> <span class='ocrx_word' id='word_1_323' title='bbox 1598 4013 1834 4084; x_wconf 90' lang='lat' dir='ltr'>captivi-</span> 
     </span>
    </p>
   </div>
   <div class='ocr_carea' id='block_1_46' title="bbox 227 4101 1831 4176">
    <p class='ocr_par' dir='ltr' id='par_1_46' title="bbox 227 4101 1831 4176">
     <span class='ocr_line' id='line_1_46' title="bbox 227 4101 1831 4176; baseline -0.002 -14"><span class='ocrx_word' id='word_1_324' title='bbox 227 4107 349 4162; x_wconf 88' lang='lat' dir='ltr'>tatis</span> <span class='ocrx_word' id='word_1_325' title='bbox 391 4103 738 4176; x_wconf 64' lang='lat' dir='ltr'>inaaqualiter</span> <span class='ocrx_word' id='word_1_326' title='bbox 801 4101 1010 4168; x_wconf 86' lang='lat' dir='ltr'>eduxit,</span> <span class='ocrx_word' id='word_1_327' title='bbox 1067 4101 1250 4172; x_wconf 90' lang='lat' dir='ltr'>typice</span> <span class='ocrx_word' id='word_1_328' title='bbox 1317 4101 1479 4156; x_wconf 89' lang='lat' dir='ltr'>nobis</span> <span class='ocrx_word' id='word_1_329' title='bbox 1542 4101 1831 4160; x_wconf 89' lang='lat' dir='ltr'>insinuans</span> 
     </span>
    </p>
   </div>
   <div class='ocr_carea' id='block_1_47' title="bbox 231 4193 1838 4271">
    <p class='ocr_par' dir='ltr' id='par_1_47' title="bbox 231 4193 1838 4271">
     <span class='ocr_line' id='line_1_47' title="bbox 231 4193 1838 4271; baseline -0.001 -19"><span class='ocrx_word' id='word_1_330' title='bbox 231 4198 370 4270; x_wconf 91' lang='lat' dir='ltr'>quod</span> <span class='ocrx_word' id='word_1_331' title='bbox 403 4197 628 4271; x_wconf 84' lang='lat' dir='ltr'>gentilis</span> <span class='ocrx_word' id='word_1_332' title='bbox 653 4211 717 4250; x_wconf 89' lang='lat' dir='ltr'>ac</span> <span class='ocrx_word' id='word_1_333' title='bbox 745 4193 1008 4248; x_wconf 92' lang='lat' dir='ltr'>Iudaicus</span> <span class='ocrx_word' id='word_1_334' title='bbox 1036 4194 1273 4264; x_wconf 91' lang='lat' dir='ltr'>populus</span> <span class='ocrx_word' id='word_1_335' title='bbox 1293 4193 1494 4249; x_wconf 68' lang='lat' dir='ltr'>divinae</span> <span class='ocrx_word' id='word_1_336' title='bbox 1517 4209 1838 4252; x_wconf 86' lang='lat' dir='ltr'>remunera-</span> 
     </span>
    </p>
   </div>
   <div class='ocr_carea' id='block_1_48' title="bbox 1827 1587 1878 1655">
    <p class='ocr_par' dir='ltr' id='par_1_48' title="bbox 1827 1587 1878 1655">
     <span class='ocr_line' id='line_1_48' title="bbox 1827 1587 1878 1655; baseline 0 0"><span class='ocrx_word' id='word_1_337' title='bbox 1827 1587 1878 1655; x_wconf 91' lang='lat' dir='ltr'>B</span> 
     </span>
    </p>
   </div>
   <div class='ocr_carea' id='block_1_49' title="bbox 1895 357 3504 428">
    <p class='ocr_par' dir='ltr' id='par_1_49' title="bbox 1895 357 3504 428">
     <span class='ocr_line' id='line_1_49' title="bbox 1895 357 3504 428; baseline 0.011 -20"><span class='ocrx_word' id='word_1_338' title='bbox 1895 357 1966 411; x_wconf 87' lang='lat' dir='ltr'>de</span> <span class='ocrx_word' id='word_1_339' title='bbox 1993 357 2198 428; x_wconf 90' lang='lat' dir='ltr'>quibus</span> <span class='ocrx_word' id='word_1_340' title='bbox 2227 358 2454 414; x_wconf 87' lang='lat' dir='ltr'>dicitur:</span> <span class='ocrx_word' id='word_1_341' title='bbox 2485 365 2697 417; x_wconf 80' lang='lat' dir='ltr'>Honora</span> <span class='ocrx_word' id='word_1_342' title='bbox 2724 367 3012 420; x_wconf 79' lang='lat' dir='ltr'>Dominum</span> <span class='ocrx_word' id='word_1_343' title='bbox 3039 368 3103 420; x_wconf 76' lang='lat' dir='ltr'>de</span> <span class='ocrx_word' id='word_1_344' title='bbox 3132 373 3228 422; x_wconf 82' lang='lat' dir='ltr'>tua</span> <span class='ocrx_word' id='word_1_345' title='bbox 3256 370 3504 426; x_wconf 77' lang='lat' dir='ltr'>substan-</span> 
     </span>
    </p>
   </div>
   <div class='ocr_carea' id='block_1_50' title="bbox 1865 455 3506 538">
    <p class='ocr_par' dir='ltr' id='par_1_50' title="bbox 1865 455 3506 538">
     <span class='ocr_line' id='line_1_50' title="bbox 1865 455 3506 538; baseline 0.004 -28"><span class='ocrx_word' id='word_1_346' title='bbox 1865 459 1994 538; x_wconf 54' lang='lat' dir='ltr'>tia,</span> <span class='ocrx_word' id='word_1_347' title='bbox 2025 461 2076 510; x_wconf 82' lang='lat' dir='ltr'>et</span> <span class='ocrx_word' id='word_1_348' title='bbox 2115 455 2179 510; x_wconf 85' lang='lat' dir='ltr'>de</span> <span class='ocrx_word' id='word_1_349' title='bbox 2199 455 2457 525; x_wconf 76' lang='lat' dir='ltr'>primitiis</span> <span class='ocrx_word' id='word_1_350' title='bbox 2491 457 2719 524; x_wconf 83' lang='lat' dir='ltr'>frugum</span> <span class='ocrx_word' id='word_1_351' title='bbox 2761 463 2986 511; x_wconf 79' lang='lat' dir='ltr'>tuarum</span> <span class='ocrx_word' id='word_1_352' title='bbox 3016 459 3188 514; x_wconf 84' lang='lat' dir='ltr'>(Prov.</span> <span class='ocrx_word' id='word_1_353' title='bbox 3234 461 3309 532; x_wconf 88' lang='grc' dir='ltr'>ιιι)</span> <span class='ocrx_word' id='word_1_354' title='bbox 3385 463 3506 517; x_wconf 74' lang='grc' dir='ltr'>11ωο</span> 
     </span>
    </p>
   </div>
   <div class='ocr_carea' id='block_1_51' title="bbox 1895 546 3504 624">
    <p class='ocr_par' dir='ltr' id='par_1_51' title="bbox 1895 546 3504 624">
     <span class='ocr_line' id='line_1_51' title="bbox 1895 546 3504 624; baseline 0.002 -22"><span class='ocrx_word' id='word_1_355' title='bbox 1895 554 1978 602; x_wconf 91' lang='lat' dir='ltr'>est</span> <span class='ocrx_word' id='word_1_356' title='bbox 2005 547 2096 600; x_wconf 92' lang='lat' dir='ltr'>illa</span> <span class='ocrx_word' id='word_1_357' title='bbox 2133 547 2222 600; x_wconf 85' lang='lat' dir='ltr'>lux</span> <span class='ocrx_word' id='word_1_358' title='bbox 2253 562 2376 618; x_wconf 68' lang='lat' dir='ltr'>quae</span> <span class='ocrx_word' id='word_1_359' title='bbox 2403 546 2689 602; x_wconf 86' lang='lat' dir='ltr'>Manassen</span> <span class='ocrx_word' id='word_1_360' title='bbox 2729 555 2783 602; x_wconf 89' lang='lat' dir='ltr'>et</span> <span class='ocrx_word' id='word_1_361' title='bbox 2841 549 3094 620; x_wconf 88' lang='lat' dir='ltr'>Ephraim</span> <span class='ocrx_word' id='word_1_362' title='bbox 3127 551 3334 622; x_wconf 91' lang='lat' dir='ltr'>duplici</span> <span class='ocrx_word' id='word_1_363' title='bbox 3377 569 3504 624; x_wconf 88' lang='lat' dir='ltr'>my-</span> 
     </span>
    </p>
   </div>
   <div class='ocr_carea' id='block_1_52' title="bbox 1894 636 3504 712">
    <p class='ocr_par' dir='ltr' id='par_1_52' title="bbox 1894 636 3504 712">
     <span class='ocr_line' id='line_1_52' title="bbox 1894 636 3504 712; baseline 0.006 -20"><span class='ocrx_word' id='word_1_364' title='bbox 1894 636 2061 693; x_wconf 91' lang='lat' dir='ltr'>sterio</span> <span class='ocrx_word' id='word_1_365' title='bbox 2091 637 2364 692; x_wconf 89' lang='lat' dir='ltr'>illustrare</span> <span class='ocrx_word' id='word_1_366' title='bbox 2410 637 2649 704; x_wconf 86' lang='lat' dir='ltr'>volebat,</span> <span class='ocrx_word' id='word_1_367' title='bbox 2709 640 2838 694; x_wconf 93' lang='lat' dir='ltr'>dum</span> <span class='ocrx_word' id='word_1_368' title='bbox 2889 641 3093 712; x_wconf 84' lang='lat' dir='ltr'>Ioseph</span> <span class='ocrx_word' id='word_1_369' title='bbox 3128 650 3284 712; x_wconf 90' lang='lat' dir='ltr'>pater</span> <span class='ocrx_word' id='word_1_370' title='bbox 3315 659 3504 700; x_wconf 89' lang='lat' dir='ltr'>eorum</span> 
     </span>
    </p>
   </div>
   <div class='ocr_carea' id='block_1_53' title="bbox 1895 726 3506 799">
    <p class='ocr_par' dir='ltr' id='par_1_53' title="bbox 1895 726 3506 799">
     <span class='ocr_line' id='line_1_53' title="bbox 1895 726 3506 799; baseline 0.006 -18"><span class='ocrx_word' id='word_1_371' title='bbox 1895 743 1994 798; x_wconf 90' lang='lat' dir='ltr'>pro</span> <span class='ocrx_word' id='word_1_372' title='bbox 2025 727 2418 782; x_wconf 90' lang='lat' dir='ltr'>benedictione</span> <span class='ocrx_word' id='word_1_373' title='bbox 2447 726 2618 783; x_wconf 89' lang='lat' dir='ltr'>Iacob</span> <span class='ocrx_word' id='word_1_374' title='bbox 2648 744 2816 783; x_wconf 91' lang='lat' dir='ltr'>unum</span> <span class='ocrx_word' id='word_1_375' title='bbox 2857 730 2924 784; x_wconf 90' lang='lat' dir='ltr'>ad</span> <span class='ocrx_word' id='word_1_376' title='bbox 2957 731 3225 799; x_wconf 88' lang='lat' dir='ltr'>dextram,</span> <span class='ocrx_word' id='word_1_377' title='bbox 3256 741 3311 788; x_wconf 78' lang='lat' dir='ltr'>et</span> <span class='ocrx_word' id='word_1_378' title='bbox 3341 735 3506 790; x_wconf 90' lang='lat' dir='ltr'>alium</span> 
     </span>
    </p>
   </div>
   <div class='ocr_carea' id='block_1_54' title="bbox 1895 816 3508 898">
    <p class='ocr_par' dir='ltr' id='par_1_54' title="bbox 1895 816 3508 898">
     <span class='ocr_line' id='line_1_54' title="bbox 1895 816 3508 898; baseline 0.008 -29"><span class='ocrx_word' id='word_1_379' title='bbox 1895 816 1965 870; x_wconf 88' lang='lat' dir='ltr'>ad</span> <span class='ocrx_word' id='word_1_380' title='bbox 2021 816 2299 872; x_wconf 87' lang='lat' dir='ltr'>sinistram</span> <span class='ocrx_word' id='word_1_381' title='bbox 2369 817 2632 888; x_wconf 90' lang='lat' dir='ltr'>ponebat,</span> <span class='ocrx_word' id='word_1_382' title='bbox 2716 821 2897 890; x_wconf 91' lang='lat' dir='ltr'>typice</span> <span class='ocrx_word' id='word_1_383' title='bbox 2958 822 3282 896; x_wconf 81' lang='lat' dir='ltr'>significans</span> <span class='ocrx_word' id='word_1_384' title='bbox 3359 829 3508 898; x_wconf 91' lang='lat' dir='ltr'>quod</span> 
     </span>
    </p>
   </div>
   <div class='ocr_carea' id='block_1_55' title="bbox 1897 909 3508 986">
    <p class='ocr_par' dir='ltr' id='par_1_55' title="bbox 1897 909 3508 986">
     <span class='ocr_line' id='line_1_55' title="bbox 1897 909 3508 986; baseline 0.006 -22"><span class='ocrx_word' id='word_1_385' title='bbox 1897 910 2148 964; x_wconf 87' lang='lat' dir='ltr'>eamdem</span> <span class='ocrx_word' id='word_1_386' title='bbox 2225 909 2452 986; x_wconf 88' lang='lat' dir='ltr'>ﬁguram</span> <span class='ocrx_word' id='word_1_387' title='bbox 2516 910 2736 982; x_wconf 88' lang='lat' dir='ltr'>utrique</span> <span class='ocrx_word' id='word_1_388' title='bbox 2796 912 3105 969; x_wconf 82' lang='lat' dir='ltr'>habuerant</span> <span class='ocrx_word' id='word_1_389' title='bbox 3160 915 3214 970; x_wconf 92' lang='lat' dir='ltr'>in</span> <span class='ocrx_word' id='word_1_390' title='bbox 3299 915 3508 975; x_wconf 87' lang='lat' dir='ltr'>Christo</span> 
     </span>
    </p>
   </div>
   <div class='ocr_carea' id='block_1_56' title="bbox 1896 1001 3513 1080">
    <p class='ocr_par' dir='ltr' id='par_1_56' title="bbox 1896 1001 3513 1080">
     <span class='ocr_line' id='line_1_56' title="bbox 1896 1001 3513 1080; baseline 0.005 -24"><span class='ocrx_word' id='word_1_391' title='bbox 1896 1001 2023 1056; x_wconf 88' lang='lat' dir='ltr'>Iesu</span> <span class='ocrx_word' id='word_1_392' title='bbox 2067 1017 2230 1072; x_wconf 89' lang='lat' dir='ltr'>quam</span> <span class='ocrx_word' id='word_1_393' title='bbox 2281 1001 2504 1073; x_wconf 86' lang='lat' dir='ltr'>gentilis</span> <span class='ocrx_word' id='word_1_394' title='bbox 2573 1018 2637 1056; x_wconf 92' lang='lat' dir='ltr'>ac</span> <span class='ocrx_word' id='word_1_395' title='bbox 2711 1002 2974 1059; x_wconf 87' lang='lat' dir='ltr'>Iudaicus</span> <span class='ocrx_word' id='word_1_396' title='bbox 3051 1007 3290 1076; x_wconf 88' lang='lat' dir='ltr'>p0pulus</span> <span class='ocrx_word' id='word_1_397' title='bbox 3361 1009 3513 1080; x_wconf 88' lang='lat' dir='ltr'>prius</span> 
     </span>
    </p>
   </div>
   <div class='ocr_carea' id='block_1_57' title="bbox 1899 1089 3510 1172">
    <p class='ocr_par' dir='ltr' id='par_1_57' title="bbox 1899 1089 3510 1172">
     <span class='ocr_line' id='line_1_57' title="bbox 1899 1089 3510 1172; baseline 0.007 -28"><span class='ocrx_word' id='word_1_398' title='bbox 1899 1089 2092 1145; x_wconf 89' lang='lat' dir='ltr'>habuit</span> <span class='ocrx_word' id='word_1_399' title='bbox 2145 1091 2204 1144; x_wconf 89' lang='lat' dir='ltr'>in</span> <span class='ocrx_word' id='word_1_400' title='bbox 2249 1091 2417 1146; x_wconf 89' lang='lat' dir='ltr'>Iacob</span> <span class='ocrx_word' id='word_1_401' title='bbox 2463 1098 2518 1147; x_wconf 88' lang='lat' dir='ltr'>et</span> <span class='ocrx_word' id='word_1_402' title='bbox 2560 1091 2716 1148; x_wconf 88' lang='lat' dir='ltr'>Esau.</span> <span class='ocrx_word' id='word_1_403' title='bbox 2781 1093 2905 1148; x_wconf 71' lang='lat' dir='ltr'>Haec</span> <span class='ocrx_word' id='word_1_404' title='bbox 2955 1104 3038 1150; x_wconf 88' lang='lat' dir='ltr'>est</span> <span class='ocrx_word' id='word_1_405' title='bbox 3090 1096 3184 1152; x_wconf 88' lang='lat' dir='ltr'>illa</span> <span class='ocrx_word' id='word_1_406' title='bbox 3237 1098 3328 1153; x_wconf 86' lang='lat' dir='ltr'>lux</span> <span class='ocrx_word' id='word_1_407' title='bbox 3385 1117 3510 1172; x_wconf 66' lang='lat' dir='ltr'>quae</span> 
     </span>
    </p>
   </div>
   <div class='ocr_carea' id='block_1_58' title="bbox 1900 1181 3510 1264">
    <p class='ocr_par' dir='ltr' id='par_1_58' title="bbox 1900 1181 3510 1264">
     <span class='ocr_line' id='line_1_58' title="bbox 1900 1181 3510 1264; baseline 0.005 -28"><span class='ocrx_word' id='word_1_408' title='bbox 1900 1181 1954 1236; x_wconf 93' lang='lat' dir='ltr'>in</span> <span class='ocrx_word' id='word_1_409' title='bbox 2015 1182 2270 1237; x_wconf 85' lang='lat' dir='ltr'>manibus</span> <span class='ocrx_word' id='word_1_410' title='bbox 2311 1182 2481 1238; x_wconf 88' lang='lat' dir='ltr'>Iacob</span> <span class='ocrx_word' id='word_1_411' title='bbox 2529 1184 2850 1254; x_wconf 86' lang='lat' dir='ltr'>mysterium</span> <span class='ocrx_word' id='word_1_412' title='bbox 2915 1187 3096 1243; x_wconf 90' lang='lat' dir='ltr'>crucis</span> <span class='ocrx_word' id='word_1_413' title='bbox 3157 1188 3510 1264; x_wconf 61' lang='lat' dir='ltr'>praeﬁgurarc</span> 
     </span>
    </p>
   </div>
   <div class='ocr_carea' id='block_1_59' title="bbox 1897 1271 3514 1347">
    <p class='ocr_par' dir='ltr' id='par_1_59' title="bbox 1897 1271 3514 1347">
     <span class='ocr_line' id='line_1_59' title="bbox 1897 1271 3514 1347; baseline 0.006 -22"><span class='ocrx_word' id='word_1_414' title='bbox 1897 1271 2136 1336; x_wconf 90' lang='lat' dir='ltr'>volebat,</span> <span class='ocrx_word' id='word_1_415' title='bbox 2211 1288 2336 1326; x_wconf 92' lang='lat' dir='ltr'>cum</span> <span class='ocrx_word' id='word_1_416' title='bbox 2411 1273 2612 1329; x_wconf 90' lang='lat' dir='ltr'>minori</span> <span class='ocrx_word' id='word_1_417' title='bbox 2681 1275 2926 1344; x_wconf 76' lang='lat' dir='ltr'>dextram</span> <span class='ocrx_word' id='word_1_418' title='bbox 2965 1321 2977 1342; x_wconf 92' lang='lat'>,</span> <span class='ocrx_word' id='word_1_419' title='bbox 3057 1287 3111 1332; x_wconf 87' lang='lat' dir='ltr'>et</span> <span class='ocrx_word' id='word_1_420' title='bbox 3169 1280 3363 1347; x_wconf 88' lang='lat' dir='ltr'>majori</span> <span class='ocrx_word' id='word_1_421' title='bbox 3435 1282 3514 1334; x_wconf 81' lang='lat' dir='ltr'>si-</span> 
     </span>
    </p>
   </div>
   <div class='ocr_carea' id='block_1_60' title="bbox 1900 1361 3516 1436">
    <p class='ocr_par' dir='ltr' id='par_1_60' title="bbox 1900 1361 3516 1436">
     <span class='ocr_line' id='line_1_60' title="bbox 1900 1361 3516 1436; baseline 0.006 -22"><span class='ocrx_word' id='word_1_422' title='bbox 1900 1361 2126 1416; x_wconf 89' lang='lat' dir='ltr'>nistram</span> <span class='ocrx_word' id='word_1_423' title='bbox 2154 1377 2533 1432; x_wconf 90' lang='lat' dir='ltr'>superponere</span> <span class='ocrx_word' id='word_1_424' title='bbox 2571 1363 2805 1430; x_wconf 87' lang='lat' dir='ltr'>solebat,</span> <span class='ocrx_word' id='word_1_425' title='bbox 2847 1365 3076 1436; x_wconf 89' lang='lat' dir='ltr'>mystice</span> <span class='ocrx_word' id='word_1_426' title='bbox 3107 1383 3210 1422; x_wconf 91' lang='lat' dir='ltr'>nos</span> <span class='ocrx_word' id='word_1_427' title='bbox 3241 1367 3516 1424; x_wconf 86' lang='lat' dir='ltr'>instruens</span> 
     </span>
    </p>
   </div>
   <div class='ocr_carea' id='block_1_61' title="bbox 1899 1449 3513 1512">
    <p class='ocr_par' dir='ltr' id='par_1_61' title="bbox 1899 1449 3513 1512">
     <span class='ocr_line' id='line_1_61' title="bbox 1899 1449 3513 1512; baseline 0.006 -9"><span class='ocrx_word' id='word_1_428' title='bbox 1899 1456 1960 1504; x_wconf 90' lang='lat' dir='ltr'>ut</span> <span class='ocrx_word' id='word_1_429' title='bbox 1998 1449 2053 1502; x_wconf 91' lang='lat' dir='ltr'>in</span> <span class='ocrx_word' id='word_1_430' title='bbox 2084 1449 2186 1504; x_wconf 88' lang='lat' dir='ltr'>hac</span> <span class='ocrx_word' id='word_1_431' title='bbox 2213 1449 2554 1507; x_wconf 89' lang='lat' dir='ltr'>derivatione</span> <span class='ocrx_word' id='word_1_432' title='bbox 2607 1468 2870 1508; x_wconf 91' lang='lat' dir='ltr'>manuum</span> <span class='ocrx_word' id='word_1_433' title='bbox 2911 1455 3048 1510; x_wconf 90' lang='lat' dir='ltr'>nihil</span> <span class='ocrx_word' id='word_1_434' title='bbox 3099 1455 3249 1510; x_wconf 87' lang='lat' dir='ltr'>aliud</span> <span class='ocrx_word' id='word_1_435' title='bbox 3291 1456 3513 1512; x_wconf 89' lang='lat' dir='ltr'>sinistra</span> 
     </span>
    </p>
   </div>
   <div class='ocr_carea' id='block_1_62' title="bbox 1903 1541 3510 1616">
    <p class='ocr_par' dir='ltr' id='par_1_62' title="bbox 1903 1541 3510 1616">
     <span class='ocr_line' id='line_1_62' title="bbox 1903 1541 3510 1616; baseline 0.003 -21"><span class='ocrx_word' id='word_1_436' title='bbox 1903 1541 2242 1616; x_wconf 89' lang='lat' dir='ltr'>intelligatur</span> <span class='ocrx_word' id='word_1_437' title='bbox 2277 1550 2370 1596; x_wconf 90' lang='lat' dir='ltr'>aut</span> <span class='ocrx_word' id='word_1_438' title='bbox 2407 1541 2620 1610; x_wconf 87' lang='lat' dir='ltr'>dextra,</span> <span class='ocrx_word' id='word_1_439' title='bbox 2665 1541 2772 1596; x_wconf 87' lang='lat' dir='ltr'>nisi</span> <span class='ocrx_word' id='word_1_440' title='bbox 2839 1543 2988 1614; x_wconf 91' lang='lat' dir='ltr'>quod</span> <span class='ocrx_word' id='word_1_441' title='bbox 3042 1559 3142 1614; x_wconf 92' lang='lat' dir='ltr'>per</span> <span class='ocrx_word' id='word_1_442' title='bbox 3188 1545 3510 1615; x_wconf 88' lang='lat' dir='ltr'>mysterium</span> 
     </span>
    </p>
   </div>
   <div class='ocr_carea' id='block_1_63' title="bbox 1903 1617 3514 1703">
    <p class='ocr_par' dir='ltr' id='par_1_63' title="bbox 1903 1617 3514 1703">
     <span class='ocr_line' id='line_1_63' title="bbox 1903 1617 3514 1703; baseline 0.002 -17"><span class='ocrx_word' id='word_1_443' title='bbox 1903 1632 2213 1701; x_wconf 90' lang='lat' dir='ltr'>crucisjam</span> <span class='ocrx_word' id='word_1_444' title='bbox 2247 1633 2484 1703; x_wconf 90' lang='lat' dir='ltr'>p0pulus</span> <span class='ocrx_word' id='word_1_445' title='bbox 2531 1649 2676 1687; x_wconf 89' lang='lat' dir='ltr'>unus</span> <span class='ocrx_word' id='word_1_446' title='bbox 2733 1639 2816 1688; x_wconf 90' lang='lat' dir='ltr'>est</span> <span class='ocrx_word' id='word_1_447' title='bbox 2845 1633 2902 1687; x_wconf 92' lang='lat' dir='ltr'>in</span> <span class='ocrx_word' id='word_1_448' title='bbox 2958 1633 3222 1699; x_wconf 83' lang='lat' dir='ltr'>Ecclesia,</span> <span class='ocrx_word' id='word_1_449' title='bbox 3277 1642 3332 1689; x_wconf 92' lang='lat' dir='ltr'>et</span> <span class='ocrx_word' id='word_1_450' title='bbox 3371 1617 3514 1690; x_wconf 74' lang='lat' dir='ltr'>alius</span> 
     </span>
    </p>
   </div>
   <div class='ocr_carea' id='block_1_64' title="bbox 1900 1723 3514 1795">
    <p class='ocr_par' dir='ltr' id='par_1_64' title="bbox 1900 1723 3514 1795">
     <span class='ocr_line' id='line_1_64' title="bbox 1900 1723 3514 1795; baseline 0.002 -19"><span class='ocrx_word' id='word_1_451' title='bbox 1900 1730 2070 1778; x_wconf 87' lang='lat' dir='ltr'>extra.</span> <span class='ocrx_word' id='word_1_452' title='bbox 2120 1723 2242 1778; x_wconf 63' lang='lat' dir='ltr'>Haec</span> <span class='ocrx_word' id='word_1_453' title='bbox 2271 1729 2355 1777; x_wconf 86' lang='lat' dir='ltr'>est</span> <span class='ocrx_word' id='word_1_454' title='bbox 2388 1723 2482 1778; x_wconf 92' lang='lat' dir='ltr'>illa</span> <span class='ocrx_word' id='word_1_455' title='bbox 2539 1725 2628 1778; x_wconf 92' lang='lat' dir='ltr'>lux</span> <span class='ocrx_word' id='word_1_456' title='bbox 2668 1739 2793 1795; x_wconf 63' lang='lat' dir='ltr'>qua:</span> <span class='ocrx_word' id='word_1_457' title='bbox 2848 1739 2960 1779; x_wconf 93' lang='lat' dir='ltr'>uno</span> <span class='ocrx_word' id='word_1_458' title='bbox 3005 1725 3168 1780; x_wconf 87' lang='lat' dir='ltr'>modo</span> <span class='ocrx_word' id='word_1_459' title='bbox 3211 1725 3514 1788; x_wconf 79' lang='lat' dir='ltr'>seniorem,</span> 
     </span>
    </p>
   </div>
   <div class='ocr_carea' id='block_1_65' title="bbox 1900 1813 3514 1888">
    <p class='ocr_par' dir='ltr' id='par_1_65' title="bbox 1900 1813 3514 1888">
     <span class='ocr_line' id='line_1_65' title="bbox 1900 1813 3514 1888; baseline 0.002 -20"><span class='ocrx_word' id='word_1_460' title='bbox 1900 1813 2010 1869; x_wconf 88' lang='lat' dir='ltr'>alio</span> <span class='ocrx_word' id='word_1_461' title='bbox 2039 1820 2220 1868; x_wconf 89' lang='lat' dir='ltr'>autem</span> <span class='ocrx_word' id='word_1_462' title='bbox 2252 1813 2425 1869; x_wconf 86' lang='lat' dir='ltr'>voluit</span> <span class='ocrx_word' id='word_1_463' title='bbox 2447 1814 2720 1870; x_wconf 86' lang='lat' dir='ltr'>illustrare</span> <span class='ocrx_word' id='word_1_464' title='bbox 2744 1815 3048 1884; x_wconf 89' lang='lat' dir='ltr'>juniorem,</span> <span class='ocrx_word' id='word_1_465' title='bbox 3080 1824 3141 1870; x_wconf 90' lang='lat' dir='ltr'>ut</span> <span class='ocrx_word' id='word_1_466' title='bbox 3171 1817 3224 1870; x_wconf 92' lang='lat' dir='ltr'>in</span> <span class='ocrx_word' id='word_1_467' title='bbox 3259 1817 3514 1888; x_wconf 87' lang='lat' dir='ltr'>Ephraim</span> 
     </span>
    </p>
   </div>
   <div class='ocr_carea' id='block_1_66' title="bbox 1902 1909 3524 1968">
    <p class='ocr_par' dir='ltr' id='par_1_66' title="bbox 1902 1909 3524 1968">
     <span class='ocr_line' id='line_1_66' title="bbox 1902 1909 3524 1968; baseline 0.003 -5"><span class='ocrx_word' id='word_1_468' title='bbox 1902 1917 1958 1963; x_wconf 92' lang='lat' dir='ltr'>et</span> <span class='ocrx_word' id='word_1_469' title='bbox 2005 1909 2253 1964; x_wconf 86' lang='lat' dir='ltr'>Manasse</span> <span class='ocrx_word' id='word_1_470' title='bbox 2307 1909 2374 1964; x_wconf 90' lang='lat' dir='ltr'>ad</span> <span class='ocrx_word' id='word_1_471' title='bbox 2413 1910 2670 1965; x_wconf 91' lang='lat' dir='ltr'>eumdem</span> <span class='ocrx_word' id='word_1_472' title='bbox 2712 1911 2936 1964; x_wconf 86' lang='lat' dir='ltr'>modum</span> <span class='ocrx_word' id='word_1_473' title='bbox 2988 1911 3179 1966; x_wconf 89' lang='lat' dir='ltr'>senior</span> <span class='ocrx_word' id='word_1_474' title='bbox 3232 1912 3524 1968; x_wconf 88' lang='lat' dir='ltr'>inserviret</span> 
     </span>
    </p>
   </div>
   <div class='ocr_carea' id='block_1_67' title="bbox 1904 1999 3521 2074">
    <p class='ocr_par' dir='ltr' id='par_1_67' title="bbox 1904 1999 3521 2074">
     <span class='ocr_line' id='line_1_67' title="bbox 1904 1999 3521 2074; baseline 0.003 -19"><span class='ocrx_word' id='word_1_475' title='bbox 1904 1999 2123 2068; x_wconf 90' lang='lat' dir='ltr'>minori,</span> <span class='ocrx_word' id='word_1_476' title='bbox 2182 2016 2292 2074; x_wconf 90' lang='lat' dir='ltr'>quo</span> <span class='ocrx_word' id='word_1_477' title='bbox 2360 2001 2416 2056; x_wconf 92' lang='lat' dir='ltr'>in</span> <span class='ocrx_word' id='word_1_478' title='bbox 2471 2003 2612 2056; x_wconf 86' lang='lat' dir='ltr'>Esau</span> <span class='ocrx_word' id='word_1_479' title='bbox 2666 2009 2721 2056; x_wconf 90' lang='lat' dir='ltr'>et</span> <span class='ocrx_word' id='word_1_480' title='bbox 2779 2001 2949 2056; x_wconf 86' lang='lat' dir='ltr'>Iacob</span> <span class='ocrx_word' id='word_1_481' title='bbox 3009 2003 3185 2074; x_wconf 90' lang='lat' dir='ltr'>major</span> <span class='ocrx_word' id='word_1_482' title='bbox 3227 2003 3521 2060; x_wconf 87' lang='lat' dir='ltr'>videbatur</span> 
     </span>
    </p>
   </div>
   <div class='ocr_carea' id='block_1_68' title="bbox 1902 2093 3520 2168">
    <p class='ocr_par' dir='ltr' id='par_1_68' title="bbox 1902 2093 3520 2168">
     <span class='ocr_line' id='line_1_68' title="bbox 1902 2093 3520 2168; baseline 0.002 -20"><span class='ocrx_word' id='word_1_483' title='bbox 1902 2093 2112 2149; x_wconf 88' lang='lat' dir='ltr'>servire</span> <span class='ocrx_word' id='word_1_484' title='bbox 2129 2095 2349 2149; x_wconf 91' lang='lat' dir='ltr'>minori.</span> <span class='ocrx_word' id='word_1_485' title='bbox 2384 2094 2506 2150; x_wconf 68' lang='lat' dir='ltr'>Haec</span> <span class='ocrx_word' id='word_1_486' title='bbox 2526 2102 2609 2149; x_wconf 92' lang='lat' dir='ltr'>est</span> <span class='ocrx_word' id='word_1_487' title='bbox 2635 2095 2726 2149; x_wconf 91' lang='lat' dir='ltr'>illa</span> <span class='ocrx_word' id='word_1_488' title='bbox 2751 2095 2839 2148; x_wconf 87' lang='lat' dir='ltr'>lux</span> <span class='ocrx_word' id='word_1_489' title='bbox 2871 2111 2995 2166; x_wconf 64' lang='lat' dir='ltr'>quae</span> <span class='ocrx_word' id='word_1_490' title='bbox 3023 2095 3220 2151; x_wconf 91' lang='lat' dir='ltr'>eodem</span> <span class='ocrx_word' id='word_1_491' title='bbox 3254 2099 3520 2168; x_wconf 86' lang='lat' dir='ltr'>mysterio</span> 
     </span>
    </p>
   </div>
   <div class='ocr_carea' id='block_1_69' title="bbox 1909 2185 3530 2258">
    <p class='ocr_par' dir='ltr' id='par_1_69' title="bbox 1909 2185 3530 2258">
     <span class='ocr_line' id='line_1_69' title="bbox 1909 2185 3530 2258; baseline 0.002 -18"><span class='ocrx_word' id='word_1_492' title='bbox 1909 2185 2258 2258; x_wconf 88' lang='lat' dir='ltr'>aliquatenus</span> <span class='ocrx_word' id='word_1_493' title='bbox 2296 2186 2589 2242; x_wconf 87' lang='lat' dir='ltr'>illustravit</span> <span class='ocrx_word' id='word_1_494' title='bbox 2645 2186 2862 2254; x_wconf 81' lang='lat' dir='ltr'>Ruben,</span> <span class='ocrx_word' id='word_1_495' title='bbox 2895 2201 3005 2257; x_wconf 90' lang='lat' dir='ltr'>quo</span> <span class='ocrx_word' id='word_1_496' title='bbox 3062 2187 3217 2258; x_wconf 91' lang='lat' dir='ltr'>prius</span> <span class='ocrx_word' id='word_1_497' title='bbox 3255 2189 3530 2244; x_wconf 88' lang='lat' dir='ltr'>illustrare</span> 
     </span>
    </p>
   </div>
   <div class='ocr_carea' id='block_1_70' title="bbox 1909 2278 3523 2350">
    <p class='ocr_par' dir='ltr' id='par_1_70' title="bbox 1909 2278 3523 2350">
     <span class='ocr_line' id='line_1_70' title="bbox 1909 2278 3523 2350; baseline 0.002 -18"><span class='ocrx_word' id='word_1_498' title='bbox 1909 2278 2088 2334; x_wconf 90' lang='lat' dir='ltr'>noluit</span> <span class='ocrx_word' id='word_1_499' title='bbox 2137 2279 2276 2332; x_wconf 87' lang='lat' dir='ltr'>Esau</span> <span class='ocrx_word' id='word_1_500' title='bbox 2333 2285 2387 2334; x_wconf 89' lang='lat' dir='ltr'>et</span> <span class='ocrx_word' id='word_1_501' title='bbox 2454 2279 2763 2346; x_wconf 87' lang='lat' dir='ltr'>Manassen,</span> <span class='ocrx_word' id='word_1_502' title='bbox 2841 2279 2970 2334; x_wconf 92' lang='lat' dir='ltr'>dum</span> <span class='ocrx_word' id='word_1_503' title='bbox 3032 2297 3131 2350; x_wconf 89' lang='lat' dir='ltr'>per</span> <span class='ocrx_word' id='word_1_504' title='bbox 3188 2279 3523 2336; x_wconf 71' lang='lat' dir='ltr'>ineffabilem</span> 
     </span>
    </p>
   </div>
   <div class='ocr_carea' id='block_1_71' title="bbox 1910 2369 3530 2443">
    <p class='ocr_par' dir='ltr' id='par_1_71' title="bbox 1910 2369 3530 2443">
     <span class='ocr_line' id='line_1_71' title="bbox 1910 2369 3530 2443; baseline 0.001 -18"><span class='ocrx_word' id='word_1_505' title='bbox 1910 2369 2149 2426; x_wconf 74' lang='lat' dir='ltr'>caelestis</span> <span class='ocrx_word' id='word_1_506' title='bbox 2177 2370 2488 2442; x_wconf 74' lang='lat' dir='ltr'>disciplina:</span> <span class='ocrx_word' id='word_1_507' title='bbox 2513 2386 2802 2426; x_wconf 89' lang='lat' dir='ltr'>censuram</span> <span class='ocrx_word' id='word_1_508' title='bbox 2835 2377 3070 2443; x_wconf 90' lang='lat' dir='ltr'>uterque</span> <span class='ocrx_word' id='word_1_509' title='bbox 3097 2386 3286 2426; x_wconf 91' lang='lat' dir='ltr'>eorum</span> <span class='ocrx_word' id='word_1_510' title='bbox 3329 2373 3530 2442; x_wconf 89' lang='lat' dir='ltr'>prioris</span> 
     </span>
    </p>
   </div>
   <div class='ocr_carea' id='block_1_72' title="bbox 1914 2457 3522 2532">
    <p class='ocr_par' dir='ltr' id='par_1_72' title="bbox 1914 2457 3522 2532">
     <span class='ocr_line' id='line_1_72' title="bbox 1914 2457 3522 2532; baseline 0.001 -19"><span class='ocrx_word' id='word_1_511' title='bbox 1914 2457 2103 2528; x_wconf 90' lang='lat' dir='ltr'>populi</span> <span class='ocrx_word' id='word_1_512' title='bbox 2133 2457 2423 2512; x_wconf 89' lang='lat' dir='ltr'>videbatur</span> <span class='ocrx_word' id='word_1_513' title='bbox 2475 2458 2683 2513; x_wconf 88' lang='lat' dir='ltr'>habere</span> <span class='ocrx_word' id='word_1_514' title='bbox 2714 2457 2966 2532; x_wconf 80' lang='lat' dir='ltr'>figuram.</span> <span class='ocrx_word' id='word_1_515' title='bbox 3033 2459 3154 2514; x_wconf 66' lang='lat' dir='ltr'>Haec</span> <span class='ocrx_word' id='word_1_516' title='bbox 3191 2467 3274 2514; x_wconf 90' lang='lat' dir='ltr'>est</span> <span class='ocrx_word' id='word_1_517' title='bbox 3311 2461 3406 2516; x_wconf 91' lang='lat' dir='ltr'>illa</span> <span class='ocrx_word' id='word_1_518' title='bbox 3433 2461 3522 2515; x_wconf 92' lang='lat' dir='ltr'>lux</span> 
     </span>
    </p>
   </div>
   <div class='ocr_carea' id='block_1_73' title="bbox 1914 2545 3522 2621">
    <p class='ocr_par' dir='ltr' id='par_1_73' title="bbox 1914 2545 3522 2621">
     <span class='ocr_line' id='line_1_73' title="bbox 1914 2545 3522 2621; baseline 0.002 -21"><span class='ocrx_word' id='word_1_519' title='bbox 1914 2561 2013 2616; x_wconf 90' lang='lat' dir='ltr'>per</span> <span class='ocrx_word' id='word_1_520' title='bbox 2031 2561 2194 2617; x_wconf 91' lang='lat' dir='ltr'>quam</span> <span class='ocrx_word' id='word_1_521' title='bbox 2231 2545 2420 2600; x_wconf 80' lang='lat' dir='ltr'>Ruben</span> <span class='ocrx_word' id='word_1_522' title='bbox 2465 2546 2887 2620; x_wconf 89' lang='lat' dir='ltr'>primogenitus,</span> <span class='ocrx_word' id='word_1_523' title='bbox 2939 2555 2993 2602; x_wconf 90' lang='lat' dir='ltr'>et</span> <span class='ocrx_word' id='word_1_524' title='bbox 3031 2547 3296 2604; x_wconf 83' lang='lat' dir='ltr'>fortitudo</span> <span class='ocrx_word' id='word_1_525' title='bbox 3327 2550 3522 2621; x_wconf 89' lang='lat' dir='ltr'>patris,</span> 
     </span>
    </p>
   </div>
   <div class='ocr_carea' id='block_1_74' title="bbox 1911 2641 3528 2717">
    <p class='ocr_par' dir='ltr' id='par_1_74' title="bbox 1911 2641 3528 2717">
     <span class='ocr_line' id='line_1_74' title="bbox 1911 2641 3528 2717; baseline 0.002 -21"><span class='ocrx_word' id='word_1_526' title='bbox 1911 2641 2154 2712; x_wconf 88' lang='lat' dir='ltr'>peccatis</span> <span class='ocrx_word' id='word_1_527' title='bbox 2215 2641 2334 2709; x_wconf 90' lang='lat' dir='ltr'>ejus</span> <span class='ocrx_word' id='word_1_528' title='bbox 2378 2641 2751 2715; x_wconf 88' lang='lat' dir='ltr'>exigentibus,</span> <span class='ocrx_word' id='word_1_529' title='bbox 2807 2659 3027 2713; x_wconf 67' lang='lat' dir='ltr'>paenam</span> <span class='ocrx_word' id='word_1_530' title='bbox 3069 2643 3170 2699; x_wconf 91' lang='lat' dir='ltr'>luit</span> <span class='ocrx_word' id='word_1_531' title='bbox 3201 2645 3528 2717; x_wconf 89' lang='lat' dir='ltr'>iniquitatis,</span> 
     </span>
    </p>
   </div>
   <div class='ocr_carea' id='block_1_75' title="bbox 1912 2733 3532 2806">
    <p class='ocr_par' dir='ltr' id='par_1_75' title="bbox 1912 2733 3532 2806">
     <span class='ocr_line' id='line_1_75' title="bbox 1912 2733 3532 2806; baseline 0.004 -20"><span class='ocrx_word' id='word_1_532' title='bbox 1912 2733 2042 2786; x_wconf 93' lang='lat' dir='ltr'>dum</span> <span class='ocrx_word' id='word_1_533' title='bbox 2081 2733 2278 2788; x_wconf 90' lang='lat' dir='ltr'>ordine</span> <span class='ocrx_word' id='word_1_534' title='bbox 2325 2735 2590 2804; x_wconf 89' lang='lat' dir='ltr'>primatus</span> <span class='ocrx_word' id='word_1_535' title='bbox 2642 2750 2828 2790; x_wconf 90' lang='lat' dir='ltr'>coram</span> <span class='ocrx_word' id='word_1_536' title='bbox 2873 2744 3027 2806; x_wconf 91' lang='lat' dir='ltr'>patre</span> <span class='ocrx_word' id='word_1_537' title='bbox 3086 2753 3188 2792; x_wconf 91' lang='lat' dir='ltr'>suo</span> <span class='ocrx_word' id='word_1_538' title='bbox 3241 2752 3307 2793; x_wconf 92' lang='lat' dir='ltr'>eo</span> <span class='ocrx_word' id='word_1_539' title='bbox 3349 2737 3532 2792; x_wconf 90' lang='lat' dir='ltr'>minus</span> 
     </span>
    </p>
   </div>
   <div class='ocr_carea' id='block_1_76' title="bbox 1913 2825 3528 2902">
    <p class='ocr_par' dir='ltr' id='par_1_76' title="bbox 1913 2825 3528 2902">
     <span class='ocr_line' id='line_1_76' title="bbox 1913 2825 3528 2902; baseline 0.004 -24"><span class='ocrx_word' id='word_1_540' title='bbox 1913 2825 2114 2880; x_wconf 89' lang='lat' dir='ltr'>meruit</span> <span class='ocrx_word' id='word_1_541' title='bbox 2142 2825 2288 2880; x_wconf 91' lang='lat' dir='ltr'>inter</span> <span class='ocrx_word' id='word_1_542' title='bbox 2315 2825 2452 2881; x_wconf 89' lang='lat' dir='ltr'>alios</span> <span class='ocrx_word' id='word_1_543' title='bbox 2483 2826 2608 2890; x_wconf 87' lang='lat' dir='ltr'>frui,</span> <span class='ocrx_word' id='word_1_544' title='bbox 2639 2843 2750 2898; x_wconf 94' lang='lat' dir='ltr'>quo</span> <span class='ocrx_word' id='word_1_545' title='bbox 2777 2828 2940 2900; x_wconf 91' lang='lat' dir='ltr'>culpa</span> <span class='ocrx_word' id='word_1_546' title='bbox 2991 2829 3344 2902; x_wconf 87' lang='lat' dir='ltr'>primogeniti</span> <span class='ocrx_word' id='word_1_547' title='bbox 3377 2831 3528 2900; x_wconf 90' lang='lat' dir='ltr'>prin-</span> 
     </span>
    </p>
   </div>
   <div class='ocr_carea' id='block_1_77' title="bbox 1915 2917 3523 2994">
    <p class='ocr_par' dir='ltr' id='par_1_77' title="bbox 1915 2917 3523 2994">
     <span class='ocr_line' id='line_1_77' title="bbox 1915 2917 3523 2994; baseline 0.003 -22"><span class='ocrx_word' id='word_1_548' title='bbox 1915 2917 2122 2989; x_wconf 91' lang='lat' dir='ltr'>cipium</span> <span class='ocrx_word' id='word_1_549' title='bbox 2155 2919 2304 2973; x_wconf 86' lang='lat' dir='ltr'>auxit</span> <span class='ocrx_word' id='word_1_550' title='bbox 2332 2919 2540 2974; x_wconf 90' lang='lat' dir='ltr'>doloris</span> <span class='ocrx_word' id='word_1_551' title='bbox 2577 2921 2683 2975; x_wconf 91' lang='lat' dir='ltr'>sui.</span> <span class='ocrx_word' id='word_1_552' title='bbox 2720 2921 2844 2976; x_wconf 61' lang='lat' dir='ltr'>Haec</span> <span class='ocrx_word' id='word_1_553' title='bbox 2873 2928 2955 2976; x_wconf 87' lang='lat' dir='ltr'>est</span> <span class='ocrx_word' id='word_1_554' title='bbox 3009 2922 3104 2977; x_wconf 91' lang='lat' dir='ltr'>illa</span> <span class='ocrx_word' id='word_1_555' title='bbox 3155 2923 3242 2977; x_wconf 89' lang='lat' dir='ltr'>lux</span> <span class='ocrx_word' id='word_1_556' title='bbox 3293 2939 3417 2994; x_wconf 74' lang='lat' dir='ltr'>quae</span> <span class='ocrx_word' id='word_1_557' title='bbox 3467 2923 3523 2976; x_wconf 93' lang='lat' dir='ltr'>in</span> 
     </span>
    </p>
   </div>
   <div class='ocr_carea' id='block_1_78' title="bbox 1919 3008 3528 3087">
    <p class='ocr_par' dir='ltr' id='par_1_78' title="bbox 1919 3008 3528 3087">
     <span class='ocr_line' id='line_1_78' title="bbox 1919 3008 3528 3087; baseline 0.004 -24"><span class='ocrx_word' id='word_1_558' title='bbox 1919 3008 2279 3065; x_wconf 89' lang='lat' dir='ltr'>interioribus</span> <span class='ocrx_word' id='word_1_559' title='bbox 2331 3011 2508 3066; x_wconf 90' lang='lat' dir='ltr'>oculis</span> <span class='ocrx_word' id='word_1_560' title='bbox 2563 3011 2757 3067; x_wconf 82' lang='lat' dir='ltr'>Ruben</span> <span class='ocrx_word' id='word_1_561' title='bbox 2815 3013 3044 3069; x_wconf 91' lang='lat' dir='ltr'>omnino</span> <span class='ocrx_word' id='word_1_562' title='bbox 3095 3014 3352 3087; x_wconf 89' lang='lat' dir='ltr'>caligavit</span> <span class='ocrx_word' id='word_1_563' title='bbox 3399 3015 3528 3070; x_wconf 92' lang='lat' dir='ltr'>dum</span> 
     </span>
    </p>
   </div>
   <div class='ocr_carea' id='block_1_79' title="bbox 1921 3098 3532 3174">
    <p class='ocr_par' dir='ltr' id='par_1_79' title="bbox 1921 3098 3532 3174">
     <span class='ocr_line' id='line_1_79' title="bbox 1921 3098 3532 3174; baseline 0.003 -21"><span class='ocrx_word' id='word_1_564' title='bbox 1921 3098 2102 3153; x_wconf 90' lang='lat' dir='ltr'>cubile</span> <span class='ocrx_word' id='word_1_565' title='bbox 2135 3099 2304 3169; x_wconf 88' lang='lat' dir='ltr'>patris</span> <span class='ocrx_word' id='word_1_566' title='bbox 2332 3099 2417 3154; x_wconf 93' lang='lat' dir='ltr'>sui</span> <span class='ocrx_word' id='word_1_567' title='bbox 2449 3102 2718 3164; x_wconf 87' lang='lat' dir='ltr'>ascendit,</span> <span class='ocrx_word' id='word_1_568' title='bbox 2753 3109 2808 3156; x_wconf 89' lang='lat' dir='ltr'>et</span> <span class='ocrx_word' id='word_1_569' title='bbox 2823 3111 3048 3158; x_wconf 90' lang='lat' dir='ltr'>stratum</span> <span class='ocrx_word' id='word_1_570' title='bbox 3074 3104 3194 3174; x_wconf 90' lang='lat' dir='ltr'>ejus</span> <span class='ocrx_word' id='word_1_571' title='bbox 3211 3104 3532 3160; x_wconf 87' lang='lat' dir='ltr'>maculavit:</span> 
     </span>
    </p>
   </div>
   <div class='ocr_carea' id='block_1_80' title="bbox 1919 3185 3534 3263">
    <p class='ocr_par' dir='ltr' id='par_1_80' title="bbox 1919 3185 3534 3263">
     <span class='ocr_line' id='line_1_80' title="bbox 1919 3185 3534 3263; baseline 0.003 -22"><span class='ocrx_word' id='word_1_572' title='bbox 1919 3185 2240 3260; x_wconf 86' lang='lat' dir='ltr'>signiﬁcans</span> <span class='ocrx_word' id='word_1_573' title='bbox 2293 3187 2552 3244; x_wconf 92' lang='lat' dir='ltr'>videlicet</span> <span class='ocrx_word' id='word_1_574' title='bbox 2589 3191 2740 3261; x_wconf 91' lang='lat' dir='ltr'>quod</span> <span class='ocrx_word' id='word_1_575' title='bbox 2786 3191 3052 3247; x_wconf 87' lang='lat' dir='ltr'>Iudaicus</span> <span class='ocrx_word' id='word_1_576' title='bbox 3083 3192 3322 3263; x_wconf 90' lang='lat' dir='ltr'>populus</span> <span class='ocrx_word' id='word_1_577' title='bbox 3351 3193 3534 3247; x_wconf 86' lang='lat' dir='ltr'>cubile</span> 
     </span>
    </p>
   </div>
   <div class='ocr_carea' id='block_1_81' title="bbox 1922 3274 3537 3346">
    <p class='ocr_par' dir='ltr' id='par_1_81' title="bbox 1922 3274 3537 3346">
     <span class='ocr_line' id='line_1_81' title="bbox 1922 3274 3537 3346; baseline 0.006 -18"><span class='ocrx_word' id='word_1_578' title='bbox 1922 3274 2018 3329; x_wconf 91' lang='lat' dir='ltr'>Dei</span> <span class='ocrx_word' id='word_1_579' title='bbox 2065 3274 2241 3329; x_wconf 89' lang='lat' dir='ltr'>Patris</span> <span class='ocrx_word' id='word_1_580' title='bbox 2271 3275 2358 3329; x_wconf 89' lang='lat' dir='ltr'>sui</span> <span class='ocrx_word' id='word_1_581' title='bbox 2388 3277 2694 3331; x_wconf 90' lang='lat' dir='ltr'>maculatus</span> <span class='ocrx_word' id='word_1_582' title='bbox 2741 3279 3012 3346; x_wconf 86' lang='lat' dir='ltr'>ascendit,</span> <span class='ocrx_word' id='word_1_583' title='bbox 3055 3279 3184 3334; x_wconf 90' lang='lat' dir='ltr'>dum</span> <span class='ocrx_word' id='word_1_584' title='bbox 3228 3281 3282 3334; x_wconf 91' lang='lat' dir='ltr'>in</span> <span class='ocrx_word' id='word_1_585' title='bbox 3338 3281 3537 3336; x_wconf 87' lang='lat' dir='ltr'>arbore</span> 
     </span>
    </p>
   </div>
   <div class='ocr_carea' id='block_1_82' title="bbox 1927 3365 3538 3442">
    <p class='ocr_par' dir='ltr' id='par_1_82' title="bbox 1927 3365 3538 3442">
     <span class='ocr_line' id='line_1_82' title="bbox 1927 3365 3538 3442; baseline 0.006 -22"><span class='ocrx_word' id='word_1_586' title='bbox 1927 3365 2105 3420; x_wconf 89' lang='lat' dir='ltr'>crucis</span> <span class='ocrx_word' id='word_1_587' title='bbox 2125 3381 2326 3436; x_wconf 89' lang='lat' dir='ltr'>corpus</span> <span class='ocrx_word' id='word_1_588' title='bbox 2351 3367 2472 3436; x_wconf 86' lang='lat' dir='ltr'>ejus</span> <span class='ocrx_word' id='word_1_589' title='bbox 2501 3367 2671 3423; x_wconf 88' lang='lat' dir='ltr'>clavis</span> <span class='ocrx_word' id='word_1_590' title='bbox 2696 3369 2900 3424; x_wconf 86' lang='lat' dir='ltr'>ferreis</span> <span class='ocrx_word' id='word_1_591' title='bbox 2945 3371 3260 3442; x_wconf 86' lang='lat' dir='ltr'>suspendit.</span> <span class='ocrx_word' id='word_1_592' title='bbox 3299 3371 3426 3428; x_wconf 85' lang='lat' dir='ltr'>llaec</span> <span class='ocrx_word' id='word_1_593' title='bbox 3455 3381 3538 3428; x_wconf 88' lang='lat' dir='ltr'>est</span> 
     </span>
    </p>
   </div>
   <div class='ocr_carea' id='block_1_83' title="bbox 1927 3453 3536 3531">
    <p class='ocr_par' dir='ltr' id='par_1_83' title="bbox 1927 3453 3536 3531">
     <span class='ocr_line' id='line_1_83' title="bbox 1927 3453 3536 3531; baseline 0.005 -21"><span class='ocrx_word' id='word_1_594' title='bbox 1927 3455 2020 3512; x_wconf 91' lang='lat' dir='ltr'>illa</span> <span class='ocrx_word' id='word_1_595' title='bbox 2043 3453 2146 3512; x_wconf 76' lang='lat' dir='ltr'>‘lux</span> <span class='ocrx_word' id='word_1_596' title='bbox 2205 3473 2328 3528; x_wconf 68' lang='lat' dir='ltr'>quae</span> <span class='ocrx_word' id='word_1_597' title='bbox 2383 3458 2558 3513; x_wconf 92' lang='lat' dir='ltr'>oculis</span> <span class='ocrx_word' id='word_1_598' title='bbox 2599 3459 2791 3514; x_wconf 81' lang='lat' dir='ltr'>Ruben</span> <span class='ocrx_word' id='word_1_599' title='bbox 2849 3461 3017 3516; x_wconf 91' lang='lat' dir='ltr'>nimis</span> <span class='ocrx_word' id='word_1_600' title='bbox 3062 3469 3179 3516; x_wconf 89' lang='lat' dir='ltr'>erat</span> <span class='ocrx_word' id='word_1_601' title='bbox 3222 3462 3536 3531; x_wconf 89' lang='lat' dir='ltr'>obscurata,</span> 
     </span>
    </p>
   </div>
   <div class='ocr_carea' id='block_1_84' title="bbox 1926 3545 3541 3618">
    <p class='ocr_par' dir='ltr' id='par_1_84' title="bbox 1926 3545 3541 3618">
     <span class='ocr_line' id='line_1_84' title="bbox 1926 3545 3541 3618; baseline 0.005 -19"><span class='ocrx_word' id='word_1_602' title='bbox 1926 3545 2057 3600; x_wconf 92' lang='lat' dir='ltr'>dum</span> <span class='ocrx_word' id='word_1_603' title='bbox 2103 3561 2204 3618; x_wconf 93' lang='lat' dir='ltr'>pro</span> <span class='ocrx_word' id='word_1_604' title='bbox 2232 3545 2454 3602; x_wconf 90' lang='lat' dir='ltr'>lascivia</span> <span class='ocrx_word' id='word_1_605' title='bbox 2491 3547 2677 3602; x_wconf 62' lang='lat' dir='ltr'>nimia;</span> <span class='ocrx_word' id='word_1_606' title='bbox 2702 3547 2997 3618; x_wconf 87' lang='lat' dir='ltr'>voluptatis</span> <span class='ocrx_word' id='word_1_607' title='bbox 3024 3548 3230 3606; x_wconf 74' lang='lat' dir='ltr'>effusus</span> <span class='ocrx_word' id='word_1_608' title='bbox 3280 3557 3362 3606; x_wconf 89' lang='lat' dir='ltr'>est</span> <span class='ocrx_word' id='word_1_609' title='bbox 3399 3551 3541 3607; x_wconf 91' lang='lat' dir='ltr'>sicut</span> 
     </span>
    </p>
   </div>
   <div class='ocr_carea' id='block_1_85' title="bbox 1928 3640 3537 3720">
    <p class='ocr_par' dir='ltr' id='par_1_85' title="bbox 1928 3640 3537 3720">
     <span class='ocr_line' id='line_1_85' title="bbox 1928 3640 3537 3720; baseline 0.004 -26"><span class='ocrx_word' id='word_1_610' title='bbox 1928 3655 2102 3712; x_wconf 90' lang='lat' dir='ltr'>aqua:</span> <span class='ocrx_word' id='word_1_611' title='bbox 2149 3656 2340 3710; x_wconf 73' lang='lat' dir='ltr'>pmnas</span> <span class='ocrx_word' id='word_1_612' title='bbox 2366 3640 2582 3696; x_wconf 90' lang='lat' dir='ltr'>scilicet</span> <span class='ocrx_word' id='word_1_613' title='bbox 2610 3643 2818 3714; x_wconf 91' lang='lat' dir='ltr'>peccati</span> <span class='ocrx_word' id='word_1_614' title='bbox 2871 3659 2938 3699; x_wconf 93' lang='lat' dir='ltr'>eo</span> <span class='ocrx_word' id='word_1_615' title='bbox 2992 3645 3168 3720; x_wconf 90' lang='lat' dir='ltr'>magis</span> <span class='ocrx_word' id='word_1_616' title='bbox 3213 3645 3450 3701; x_wconf 88' lang='lat' dir='ltr'>luiturus</span> <span class='ocrx_word' id='word_1_617' title='bbox 3479 3647 3537 3700; x_wconf 89' lang='lat' dir='ltr'>in</span> 
     </span>
    </p>
   </div>
   <div class='ocr_carea' id='block_1_86' title="bbox 1929 3733 3542 3812">
    <p class='ocr_par' dir='ltr' id='par_1_86' title="bbox 1929 3733 3542 3812">
     <span class='ocr_line' id='line_1_86' title="bbox 1929 3733 3542 3812; baseline 0.004 -26"><span class='ocrx_word' id='word_1_618' title='bbox 1929 3748 2160 3788; x_wconf 91' lang='lat' dir='ltr'>numero</span> <span class='ocrx_word' id='word_1_619' title='bbox 2191 3733 2438 3798; x_wconf 87' lang='lat' dir='ltr'>fratrum,</span> <span class='ocrx_word' id='word_1_620' title='bbox 2463 3749 2573 3806; x_wconf 93' lang='lat' dir='ltr'>quo</span> <span class='ocrx_word' id='word_1_621' title='bbox 2603 3751 2663 3789; x_wconf 90' lang='lat' dir='ltr'>se</span> <span class='ocrx_word' id='word_1_622' title='bbox 2691 3735 3041 3812; x_wconf 88' lang='lat' dir='ltr'>primogeniti</span> <span class='ocrx_word' id='word_1_623' title='bbox 3083 3737 3260 3793; x_wconf 92' lang='lat' dir='ltr'>doluit</span> <span class='ocrx_word' id='word_1_624' title='bbox 3289 3739 3542 3793; x_wconf 82' lang='lat' dir='ltr'>amisisse</span> 
     </span>
    </p>
   </div>
   <div class='ocr_carea' id='block_1_87' title="bbox 1929 3821 3545 3900">
    <p class='ocr_par' dir='ltr' id='par_1_87' title="bbox 1929 3821 3545 3900">
     <span class='ocr_line' id='line_1_87' title="bbox 1929 3821 3545 3900; baseline 0.003 -24"><span class='ocrx_word' id='word_1_625' title='bbox 1929 3821 2246 3892; x_wconf 90' lang='lat' dir='ltr'>primatum.</span> <span class='ocrx_word' id='word_1_626' title='bbox 2279 3823 2398 3878; x_wconf 69' lang='lat' dir='ltr'>Haec</span> <span class='ocrx_word' id='word_1_627' title='bbox 2425 3830 2509 3880; x_wconf 84' lang='lat' dir='ltr'>est</span> <span class='ocrx_word' id='word_1_628' title='bbox 2535 3824 2628 3879; x_wconf 90' lang='lat' dir='ltr'>illa</span> <span class='ocrx_word' id='word_1_629' title='bbox 2659 3825 2750 3879; x_wconf 86' lang='lat' dir='ltr'>lux</span> <span class='ocrx_word' id='word_1_630' title='bbox 2771 3842 2896 3896; x_wconf 68' lang='lat' dir='ltr'>quae</span> <span class='ocrx_word' id='word_1_631' title='bbox 2933 3826 3146 3894; x_wconf 90' lang='lat' dir='ltr'>Ruben,</span> <span class='ocrx_word' id='word_1_632' title='bbox 3179 3827 3268 3882; x_wconf 92' lang='lat' dir='ltr'>cui</span> <span class='ocrx_word' id='word_1_633' title='bbox 3303 3827 3545 3900; x_wconf 88' lang='lat' dir='ltr'>dignitas</span> 
     </span>
    </p>
   </div>
   <div class='ocr_carea' id='block_1_88' title="bbox 1931 3915 3547 3995">
    <p class='ocr_par' dir='ltr' id='par_1_88' title="bbox 1931 3915 3547 3995">
     <span class='ocr_line' id='line_1_88' title="bbox 1931 3915 3547 3995; baseline 0.003 -25"><span class='ocrx_word' id='word_1_634' title='bbox 1931 3915 2286 3970; x_wconf 83' lang='lat' dir='ltr'>sacerdotalis</span> <span class='ocrx_word' id='word_1_635' title='bbox 2298 3921 2352 3970; x_wconf 88' lang='lat' dir='ltr'>et</span> <span class='ocrx_word' id='word_1_636' title='bbox 2373 3917 2518 3990; x_wconf 87' lang='lat' dir='ltr'>regis</span> <span class='ocrx_word' id='word_1_637' title='bbox 2537 3917 2862 3985; x_wconf 87' lang='lat' dir='ltr'>debebatur,</span> <span class='ocrx_word' id='word_1_638' title='bbox 2894 3917 3048 3973; x_wconf 90' lang='lat' dir='ltr'>radio</span> <span class='ocrx_word' id='word_1_639' title='bbox 3073 3919 3338 3990; x_wconf 87' lang='lat' dir='ltr'>spiritalis</span> <span class='ocrx_word' id='word_1_640' title='bbox 3358 3920 3547 3995; x_wconf 68' lang='lat' dir='ltr'>gratiae</span> 
     </span>
    </p>
   </div>
   <div class='ocr_carea' id='block_1_89' title="bbox 1933 4005 3550 4076">
    <p class='ocr_par' dir='ltr' id='par_1_89' title="bbox 1933 4005 3550 4076">
     <span class='ocr_line' id='line_1_89' title="bbox 1933 4005 3550 4076; baseline 0.004 -18"><span class='ocrx_word' id='word_1_641' title='bbox 1933 4005 2117 4060; x_wconf 90' lang='lat' dir='ltr'>minus</span> <span class='ocrx_word' id='word_1_642' title='bbox 2154 4005 2778 4076; x_wconf 84' lang='lat' dir='ltr'>illustrare’videbatur,</span> <span class='ocrx_word' id='word_1_643' title='bbox 2805 4025 2930 4064; x_wconf 93' lang='lat' dir='ltr'>cum</span> <span class='ocrx_word' id='word_1_644' title='bbox 2978 4008 3256 4066; x_wconf 68' lang='lat' dir='ltr'>eﬁ&#39;renataa</span> <span class='ocrx_word' id='word_1_645' title='bbox 3301 4011 3550 4065; x_wconf 90' lang='lat' dir='ltr'>libidinis</span> 
     </span>
    </p>
   </div>
   <div class='ocr_carea' id='block_1_90' title="bbox 1932 4096 3554 4186">
    <p class='ocr_par' dir='ltr' id='par_1_90' title="bbox 1932 4096 3554 4186">
     <span class='ocr_line' id='line_1_90' title="bbox 1932 4096 3554 4186; baseline 0.004 -36"><span class='ocrx_word' id='word_1_646' title='bbox 1932 4096 2106 4152; x_wconf 90' lang='lat' dir='ltr'>nimio</span> <span class='ocrx_word' id='word_1_647' title='bbox 2132 4105 2392 4153; x_wconf 64' lang='lat' dir='ltr'>aestuaret</span> <span class='ocrx_word' id='word_1_648' title='bbox 2419 4099 2723 4166; x_wconf 88' lang='lat' dir='ltr'>desiderio,</span> <span class='ocrx_word' id='word_1_649' title='bbox 2755 4100 2849 4172; x_wconf 79' lang='lat' dir='ltr'>qui</span> <span class='ocrx_word' id='word_1_650' title='bbox 2882 4108 3044 4156; x_wconf 89' lang='lat' dir='ltr'>antea</span> <span class='ocrx_word' id='word_1_651' title='bbox 3077 4104 3228 4172; x_wconf 88' lang='lat' dir='ltr'>prior</span> <span class='ocrx_word' id='word_1_652' title='bbox 3271 4103 3326 4156; x_wconf 90' lang='lat' dir='ltr'>in</span> <span class='ocrx_word' id='word_1_653' title='bbox 3369 4103 3554 4186; x_wconf 49' lang='lat' dir='ltr'>donis,</span> 
     </span>
    </p>
   </div>
   <div class='ocr_carea' id='block_1_91' title="bbox 1937 4189 3553 4265">
    <p class='ocr_par' dir='ltr' id='par_1_91' title="bbox 1937 4189 3553 4265">
     <span class='ocr_line' id='line_1_91' title="bbox 1937 4189 3553 4265; baseline 0.004 -22"><span class='ocrx_word' id='word_1_654' title='bbox 1937 4197 1994 4243; x_wconf 90' lang='lat' dir='ltr'>et</span> <span class='ocrx_word' id='word_1_655' title='bbox 2043 4189 2218 4260; x_wconf 90' lang='lat' dir='ltr'>major</span> <span class='ocrx_word' id='word_1_656' title='bbox 2254 4199 2370 4245; x_wconf 89' lang='lat' dir='ltr'>erat</span> <span class='ocrx_word' id='word_1_657' title='bbox 2400 4191 2656 4262; x_wconf 89' lang='lat' dir='ltr'>imperio.</span> <span class='ocrx_word' id='word_1_658' title='bbox 2701 4191 2827 4246; x_wconf 66' lang='lat' dir='ltr'>Haec</span> <span class='ocrx_word' id='word_1_659' title='bbox 2875 4199 2956 4246; x_wconf 89' lang='lat' dir='ltr'>est</span> <span class='ocrx_word' id='word_1_660' title='bbox 2985 4193 3079 4246; x_wconf 90' lang='lat' dir='ltr'>illa</span> <span class='ocrx_word' id='word_1_661' title='bbox 3119 4195 3211 4248; x_wconf 87' lang='lat' dir='ltr'>lux</span> <span class='ocrx_word' id='word_1_662' title='bbox 3253 4210 3350 4264; x_wconf 89' lang='lat' dir='ltr'>per</span> <span class='ocrx_word' id='word_1_663' title='bbox 3389 4211 3553 4265; x_wconf 90' lang='lat' dir='ltr'>quam</span> 
     </span>
    </p>
   </div>
   <div class='ocr_carea' id='block_1_92' title="bbox 234 4277 3558 4360">
    <p class='ocr_par' dir='ltr' id='par_1_92' title="bbox 234 4277 3558 4360">
     <span class='ocr_line' id='line_1_92' title="bbox 234 4277 3558 4360; baseline -0.002 -16"><span class='ocrx_word' id='word_1_664' title='bbox 234 4289 394 4344; x_wconf 88' lang='lat' dir='ltr'>tionis</span> <span class='ocrx_word' id='word_1_665' title='bbox 423 4290 696 4360; x_wconf 57' lang='lat' dir='ltr'>inaequale</span> <span class='ocrx_word' id='word_1_666' title='bbox 749 4286 930 4342; x_wconf 88' lang='lat' dir='ltr'>sortiti</span> <span class='ocrx_word' id='word_1_667' title='bbox 986 4291 1113 4340; x_wconf 88' lang='lat' dir='ltr'>sunt</span> <span class='ocrx_word' id='word_1_668' title='bbox 1149 4283 1506 4349; x_wconf 86' lang='lat' dir='ltr'>beneﬁcium,</span> <span class='ocrx_word' id='word_1_669' title='bbox 1563 4287 1692 4342; x_wconf 91' lang='lat' dir='ltr'>dum</span> <span class='ocrx_word' id='word_1_670' title='bbox 1746 4305 1845 4360; x_wconf 75' lang='lat' dir='ltr'>per</span> <span class='ocrx_word' id='word_1_671' title='bbox 1866 4277 2166 4350; x_wconf 90' lang='lat' dir='ltr'>DSimeon</span> <span class='ocrx_word' id='word_1_672' title='bbox 2198 4285 2253 4333; x_wconf 88' lang='lat' dir='ltr'>et</span> <span class='ocrx_word' id='word_1_673' title='bbox 2283 4279 2429 4344; x_wconf 89' lang='lat' dir='ltr'>Levi,</span> <span class='ocrx_word' id='word_1_674' title='bbox 2459 4295 2588 4336; x_wconf 89' lang='lat' dir='ltr'>vasa</span> <span class='ocrx_word' id='word_1_675' title='bbox 2621 4279 2930 4351; x_wconf 89' lang='lat' dir='ltr'>iniquitatis</span> <span class='ocrx_word' id='word_1_676' title='bbox 2978 4280 3260 4345; x_wconf 88' lang='lat' dir='ltr'>bellantia,</span> <span class='ocrx_word' id='word_1_677' title='bbox 3295 4297 3394 4352; x_wconf 87' lang='lat' dir='ltr'>pro</span> <span class='ocrx_word' id='word_1_678' title='bbox 3423 4297 3558 4352; x_wconf 86' lang='lat' dir='ltr'>Ope-</span> 
     </span>
    </p>
   </div>
   <div class='ocr_carea' id='block_1_93' title="bbox 236 4376 1845 4453">
    <p class='ocr_par' dir='ltr' id='par_1_93' title="bbox 236 4376 1845 4453">
     <span class='ocr_line' id='line_1_93' title="bbox 236 4376 1845 4453; baseline 0.001 -17"><span class='ocrx_word' id='word_1_679' title='bbox 236 4381 548 4453; x_wconf 89' lang='lat' dir='ltr'>mysterium</span> <span class='ocrx_word' id='word_1_680' title='bbox 597 4379 778 4435; x_wconf 90' lang='lat' dir='ltr'>crucis</span> <span class='ocrx_word' id='word_1_681' title='bbox 816 4394 962 4434; x_wconf 90' lang='lat' dir='ltr'>unus</span> <span class='ocrx_word' id='word_1_682' title='bbox 999 4376 1310 4448; x_wconf 69' lang='lat' dir='ltr'>praemium,</span> <span class='ocrx_word' id='word_1_683' title='bbox 1356 4384 1410 4433; x_wconf 88' lang='lat' dir='ltr'>et</span> <span class='ocrx_word' id='word_1_684' title='bbox 1449 4378 1588 4434; x_wconf 89' lang='lat' dir='ltr'>alius</span> <span class='ocrx_word' id='word_1_685' title='bbox 1635 4382 1845 4453; x_wconf 88' lang='lat' dir='ltr'>recepit</span> 
     </span>
    </p>
   </div>
   <div class='ocr_carea' id='block_1_94' title="bbox 237 4469 1845 4542">
    <p class='ocr_par' dir='ltr' id='par_1_94' title="bbox 237 4469 1845 4542">
     <span class='ocr_line' id='line_1_94' title="bbox 237 4469 1845 4542; baseline 0.001 -15"><span class='ocrx_word' id='word_1_686' title='bbox 237 4471 586 4542; x_wconf 83' lang='lat' dir='ltr'>supplicium.</span> <span class='ocrx_word' id='word_1_687' title='bbox 637 4471 762 4527; x_wconf 67' lang='lat' dir='ltr'>Haec</span> <span class='ocrx_word' id='word_1_688' title='bbox 787 4478 869 4524; x_wconf 87' lang='lat' dir='ltr'>est</span> <span class='ocrx_word' id='word_1_689' title='bbox 901 4470 994 4524; x_wconf 86' lang='lat' dir='ltr'>illa</span> <span class='ocrx_word' id='word_1_690' title='bbox 1032 4469 1124 4525; x_wconf 85' lang='lat' dir='ltr'>lux</span> <span class='ocrx_word' id='word_1_691' title='bbox 1179 4484 1279 4540; x_wconf 87' lang='lat' dir='ltr'>per</span> <span class='ocrx_word' id='word_1_692' title='bbox 1323 4485 1485 4540; x_wconf 89' lang='lat' dir='ltr'>quam</span> <span class='ocrx_word' id='word_1_693' title='bbox 1525 4469 1656 4527; x_wconf 91' lang='lat' dir='ltr'>licet</span> <span class='ocrx_word' id='word_1_694' title='bbox 1700 4489 1845 4528; x_wconf 89' lang='lat' dir='ltr'>unus</span> 
     </span>
    </p>
   </div>
   <div class='ocr_carea' id='block_1_95' title="bbox 237 4560 1842 4634">
    <p class='ocr_par' dir='ltr' id='par_1_95' title="bbox 237 4560 1842 4634">
     <span class='ocr_line' id='line_1_95' title="bbox 237 4560 1842 4634; baseline 0.001 -16"><span class='ocrx_word' id='word_1_695' title='bbox 237 4579 421 4619; x_wconf 87' lang='lat' dir='ltr'>eorum</span> <span class='ocrx_word' id='word_1_696' title='bbox 481 4563 548 4617; x_wconf 86' lang='lat' dir='ltr'>ad</span> <span class='ocrx_word' id='word_1_697' title='bbox 605 4578 854 4634; x_wconf 65' lang='lat' dir='ltr'>poenam,</span> <span class='ocrx_word' id='word_1_698' title='bbox 895 4561 1036 4616; x_wconf 91' lang='lat' dir='ltr'>alius</span> <span class='ocrx_word' id='word_1_699' title='bbox 1085 4560 1414 4616; x_wconf 86' lang='lat' dir='ltr'>educeretur</span> <span class='ocrx_word' id='word_1_700' title='bbox 1464 4561 1532 4614; x_wconf 90' lang='lat' dir='ltr'>ad</span> <span class='ocrx_word' id='word_1_701' title='bbox 1589 4563 1842 4634; x_wconf 87' lang='lat' dir='ltr'>gloriam,</span> 
     </span>
    </p>
   </div>
   <div class='ocr_carea' id='block_1_96' title="bbox 239 4649 1848 4725">
    <p class='ocr_par' dir='ltr' id='par_1_96' title="bbox 239 4649 1848 4725">
     <span class='ocr_line' id='line_1_96' title="bbox 239 4649 1848 4725; baseline 0.001 -17"><span class='ocrx_word' id='word_1_702' title='bbox 239 4651 458 4722; x_wconf 87' lang='lat' dir='ltr'>utrique</span> <span class='ocrx_word' id='word_1_703' title='bbox 506 4657 690 4706; x_wconf 90' lang='lat' dir='ltr'>tamen</span> <span class='ocrx_word' id='word_1_704' title='bbox 747 4649 1044 4705; x_wconf 66' lang='lat' dir='ltr'>Dominicaa</span> <span class='ocrx_word' id='word_1_705' title='bbox 1091 4649 1508 4704; x_wconf 89' lang='lat' dir='ltr'>resurrectionis</span> <span class='ocrx_word' id='word_1_706' title='bbox 1560 4650 1848 4725; x_wconf 86' lang='lat' dir='ltr'>signavere</span> 
     </span>
    </p>
   </div>
   <div class='ocr_carea' id='block_1_97' title="bbox 240 4736 1846 4810">
    <p class='ocr_par' dir='ltr' id='par_1_97' title="bbox 240 4736 1846 4810">
     <span class='ocr_line' id='line_1_97' title="bbox 240 4736 1846 4810; baseline -0.001 -14"><span class='ocrx_word' id='word_1_707' title='bbox 240 4739 536 4805; x_wconf 87' lang='lat' dir='ltr'>victoriam,</span> <span class='ocrx_word' id='word_1_708' title='bbox 591 4738 718 4792; x_wconf 91' lang='lat' dir='ltr'>dum</span> <span class='ocrx_word' id='word_1_709' title='bbox 787 4753 898 4792; x_wconf 91' lang='lat' dir='ltr'>una</span> <span class='ocrx_word' id='word_1_710' title='bbox 953 4737 1261 4807; x_wconf 90' lang='lat' dir='ltr'>eademque</span> <span class='ocrx_word' id='word_1_711' title='bbox 1314 4736 1558 4792; x_wconf 83' lang='lat' dir='ltr'>caelestis</span> <span class='ocrx_word' id='word_1_712' title='bbox 1606 4740 1846 4810; x_wconf 87' lang='lat' dir='ltr'>mysterii</span> 
     </span>
    </p>
   </div>
   <div class='ocr_carea' id='block_1_98' title="bbox 245 4825 1852 4898">
    <p class='ocr_par' dir='ltr' id='par_1_98' title="bbox 245 4825 1852 4898">
     <span class='ocr_line' id='line_1_98' title="bbox 245 4825 1852 4898; baseline -0.001 -14"><span class='ocrx_word' id='word_1_713' title='bbox 245 4836 408 4895; x_wconf 89' lang='lat' dir='ltr'>sorte,</span> <span class='ocrx_word' id='word_1_714' title='bbox 465 4833 590 4898; x_wconf 90' lang='lat' dir='ltr'>post</span> <span class='ocrx_word' id='word_1_715' title='bbox 632 4834 744 4882; x_wconf 87' lang='lat' dir='ltr'>tres</span> <span class='ocrx_word' id='word_1_716' title='bbox 783 4826 904 4880; x_wconf 88' lang='lat' dir='ltr'>dies</span> <span class='ocrx_word' id='word_1_717' title='bbox 956 4825 1034 4880; x_wconf 95' lang='lat' dir='ltr'>illi</span> <span class='ocrx_word' id='word_1_718' title='bbox 1073 4826 1143 4880; x_wconf 92' lang='lat' dir='ltr'>de</span> <span class='ocrx_word' id='word_1_719' title='bbox 1195 4841 1441 4892; x_wconf 89' lang='lat' dir='ltr'>carcere,</span> <span class='ocrx_word' id='word_1_720' title='bbox 1499 4832 1553 4880; x_wconf 92' lang='lat' dir='ltr'>et</span> <span class='ocrx_word' id='word_1_721' title='bbox 1609 4825 1852 4883; x_wconf 88' lang='lat' dir='ltr'>Christus</span> 
     </span>
    </p>
   </div>
   <div class='ocr_carea' id='block_1_99' title="bbox 243 4917 1850 4989">
    <p class='ocr_par' dir='ltr' id='par_1_99' title="bbox 243 4917 1850 4989">
     <span class='ocr_line' id='line_1_99' title="bbox 243 4917 1850 4989; baseline -0.001 -14"><span class='ocrx_word' id='word_1_722' title='bbox 243 4919 468 4976; x_wconf 88' lang='lat' dir='ltr'>surrexit</span> <span class='ocrx_word' id='word_1_723' title='bbox 496 4936 528 4974; x_wconf 90' lang='lat' dir='ltr'>a</span> <span class='ocrx_word' id='word_1_724' title='bbox 555 4925 752 4974; x_wconf 91' lang='lat' dir='ltr'>morte.</span> <span class='ocrx_word' id='word_1_725' title='bbox 795 4917 920 4972; x_wconf 83' lang='lat' dir='ltr'>Haec</span> <span class='ocrx_word' id='word_1_726' title='bbox 953 4924 1038 4971; x_wconf 89' lang='lat' dir='ltr'>est</span> <span class='ocrx_word' id='word_1_727' title='bbox 1083 4917 1176 4971; x_wconf 90' lang='lat' dir='ltr'>illa</span> <span class='ocrx_word' id='word_1_728' title='bbox 1217 4917 1306 4972; x_wconf 89' lang='lat' dir='ltr'>lux</span> <span class='ocrx_word' id='word_1_729' title='bbox 1350 4933 1448 4988; x_wconf 90' lang='lat' dir='ltr'>per</span> <span class='ocrx_word' id='word_1_730' title='bbox 1482 4933 1644 4989; x_wconf 87' lang='lat' dir='ltr'>quam</span> <span class='ocrx_word' id='word_1_731' title='bbox 1685 4918 1850 4974; x_wconf 90' lang='lat' dir='ltr'>nobis</span> 
     </span>
    </p>
   </div>
   <div class='ocr_carea' id='block_1_100' title="bbox 247 5005 1851 5079">
    <p class='ocr_par' dir='ltr' id='par_1_100' title="bbox 247 5005 1851 5079">
     <span class='ocr_line' id='line_1_100' title="bbox 247 5005 1851 5079; baseline -0.001 -16"><span class='ocrx_word' id='word_1_732' title='bbox 247 5009 296 5063; x_wconf 92' lang='lat' dir='ltr'>in</span> <span class='ocrx_word' id='word_1_733' title='bbox 349 5009 617 5074; x_wconf 87' lang='lat' dir='ltr'>Manasse,</span> <span class='ocrx_word' id='word_1_734' title='bbox 649 5005 743 5078; x_wconf 92' lang='lat' dir='ltr'>qui</span> <span class='ocrx_word' id='word_1_735' title='bbox 791 5007 980 5062; x_wconf 76' lang='lat' dir='ltr'>oblivio</span> <span class='ocrx_word' id='word_1_736' title='bbox 1035 5005 1256 5072; x_wconf 89' lang='lat' dir='ltr'>dicitur,</span> <span class='ocrx_word' id='word_1_737' title='bbox 1295 5005 1557 5062; x_wconf 90' lang='lat' dir='ltr'>Iudaicus</span> <span class='ocrx_word' id='word_1_738' title='bbox 1613 5007 1851 5079; x_wconf 90' lang='lat' dir='ltr'>p0pulus</span> 
     </span>
    </p>
   </div>
   <div class='ocr_carea' id='block_1_101' title="bbox 247 5100 1850 5170">
    <p class='ocr_par' dir='ltr' id='par_1_101' title="bbox 247 5100 1850 5170">
     <span class='ocr_line' id='line_1_101' title="bbox 247 5100 1850 5170; baseline -0.001 -12"><span class='ocrx_word' id='word_1_739' title='bbox 247 5103 439 5158; x_wconf 68' lang='lat' dir='ltr'>divinae</span> <span class='ocrx_word' id='word_1_740' title='bbox 461 5101 757 5158; x_wconf 90' lang='lat' dir='ltr'>oblivionis</span> <span class='ocrx_word' id='word_1_741' title='bbox 781 5101 990 5156; x_wconf 91' lang='lat' dir='ltr'>ultione</span> <span class='ocrx_word' id='word_1_742' title='bbox 1005 5100 1318 5170; x_wconf 88' lang='lat' dir='ltr'>subjicitur,</span> <span class='ocrx_word' id='word_1_743' title='bbox 1349 5116 1442 5168; x_wconf 91' lang='lat' dir='ltr'>ne,</span> <span class='ocrx_word' id='word_1_744' title='bbox 1463 5116 1496 5156; x_wconf 96' lang='lat' dir='ltr'>o</span> <span class='ocrx_word' id='word_1_745' title='bbox 1521 5100 1850 5170; x_wconf 88' lang='lat' dir='ltr'>Christiane,</span> 
     </span>
    </p>
   </div>
   <div class='ocr_carea' id='block_1_102' title="bbox 249 5191 1852 5266">
    <p class='ocr_par' dir='ltr' id='par_1_102' title="bbox 249 5191 1852 5266">
     <span class='ocr_line' id='line_1_102' title="bbox 249 5191 1852 5266; baseline 0 -16"><span class='ocrx_word' id='word_1_746' title='bbox 249 5196 494 5266; x_wconf 87' lang='lat' dir='ltr'>exemplo</span> <span class='ocrx_word' id='word_1_747' title='bbox 535 5194 711 5266; x_wconf 91' lang='lat' dir='ltr'>ipsius</span> <span class='ocrx_word' id='word_1_748' title='bbox 739 5193 1084 5249; x_wconf 90' lang='lat' dir='ltr'>obliviscaris</span> <span class='ocrx_word' id='word_1_749' title='bbox 1139 5191 1440 5248; x_wconf 90' lang='lat' dir='ltr'>conditoris</span> <span class='ocrx_word' id='word_1_750' title='bbox 1489 5194 1590 5260; x_wconf 88' lang='lat' dir='ltr'>tui,</span> <span class='ocrx_word' id='word_1_751' title='bbox 1641 5195 1710 5250; x_wconf 91' lang='lat' dir='ltr'>de</span> <span class='ocrx_word' id='word_1_752' title='bbox 1741 5209 1852 5266; x_wconf 93' lang='lat' dir='ltr'>quo</span> 
     </span>
    </p>
   </div>
   <div class='ocr_carea' id='block_1_103' title="bbox 251 5283 1856 5356">
    <p class='ocr_par' dir='ltr' id='par_1_103' title="bbox 251 5283 1856 5356">
     <span class='ocr_line' id='line_1_103' title="bbox 251 5283 1856 5356; baseline -0.001 -17"><span class='ocrx_word' id='word_1_753' title='bbox 251 5285 504 5356; x_wconf 88' lang='lat' dir='ltr'>scriptum</span> <span class='ocrx_word' id='word_1_754' title='bbox 578 5291 697 5338; x_wconf 90' lang='lat' dir='ltr'>est:</span> <span class='ocrx_word' id='word_1_755' title='bbox 767 5283 968 5338; x_wconf 77' lang='lat' dir='ltr'>Oblitus</span> <span class='ocrx_word' id='word_1_756' title='bbox 1040 5289 1116 5338; x_wconf 83' lang='lat' dir='ltr'>est</span> <span class='ocrx_word' id='word_1_757' title='bbox 1187 5285 1399 5338; x_wconf 74' lang='lat' dir='ltr'>Domini</span> <span class='ocrx_word' id='word_1_758' title='bbox 1462 5287 1715 5340; x_wconf 81' lang='lat' dir='ltr'>creatoris</span> <span class='ocrx_word' id='word_1_759' title='bbox 1768 5287 1856 5340; x_wconf 83' lang='lat' dir='ltr'>sui</span> 
     </span>
    </p>
   </div>
   <div class='ocr_carea' id='block_1_104' title="bbox 253 5371 1849 5444">
    <p class='ocr_par' dir='ltr' id='par_1_104' title="bbox 253 5371 1849 5444">
     <span class='ocr_line' id='line_1_104' title="bbox 253 5371 1849 5444; baseline 0 -18"><span class='ocrx_word' id='word_1_760' title='bbox 253 5374 416 5444; x_wconf 83' lang='lat' dir='ltr'>(Deut.</span> <span class='ocrx_word' id='word_1_761' title='bbox 471 5375 637 5441; x_wconf 81' lang='lat' dir='ltr'>xxxu)</span> <span class='ocrx_word' id='word_1_762' title='bbox 693 5371 818 5427; x_wconf 67' lang='lat' dir='ltr'>Haec</span> <span class='ocrx_word' id='word_1_763' title='bbox 846 5380 928 5427; x_wconf 91' lang='lat' dir='ltr'>est</span> <span class='ocrx_word' id='word_1_764' title='bbox 967 5371 1058 5426; x_wconf 91' lang='lat' dir='ltr'>illa</span> <span class='ocrx_word' id='word_1_765' title='bbox 1097 5372 1187 5427; x_wconf 89' lang='lat' dir='ltr'>lux</span> <span class='ocrx_word' id='word_1_766' title='bbox 1242 5388 1340 5442; x_wconf 91' lang='lat' dir='ltr'>per</span> <span class='ocrx_word' id='word_1_767' title='bbox 1369 5387 1530 5444; x_wconf 89' lang='lat' dir='ltr'>quam</span> <span class='ocrx_word' id='word_1_768' title='bbox 1569 5372 1849 5444; x_wconf 83' lang='lat' dir='ltr'>Ephraim,</span> 
     </span>
    </p>
   </div>
   <div class='ocr_carea' id='block_1_105' title="bbox 255 5459 1851 5534">
    <p class='ocr_par' dir='ltr' id='par_1_105' title="bbox 255 5459 1851 5534">
     <span class='ocr_line' id='line_1_105' title="bbox 255 5459 1851 5534; baseline 0.001 -20"><span class='ocrx_word' id='word_1_769' title='bbox 255 5461 338 5532; x_wconf 87' lang='lat' dir='ltr'>qui</span> <span class='ocrx_word' id='word_1_770' title='bbox 390 5465 624 5531; x_wconf 74' lang='lat' dir='ltr'>frugifer</span> <span class='ocrx_word' id='word_1_771' title='bbox 671 5461 1083 5531; x_wconf 88' lang='lat' dir='ltr'>interpretatur,</span> <span class='ocrx_word' id='word_1_772' title='bbox 1149 5460 1374 5534; x_wconf 89' lang='lat' dir='ltr'>gentilis</span> <span class='ocrx_word' id='word_1_773' title='bbox 1427 5459 1616 5530; x_wconf 90' lang='lat' dir='ltr'>populi</span> <span class='ocrx_word' id='word_1_774' title='bbox 1675 5476 1851 5532; x_wconf 89' lang='lat' dir='ltr'>usque</span> 
     </span>
    </p>
   </div>
   <div class='ocr_carea' id='block_1_106' title="bbox 256 5547 1853 5626">
    <p class='ocr_par' dir='ltr' id='par_1_106' title="bbox 256 5547 1853 5626">
     <span class='ocr_line' id='line_1_106' title="bbox 256 5547 1853 5626; baseline 0.001 -24"><span class='ocrx_word' id='word_1_775' title='bbox 256 5547 411 5604; x_wconf 83' lang='lat' dir='ltr'>hodie</span> <span class='ocrx_word' id='word_1_776' title='bbox 455 5548 764 5606; x_wconf 89' lang='lat' dir='ltr'>fecunditas</span> <span class='ocrx_word' id='word_1_777' title='bbox 829 5549 1148 5616; x_wconf 87' lang='lat' dir='ltr'>illustratur,</span> <span class='ocrx_word' id='word_1_778' title='bbox 1215 5549 1260 5604; x_wconf 92' lang='lat' dir='ltr'>si</span> <span class='ocrx_word' id='word_1_779' title='bbox 1321 5556 1504 5604; x_wconf 89' lang='lat' dir='ltr'>tamen</span> <span class='ocrx_word' id='word_1_780' title='bbox 1561 5549 1617 5603; x_wconf 92' lang='lat' dir='ltr'>in</span> <span class='ocrx_word' id='word_1_781' title='bbox 1668 5549 1853 5626; x_wconf 36' lang='lat' dir='ltr'>Inobis</span> 
     </span>
    </p>
   </div>
   <div class='ocr_carea' id='block_1_107' title="bbox 1945 4369 3561 4443">
    <p class='ocr_par' dir='ltr' id='par_1_107' title="bbox 1945 4369 3561 4443">
     <span class='ocr_line' id='line_1_107' title="bbox 1945 4369 3561 4443; baseline 0.002 -19"><span class='ocrx_word' id='word_1_782' title='bbox 1945 4369 2097 4425; x_wconf 90' lang='lat' dir='ltr'>ribus</span> <span class='ocrx_word' id='word_1_783' title='bbox 2126 4371 2500 4438; x_wconf 88' lang='lat' dir='ltr'>tenebrarum,</span> <span class='ocrx_word' id='word_1_784' title='bbox 2531 4371 2688 4443; x_wconf 91' lang='lat' dir='ltr'>quasi</span> <span class='ocrx_word' id='word_1_785' title='bbox 2718 4371 2900 4426; x_wconf 90' lang='lat' dir='ltr'>sidera</span> <span class='ocrx_word' id='word_1_786' title='bbox 2943 4372 3342 4428; x_wconf 88' lang='lat' dir='ltr'>obnubilantur</span> <span class='ocrx_word' id='word_1_787' title='bbox 3367 4389 3561 4428; x_wconf 86' lang='lat' dir='ltr'>erran-</span> 
     </span>
    </p>
   </div>
   <div class='ocr_carea' id='block_1_108' title="bbox 1945 4462 3556 4535">
    <p class='ocr_par' dir='ltr' id='par_1_108' title="bbox 1945 4462 3556 4535">
     <span class='ocr_line' id='line_1_108' title="bbox 1945 4462 3556 4535; baseline 0.003 -19"><span class='ocrx_word' id='word_1_788' title='bbox 1945 4462 2041 4528; x_wconf 89' lang='lat' dir='ltr'>tia,</span> <span class='ocrx_word' id='word_1_789' title='bbox 2080 4462 2210 4534; x_wconf 90' lang='lat' dir='ltr'>quia</span> <span class='ocrx_word' id='word_1_790' title='bbox 2232 4462 2520 4535; x_wconf 89' lang='lat' dir='ltr'>indignum</span> <span class='ocrx_word' id='word_1_791' title='bbox 2552 4463 2708 4518; x_wconf 91' lang='lat' dir='ltr'>valde</span> <span class='ocrx_word' id='word_1_792' title='bbox 2741 4470 2906 4527; x_wconf 86' lang='lat' dir='ltr'>esset,</span> <span class='ocrx_word' id='word_1_793' title='bbox 2936 4469 2998 4518; x_wconf 90' lang='lat' dir='ltr'>ut</span> <span class='ocrx_word' id='word_1_794' title='bbox 3025 4480 3056 4517; x_wconf 90' lang='lat' dir='ltr'>a</span> <span class='ocrx_word' id='word_1_795' title='bbox 3096 4463 3310 4519; x_wconf 72' lang='lat' dir='ltr'>cmlesti</span> <span class='ocrx_word' id='word_1_796' title='bbox 3344 4463 3556 4521; x_wconf 92' lang='lat' dir='ltr'>lumine</span> 
     </span>
    </p>
   </div>
   <div class='ocr_carea' id='block_1_109' title="bbox 1945 4550 3560 4624">
    <p class='ocr_par' dir='ltr' id='par_1_109' title="bbox 1945 4550 3560 4624">
     <span class='ocr_line' id='line_1_109' title="bbox 1945 4550 3560 4624; baseline 0.002 -20"><span class='ocrx_word' id='word_1_797' title='bbox 1945 4550 2240 4608; x_wconf 89' lang='lat' dir='ltr'>interiores</span> <span class='ocrx_word' id='word_1_798' title='bbox 2252 4566 2442 4606; x_wconf 91' lang='lat' dir='ltr'>eorum</span> <span class='ocrx_word' id='word_1_799' title='bbox 2467 4551 3052 4615; x_wconf 88' lang='lat' dir='ltr'>illustrarenturoculi,</span> <span class='ocrx_word' id='word_1_800' title='bbox 3079 4567 3176 4622; x_wconf 91' lang='lat' dir='ltr'>per</span> <span class='ocrx_word' id='word_1_801' title='bbox 3203 4567 3344 4624; x_wconf 90' lang='lat' dir='ltr'>quos</span> <span class='ocrx_word' id='word_1_802' title='bbox 3365 4553 3560 4608; x_wconf 73' lang='lat' dir='ltr'>scribae</span> 
     </span>
    </p>
   </div>
   <div class='ocr_carea' id='block_1_110' title="bbox 1947 4639 3564 4715">
    <p class='ocr_par' dir='ltr' id='par_1_110' title="bbox 1947 4639 3564 4715">
     <span class='ocr_line' id='line_1_110' title="bbox 1947 4639 3564 4715; baseline 0.002 -20"><span class='ocrx_word' id='word_1_803' title='bbox 1947 4647 2003 4696; x_wconf 90' lang='lat' dir='ltr'>et</span> <span class='ocrx_word' id='word_1_804' title='bbox 2031 4639 2347 4695; x_wconf 86' lang='lat' dir='ltr'>sacerdotes</span> <span class='ocrx_word' id='word_1_805' title='bbox 2387 4639 2598 4695; x_wconf 91' lang='lat' dir='ltr'>Iudaici</span> <span class='ocrx_word' id='word_1_806' title='bbox 2630 4640 2965 4715; x_wconf 69' lang='lat' dir='ltr'>praeﬁgurati</span> <span class='ocrx_word' id='word_1_807' title='bbox 3010 4647 3138 4696; x_wconf 90' lang='lat' dir='ltr'>sunt</span> <span class='ocrx_word' id='word_1_808' title='bbox 3189 4641 3400 4713; x_wconf 86' lang='lat' dir='ltr'>pOpuli.</span> <span class='ocrx_word' id='word_1_809' title='bbox 3439 4642 3564 4698; x_wconf 67' lang='lat' dir='ltr'>Haec</span> 
     </span>
    </p>
   </div>
   <div class='ocr_carea' id='block_1_111' title="bbox 1949 4729 3564 4802">
    <p class='ocr_par' dir='ltr' id='par_1_111' title="bbox 1949 4729 3564 4802">
     <span class='ocr_line' id='line_1_111' title="bbox 1949 4729 3564 4802; baseline 0.002 -18"><span class='ocrx_word' id='word_1_810' title='bbox 1949 4739 2033 4785; x_wconf 89' lang='lat' dir='ltr'>est</span> <span class='ocrx_word' id='word_1_811' title='bbox 2069 4729 2164 4784; x_wconf 93' lang='lat' dir='ltr'>illa</span> <span class='ocrx_word' id='word_1_812' title='bbox 2191 4730 2280 4785; x_wconf 88' lang='lat' dir='ltr'>lux</span> <span class='ocrx_word' id='word_1_813' title='bbox 2320 4746 2444 4802; x_wconf 78' lang='lat' dir='ltr'>quae</span> <span class='ocrx_word' id='word_1_814' title='bbox 2475 4730 2532 4784; x_wconf 90' lang='lat' dir='ltr'>in</span> <span class='ocrx_word' id='word_1_815' title='bbox 2562 4730 2824 4786; x_wconf 84' lang='lat' dir='ltr'>cordibus</span> <span class='ocrx_word' id='word_1_816' title='bbox 2853 4747 3044 4787; x_wconf 88' lang='lat' dir='ltr'>eorum</span> <span class='ocrx_word' id='word_1_817' title='bbox 3075 4732 3262 4788; x_wconf 91' lang='lat' dir='ltr'>lumen</span> <span class='ocrx_word' id='word_1_818' title='bbox 3313 4733 3564 4790; x_wconf 90' lang='lat' dir='ltr'>veritatis</span> 
     </span>
    </p>
   </div>
   <div class='ocr_carea' id='block_1_112' title="bbox 1950 4818 3561 4890">
    <p class='ocr_par' dir='ltr' id='par_1_112' title="bbox 1950 4818 3561 4890">
     <span class='ocr_line' id='line_1_112' title="bbox 1950 4818 3561 4890; baseline 0.002 -18"><span class='ocrx_word' id='word_1_819' title='bbox 1950 4818 2078 4874; x_wconf 83' lang='lat' dir='ltr'>fecit</span> <span class='ocrx_word' id='word_1_820' title='bbox 2103 4819 2423 4884; x_wconf 89' lang='lat' dir='ltr'>obscurum,</span> <span class='ocrx_word' id='word_1_821' title='bbox 2450 4818 2545 4890; x_wconf 92' lang='lat' dir='ltr'>qui</span> <span class='ocrx_word' id='word_1_822' title='bbox 2575 4819 2632 4873; x_wconf 91' lang='lat' dir='ltr'>in</span> <span class='ocrx_word' id='word_1_823' title='bbox 2656 4818 2837 4875; x_wconf 89' lang='lat' dir='ltr'>furore</span> <span class='ocrx_word' id='word_1_824' title='bbox 2867 4835 2966 4876; x_wconf 91' lang='lat' dir='ltr'>suo</span> <span class='ocrx_word' id='word_1_825' title='bbox 3005 4821 3332 4876; x_wconf 88' lang='lat' dir='ltr'>occiderunt</span> <span class='ocrx_word' id='word_1_826' title='bbox 3359 4822 3561 4888; x_wconf 90' lang='lat' dir='ltr'>virum,</span> 
     </span>
    </p>
   </div>
   <div class='ocr_carea' id='block_1_113' title="bbox 1949 4905 3565 4985">
    <p class='ocr_par' dir='ltr' id='par_1_113' title="bbox 1949 4905 3565 4985">
     <span class='ocr_line' id='line_1_113' title="bbox 1949 4905 3565 4985; baseline 0.001 -22"><span class='ocrx_word' id='word_1_827' title='bbox 1949 4915 2006 4963; x_wconf 92' lang='lat' dir='ltr'>et</span> <span class='ocrx_word' id='word_1_828' title='bbox 2049 4907 2104 4962; x_wconf 92' lang='lat' dir='ltr'>in</span> <span class='ocrx_word' id='word_1_829' title='bbox 2159 4908 2352 4964; x_wconf 91' lang='lat' dir='ltr'>dolore</span> <span class='ocrx_word' id='word_1_830' title='bbox 2376 4923 2478 4963; x_wconf 91' lang='lat' dir='ltr'>suo</span> <span class='ocrx_word' id='word_1_831' title='bbox 2507 4905 2852 4964; x_wconf 74' lang='lat' dir='ltr'>suffoderunt</span> <span class='ocrx_word' id='word_1_832' title='bbox 2881 4925 3126 4964; x_wconf 89' lang='lat' dir='ltr'>murum:</span> <span class='ocrx_word' id='word_1_833' title='bbox 3189 4910 3565 4985; x_wconf 88' lang='lat' dir='ltr'>signiﬁcantes</span> 
     </span>
    </p>
   </div>
   <div class='ocr_carea' id='block_1_114' title="bbox 1950 4998 3561 5076">
    <p class='ocr_par' dir='ltr' id='par_1_114' title="bbox 1950 4998 3561 5076">
     <span class='ocr_line' id='line_1_114' title="bbox 1950 4998 3561 5076; baseline 0.001 -21"><span class='ocrx_word' id='word_1_834' title='bbox 1950 4998 2368 5070; x_wconf 89' lang='lat' dir='ltr'>videlicetquod</span> <span class='ocrx_word' id='word_1_835' title='bbox 2385 4998 2464 5053; x_wconf 92' lang='lat' dir='ltr'>illi</span> <span class='ocrx_word' id='word_1_836' title='bbox 2495 4998 2661 5053; x_wconf 90' lang='lat' dir='ltr'>nimis</span> <span class='ocrx_word' id='word_1_837' title='bbox 2688 5001 2758 5055; x_wconf 87' lang='lat' dir='ltr'>ab</span> <span class='ocrx_word' id='word_1_838' title='bbox 2779 5007 2982 5056; x_wconf 60' lang='lat' dir='ltr'>aeterna</span> <span class='ocrx_word' id='word_1_839' title='bbox 3000 5001 3244 5076; x_wconf 88' lang='lat' dir='ltr'>elongati</span> <span class='ocrx_word' id='word_1_840' title='bbox 3267 5009 3398 5056; x_wconf 90' lang='lat' dir='ltr'>sunt</span> <span class='ocrx_word' id='word_1_841' title='bbox 3417 5002 3561 5068; x_wconf 92' lang='lat' dir='ltr'>luce,</span> 
     </span>
    </p>
   </div>
   <div class='ocr_carea' id='block_1_115' title="bbox 1951 5087 3566 5160">
    <p class='ocr_par' dir='ltr' id='par_1_115' title="bbox 1951 5087 3566 5160">
     <span class='ocr_line' id='line_1_115' title="bbox 1951 5087 3566 5160; baseline 0.001 -18"><span class='ocrx_word' id='word_1_842' title='bbox 1951 5087 2046 5160; x_wconf 93' lang='lat' dir='ltr'>qui</span> <span class='ocrx_word' id='word_1_843' title='bbox 2077 5103 2280 5158; x_wconf 90' lang='lat' dir='ltr'>corpus</span> <span class='ocrx_word' id='word_1_844' title='bbox 2335 5088 2552 5142; x_wconf 91' lang='lat' dir='ltr'>Domini</span> <span class='ocrx_word' id='word_1_845' title='bbox 2599 5088 2992 5144; x_wconf 88' lang='lat' dir='ltr'>cruciﬁxerunt</span> <span class='ocrx_word' id='word_1_846' title='bbox 3049 5089 3239 5156; x_wconf 78' lang='lat' dir='ltr'>clavis,</span> <span class='ocrx_word' id='word_1_847' title='bbox 3271 5088 3465 5144; x_wconf 90' lang='lat' dir='ltr'>lancea</span> <span class='ocrx_word' id='word_1_848' title='bbox 3511 5097 3566 5144; x_wconf 90' lang='lat' dir='ltr'>et</span> 
     </span>
    </p>
   </div>
   <div class='ocr_carea' id='block_1_116' title="bbox 1953 5176 3566 5248">
    <p class='ocr_par' dir='ltr' id='par_1_116' title="bbox 1953 5176 3566 5248">
     <span class='ocr_line' id='line_1_116' title="bbox 1953 5176 3566 5248; baseline 0 -16"><span class='ocrx_word' id='word_1_849' title='bbox 1953 5193 2132 5234; x_wconf 87' lang='lat' dir='ltr'>cruce.</span> <span class='ocrx_word' id='word_1_850' title='bbox 2171 5177 2294 5232; x_wconf 84' lang='lat' dir='ltr'>Haec</span> <span class='ocrx_word' id='word_1_851' title='bbox 2329 5183 2418 5232; x_wconf 90' lang='lat' dir='ltr'>est</span> <span class='ocrx_word' id='word_1_852' title='bbox 2457 5177 2548 5232; x_wconf 91' lang='lat' dir='ltr'>illa</span> <span class='ocrx_word' id='word_1_853' title='bbox 2576 5177 2668 5232; x_wconf 86' lang='lat' dir='ltr'>lux</span> <span class='ocrx_word' id='word_1_854' title='bbox 2699 5193 2820 5248; x_wconf 68' lang='lat' dir='ltr'>quae</span> <span class='ocrx_word' id='word_1_855' title='bbox 2869 5192 2980 5232; x_wconf 91' lang='lat' dir='ltr'>uno</span> <span class='ocrx_word' id='word_1_856' title='bbox 3016 5176 3182 5232; x_wconf 92' lang='lat' dir='ltr'>modo</span> <span class='ocrx_word' id='word_1_857' title='bbox 3211 5176 3380 5232; x_wconf 92' lang='lat' dir='ltr'>Iacob</span> <span class='ocrx_word' id='word_1_858' title='bbox 3437 5177 3566 5232; x_wconf 90' lang='lat' dir='ltr'>illu-</span> 
     </span>
    </p>
   </div>
   <div class='ocr_carea' id='block_1_117' title="bbox 1955 5267 3564 5336">
    <p class='ocr_par' dir='ltr' id='par_1_117' title="bbox 1955 5267 3564 5336">
     <span class='ocr_line' id='line_1_117' title="bbox 1955 5267 3564 5336; baseline -0.002 -9"><span class='ocrx_word' id='word_1_859' title='bbox 1955 5271 2146 5327; x_wconf 88' lang='lat' dir='ltr'>stravit</span> <span class='ocrx_word' id='word_1_860' title='bbox 2169 5271 2225 5323; x_wconf 91' lang='lat' dir='ltr'>in</span> <span class='ocrx_word' id='word_1_861' title='bbox 2259 5268 2449 5324; x_wconf 90' lang='lat' dir='ltr'>Bethel</span> <span class='ocrx_word' id='word_1_862' title='bbox 2469 5309 2484 5336; x_wconf 94' lang='lat'>,</span> <span class='ocrx_word' id='word_1_863' title='bbox 2513 5269 2621 5324; x_wconf 88' lang='lat' dir='ltr'>alio</span> <span class='ocrx_word' id='word_1_864' title='bbox 2652 5284 2783 5326; x_wconf 85' lang='lat' dir='ltr'>vero</span> <span class='ocrx_word' id='word_1_865' title='bbox 2810 5269 3037 5324; x_wconf 88' lang='lat' dir='ltr'>Simeon</span> <span class='ocrx_word' id='word_1_866' title='bbox 3066 5276 3122 5322; x_wconf 93' lang='lat' dir='ltr'>et</span> <span class='ocrx_word' id='word_1_867' title='bbox 3144 5267 3270 5324; x_wconf 90' lang='lat' dir='ltr'>Levi</span> <span class='ocrx_word' id='word_1_868' title='bbox 3297 5268 3481 5324; x_wconf 90' lang='lat' dir='ltr'>divisit</span> <span class='ocrx_word' id='word_1_869' title='bbox 3507 5269 3564 5323; x_wconf 93' lang='lat' dir='ltr'>in</span> 
     </span>
    </p>
   </div>
   <div class='ocr_carea' id='block_1_118' title="bbox 1956 5358 3567 5430">
    <p class='ocr_par' dir='ltr' id='par_1_118' title="bbox 1956 5358 3567 5430">
     <span class='ocr_line' id='line_1_118' title="bbox 1956 5358 3567 5430; baseline -0.001 -13"><span class='ocrx_word' id='word_1_870' title='bbox 1956 5361 2148 5427; x_wconf 89' lang='lat' dir='ltr'>Iacob,</span> <span class='ocrx_word' id='word_1_871' title='bbox 2181 5366 2235 5414; x_wconf 90' lang='lat' dir='ltr'>et</span> <span class='ocrx_word' id='word_1_872' title='bbox 2265 5359 2530 5430; x_wconf 81' lang='lat' dir='ltr'>diSpersit</span> <span class='ocrx_word' id='word_1_873' title='bbox 2561 5360 2616 5414; x_wconf 91' lang='lat' dir='ltr'>in</span> <span class='ocrx_word' id='word_1_874' title='bbox 2649 5359 2844 5414; x_wconf 85' lang='lat' dir='ltr'>Israel:</span> <span class='ocrx_word' id='word_1_875' title='bbox 2895 5359 3157 5430; x_wconf 89' lang='lat' dir='ltr'>quoniam</span> <span class='ocrx_word' id='word_1_876' title='bbox 3193 5358 3267 5412; x_wconf 91' lang='lat' dir='ltr'>ibi</span> <span class='ocrx_word' id='word_1_877' title='bbox 3301 5375 3400 5430; x_wconf 87' lang='lat' dir='ltr'>pes</span> <span class='ocrx_word' id='word_1_878' title='bbox 3444 5360 3567 5429; x_wconf 90' lang='lat' dir='ltr'>ejus</span> 
     </span>
    </p>
   </div>
   <div class='ocr_carea' id='block_1_119' title="bbox 1953 5453 3566 5527">
    <p class='ocr_par' dir='ltr' id='par_1_119' title="bbox 1953 5453 3566 5527">
     <span class='ocr_line' id='line_1_119' title="bbox 1953 5453 3566 5527; baseline 0 -15"><span class='ocrx_word' id='word_1_879' title='bbox 1953 5457 2020 5512; x_wconf 91' lang='lat' dir='ltr'>ad</span> <span class='ocrx_word' id='word_1_880' title='bbox 2055 5456 2249 5527; x_wconf 91' lang='lat' dir='ltr'>pedem</span> <span class='ocrx_word' id='word_1_881' title='bbox 2286 5454 2435 5510; x_wconf 90' lang='lat' dir='ltr'>illam</span> <span class='ocrx_word' id='word_1_882' title='bbox 2476 5471 2587 5510; x_wconf 92' lang='lat' dir='ltr'>non</span> <span class='ocrx_word' id='word_1_883' title='bbox 2611 5455 2848 5510; x_wconf 89' lang='lat' dir='ltr'>habebat</span> <span class='ocrx_word' id='word_1_884' title='bbox 2885 5453 3368 5526; x_wconf 83' lang='lat' dir='ltr'>signiﬁcationem,</span> <span class='ocrx_word' id='word_1_885' title='bbox 3401 5471 3566 5527; x_wconf 90' lang='lat' dir='ltr'>quam</span> 
     </span>
    </p>
   </div>
   <div class='ocr_carea' id='block_1_120' title="bbox 1957 5546 3570 5618">
    <p class='ocr_par' dir='ltr' id='par_1_120' title="bbox 1957 5546 3570 5618">
     <span class='ocr_line' id='line_1_120' title="bbox 1957 5546 3570 5618; baseline 0 -16"><span class='ocrx_word' id='word_1_886' title='bbox 1957 5548 2045 5604; x_wconf 90' lang='lat' dir='ltr'>hic</span> <span class='ocrx_word' id='word_1_887' title='bbox 2063 5546 2263 5604; x_wconf 87' lang='lat' dir='ltr'>divisio</span> <span class='ocrx_word' id='word_1_888' title='bbox 2303 5547 2476 5602; x_wconf 90' lang='lat' dir='ltr'>habet</span> <span class='ocrx_word' id='word_1_889' title='bbox 2504 5547 2573 5602; x_wconf 89' lang='lat' dir='ltr'>ad</span> <span class='ocrx_word' id='word_1_890' title='bbox 2614 5546 3041 5618; x_wconf 90' lang='lat' dir='ltr'>dispersionem.</span> <span class='ocrx_word' id='word_1_891' title='bbox 3081 5547 3204 5604; x_wconf 58' lang='lat' dir='ltr'>Haec</span> <span class='ocrx_word' id='word_1_892' title='bbox 3241 5555 3326 5603; x_wconf 89' lang='lat' dir='ltr'>est</span> <span class='ocrx_word' id='word_1_893' title='bbox 3357 5547 3452 5604; x_wconf 90' lang='lat' dir='ltr'>illa</span> <span class='ocrx_word' id='word_1_894' title='bbox 3478 5547 3570 5603; x_wconf 83' lang='lat' dir='ltr'>lux</span> 
     </span>
    </p>
   </div>
  </div>
