3920 6054
401 160 506 215 995

1418 149 1781 205 BERENGOSI
1824 142 2095 203 ABBATIS
2133 147 2186 201 S.
2232 144 2471 203 MAXIM]
2512 148 2775 206 TREVIR.

3639 159 3766 215 996

402 304 498 358 per
527 301 690 356 quam
724 284 796 337 ita
856 279 1141 334 nominum
1195 277 1419 331 istorum
1464 275 1746 346 reciproca
1776 274 2019 329 variatur
2051 282 2089 344 Α
2120 271 2367 339 ejusdem
2410 275 2603 330 mortis
2621 276 2865 331 salutare
2893 278 3234 348 mysterium,
3278 282 3469 337 mortis
3495 284 3770 354 antiqua?

394 374 705 437 conversio,
747 379 807 425 ut
855 371 910 423 in
937 367 1142 423 Judaeis
1187 365 1543 420 credentibus
1597 365 1818 430 divisio,
1868 369 1923 417 et
1961 362 2015 416 in

396 485 506 523 non
573 465 929 521 credentibus
967 461 1308 535 intelligatur
1356 460 1649 531 dispersio,
1698 458 1830 529 quia
1879 458 2020 512 sicut

397 573 495 626 per
523 556 679 609 istam
706 553 1039 606 divisionem
1071 547 1211 603 ﬁdes
1244 548 1404 602 nobis
1455 548 1766 601 insinuatur
1799 545 2013 599 illorum

398 649 468 702 de
496 646 698 718 quibus
727 644 933 700 dictum
974 650 1080 707 est,
1109 642 1353 710 Suscepit
1395 655 1478 695 eos
1509 641 1573 695 de
1594 642 1685 694 via
1712 640 2018 707 iniquitatis

395 755 582 795 eorum
620 739 726 807 (Ps.
785 736 915 805 ενι).
949 734 1024 788 ita
1076 748 1176 804 per
1233 733 1372 785 hanc
1426 730 1845 801 dispositionem
1905 744 2016 783 non

398 835 713 900 credentes,
770 830 1040 886 debemus
1078 834 1346 882 annotare
1421 826 1663 888 Judaeos,
1703 823 1771 878 de
1815 822 2019 894 quibus

397 923 662 994 scriptum
696 928 813 974 est:
877 919 1113 973 Tradidit
1163 931 1245 970 eos
1303 918 1362 968 in
1416 929 1617 968 manus
1649 914 1914 981 gentium,
1973 916 2024 964 et

396 1019 665 1074 dominati
715 1021 847 1072 sunt
895 1028 1079 1068 eorum
1104 1013 1197 1080 qui
1220 1011 1448 1066 oderunt
1477 1023 1560 1063 eos
1592 1008 1699 1075 (Ps.
1732 1004 1836 1075 CV).
1898 1004 2022 1058 Haec

400 1122 484 1171 est
531 1114 622 1168 illa
666 1113 756 1167 lux
809 1127 910 1181 per
950 1124 1112 1181 quam
1154 1106 1324 1160 Judas
1363 1102 1755 1159 benedictione
1798 1106 2021 1171 paterna

400 1205 597 1260 meruit
626 1202 967 1258 aeternaliter
990 1199 1118 1262 frui,
1166 1212 1264 1267 pro
1295 1212 1403 1267 qua
1444 1202 1602 1265 pater
1629 1193 1751 1261 ejus
1771 1192 1840 1246 ad
1863 1207 2015 1245 eum:

394 1297 557 1362 Iuda,
604 1292 802 1365 inquit,
836 1298 885 1345 te
926 1288 1232 1344 laudabunt
1274 1288 1473 1354 fratres
1517 1286 1600 1338 tui
1651 1284 1776 1351 (Gen
1825 1281 2016 1350 xcrv);

396 1389 590 1445 Judam
623 1387 838 1441 scilicet
893 1383 1045 1437 illum
1078 1381 1239 1436 nobis
1294 1378 1596 1453 ﬁguraliter
1635 1391 2016 1447 expressurus,

397 1478 492 1548 qui
523 1477 591 1530 ad
621 1474 922 1529 vindictam
958 1470 1249 1533 malorum,
1282 1467 1501 1521 laudem
1533 1480 1662 1520 vero
1723 1464 2017 1530 bonorum,

2120 363 2387 418 destruxit
2413 365 2730 436 imperium.
2757 368 2881 423 Haec
2912 378 2996 424 est
3024 370 3115 424 illa
3143 371 3254 436 lux,
3285 388 3386 442 per
3406 390 3570 444 quam
3594 376 3765 429 idem

2121 454 2431 523 patriarcha
2470 457 2844 514 illustrabatur
2881 462 3161 535 egregius,
3213 464 3283 518 de
3334 480 3446 535 quo
3495 466 3766 531 dicitur;

2120 552 2231 601 Non
2256 550 2539 613 auferetur
2557 556 2829 619 sceptrum
2852 553 2914 607 de
2940 558 2972 606 I
2977 555 3103 622 uda,
3135 561 3189 609 et
3212 556 3327 610 dua:
3354 557 3416 611 de
3444 559 3766 622 femoribus

2119 642 2234 707 ejus
2273 638 2421 709 (Gen.
2451 643 2625 712 xux);
2678 642 2861 713 typice
2889 644 3108 700 scilicet
3147 646 3452 721 designans
3492 650 3653 720 quod
3680 651 3761 704 de

2120 729 2266 784 tribu
2318 731 2459 786 Juda
2488 732 2595 787 dux
2630 734 2723 789 ille
2751 736 3063 791 nasciturus
3092 744 3209 793 erat
3250 738 3304 792 in
3337 739 3568 795 salutem
3626 758 3765 797 cre-

2122 822 2392 886 dentium,
2421 824 2492 878 de
2535 840 2644 896 quo
2675 826 3064 901 subjungitur:
3122 835 3238 899 Ipse
3282 834 3386 885 erit
3412 838 3773 902 exspectatio

2121 917 2365 981 gentium
2398 915 2591 987 (ibid).
2627 917 2752 973 Haec
2789 925 2871 973 est
2906 919 3000 974 illa
3039 920 3151 989 lux,
3192 938 3315 992 quae
3346 925 3601 979 eumdem
3658 924 3761 978 Ju-

2123 1002 2246 1056 dam
2281 1011 2411 1075 typo
2450 1008 2766 1076 apostolicae
2812 1010 3223 1079 praedicationis
3272 1013 3582 1080 illustravit,
3617 1015 3764 1068 dum

2124 1093 2179 1146 in
2198 1091 2371 1168 ﬁgura
2402 1096 2631 1169 gentilis
2654 1097 2845 1167 populi
2890 1100 3098 1170 pullum
3130 1117 3291 1156 suum
3324 1105 3391 1157 ad
3425 1104 3647 1158 vineam
3686 1105 3763 1157 li-

2121 1180 2299 1252 gavit;
2323 1182 2377 1236 in
2409 1183 2571 1238 vinea
2598 1185 2814 1241 scilicet
2849 1188 2953 1242 hac
2974 1188 3205 1262 intelligi
3235 1191 3430 1246 volens
3458 1192 3763 1247 ecclesiam

2126 1270 2346 1338 Christi,
2400 1274 2470 1329 de
2528 1291 2638 1346 quo
2684 1277 2888 1333 dictum
2947 1289 3056 1335 est:
3122 1285 3344 1337 Vineam
3406 1285 3470 1337 de
3532 1290 3769 1354 AEgypto

2121 1369 2453 1422 transtulisti
2475 1368 2630 1437 (Psal.
2664 1375 2864 1439 LXXIX).
2898 1373 3025 1427 Haec
3054 1381 3137 1429 est
3174 1375 3267 1430 illa
3299 1375 3410 1440 lux,
3442 1392 3540 1447 per
3580 1394 3757 1448 quam

2117 1453 2284 1510 ludas
2302 1457 2368 1510 ad
2412 1458 2837 1515 discernendam
2866 1463 3183 1518 Judaaorum
3203 1472 3257 1520 et
3294 1466 3545 1538 gentium
3571 1467 3763 1530 litem,

397 1546 465 1623 de
488 1568 632 1622 tribu
664 1566 805 1621 Juda
835 1570 952 1618 erat
996 1561 1325 1615 nasciturus.
1372 1557 1494 1611 Haec
1540 1563 1622 1610 est
1665 1555 1757 1609 illa
1798 1555 1885 1609 lux
1926 1570 2024 1624 per
2050 1580 2100 1648 Β
2125 1546 2227 1601 sub
2256 1555 2386 1619 typo
2417 1552 2641 1624 gentilis
2689 1554 2878 1625 populi
2925 1555 3133 1610 asinam
3165 1573 3319 1612 suam
3352 1558 3540 1632 ligavit
3570 1560 3641 1612 ad
3680 1561 3764 1613 vi-

404 1676 569 1732 quam
616 1658 812 1712 fratres
841 1655 994 1709 Iuda?
1025 1654 1091 1706 ad
1145 1651 1396 1706 eamdem
1452 1647 1682 1721 ﬁguram
1724 1646 2023 1702 laudabant
2050 1642 2089 1648 '
2123 1647 2258 1706 tem,
2284 1642 2606 1714 signiﬁcans
2632 1646 2912 1714 videlicet,
2945 1650 3094 1720 quod
3124 1651 3243 1721 ipse
3276 1653 3370 1723 qui
3408 1660 3534 1724 post
3571 1670 3766 1707 resur-

402 1770 528 1809 eum
560 1767 671 1824 quo
699 1748 932 1821 apostoli
957 1752 1145 1818 postea
1184 1745 1546 1799 laudaverunt
1570 1743 1763 1803 Deum,
1799 1740 2020 1811 quando

404 1842 671 1900 ineffabili
721 1840 920 1895 divinae
958 1837 1179 1908 pietatis
1216 1833 1461 1889 efﬁcacia
1493 1832 1689 1886 fratres
1745 1832 1867 1899 ejus
1908 1845 2018 1885 non

406 1943 601 1991 natura
635 1934 813 1997 fuere',
854 1930 950 1985 sed
977 1928 1171 2001 gratia.
1210 1926 1330 1980 Haac
1386 1931 1469 1979 est
1504 1924 1598 1977 illa
1628 1924 1719 1978 lux
1775 1938 1898 1993 qua;
1933 1922 2027 1975 diu

406 2023 732 2080 abscondita
775 2019 877 2074 fuit
916 2017 985 2072 ab
1045 2014 1223 2070 oculis
1280 2029 1494 2075 eorum,
1535 2012 1604 2066 de
1635 2011 1841 2082 quibus
1894 2009 2030 2064 sub-

403 2118 677 2193 jungitur,
697 2120 885 2169 Manus
908 2119 1015 2167 tuae
1045 2114 1105 2166 in
1120 2110 1413 2165 cervicibus
1442 2109 1787 2162 inimicorum
1814 2112 2033 2159 tuorum

414 2210 561 2282 (Gen.
610 2209 774 2279 χιιι),
831 2203 1156 2279 signiﬁcans
1206 2200 1420 2256 scilicet
1477 2198 1627 2270 quod
1662 2212 1824 2251 verus
1863 2196 2031 2250 ludas

414 2298 633 2355 virtutis
670 2295 880 2352 cmlesti
911 2293 1093 2366 gladio
1126 2284 1419 2345 humiliare
1459 2286 1650 2341 debuit
1678 2285 1818 2340 colla
1838 2299 2031 2354 super-

417 2389 639 2453 borum,
658 2387 727 2440 de
759 2384 962 2455 quibus
989 2381 1257 2451 scriptum
1289 2386 1393 2445 est,
1416 2380 1671 2433 Dominus
1680 2380 1866 2446 justus
1894 2389 2023 2429 con-

417 2478 554 2532 cidet
574 2477 798 2531 cervices
817 2477 1161 2541 peccatorum
1194 2472 1274 2537 (Es
1353 2483 1467 2534 xm.
1512 2465 1636 2519 Haec
1676 2472 1760 2518 est
1798 2463 1889 2517 illa
1943 2461 2032 2515 lux

414 2586 520 2642 qua
549 2568 718 2623 Jacob
748 2566 1055 2620 illustratus
1085 2564 1140 2617 in
1171 2560 1562 2616 benedictione
1615 2557 1713 2611 ﬁlii
1761 2557 1869 2625 sui,
1907 2571 2035 2610 con-

414 2663 569 2716 tinuo
592 2659 970 2732 subjungens:
1025 2655 1358 2720 Adorabunt,
1390 2652 1595 2723 inquit,
1647 2657 1696 2705 te
1724 2651 1831 2716 ﬁlii
1855 2651 2032 2717 patris

411 2758 498 2811 sui
552 2754 699 2825 (Gen.
761 2754 926 2817 κως),
1003 2764 1103 2819 per
1158 2761 1296 2815 quos
1367 2744 1629 2799 videlicet
1697 2740 2030 2816 praeﬁgurati

413 2854 543 2902 sunt
570 2844 733 2900 nobis
764 2842 841 2896 illi
873 2840 986 2895 veri
1020 2839 1345 2893 adoratores
1371 2836 1487 2902 Dei,
1520 2835 1589 2889 de
1641 2833 1842 2904 quibus
1893 2831 2030 2887 scri-

417 2945 568 3007 ptum
602 2940 701 2998 est,
732 2926 1045 2987 Artoraliunt
1069 2945 1196 2984 eum
1222 2942 1402 2982 omnes
1442 2940 1612 2993 reges,
1642 2939 1822 2979 omnes
1850 2928 2029 3019 gentes
2052 2951 2100 3019 Ο

2125 1733 2430 1789 rectionem
2464 1752 2619 1791 suam
2681 1738 2974 1810 discipulis
3004 1758 3295 1813 apparens,
3330 1747 3410 1798 ire
3452 1761 3507 1800 se
3544 1747 3771 1813 longius

2120 1824 2286 1887 ﬁnxit
2316 1829 2461 1892 (Luc.
2512 1830 2680 1900 xxiv),
2724 1847 2822 1901 per
2851 1834 3167 1902 mysterium
3216 1836 3393 1890 crucis
3453 1836 3769 1892 Ecclesiam

2130 1918 2375 1989 gentium
2408 1920 2629 1975 vincula
2656 1921 2762 1975 sibi
2784 1923 3067 1978 charitalis
3096 1926 3366 1981 astrinxit.
3394 1928 3517 1982 llaec
3546 1935 3634 1982 est
3666 1929 3768 1983 illa

2133 2010 2242 2072 lux,
2286 2027 2385 2081 per
2432 2028 2595 2082 quam
2626 2013 2798 2068 Judas
2835 2017 3146 2085 passionem
3182 2018 3380 2073 Christi
3438 2021 3595 2076 novit
3636 2037 3774 2075 esse

2130 2104 2415 2153 venturam
2446 2100 2575 2154 dum
2615 2102 2668 2155 in
2702 2100 2878 2174 ﬁgura
2918 2104 3214 2161 Salvatoris
3243 2109 3378 2162 lavit
3408 2112 3467 2162 in
3491 2112 3621 2164 vino
3653 2116 3774 2164 sto-

2131 2190 2244 2242 lam
2285 2204 2445 2244 suam
2500 2192 2649 2258 (Gen.
2690 2193 2863 2263 xm);
2919 2195 3147 2265 mystice
3205 2196 3417 2252 scilicet
3467 2197 3777 2253 insinuans

2133 2276 2281 2345 quod
2334 2291 2459 2332 caro
2488 2276 2707 2347 Christi,
2767 2297 2889 2351 quae
2936 2282 2989 2336 in
3023 2299 3185 2339 cruce
3240 2286 3534 2356 pependit,
3590 2289 3771 2356 paulo

2134 2367 2315 2419 minus
2344 2365 2412 2419 ab
2440 2369 2644 2436 angelis
2683 2369 2846 2438 (Psal.
2883 2373 2995 2439 vm)
3029 2372 3303 2439 discessit,
3336 2375 3465 2429 dum
3502 2374 3775 2429 Ecclesia'

2132 2458 2379 2529 gentium
2413 2460 2633 2515 botrum
2670 2464 2754 2517 sui
2796 2465 3081 2539 sanguinis
3107 2466 3160 2520 in
3195 2468 3451 2522 toreulari
3482 2470 3773 2538 passionis

2133 2552 2420 2620 expressit.
2457 2552 2577 2608 Haec
2607 2561 2690 2609 est
2720 2555 2812 2609 illa
2850 2555 2962 2617 lux,
2992 2572 3090 2627 per
3131 2573 3293 2628 quam
3339 2576 3504 2614 verus
3532 2560 3629 2614 ille
3660 2562 3764 2616 Ju-

2133 2641 2251 2707 das,
2300 2643 2356 2698 in
2389 2645 2658 2719 sanguine
2704 2663 2823 2701 uvae
2855 2649 3078 2718 pallium
3138 2668 3299 2707 suum
3333 2654 3482 2719 lavit,
3524 2655 3620 2726 qui
3662 2672 3768 2725 per

2132 2735 2458 2805 mysterium
2501 2737 2681 2791 crucis
2714 2738 3010 2795 Eeclesiam
3060 2744 3309 2816 gentium
3340 2746 3408 2799 ab
3455 2747 3606 2800 omni
3644 2748 3755 2800 ini-

2131 2822 2340 2894 quitate
2358 2825 2662 2887 mandavit,
2692 2828 2912 2897 quando
2944 2830 3153 2901 duplici
3183 2844 3409 2903 peccato
3438 2834 3604 2902 illius,
3642 2837 3754 2889 du-

2132 2916 2259 2985 plici
2291 2917 2567 2973 medicina
2595 2919 2876 2988 subvenit,
2912 2922 3008 2977 ubi
3031 2923 3101 2978 de
3123 2924 3297 2980 latere
3327 2942 3427 2980 sua
3454 2943 3598 2998 aqua
3626 2945 3760 2983 eum

412 3031 645 3085 smimz
672 3028 722 3080 ei
755 3027 855 3089 (Es.
909 3025 1072 3089 LXXI).
1123 3020 1246 3074 Haec
1289 3025 1371 3073 est
1409 3017 1502 3071 illa
1560 3016 1648 3070 lux
1704 3030 1825 3087 quae
1868 3014 2022 3069 Judaa
2058 3008 2100 3019 ν
2128 3008 2320 3075 abluit,
2352 3014 2406 3064 et
2434 3011 2703 3084 sanguine
2735 3013 2993 3069 redemit.
3044 3015 3169 3071 Hinc
3219 3022 3303 3072 est
3332 3018 3428 3072 illa
3477 3018 3589 3084 lux,
3656 3037 3762 3090 per

416 3118 546 3173 huic
576 3118 794 3171 leonem
828 3114 981 3168 illum
1011 3109 1451 3182 praemonstravit
1484 3109 1540 3161 in
1581 3106 1774 3177 ﬁgura,
1812 3107 1881 3160 de
1912 3120 2022 3177 quo

416 3202 795 3277 subjungitur,
823 3202 1046 3255 Catulus
1068 3201 1233 3253 leonis
1261 3198 1399 3252 Iuda
1435 3197 1580 3266 (Gen.
1640 3203 1805 3257 xLixt,
1854 3195 2024 3268 signi-

416 3293 588 3348 ﬁcans
640 3291 849 3347 scilicet
884 3289 1038 3361 quod
1115 3288 1170 3341 in
1252 3286 1655 3341 resurrectione
1738 3283 2023 3340 Dominica

412 3386 585 3442 virtus
605 3384 780 3440 leonis
810 3382 958 3437 illius
984 3380 1147 3436 nobis
1172 3378 1313 3433 facta
1342 3385 1425 3432 est
1454 3378 1622 3444 nuda,
1651 3378 1719 3433 de
1750 3392 1860 3448 quo
1886 3376 2023 3431 scri-

416 3484 567 3549 ptum
597 3484 702 3543 est,
732 3481 863 3531 Ecce
888 3477 1017 3529 vicit
1038 3475 1114 3528 leo
1140 3473 1204 3527 de
1230 3471 1375 3525 tribu
1403 3471 1543 3525 Iuda
1576 3468 1765 3539 (Apoc.
1800 3460 2031 3525 vl.‘llaac

414 3577 499 3624 est
528 3569 617 3623 illa
645 3569 736 3623 lux
777 3583 873 3638 per
915 3581 1079 3638 quam
1109 3563 1281 3619 Judas
1311 3562 1615 3616 illustratus
1653 3567 1735 3616 est
1775 3561 2031 3632 mysterio

417 3664 614 3719 Christi
646 3663 869 3734 quando
894 3669 1049 3732 pater
1088 3660 1208 3727 ejus
1229 3659 1295 3712 ad
1322 3657 1505 3711 illum:
1540 3658 1619 3710 Ad
1646 3657 1906 3725 praedam,
1946 3655 2038 3710 in-

2122 3120 2284 3175 quam
2339 3103 2456 3173 ille,
2509 3104 2604 3176 qui
2671 3115 2753 3161 est
2809 3108 2903 3174 llos
2963 3115 3143 3180 campi
3194 3119 3245 3167 ct
3302 3115 3481 3168 lilium
3535 3116 3768 3169 conval-

2121 3195 2257 3248 lium
2286 3194 2463 3263 (Cant.
2511 3198 2590 3263 ιι),
2626 3213 2724 3267 pro
2763 3199 2936 3255 salute
2967 3203 3316 3258 credentium
3370 3204 3427 3258 in
3474 3206 3761 3278 sanguine

2117 3300 2236 3340 uvas
2263 3285 2443 3341 lavare
2462 3286 2720 3359 dignatus
2741 3297 2822 3344 est
2852 3291 3097 3361 pallium,
3128 3294 3256 3348 dum
3280 3311 3381 3365 per
3422 3297 3753 3366 mysterium

2128 3374 2213 3429 sui
2239 3374 2507 3431 salutiferi
2540 3378 2753 3433 cruoris
2781 3380 3023 3437 reddidit
3049 3382 3131 3437 eis
3163 3383 3388 3454 pallium
3422 3384 3625 3451 laudis,
3655 3402 3757 3455 pro

2130 3467 2322 3536 spiritu
2353 3469 2606 3525 maeroris
2670 3471 2791 3527 Haec
2821 3479 2908 3527 est
2943 3473 3034 3528 illa
3075 3475 3187 3542 lux,
3226 3492 3349 3546 qum
3381 3478 3572 3532 oculos
3601 3478 3766 3532 Iuda":

2132 3559 2396 3628 mysterio
2447 3560 2627 3616 adhuc
2658 3562 2949 3619 illustravit
2990 3564 3201 3631 divino,
3242 3565 3335 3619 ubi
3368 3567 3762 3639 subjungitur:

2140 3650 2766 3708 Pulchrwressuntoculi
2785 3659 2901 3724 ejus
2930 3656 3216 3726 vino(Gen.
3239 3660 3412 3718 xux):
3444 3658 3581 3712 nihil
3607 3659 3765 3713 aliud

414 3753 552 3825 quit,
582 3754 664 3818 ﬁli
681 3756 779 3818 mi,
808 3751 1099 3806 ascendisti
1117 3748 1264 3817 (Gen.
1294 3745 1467 3815 xux):
1494 3761 1593 3816 per
1615 3746 1760 3816 quod
1785 3745 2044 3810 videlicet
2141 3741 2400 3797 videlicet
2428 3743 2657 3818 intelligi
2689 3746 2881 3801 volens
2911 3764 3009 3818 per
3037 3749 3150 3803 vini
3170 3749 3331 3820 hujus
3357 3751 3760 3817 sinceritatem,

416 3844 578 3899 nobis
596 3840 921 3914 praedatoris
938 3839 1342 3894 illiusinsinuat
1357 3837 1719 3904 majestatem,
1738 3840 2030 3906 quiescen-

413 3941 541 3994 dens
576 3942 637 3993 in
665 3939 880 4001 caelum,
930 3938 1204 4004 captivam
1249 3948 1431 3988 secum
1477 3933 1636 3986 duxit
1664 3935 2031 4001 captivitatem

415 4027 617 4098 (Ephes.
668 4027 761 4097 ιν),
799 4027 921 4080 Haec
952 4033 1035 4081 est
1090 4026 1181 4080 illa
1236 4025 1346 4091 lux,
1382 4040 1481 4094 per
1506 4018 1696 4095 'quam
1736 4023 1905 4078 Judas
1944 4039 2032 4078 re-

414 4116 709 4188 quiescens
740 4116 1001 4171 accubuit
1031 4124 1088 4170 ut
1126 4116 1235 4182 leo,
1280 4115 1409 4169 dum
1456 4113 1703 4168 Christus
1736 4115 1792 4167 in
1842 4113 2032 4184 sepul-

415 4224 511 4263 cro
560 4207 741 4262 tribus
797 4207 995 4262 diebus
1052 4206 1326 4278 requievit
1384 4205 1439 4258 in
1486 4205 1627 4267 Deo;
1671 4205 1930 4276 quoniam
1962 4204 2030 4259 ad

2146 3833 2252 3888 nisi
2302 3834 2496 3907 legalis
2525 3837 2892 3895 observantiae
2926 3842 3325 3897 austeritatem.
3374 3843 3497 3898 Haec
3536 3850 3622 3898 est
3670 3844 3765 3897 illa

2133 3924 2244 3992 lux,
2278 3942 2378 3996 per
2426 3942 2589 3998 quam
2621 3929 2766 3984 oculi
2799 3929 2951 3985 Iudae
3001 3932 3129 3987 vino
3187 3942 3345 3988 erant
3385 3934 3754 4005 pulchriores,

2132 4015 2264 4071 dum
2294 4019 2530 4088 apostoli
2550 4026 2605 4075 et
2634 4022 2987 4097 evangelistm
3014 4024 3174 4098 legali
3204 4025 3501 4079 traditione
3533 4025 3753 4080 fuerant

2131 4109 2414 4177 clariores,
2466 4112 2688 4182 quando
2716 4131 2817 4184 per
2853 4116 3228 4189 evangelicam
3285 4124 3339 4172 et
3388 4119 3749 4188 apostolicam

2133 4203 2438 4258 doctrinam
2475 4206 2761 4263 scientiam
2809 4209 2971 4264 nobis
3021 4209 3274 4266 infudere
3306 4210 3571 4267 divinam.
3618 4213 3754 4287 (ilch

413 4296 671 4351 eumdem
705 4296 925 4352 modum
952 4304 1063 4351 tres
1086 4296 1207 4350 dies
1238 4296 1291 4349 in
1322 4293 1533 4348 tumulo
1562 4294 1912 4364 requiescere
1943 4293 2021 4347 di-
2046 4323 2100 4390 Β
2133 4299 2216 4347 est
2240 4292 2333 4347 illa
2383 4294 2493 4360 lux,
2525 4311 2624 4365 per
2651 4313 2815 4368 quam
2858 4299 3021 4353 etiam
3053 4301 3234 4355 dentes
3272 4304 3389 4370 ejus
3421 4308 3581 4355 erant
3615 4303 3754 4357 lacte

412 4395 612 4460 gnatus
641 4395 725 4443 est
778 4389 941 4455 Deus,
984 4404 1095 4459 quo
1127 4387 1341 4442 catulus
1372 4385 1550 4439 leonis
1595 4384 1796 4450 editus,
1848 4386 2025 4440 tribus
2046 4384 2085 4390 ”
2125 4387 2454 4443 candidiores
2486 4388 2679 4459 (ibid),
2711 4392 2840 4447 dum
2869 4393 3125 4449 doctores
3163 4394 3419 4450 Ecclesia!
3464 4395 3627 4467 legali
3660 4398 3752 4451 ob-

411 4479 615 4534 dicitur
644 4478 886 4534 dormire
918 4479 1133 4534 diebus.
1178 4481 1301 4535 Haec
1330 4489 1413 4535 est
1445 4476 1536 4531 illa
1566 4477 1676 4542 lux,
1718 4494 1840 4549 quae
1870 4477 1923 4531 in
1952 4477 2024 4532 ﬁ-

413 4586 551 4643 gura
576 4569 732 4624 Judae
755 4570 912 4625 istius
944 4572 1207 4625 suscitare
1226 4572 1398 4629 voluit
1430 4575 1625 4635 Deum;
1666 4572 1735 4625 de
1764 4586 1872 4642 quo
1903 4573 2029 4626 sub-

406 4661 687 4734 jungitur:
744 4664 867 4725 Quis
892 4663 1173 4717 suscitabit
1201 4678 1327 4718 eum
1350 4663 1378 4717 ?
1416 4665 1572 4736 (Gen.
1606 4664 1774 4733 xux.)
1809 4661 2027 4737 signiﬁ-

408 4765 542 4805 cans
603 4748 884 4812 videlicet,
949 4749 1097 4821 quod
1145 4767 1243 4820 per
1290 4752 1478 4807 lumen
1536 4751 1861 4815 divinitatis,
1922 4766 2031 4821 quo

412 4837 726 4894 humanitas
759 4838 881 4907 ejus
932 4848 1049 4893 erat
1092 4834 1279 4909 plena,
1336 4857 1365 4895 a
1415 4843 1527 4897 Deo
1583 4840 1737 4894 Patre
1783 4839 2031 4894 suscitari

413 4930 604 4985 debuit
641 4929 800 5001 quasi
832 4929 941 4996 leo,
984 4936 1039 4984 et
1077 4931 1235 5001 quasi
1267 4932 1460 4988 lamna.
1499 4932 1623 4988 Haec
1661 4938 1742 4986 est
1772 4931 1864 4985 illa
1921 4931 2031 4997 lux,

413 5040 512 5095 per
574 5040 736 5095 quam
788 5023 943 5077 Judaa
984 5023 1113 5078 huic
1161 5025 1354 5080 debuit
1409 5027 1465 5081 in
1516 5026 1689 5102 ﬁgura
1740 5026 2034 5097 praetendi,

412 5122 617 5188 quanta
657 5115 710 5169 in
772 5113 982 5168 Christo
1024 5114 1191 5171 fuerit
1246 5118 1527 5173 humilitas
1589 5118 1924 5185 dormiendi,
1980 5128 2038 5172 et

412 5207 661 5279 potentia
719 5205 1073 5280 resurgendi;
1123 5208 1251 5263 dum
1321 5226 1421 5282 per
1496 5210 1681 5264 lumen
1732 5209 2036 5264 divinitatis

414 5302 566 5355 illum
598 5301 964 5371 spiritualiter
988 5305 1219 5373 aspexit,
1247 5310 1342 5374 qui
1367 5321 1461 5375 pro
1491 5307 1639 5361 nobis
1660 5313 1908 5361 mortuus
1935 5313 2031 5373 est,

413 5398 465 5446 et
508 5393 806 5444 resurrexit
841 5394 986 5454 (Rom
1061 5394 1199 5461 vin).
1235 5393 1354 5447 Haec
1383 5401 1467 5447 est
1520 5394 1612 5447 illa
1645 5396 1755 5460 lux,
1817 5395 1868 5447 in
1923 5410 2034 5464 qua

415 5482 685 5549 Christus,
725 5493 785 5538 ut
834 5484 918 5539 leo
947 5486 1242 5556 requievit,
1284 5485 1375 5556 qui
1407 5485 1584 5540 tribus
1616 5485 1816 5540 diebus
1842 5492 1896 5540 et
1927 5485 2030 5539 tri-

420 5573 527 5626 bus
548 5574 806 5628 noctibus
843 5577 1119 5631 somnium
1152 5578 1345 5633 mortis
1372 5577 1648 5648 implevit;
1680 5577 1904 5648 quando
1934 5591 2035 5646 per

2123 4476 2384 4531 scuritate
2417 4477 2634 4534 fuerant
2682 4482 2999 4550 Iucidiores,
3057 4486 3280 4556 quando
3320 4486 3584 4541 virtutum
3628 4504 3751 4542 can»

2126 4565 2259 4620 dore
2288 4566 2444 4623 lactis
2472 4576 2794 4627 attestantes
2820 4573 3159 4646 albedinem,
3177 4577 3511 4651 evangelicae
3544 4578 3749 4633 verita-

2126 4658 2197 4712 tis
2218 4658 2380 4714 nobis
2428 4661 2767 4718 instillavere
2797 4665 3170 4723 dulcedinem.
3229 4669 3351 4724 Haec
3396 4676 3481 4723 est
3512 4670 3605 4723 illa
3636 4670 3743 4735 lux,

2135 4768 2234 4823 per
2261 4769 2423 4824 quam
2466 4754 2521 4807 in
2561 4755 2824 4810 dentibus
2863 4758 2983 4825 ejus
3015 4757 3208 4815 Christi
3245 4761 3639 4830 praedicatores
3664 4762 3752 4815 in-

2133 4840 2480 4914 telliguntur,
2501 4858 2598 4914 per
2616 4859 2757 4914 quos
2790 4844 3058 4900 increduli
3094 4849 3327 4919 quippe,
3370 4849 3530 4920 quasi
3563 4850 3674 4904 cibi
3696 4852 3749 4904 in

2135 4951 2335 5006 corpus
2382 4937 2636 4992 Ecclesiae
2673 4941 3138 5011 transmittuntur,
3188 4944 3281 5014 qui
3315 4959 3467 4999 more
3496 4946 3751 5014 parvulo-

2138 5044 2257 5083 rum
2289 5028 2434 5083 lacte
2467 5031 2786 5086 nutriuntur
2816 5032 2871 5086 in
2904 5033 3101 5103 primis
3130 5036 3259 5106 quia
3291 5036 3539 5091 nondum
3570 5039 3750 5092 valent

2137 5116 2332 5171 solidis
2375 5133 2696 5173 assuescere
2736 5119 2890 5174 cibis.
2950 5120 3075 5177 Haec
3106 5131 3190 5177 est
3248 5123 3340 5177 illa
3372 5125 3482 5189 lux,
3543 5125 3597 5178 in
3644 5143 3747 5197 qua

2137 5205 2382 5260 Christus
2431 5207 2641 5278 antiqui
2698 5208 2865 5265 hostis
2902 5226 3202 5267 occurrens
3249 5212 3519 5281 audacia),
3561 5217 3745 5269 vinum

2136 5305 2191 5353 et
2224 5299 2309 5355 lac
2339 5299 2477 5372 legis
2506 5301 2747 5372 antiquae
2802 5303 2957 5358 radio
3006 5317 3162 5357 novae
3197 5303 3490 5360 illustravit
3525 5307 3744 5381 gratiae;

2135 5392 2263 5447 dum
2320 5392 2376 5446 in
2424 5408 2518 5447 ara
2565 5394 2746 5449 erucis
2800 5395 3077 5466 duplicem
3126 5395 3269 5449 hanc
3307 5398 3539 5469 gratiam
3581 5399 3749 5452 voluit

2134 5487 2383 5543 conferre
2433 5488 2807 5556 credentibus,
2841 5498 2899 5545 ut
2936 5490 3016 5545 eis
3054 5490 3288 5545 ulterius
3340 5509 3445 5547 nec
3493 5493 3670 5565 caligo
3693 5494 3745 5547 in

2134 5576 2333 5644 oculis,
2360 5591 2463 5630 nec
2500 5577 2661 5632 dolor
2688 5586 2982 5650 appareret
3013 5578 3068 5633 in
3097 5578 3375 5635 dentibus.
3410 5581 3533 5635 Haec
3563 5581 3749 5636 estilla
