3912 6044
277 143 385 217 997
1346 157 1470 213 LIB.
1502 156 1594 212 ne
1632 153 1958 212 uvsremo
1999 154 2174 212 LIGNI
2218 155 2531 212 common.
3497 159 3566 216 99

268 288 390 351 lux,
419 297 542 355 quae
559 281 800 337 Zabulon
826 297 926 352 per
955 281 1156 336 divinae
1183 280 1450 336 claritatis
1469 280 1756 336 illustravit
1776 297 1870 335 ra-
1902 288 1944 352 Α
1975 289 2426 354 praemonstratur
2455 280 2702 344 nomine,
2724 279 2819 336 ubi
2845 282 3014 338 Jacob
3055 283 3156 336 sub
3188 283 3459 338 inferens:
3488 288 3594 340 Sa-

262 375 438 441 dium,
461 375 591 429 dum
614 375 861 430 inlittore
874 377 1045 428 maris
1069 373 1360 436 habitavit,
1383 378 1434 427 et
1454 375 1871 428 instationena-
1977 379 2156 432 tutare
2183 375 2402 448 (inquit)
2443 383 2600 430 tuum
2638 377 2970 445 exspectabo,
3000 358 3218 432 Domine
3257 379 3450 448 (ibid),
3477 396 3597 451 my-

257 467 600 537 vium(ibid.)
627 465 981 539 :significans
1001 463 1421 534 videlicetquod
1446 463 1564 533 ipse
1581 463 1877 519 Ecclesiam
1979 469 2112 524 stice
2142 469 2354 524 scilicet
2383 467 2723 542 significans,
2756 470 2902 540 quod
2935 486 3038 539 per
3067 470 3304 524 salutare
3333 471 3474 525 istud
3511 490 3602 528 re-

263 557 319 610 in
344 563 504 627 portu
530 553 965 626 quietisaaternae
987 553 1160 608 voluit
1175 551 1579 622 collocare,qui
1597 551 1652 604 in
1667 558 1884 622 aposto-

2011 560 2409 616 urrectioillius
2429 560 2775 630 apertissime
2805 561 3074 635 signatur,
3104 561 3194 632 qui
3226 561 3407 628 Jesus,
3433 563 3486 617 id
3518 573 3604 620 est

259 648 367 704 lica
396 647 784 719 praedicatione
813 647 1055 702 extendit
1113 647 1362 715 palmites
1419 660 1542 700 suos
1601 660 1768 714 usque
1816 645 1888 698 ad

256 757 414 798 mare
442 743 598 812 (Psal.
633 740 814 810 LxXIx)
881 739 1006 794 Haec
1043 745 1128 793 est
1174 739 1267 793 illa
1301 739 1412 804 lux,
1446 755 1545 809 per
1581 755 1745 810 quam
1777 739 1882 792 Za-

257 833 454 901 bulon,
505 832 599 904 qui
657 832 1031 887 habitaculum
1070 833 1414 898 fortitudinis
1468 831 1884 901 interpretatur,

260 924 422 998 quasi
456 925 512 978 in
545 923 757 988 littore,
786 923 963 996 magis
994 922 1254 978 illustrari
1285 921 1599 989 videbatur,
1629 922 1760 976 dum
1789 921 1888 977 Ec-

258 1013 430 1069 clesia
470 1011 717 1085 gentium
757 1009 826 1064 ab
867 1010 989 1081 ipso
1021 1009 1224 1064 meruit
1273 1008 1651 1064 fortitudinem
1686 1009 1890 1065 habere

256 1104 494 1170 virtutis,
525 1102 617 1174 qui
653 1117 750 1172 per
779 1101 1098 1173 mysterium
1157 1101 1342 1156 crucis
1393 1110 1610 1171 portum
1652 1101 1760 1155 sibi
1801 1116 1892 1162 νο,

259 1199 366 1256 luit
393 1199 772 1254 demonstrare
799 1195 1014 1252 salutis.
1050 1195 1172 1251 Haec
1201 1203 1284 1250 est
1317 1195 1408 1249 illa
1441 1195 1554 1261 lux,
1590 1212 1692 1267 per
1721 1211 1884 1266 quam

1986 649 2263 716 salutaris,
2295 648 2379 702 vel
2435 649 2584 704 salus
2625 650 3042 720 interpretatur.
3088 649 3211 703 Haec
3255 656 3340 704 est
3369 649 3462 705 illa
3491 651 3602 721 lux,

1989 759 2112 814 quae
2145 741 2305 796 nobis
2335 740 2502 795 etiam
2535 740 2590 794 in
2635 740 2745 794 Gad
2799 740 3124 812 spiritaliter
3167 743 3607 812 praemonstravit

1990 833 2182 897 Deum,
2211 829 2307 885 ubi
2349 829 2731 904 subjungitur:
2795 829 2909 884 Gad
2945 833 3221 886 accinctus
3269 833 3609 900 prazliabitur

1989 931 2120 980 ante
2140 939 2265 979 eum
2304 923 2500 992 (ibid),
2534 923 2727 993 praelio
2746 921 2960 976 scilicet
2991 922 3093 977 hoc
3116 921 3247 977 illud
3288 921 3609 996 signiﬁcans

1994 1013 2266 1084 praelium,
2295 1011 2446 1083 quod
2479 1010 2723 1066 Christus
2762 1021 2954 1066 contra
2985 1010 3266 1066 diabolum
3325 1011 3609 1067 habiturus

1992 1113 2109 1159 erat
2139 1119 2238 1174 pro
2261 1102 2441 1156 salute
2472 1100 2744 1156 ﬁdelium.
2779 1103 2901 1156 Haec
2931 1109 3013 1156 est
3039 1101 3132 1156 illa
3155 1102 3265 1166 lux,
3292 1119 3414 1174 quae
3448 1104 3610 1159 nobis

1989 1197 2045 1252 in
2069 1197 2266 1253 eodem
2295 1195 2428 1261 Gad,
2451 1195 2604 1251 verbi
2633 1195 2878 1252 caelestis
2902 1196 3145 1270 gladium
3174 1198 3324 1252 misit
3349 1213 3458 1269 quo
3489 1199 3610 1252 uni-

260 1291 529 1356 lssachar,
561 1289 656 1360 qui
687 1286 980 1343 dicebatur
1027 1289 1216 1341 asinus
1269 1289 1446 1354 fortis,
1496 1301 1593 1357 pro
1655 1287 1884 1356 praemio
1924 1325 1932 1333 ο
1985 1289 2208 1363 genitus
2239 1287 2334 1343 Dei
2365 1287 2532 1341 Filius
2559 1303 2756 1342 nurum
2797 1303 2828 1342 a
2876 1303 3058 1351 socru,
3101 1297 3158 1343 et
3186 1287 3358 1343 filium
3394 1305 3424 1342 a
3455 1296 3609 1360 patre

259 1385 385 1439 vitae
407 1381 650 1438 ctelestis
687 1396 829 1436 onus
869 1380 1148 1449 abjecerat
1177 1380 1392 1446 mortis,
1425 1379 1556 1434 dum
1591 1395 1657 1435 eo
1694 1381 1880 1436 minus
1983 1381 2184 1442 divisit,
2214 1379 2439 1450 quando
2479 1378 2710 1433 veniens
2736 1378 2791 1432 in
2841 1379 3130 1450 praesentis
3181 1380 3305 1435 vitae
3345 1380 3610 1452 stadium,

259 1492 387 1531 eum
419 1473 681 1548 gravabat
701 1477 902 1542 jugum
920 1471 1134 1526 Domini
1164 1486 1354 1536 suave,
1381 1478 1431 1526 et
1453 1485 1590 1526 onus
1607 1471 1726 1540 ejus
1753 1470 1876 1526 leve
1978 1479 2090 1528 Non
2125 1474 2252 1526 veni
2275 1469 2498 1542 (inquit)
2529 1473 2590 1524 in
2621 1477 2826 1526 terram
2848 1485 3030 1538 pacem
3078 1473 3312 1537 mittere,
3359 1474 3454 1527 sed
3485 1473 3608 1540 gla-

258 1567 425 1639 (Math
464 1569 610 1631 xxx),
641 1578 750 1635 quo
777 1578 1020 1633 praesens
1050 1561 1310 1616 saaculum
1337 1561 1388 1616 ei
1427 1569 1876 1617 momentaneum
1909 1608 1957 1675 Β
1977 1569 2131 1622 dium
2164 1569 2368 1622 (Matth.
2405 1568 2482 1630 χ).
2519 1565 2645 1618 Haec
2677 1573 2759 1618 est
2801 1563 2892 1618 illa
2932 1563 3043 1626 lux,
3089 1580 3190 1634 per
3225 1581 3390 1636 quam
3447 1566 3501 1620 in
3549 1565 3612 1619 fi-

258 1655 550 1675 __2_I_L_.-_..
596 1651 778 1675 -.1--.Α
834 1649 954 1675 ΠΜ..
979 1658 1054 1675 Αηι
1073 1649 1160 1675 211..
1190 1650 1277 1675 1....
1307 1665 1406 1675 νυ...
1431 1666 1588 1675 ...μη-,ι
1611 1650 1860 1675 1..--,ιι-..η-
1993 1673 2048 1675 κη,
2075 1673 2106 1675 ,_
2135 1656 2200 1675 η,
2222 1655 2244 1675 -1
2273 1655 2524 1675 311---ιμ-Α2
2551 1654 2764 1675 1‘---_-_.
2789 1654 2868 1675 :n:
2903 1654 3195 1675 L-Il_a-__-
3237 1655 3582 1675 2¢__3-.3-_!__3

255 1655 570 1717 Videbam?»
591 1651 800 1719 θιιθνθο
834 1649 956 1705 “me
977 1649 1166 1705 θεῑίηδ
1190 1650 1278 1704 lux
1307 1665 1406 1720 Per
1427 1666 1590 1721 ίιιιειτη
1611 1650 1879 1715 Ιεεεοῗιπ,
1909 1649 1957 1675 ¹’
1982 1673 2116 1730 gura
2134 1655 2248 1710 Gad
2273 1655 2526 1710 illustrati
2551 1654 2770 1709 fuerant
2789 1654 2871 1708 illi
2903 1654 3200 1709 bellatores
3237 1655 3610 1721 invictissimi,

259 1743 356 1816 qui
379 1757 578 1798 merces
596 1738 1202 1809 videturinterpretari,
1219 1753 1344 1792 cum
1371 1738 1564 1813 gentili
1588 1737 1794 1808 p0pulo
1817 1737 1880 1791 ﬁ-

2008 1745 2051 1798 le
2083 1744 2288 1816 quibus
2321 1743 2564 1797 Ecclesia
2608 1742 2662 1796 in
2712 1741 2988 1798 Canticis:
3047 1747 3236 1798 Omnes
3285 1744 3504 1815 (inquit)
3539 1751 3612 1799 te-

259 1839 351 1894 dei
388 1837 660 1894 mercibus
698 1837 807 1891 Deo
835 1835 978 1890 solet
1003 1834 1124 1888 sine
1161 1833 1572 1888 intermissione
1603 1832 1880 1901 famulari,
1981 1839 2169 1889 nentes
2224 1833 2444 1901 gladios,
2484 1837 2535 1886 et
2573 1833 2643 1886 ad
2700 1832 2834 1886 bella
2871 1833 3164 1886 doctissimi
3218 1833 3392 1902 (Cant.
3461 1831 3610 1903 xxx),

257 1929 441 2001 typice
480 1941 584 1982 nos
621 1926 928 1989 instruens,
962 1939 1073 1994 quo
1113 1923 1259 1977 inter
1297 1923 1537 1998 gentiles
1569 1937 1634 1977 ac
1662 1921 1885 1977 Judaaos
1983 1923 2307 1998 signiﬁcans
2329 1921 2610 1988 videlicet,
2656 1921 2805 1992 quod
2845 1921 2921 1976 illi
2957 1922 3012 1976 in
3047 1921 3289 1978 Ecclesia
3318 1924 3411 1979 Dei
3446 1924 3604 1996 quasi

260 2035 465 2093 magna
483 2024 734 2073 versatur
756 2013 1329 2086 discretio;quamvis
1349 2014 1538 2085 plures
1564 2030 1630 2069 ex
1651 2021 1885 2085 utroque
1986 2015 2156 2072 fortes
2204 2030 2270 2068 ex
2323 2012 2637 2069 fortissimis
2693 2011 2858 2066 lsrael
2923 2029 3044 2067 esse
3101 2014 3426 2078 creduntur,
3513 2015 3613 2086 qui

257 2110 466 2182 populo
494 2108 763 2165 Dominici
789 2107 1078 2181 sanguinis
1109 2105 1337 2162 mercati
1369 2113 1501 2161 sunt
1530 2106 1732 2178 pretio.
1762 2106 1885 2162 Haec
1985 2107 2180 2156 contra
2221 2099 2458 2155 carnalis
2495 2098 2960 2169 concupiscentiae
3015 2099 3175 2154 luxus
3221 2101 3455 2172 spiritali
3506 2102 3618 2176 gla-

259 2207 346 2257 est
369 2201 462 2256 illa
491 2202 602 2266 lux,
643 2215 767 2270 quia
798 2199 1052 2254 eumdem
1097 2197 1364 2263 Issachar,
1407 2197 1460 2251 id
1507 2203 1591 2252 est
1616 2197 1878 2271 gentilem
1985 2189 2076 2244 dio
2106 2203 2328 2260 semper
2375 2201 2686 2262 repugnare
2745 2186 3016 2243 nituntur.
3078 2187 3200 2242 HERC
3239 2197 3323 2244 est
3359 2189 3449 2244 illa
3502 2189 3616 2266 lux,

267 2292 562 2364 populum,
594 2291 776 2346 adhuc
805 2289 964 2344 aliter
991 2287 1307 2349 illustravit,
1338 2289 1466 2343 dum
1502 2289 1645 2345 inter
1683 2290 1879 2344 termi-
1995 2295 2096 2351 per
2121 2295 2288 2351 quam
2321 2279 2590 2336 Verusille
2621 2278 2733 2333 Gad
2759 2278 2916 2334 Verbi
2963 2278 3187 2334 celestis
3215 2279 3401 2353 gladio
3433 2280 3618 2335 accin-

267 2398 370 2439 nos
413 2389 643 2438 :eternze
695 2380 972 2436 felicitatis
1015 2379 1313 2446 accubans,
1361 2386 1565 2434 terram
1628 2380 1894 2451 Optimam
1995 2381 2116 2428 ctus
2137 2371 2458 2436 fortissime,
2491 2371 2560 2425 de
2591 2386 2702 2442 quo
2723 2370 2987 2441 scriptum
3016 2381 3128 2425 est:
3184 2375 3470 2441 Accingere
3497 2373 3618 2441 gla-

265 2475 496 2529 humero
539 2473 800 2544 portavit,
843 2469 1170 2546 significans
1216 2471 1477 2526 videlicet
1529 2471 1677 2542 quod
1709 2470 1896 2527 omni—

2008 2461 2082 2516 iio
2107 2467 2200 2517 tuo
2225 2475 2388 2530 super
2412 2462 2594 2527 remur
2621 2467 2799 2526 tuum,
2837 2463 3204 2529 potentissime
3236 2461 3402 2526 (Psal.
3456 2459 3618 2527 xuv),

267 2574 464 2637 potens
491 2566 635 2620 Deus
666 2564 880 2619 nullum
913 2564 968 2618 in
1001 2561 1111 2617 ﬁne
1128 2561 1334 2627 saeculi,
1367 2563 1496 2618 vitae
1535 2563 1778 2618 caelestis
1805 2580 1896 2619 re-

2008 2551 2230 2624 mystice
2260 2551 2476 2606 scilicet
2533 2551 2846 2616 insinuans,
2897 2551 3046 2622 quod
3086 2567 3188 2606 nos
3215 2557 3504 2607 armatura
3533 2553 3624 2606 Dei

265 2657 649 2712 muneratione
703 2662 949 2722 coronat,
985 2655 1089 2710 nisi
1119 2654 1276 2726 prius
1307 2655 1396 2709 th
1450 2655 1518 2708 ad
1565 2654 1892 2725 portandam
1999 2643 2204 2698 ιατηὸοδ
2249 2641 2521 2696 mentium
2560 2657 2784 2712 semper
2831 2641 3104 2697 debemus
3157 2643 3516 2716 praecingere.
3564 2650 3625 2697 υῑ

262 2745 492 2814 iustitia:
515 2745 787 2800 sarcinam
814 2745 976 2801 bona;
1007 2744 1243 2799 actionis
1274 2744 1562 2798 humerum
1597 2752 1892 2815 supponat.

270 2836 393 2890 Haec
423 2843 507 2890 est
536 2834 631 2888 illa
671 2834 784 2900 lux,
836 2850 938 2905 per
986 2849 1149 2905 quam
1181 2831 1353 2887 Jacob
1415 2831 1731 2888 futurorum
1764 2831 1896 2886 illu-

269 2935 473 2983 stratus
503 2926 735 2982 scientia
760 2943 773 2980 :
802 2929 941 2993 Fiat,
970 2924 1174 2997 inquit,
1204 2929 1323 2979 Dan
1347 2925 1562 2980 coluber
1584 2927 1645 2979 in
1671 2927 1782 2992 via,
1814 2939 1898 2979 ce-

271 3026 440 3074 rastes
470 3021 529 3074 in
565 3021 758 3074 semita
811 3019 963 3088 (Gen.
1013 3021 1190 3085 xux);
1237 3015 1631 3072 Antichristum
1687 3015 1900 3072 scilicet

274 3106 612 3178 signiﬁcans,
647 3106 742 3179 qui
776 3113 964 3162 contra
1015 3105 1225 3160 electos
1271 3105 1366 3160 Dei
1398 3105 1606 3176 duplici
1648 3105 1900 3176 quando—

278 3217 389 3273 que
417 3201 585 3258 debet
615 3201 808 3256 saavire
849 3200 1154 3266 dementia,
1199 3199 1332 3255 dum
1365 3209 1430 3255 et
1463 3199 1692 3256 coluber
1723 3216 1789 3254 ex
1818 3217 1904 3254 as-

279 3296 436 3362 tutia,
491 3302 545 3350 et
595 3304 835 3350 cerastes
895 3303 1128 3350 vocatur
1189 3310 1254 3348 ex
1313 3295 1581 3364 potentia.
1643 3293 1765 3348 Haec
1821 3300 1909 3348 est

281 3385 376 3440 illa
408 3385 519 3452 lux,
545 3401 668 3456 quae
719 3399 821 3440 nos
872 3384 1036 3440 etiam
1072 3400 1197 3439 cum
1227 3383 1398 3439 Jacob
1432 3399 1529 3454 per
1559 3382 1906 3454 spiritualem

283 3473 522 3528 illustrat
577 3473 922 3548 allegoriam,
991 3473 1121 3528 dum
1186 3472 1243 3526 in
1293 3473 1490 3528 eodem
1540 3473 1654 3526 Dan
1698 3472 1904 3528 arctio-

284 3582 398 3621 rem
441 3565 604 3620 nobis
635 3565 978 3621 demonstrat
1031 3564 1285 3620 semitam
1345 3581 1470 3619 esse
1515 3581 1677 3636 quam
1736 3565 1902 3630 viam,

285 3675 357 3712 ne
383 3673 481 3729 pro
521 3663 674 3713 arcta
725 3663 774 3712 et
812 3663 1049 3725 angusta
1089 3659 1202 3725 via,
1249 3673 1368 3726 quae
1419 3658 1568 3712 ducit
1624 3657 1694 3710 ad
1729 3659 1902 3712 vitam

285 3747 470 3815 (Math.
500 3745 621 3815 vn),
655 3743 796 3799 viam
839 3743 996 3798 illam
1027 3759 1340 3814 quaeramus
1369 3742 1642 3807 latiorem,
1693 3741 1764 3797 de
1794 3759 1904 3814 qua

284 3837 548 3908 scriptum
577 3843 688 3891 est:
731 3841 863 3891 Lata
898 3842 950 3892 et
997 3839 1238 3905 spatiosa
1265 3839 1357 3890 via
1384 3842 1480 3902 est,
1512 3851 1632 3905 quae
1657 3836 1807 3891 ducit
1835 3835 1906 3890 ad

279 3931 630 3999 perditionem
673 3927 861 3996 (ibid)
913 3926 1034 3982 Haec
1096 3935 1182 3982 est
1233 3927 1328 3981 illa
1377 3927 1489 3992 lux,
1547 3942 1672 3998 quae
1722 3926 1904 3982 eidem

287 4018 398 4072 Dan
428 4017 594 4070 nimis
649 4016 946 4071 videbatur
975 4016 1290 4082 obscurari,
1339 4016 1470 4071 dum
1509 4017 1562 4070 in
1595 4017 1906 4088 aquilonari

290 4115 443 4179 parte
499 4123 747 4162 seorsum
807 4123 836 4160 a
891 4107 1151 4162 fratribus
1194 4108 1408 4163 solebat
1461 4114 1640 4162 castra
1671 4108 1907 4174 metari;

293 4195 440 4250 illius
464 4195 725 4250 videlicet
755 4211 854 4264 per
879 4195 984 4250 hoc
1014 4195 1258 4251 imitatus
1285 4196 1582 4263 actionem,
1635 4197 1730 4268 qui
1776 4212 1911 4253 con-

293 4291 375 4338 tra
404 4284 574 4338 Deum
602 4291 856 4338 erectus:
889 4289 1114 4350 Panum,
1169 4285 1370 4356 inquit,
1407 4286 1581 4340 sedem
1625 4300 1804 4340 meum
1841 4287 1912 4340 ad

295 4378 600 4444 aquilonem
645 4376 958 4445 (Isai.x1v).
1010 4375 1133 4430 Haec
1164 4383 1247 4430 est
1303 4375 1396 4430 illa
1427 4378 1536 4442 lux,
1588 4391 1694 4447 per
1740 4393 1902 4449 quam

297 4462 456 4517 electi
489 4464 581 4518 Dei
622 4463 960 4535 quandoque
999 4465 1326 4534 ungularum
1371 4465 1493 4533 ejus
1524 4475 1791 4536 spernant
1819 4481 1916 4520 ve-

295 4550 456 4625 stigia
482 4554 666 4624 sequi,
699 4555 767 4609 de
798 4568 909 4624 quo
957 4553 1125 4609 Jacob
1155 4552 1259 4607 sub
1317 4551 1598 4607 inferens:
1656 4555 1913 4622 Mordens,

299 4642 498 4714 inquit,
553 4646 788 4714 ungulas
843 4647 965 4713 equi
1002 4644 1155 4713 (Gen.
1208 4644 1372 4712 xux),
1437 4642 1568 4714 quia
1623 4643 1914 4718 indignum

299 4731 460 4786 valde
486 4739 570 4786 est
599 4741 658 4786 ut
683 4730 1024 4786 Christianus
1053 4731 1122 4786 ab
1149 4729 1484 4786 Antichristo
1515 4730 1658 4784 male
1697 4731 1918 4786 vivendi

301 4821 614 4892 exemplum
645 4829 848 4889 sumat,
871 4821 964 4894 qui
995 4837 1093 4894 per
1121 4821 1438 4892 superbiam
1470 4829 1528 4876 et
1556 4821 1918 4876 ambitionem

303 4917 358 4970 in
388 4932 554 4972 cursu
580 4915 820 4972 labentis
849 4917 1038 4972 saeculi
1081 4917 1236 4987 quasi
1295 4931 1472 4988 equus
1515 4922 1752 4988 spumat.
1797 4916 1923 4972 Baio

305 5011 390 5060 est
416 5005 507 5060 illa
534 5005 648 5073 lux,
677 5021 798 5078 quae
845 5021 948 5061 nos
978 5005 1142 5060 etiam
1185 5005 1514 5076 paenitentia
1571 5011 1918 5076 peccatorum

305 5098 556 5170 quotidie
585 5099 727 5154 solet
758 5098 1031 5154 illustrare
1060 5115 1184 5154 cum
1209 5101 1391 5166 Petro,
1414 5113 1485 5154 ne
1513 5099 1581 5153 ad
1608 5101 1920 5170 exemplum

307 5185 420 5240 Dan
447 5203 570 5242 cum
595 5201 888 5244 ascensore
927 5187 1093 5260 hujus
1123 5187 1272 5258 equi,
1298 5188 1353 5242 id
1383 5198 1467 5242 est
1500 5187 1749 5259 superbo
1779 5205 1919 5260 quo-

308 5273 447 5331 libet
463 5276 724 5331 cedamus
739 5282 908 5344 retro,
927 5276 1452 5343 scientesvidelicet,
1474 5283 1607 5348 quot
1625 5276 1922 5332 illisolum-

310 5367 475 5423 modo
505 5384 629 5424 cum
652 5370 814 5424 caecis
839 5367 1179 5442 evangelicis
1208 5367 1264 5421 in
1296 5368 1661 5438 praecipitium
1693 5369 1921 5436 vadunt,

311 5459 407 5530 qui
438 5475 560 5514 cum
600 5461 764 5516 Saule
791 5467 936 5516 retro
967 5467 1023 5514 et
1064 5475 1176 5516 non
1219 5459 1272 5513 in
1303 5458 1500 5515 faciem
1533 5459 1756 5516 cadunt.
1805 5460 1927 5516 Haec

313 5553 398 5602 est
418 5547 510 5602 illa
538 5547 630 5604 lux
650 5563 752 5620 per
774 5564 937 5621 quam
967 5549 1128 5604 nobis
1144 5563 1380 5619 persona
1409 5547 1606 5604 Christi
1628 5564 1925 5620 suppresso

2001 2737 2283 2808 possimus
2321 2740 2507 2792 omnia
2559 2737 2663 2792 tela
2727 2739 3043 2806 nequissimi
3083 2740 3240 2806 ignea
3283 2741 3626 2806 exstinguere

2003 2835 2206 2903 (Ephes.
2239 2831 2334 2901 Vl).
2393 2830 2517 2885 Haec
2549 2837 2632 2886 est
2671 2829 2764 2884 illa
2795 2830 2907 2892 lux,
2949 2846 3074 2901 quae
3107 2830 3270 2885 etiam
3300 2830 3412 2885 Gad
3441 2833 3624 2887 verbis

2000 2922 2365 2995 sequentibus
2394 2921 2688 2977 illustravit
2738 2922 2920 2976 adhuc
2958 2921 3014 2976 in
3054 2922 3314 2990 obscuro,
3366 2923 3460 2978 ubi
3493 2924 3628 2978 sub-

1993 3017 2280 3092 iungitur:
2316 3021 2431 3087 Ipse
2471 3019 2786 3086 accingetur
2834 3023 3131 3072 retrorsum
3189 3017 3260 3086 (II
3307 3021 3474 3074 Thess.
3543 3021 3626 3088 ιι),

2000 3111 2053 3164 id
2087 3120 2171 3164 est
2193 3111 2247 3164 in
2287 3108 2499 3165 futuro:
2532 3108 2853 3183 significans
2891 3109 3151 3164 videlicet
3184 3110 3334 3180 quod
3376 3111 3627 3166 Christus

2008 3199 2398 3256 Antichristum
2479 3199 2811 3270 quandoque
2885 3198 3182 3256 interficiet
3233 3201 3434 3272 spiritu
3513 3203 3627 3258 oris

2007 3290 2113 3356 sui,
2144 3297 2204 3344 ut
2231 3287 2394 3343 electi
2439 3288 2534 3342 Dei
2589 3294 2796 3342 aeterna
2843 3288 3188 3343 beatitudine
3242 3304 3427 3343 secum
3490 3305 3624 3360 pos-

2009 3376 2122 3430 sint
2169 3373 2421 3429 securius
2461 3373 2588 3428 t'rui.
2641 3375 2766 3428 Haec
2829 3384 2913 3429 est
2969 3374 3062 3428 illa
3115 3375 3227 3440 lux,
3295 3391 3395 3445 per
3462 3391 3626 3446 quam

2011 3463 2316 3518 illustratus
2381 3469 2467 3516 est
2510 3462 2706 3528 Jacob,
2769 3462 3106 3533 patriarchas
3171 3463 3447 3537 egregius,
3527 3463 3623 3518 ubi

2009 3553 2078 3607 de
2127 3551 2296 3607 altero
2351 3549 2464 3606 ﬁlio
2519 3549 2893 3622 subjungens:
2949 3555 3096 3617 Aser,
3149 3551 3351 3622 inquit,
3405 3555 3627 3622 pinguis

1997 3648 2160 3715 panis
2185 3648 2300 3714 ejus
2329 3643 2481 3706 (Gen.
2522 3645 2689 3712 xux),
2731 3659 2830 3714 per
2867 3642 3016 3714 quod
3043 3643 3323 3709 videlicet,
3357 3643 3518 3714 panis
3550 3645 3623 3698 il-

2003 3741 2110 3796 lius
2167 3737 2564 3814 pinguedinem
2617 3737 2780 3794 nobis
2819 3737 2996 3807 ﬁgura
3049 3737 3362 3808 praetendit,
3409 3739 3479 3794 de
3511 3755 3624 3812 quo

2003 3828 2268 3900 scriptum
2299 3835 2406 3882 est:
2459 3831 2554 3883 llic
2597 3833 2673 3882 cst
2725 3829 2884 3896 panis
2922 3829 3078 3882 vivus
3133 3829 3228 3901 qui
3276 3827 3342 3882 de
3388 3829 3514 3882 caelo
3541 3831 3628 3882 de-

2004 3921 2210 3976 scendit
2229 3921 2405 3987 (Joan.
2426 3921 2528 3987 vi).
2555 3919 2677 3973 Haec
2709 3925 2792 3972 est
2822 3917 2915 3972 illa
2943 3917 3034 3972 lux
3063 3934 3164 3989 per
3179 3934 3341 3990 quam
3359 3918 3501 3972 idem
3540 3919 3628 3974 Ja-

2010 4007 2113 4063 cob
2151 4006 2358 4062 divinis
2385 4006 2566 4060 adhuc
2597 4005 2901 4060 illustratus
2932 4013 3014 4061 est
3044 4005 3284 4080 legibus,
3313 4006 3408 4060 ubi
3432 4007 3501 4061 de
3530 4023 3627 4063 eo-

2009 4103 2137 4156 dem
2168 4102 2302 4157 Aser
2336 4100 2714 4165 subinferens,
2745 4101 3026 4167 Prmbebit,
3071 4101 3270 4172 inquit,
3302 4103 3520 4159 delicias
3545 4119 3632 4158 re-

2009 4195 2163 4264 gibus
2194 4195 2337 4262 (ibid.
2347 4207 2386 4260 ),
2410 4210 2508 4264 per
2535 4195 2638 4249 hoc
2671 4193 2928 4248 videlicet
2964 4193 3089 4248 illos
3117 4191 3444 4266 significans
3475 4211 3634 4264 reges

2011 4283 2104 4356 qui
2136 4299 2196 4338 se
2229 4283 2381 4354 ipsos
2421 4284 2566 4338 bene
2603 4282 2904 4337 secundum
2937 4282 3153 4336 divinas
3189 4283 3424 4336 rexerint
3454 4283 3628 4355 leges.

2017 4371 2145 4427 Haec
2163 4381 2246 4427 est
2274 4371 2367 4426 illa
2403 4371 2493 4426 lux
2526 4387 2625 4441 per
2649 4386 2817 4442 quam
2851 4375 3003 4434 Aser,
3037 4371 3132 4441 qui
3162 4371 3348 4426 beatus
3369 4371 3456 4426 vel
3509 4375 3636 4440 pin-

2017 4468 2138 4535 guis
2149 4468 2307 4534 panis
2318 4465 2432 4518 inte
2440 4471 2729 4533 rpretatur,
2752 4471 2881 4532 typo
2894 4461 3180 4517 salvatoris
3192 4461 3451 4517 illustrari
3464 4479 3634 4518 mere-

2017 4558 2198 4624 batur,
2224 4560 2353 4614 dum
2389 4557 2456 4612 ad
2490 4557 2822 4628 praebendas
2862 4555 3093 4611 delicias
3131 4556 3377 4631 regibus,
3407 4557 3633 4612 divitia-

2018 4665 2138 4704 rum
2165 4648 2382 4703 illarum
2411 4647 2688 4702 ditabatur
2715 4645 3022 4710 afﬂuentia,
3055 4645 3125 4700 de
3153 4646 3637 4718 quibusscriptum

2021 4745 2126 4802 est,
2157 4737 2358 4791 divitiae
2383 4737 2578 4792 salutis
2616 4737 2884 4804 sapientia
2916 4739 2968 4788 et
3001 4736 3230 4790 scientia
3263 4737 3390 4805 (lsa.
3425 4739 3637 4805 χχχιιι).

2024 4830 2147 4886 Haec
2172 4837 2257 4886 est
2295 4829 2388 4884 illa
2416 4830 2506 4884 lux
2538 4845 2636 4900 per
2665 4845 2826 4900 quam
2857 4828 3018 4884 nobis
3047 4828 3103 4883 in
3135 4829 3483 4901 Nephthalim
3517 4845 3639 4886 caa-

2021 4921 2177 4977 lestis
2217 4920 2548 4976 sacramenti
2579 4928 2858 4975 reseratur
2886 4920 3136 4990 abyssus,
3171 4922 3264 4976 ubi
3307 4923 3377 4976 de
3408 4937 3475 4977 eo
3504 4921 3644 4976 sub-

2018 5013 2292 5083 jungitur.
2327 5014 2664 5083 Nephthalim
2690 5027 2876 5068 cervus
2917 5015 3142 5068 emissus
3173 5013 3328 5084 (Gen.
3373 5014 3518 5083 xux)
3569 5013 3642 5068 si-

2021 5101 2292 5174 gniﬁcans
2321 5102 2580 5158 videlicet
2610 5101 2759 5174 quod
2788 5101 3054 5158 velocitas
3090 5103 3406 5174 apostolicae
3441 5103 3645 5173 praedi-

2021 5190 2256 5246 cationis
2287 5191 2360 5245 ita
2389 5189 2623 5245 salutem
2657 5189 2992 5246 desideravit
3020 5192 3351 5259 animarum,
3383 5195 3640 5262 quemad-

2019 5282 2239 5337 modum
2279 5283 2542 5336 desiderat
2598 5296 2783 5337 cervus
2838 5283 2909 5338 ad
2959 5285 3132 5350 fontes
3184 5299 3457 5353 aquarum
3481 5286 3644 5352 (Psal.

2025 5379 2150 5438 xu).
2185 5373 2310 5429 Haec
2339 5381 2434 5438 est
2465 5372 2563 5428 illa
2603 5372 2695 5428 lux
2739 5389 2840 5444 per
2874 5390 3037 5445 quam
3079 5374 3226 5429 idem
3273 5375 3648 5446 Nephthalim,

2027 5461 2122 5533 qui
2153 5458 2382 5535 ﬁguram
2414 5460 2607 5516 habuit
2635 5461 2871 5516 cervina:
2905 5463 3263 5531 fortitudinis,
3295 5465 3510 5520 caeteris
3541 5465 3650 5521 fra-

2027 5549 2206 5606 tribus
2255 5549 2407 5605 dedit
2434 5547 2661 5621 eloquia
2698 5549 3129 5620 pulchritudinis
3181 5551 3312 5607 dum
3335 5551 3646 5622 pulchritu-
