3920 6054
318 126 422 180 999
1295 128 1662 184 BERENGOSI
1702 130 1929 183 ΑΒΒΑΤΙ

2032 130 2073 184 5.
2117 129 2358 185 ΜΑΧΙΜΙ
2398 129 2663 188 ΤΡιΕνιιι.
3505 135 3664 191 1000

320 251 449 305 dine
481 251 720 305 caelestis
750 251 953 321 eloquii
987 252 1435 321 praedicationem
1466 254 1629 309 nobis
1670 254 1925 329 praeﬁgu-
1957 263 2008 327 Α
2034 271 2124 323 ne,
2145 256 2335 328 dequo
2349 258 2611 327 scriptum
2634 264 2746 311 est:
2779 260 3663 329 AdjutoriumOpportunitatibus,

322 341 457 395 ravit
488 341 701 395 illorum
757 342 824 394 de
867 342 1073 412 quibus
1130 344 1393 414 scriptum
1429 353 1542 399 est:
1603 353 1668 400 In
1720 363 1932 402 omnem
2030 352 2091 403 in
2128 349 2475 405 tribulatione
2503 351 2649 415 (Psal
2701 351 2792 417 ix).
2838 350 2960 405 Haec
2988 359 3071 405 est
3100 351 3194 406 illa
3220 352 3308 406 lux
3345 368 3443 422 per
3482 369 3662 423 quam

319 439 521 487 terram
545 436 709 486 exivit
738 448 900 487 sonus
940 450 1125 488 eorum
1154 437 1317 503 (Psal.
1353 438 1525 507 xvni).
1562 438 1686 493 Haec
1716 449 1802 493 est
1836 441 1930 495 illa
2031 441 2195 495 etiam
2231 451 2458 511 paterna
2485 441 2575 495 illa
2606 441 2921 497 benedictio
2954 444 3079 497 data
3100 444 3225 507 sibi,
3258 446 3328 498 de
3359 462 3469 516 quo
3508 447 3659 499 sub-

316 522 409 575 lux
450 537 548 589 per
584 538 747 591 quam
783 522 835 574 in
884 522 1256 592 Nephthalim,
1290 528 1383 595 qui
1421 526 1811 597 interpretatur
1851 531 1927 582 di-

317 613 526 671 latatio.
573 613 623 665 in
656 612 943 667 latitudine
998 615 1187 668 mundi
1221 616 1521 685 apostolica
1574 627 1743 689 coepit
1798 620 1931 673 dila-

317 703 417 756 tari
451 703 787 773 praedicatio,
819 721 917 775 per
938 722 1101 775 quam
1135 708 1299 762 corda
1356 709 1599 763 ﬁdelium
1654 728 1831 781 usque
1861 713 1927 765 ad

318 796 571 850 ultimum
607 797 846 852 electum
898 800 1147 869 quotidie
1202 801 1502 856 dilatantur
1540 802 1606 856 ad
1640 803 1828 866 Deum,
1863 805 1929 858 ad

319 904 483 959 quem
538 889 1023 961 Psalmographus:
1088 896 1255 962 Viam,
1296 894 1497 965 inquit,
1545 897 1933 952 mandatorum

320 988 538 1038 tuorum
549 986 790 1049 cucurri,
811 1000 937 1038 cum
955 985 1199 1039 dilatasti
1223 1001 1313 1040 cor
1331 1003 1513 1042 meum
1534 989 1696 1058 (Psal.
1719 989 1925 1057 cxvui).

321 1074 443 1129 Haec
473 1082 553 1129 est
576 1075 667 1129 illa
700 1075 790 1129 lux
815 1092 913 1146 per
942 1094 1104 1147 quam
1135 1078 1304 1133 Jacob
1330 1080 1435 1133 sibi
1486 1081 1688 1135 ardens
1743 1092 1796 1137 et
1827 1100 1926 1139 no-

318 1162 404 1217 bis
436 1165 749 1227 lucescens,
790 1166 858 1219 de
897 1166 1099 1237 Joseph
1129 1167 1489 1241 ingeminavit
1515 1170 1732 1227 dicens:
1761 1175 1928 1229 Filius

316 1270 619 1309 accrescens
659 1258 864 1324 Joseph,
903 1258 1049 1321 ﬁlius
1101 1273 1403 1313 accrescens
1434 1259 1595 1326 '(Gen.
1638 1264 1811 1332 xmx);
1856 1271 1931 1334 ty-

318 1342 441 1413 pice
466 1343 681 1398 scilicet
708 1344 1006 1415 designans
1036 1346 1181 1415 quod
1215 1362 1311 1415 per
1336 1347 1483 1402 hunc
1516 1365 1742 1418 puerum
1775 1354 1930 1422 pueri

320 1431 467 1485 illius
494 1432 947 1503 praeﬁgurabatur
987 1434 1231 1503 potentia
1273 1436 1341 1490 de
1381 1452 1488 1507 quo
1533 1439 1793 1510 scriptum
1828 1451 1931 1507 est,

318 1524 461 1576 Puer
488 1527 638 1577 Jesus
679 1524 990 1591 proﬁciebat
1030 1531 1188 1579 (etate
1231 1532 1281 1579 et
1333 1530 1601 1596 sapientia
1649 1531 1791 1597 (Luc.
1852 1533 1929 1601 ιι).

2023 531 2297 603 jungitur,
2329 535 2463 584 Deus
2492 534 2824 599 mnnipotens
2858 532 3126 586 benedicet
3160 535 3258 587 tibi
3280 536 3427 604 (Gen.
3450 538 3606 603 XLIX)
3643 552 3659 599 ;

2030 621 2210 690 typice
2240 636 2340 675 nos
2370 622 2669 675 instruens.
2698 629 2756 676 ut
2788 633 2942 691 pater
2967 623 3022 676 in
3057 623 3169 679 lilio
3199 625 3661 680 benedictionem

2033 711 2177 765 illam
2211 712 2568 767 conﬁrmasse
2608 714 2863 768 credatur
2920 715 2987 768 de
3043 731 3152 786 quo
3192 717 3458 787 scriptum
3521 726 3612 771 est
3645 736 3659 770 :

2033 804 2133 864 Qui
2208 804 2537 857 benedixerit
2616 805 2751 871 tibi,
2829 805 3281 861 benedictionibus
3375 809 3664 875 repleatur

2034 891 2160 957 (Gen
2217 892 2411 959 xxvu).
2455 892 2574 948 Haec
2601 901 2683 947 est
2713 893 2803 947 illa
2835 893 2926 947 lux
2958 909 3057 963 per
3105 910 3267 965 quam
3297 894 3502 964 Joseph
3535 912 3660 963 pra)

2036 980 2295 1034 fratribus
2320 983 2435 1035 suis
2456 982 2948 1037 benedictionibus
2989 982 3137 1037 illius
3162 983 3362 1037 meruit
3390 983 3658 1037 illustrari

2032 1084 2303 1131 seorsum,
2370 1071 2437 1123 de
2479 1070 2681 1141 quibus
2735 1071 3115 1145 subjungitur:
3190 1074 3661 1128 Benedictionibus

2032 1160 2149 1212 coeli
2176 1161 2420 1228 desuper,
2444 1167 2495 1214 et
2533 1162 2986 1216 benedictionibus
3023 1163 3199 1231 abyssi
3215 1166 3450 1232 jacentis
3493 1164 3658 1216 deor-

1994 1266 2155 1324 _sum
2195 1252 2340 1321 (Gen.
2384 1256 2563 1319 xux);
2607 1254 2835 1324 mystice
2888 1254 3099 1309 scilicet
3144 1256 3307 1310 nobis
3361 1255 3661 1309 insinuans

2033 1341 2180 1411 quod
2216 1342 2313 1395 has
2344 1342 2763 1397 benedictiones
2778 1342 2845 1395 ad
2879 1342 3030 1395 illum
3050 1343 3660 1412 specialiterdebemus

2038 1428 2260 1496 referre,
2291 1431 2446 1501 cujus
2467 1430 2889 1504 gratiavivimus
2920 1431 2989 1485 de
3019 1447 3140 1486 rore
3168 1432 3316 1495 coeli,
3347 1440 3401 1486 et
3427 1433 3496 1486 de
3519 1433 3657 1501 pin-

2036 1518 2277 1589 guedine
2302 1528 2481 1572 terras.
2506 1518 2627 1572 Ha‘c
2646 1527 2727 1574 est
2749 1518 2841 1572 illa
2862 1518 2952 1571 lux
2982 1534 3079 1588 per
3095 1536 3257 1589 quam
3277 1520 3482 1590 Joseph
3510 1520 3663 1572 inter

322 1606 445 1669 “39¢
474 1623 558 1669 ρει
596 1616 688 1669 illa
735 1617 824 1669 ιυχ
868 1633 964 1686 per
1003 1634 1165 1688 quam
1224 1619 1427 1690 Joseph
1474 1622 1578 1691 pia,
1617 1624 1929 1680 devotionis
1959 1612 2006 1679 Β
2031 1606 2167 1659 alias
2190 1607 2603 1662 benedictioncs
2630 1607 2852 1661 fratrum
2885 1622 3106 1662 suorum
3134 1608 3314 1662 adhuc
3346 1609 3662 1663 illustratus

322 1708 622 1763 illustratus
651 1707 875 1774 affectu,
908 1709 1235 1779 splendidus
1266 1718 1382 1766 erat
1412 1712 1465 1766 in
1509 1715 1719 1781 habitu,
1749 1723 1803 1770 et
1834 1718 1925 1771 de-

316 1789 478 1854 corus
516 1807 770 1871 aspectu:
831 1802 1057 1872 mystice
1104 1802 1317 1858 scilicet
1352 1804 1503 1859 illum
1566 1806 1930 1879 praeﬁgurans

320 1892 633 1957 Dominum,
685 1892 754 1945 de
814 1907 922 1962 quo
971 1893 1233 1963 scriptum
1286 1903 1387 1960 est,
1426 1896 1698 1965 Speciosus
1753 1901 1930 1965 forma

316 2000 428 2052 pra:
462 1986 590 2049 ﬁliis
628 1986 906 2038 hominum
966 1984 1129 2054 (Psal.
1187 1994 1347 2051 κων).
1412 1988 1533 2042 Haec
1575 1996 1658 2042 est
1695 1989 1786 2042 illa
1838 1990 1929 2044 lux

317 2087 439 2143 quae
461 2074 780 2141 mysterium
800 2071 1230 2142 pulchritudinis
1248 2075 1368 2144 ejus
1388 2073 1519 2128 ﬁliis
1536 2077 1785 2150 gentium
1806 2094 1931 2133 esse

320 2160 543 2215 nolebat
583 2161 903 2228 obscurum,
934 2162 1003 2216 dc
1035 2162 1236 2233 quibus
1266 2163 1649 2239 subjungitur:
1683 2168 1806 2221 Filii
1824 2169 1932 2222 dis-

316 2256 608 2305 currerunt
644 2265 805 2319 super
854 2266 1079 2305 murum
1132 2257 1277 2315 (Gen.
1332 2253 1512 2321 xmx);
1554 2252 1930 2325 signiﬁcantes

317 2341 577 2396 videlicet
633 2343 780 2413 quod
812 2340 907 2395 ﬁlii
964 2343 1220 2397 Ecclesiae
1277 2360 1373 2413 per
1424 2346 1756 2401 soliditatem
1798 2346 1928 2402 ﬁdei

319 2430 589 2486 Christum
619 2433 849 2506 diligere
888 2433 1091 2487 debent
1143 2450 1311 2504 super
1338 2450 1531 2490 aurum
1565 2444 1619 2491 et
1646 2437 1925 2508 topazion,

315 2520 361 2574 si
390 2521 445 2575 in
486 2522 686 2577 decore
716 2538 816 2577 suo
846 2522 1029 2576 videre
1062 2522 1377 2578 desiderant
1406 2525 1573 2580 Deum
1609 2526 1838 2582 deorum
1872 2528 1927 2582 in

316 2615 465 2670 Sion.
499 2615 621 2670 Haec
646 2621 729 2669 est
758 2615 850 2668 illa
878 2616 966 2670 lux
1007 2632 1072 2671 ex
1119 2633 1228 2687 qua
1275 2616 1469 2672 fratres
1497 2620 1702 2690 Joseph
1735 2621 1827 2675 diu
1859 2622 1929 2676 ab

319 2718 385 2757 eo
406 2703 702 2758 abalienati
727 2710 876 2770 sunt,
907 2704 975 2758 de
1007 2704 1209 2775 quibus
1262 2705 1525 2776 scriptum
1559 2717 1669 2761 est:
1697 2714 1931 2779 Exaspe-

314 2800 577 2848 raverunt
605 2809 749 2859 eum,
794 2801 843 2847 et
887 2796 1102 2862 jurgati
1150 2799 1300 2857 sunt,
1354 2796 1569 2862 quando
1606 2797 1929 2851 insultantes

314 2892 535 2942 somniis
557 2892 691 2957 ejus,
722 2895 771 2941 et
790 2892 1041 2957 potentiae
1062 2904 1191 2944 sum.
1220 2890 1489 2957 Nunquid,
1522 2893 1801 2958 inquiunt,
1832 2907 1929 2946 rex

2031 1708 2113 1751 est
2152 1698 2646 1753 benedictionibus
2680 1699 2938 1766 uberum,
2984 1700 3035 1754 id
3074 1707 3176 1765 est,
3218 1700 3449 1755 duorum
3487 1709 3664 1754 testa-

1998 1851 2005 1868 ,
2031 1799 2342 1845 mentorum
2369 1791 2485 1845 sive
2516 1792 3001 1847 benedictionibus
3057 1792 3288 1846 uberum
3319 1794 3525 1862 quibus
3563 1794 3658 1845 la-

2034 1890 2176 1936 ctata
2204 1892 2285 1937 est
2317 1883 2547 1938 infantia
2597 1884 2812 1947 Christi,
2854 1885 2923 1937 de
2974 1886 3180 1955 quibus
3230 1885 3499 1954 scriptum
3532 1892 3657 1939 est:

2032 1976 2227 2026 Beatus
2260 1980 2455 2027 venter
2498 1977 2593 2042 qui
2637 1980 2686 2027 te
2737 1976 2992 2043 portavit,
3033 1981 3084 2027 et
3140 1975 3304 2028 ubera
3332 1990 3453 2042 quae
3492 1979 3662 2028 suxi-

2029 2061 2101 2114 sti
2132 2066 2277 2123 (Luc.
2307 2062 2376 2129 x1)
2444 2061 2567 2115 Haec
2597 2070 2680 2115 est
2710 2062 2802 2116 illa
2853 2063 2941 2115 lux
2985 2078 3108 2133 quae
3139 2062 3321 2116 eidem
3355 2062 3565 2131 Joseph
3602 2070 3664 2115 et

2032 2152 2140 2207 alia
2162 2153 2553 2208 benedictione
2572 2154 2796 2209 volebat
2815 2154 3154 2217 illucescerc,
3189 2156 3258 2207 de
3282 2171 3388 2224 qua
3417 2154 3664 2221 subjun-

2032 2240 2209 2313 gitur:
2239 2244 2698 2297 Benedictionibus
2727 2244 2954 2298 uberum
2981 2250 3034 2298 et
3061 2246 3235 2298 vulvae
3259 2243 3416 2314 (Gen.
3454 2248 3607 2310 χιιι)
3646 2262 3663 2303 ;

2033 2346 2130 2400 per
2154 2331 2300 2402 quod
2327 2332 2585 2387 videlicet
2610 2332 2824 2386 vulvam
2855 2332 3002 2386 illam
3044 2332 3363 2402 virginalem
3399 2330 3661 2403 prmﬁgu-

2032 2421 2169 2474 ravit
2213 2421 2263 2474 in
2314 2438 2431 2491 Spe,
2489 2424 2555 2476 de
2607 2440 2714 2493 qua
2754 2422 3041 2487 Jercmias,
3101 2429 3399 2492 Antequam
3456 2429 3662 2487 exires,

2030 2509 2225 2580 inquit,
2245 2512 2307 2565 de
2323 2513 2485 2565 vulva
2520 2515 2859 2577 sancti/icavi
2888 2519 2937 2566 te
2957 2516 3152 2581 (Jerem
3207 2512 3252 2582 ι)
3301 2514 3423 2567 Hice
3451 2520 3534 2566 est
3563 2513 3659 2566 illa

2031 2601 2117 2655 lux
2147 2618 2245 2672 per
2283 2618 2447 2673 quam
2479 2604 2682 2673 Joseph
2706 2604 3186 2659 benedictionibus
3213 2605 3322 2658 illis
3344 2604 3657 2658 confirma-

2035 2707 2121 2750 tus
2161 2705 2246 2751 est
2279 2698 2331 2751 in
2376 2698 2862 2753 benedictionibus
2887 2699 3184 2768 justorum,
3218 2701 3286 2753 dc
3318 2699 3523 2769 quibus
3557 2700 3655 2752 Ja—

2031 2786 2169 2841 cob:
2228 2789 2640 2854 Benedictiones,
2701 2787 2897 2857 inquit,
2957 2792 3133 2857 patris
3201 2790 3283 2842 tui
3335 2790 3660 2854 con/artata:

2028 2886 2158 2933 sunt
2189 2879 2640 2934 benedictionibus
2665 2886 2891 2948 patrum
2920 2886 3137 2935 tuorum
3166 2880 3322 2951 (Gen.
3355 2880 3532 2947 xux);
3565 2887 3655 2949 ty-

315 2986 494 3033 noster
529 2982 653 3045 eris,
682 2986 781 3033 aut
808 2980 1159 3047 subjiciemur
1186 2979 1379 3033 ditioni
1408 2983 1516 3034 tua:
1544 2981 1570 3033 ?
1604 2982 1745 3048 (Gen.
1788 2998 1929 3049 xux,
1958 2960 2007 3028 C
2030 2970 2151 3040 pice
2173 2968 2384 3025 scilicet
2414 2968 2705 3022 insinuans
2736 2970 2881 3040 quod
2914 2969 3057 3024 sicut
3087 2968 3401 3023 benedictio
3440 2968 3654 3039 Joseph

317 3066 405 3131 37)
456 3066 575 3119 Haec
614 3073 695 3119 est
746 3065 836 3119 illa
892 3066 980 3119 lux
1035 3082 1132 3134 per
1178 3082 1340 3137 quam
1395 3065 1449 3118 in
1507 3067 1716 3121 eisdem
1750 3068 1928 3124 fratri-

319 3156 422 3211 bus
440 3157 640 3212 divinae
668 3157 950 3211 charitatis
979 3158 1146 3227 coapit
1171 3157 1450 3212 obscurari
1484 3158 1661 3214 facula
1693 3160 1763 3215 de
1793 3160 1924 3232 qui-

318 3249 420 3304 bus
447 3250 667 3316 dicitur,
700 3252 1016 3307 Inviderunt
1047 3253 1146 3316 illi,
1182 3251 1234 3305 id
1284 3260 1367 3307 est
1415 3251 1643 3317 Christo,
1680 3256 1930 3312 habentes

309 3340 501 3408 jacula
532 3341 679 3405 (Gen.
711 3346 872 3407 xmx),
925 3340 1049 3394 telis
1087 3339 1300 3395 scilicet
1338 3340 1560 3397 invidia:
1594 3360 1707 3397 suae
1739 3345 1930 3415 nequi-

318 3428 445 3482 tiam
481 3428 897 3503 przeﬁgurantes
925 3430 1141 3485 illorum
1176 3429 1244 3483 de
1284 3431 1489 3501 quibus
1528 3432 1787 3503 scriptum
1821 3441 1928 3501 est,

316 3520 539 3589 Sagitta:
576 3524 928 3591 parvulorum
953 3519 1128 3590 facta:
1168 3532 1303 3579 sunt
1323 3526 1499 3593 plaga:
1549 3539 1735 3579 eorum
1766 3526 1928 3595 (Psal.

320 3613 483 3683 Lxm).
504 3613 653 3667 Ἠὼς
685 3622 767 3669 est
798 3613 890 3668 illa
919 3613 1012 3668 lux
1046 3630 1143 3685 per
1162 3614 1642 3684 quamillustratus
1675 3622 1756 3668 est
1782 3614 1928 3668 idem

320 3712 476 3779 pater
518 3706 774 3777 egregius
829 3707 897 3759 de
956 3722 1065 3777 quo
1096 3706 1472 3778 subjungitur,
1531 3708 1671 3762 Sedit
1708 3710 1768 3761 in
1804 3709 1935 3773 forti

327 3813 488 3851 arcus
516 3800 632 3865 ejus
656 3797 820 3866 (Psal.
846 3795 987 3863 val,
1012 3794 1334 3867 signiﬁcans
1355 3796 1611 3850 videlicet
1646 3797 1792 3867 quod
1825 3797 1932 3851 vir-

322 3895 409 3941 tus
437 3885 558 3939 Filii
590 3885 686 3939 Dei
728 3884 1042 3938 ﬁrmissime
1075 3885 1278 3938 mansit
1318 3884 1372 3938 in
1416 3884 1593 3949 Patre,
1626 3888 1847 3957 quando
1874 3889 1930 3942 in

2029 3060 2512 3116 benedictionibus
2550 3060 2836 3131 praevaluit
2898 3061 3146 3128 fratrum,
3192 3062 3266 3116 ita
3326 3061 3655 3117 benedictio

2028 3154 2125 3208 Dei
2159 3154 2330 3207 Patris
2357 3152 2411 3206 in
2468 3152 2596 3217 ﬁde,
2630 3152 3052 3209 benedictioncs
3101 3154 3364 3224 praecellit
3399 3154 3655 3208 omnium

2032 3257 2266 3320 patrum,
2304 3247 2427 3302 Hazc
2472 3255 2555 3302 est
2596 3248 2688 3302 illa
2742 3248 2832 3302 lux
2890 3265 2990 3319 per
3018 3265 3181 3320 quam
3222 3249 3427 3319 Joseph
3470 3248 3555 3302 his
3598 3257 3659 3303 et

2029 3341 2154 3395 aliis
2187 3339 2676 3394 benedictionibus
2705 3340 3007 3395 illustratus
3041 3347 3122 3394 est
3153 3340 3207 3394 in
3238 3340 3412 3411 ﬁgura
3435 3347 3632 3394 sancto

2035 3449 2152 3486 rum
2178 3434 2355 3487 donec
2384 3431 2601 3486 veniret
2631 3432 2967 3487 desiderium
3008 3433 3229 3488 collium
3284 3441 3652 3487 teternorum:

2032 3524 2355 3601 signiﬁcans
2376 3526 2636 3581 videlicet
2667 3526 2814 3597 quod
2856 3528 3017 3581 electi
3050 3527 3143 3581 Dei
3185 3543 3283 3597 pro
3323 3527 3656 3582 excellentia

2032 3616 2340 3672 sanctitatis
2372 3616 2605 3671 collibus
2634 3616 2749 3671 suis
2777 3616 2884 3671 illis
2907 3618 3030 3685 jure
3062 3618 3334 3689 coaequari
3369 3617 3652 3677 videntur,

2034 3708 2103 3761 de
2157 3706 2361 3777 quibus
2409 3706 2670 3776 scriptum
2722 3714 2844 3759 est:
2906 3709 3260 3776 Pinguescent
3292 3711 3521 3777 speciosa
3559 3710 3657 3762 de—

2031 3805 2180 3867 serti,
2213 3808 2264 3855 et
2292 3803 2650 3855 exsultatione
2669 3801 2820 3855 colles
2845 3804 3200 3869 accingentur
3217 3804 3299 3867 (Ps
3327 3816 3489 3861 Lamp.
3528 3801 3656 3854 Haec

2035 3895 2121 3942 est
2152 3888 2242 3942 illa
2270 3888 2358 3942 lux
2390 3904 2489 3958 per
2515 3904 2676 3959 quam
2702 3904 2897 3943 omnes
2916 3888 3033 3943 ista:
3065 3889 3485 3944 benedictiones
3520 3905 3653 3943 ver-

320 3994 446 4033 arca
475 3976 656 4031 crucis
683 3992 875 4046 passus
920 3986 1003 4030 est
1042 3991 1139 4046 pro
1172 3976 1410 4031 Ecclesia
1441 3984 1629 4031 matre.
1682 3978 1806 4033 Haec
1852 3988 1935 4034 est
2038 3976 2121 4030 bis
2143 3976 2529 4048 frequentibus
2552 3975 2888 4032 conﬁrmatae
2918 3984 3047 4031 sunt
3075 3978 3149 4043 ei,
3182 3978 3251 4031 de
3297 3977 3498 4047 quibus
3524 3978 3657 4031 sub—

322 4072 414 4126 illa
444 4072 533 4126 lux
562 4088 659 4142 per
683 4088 846 4141 quam
872 4072 940 4125 ad
967 4072 1222 4125 eumdem
1255 4073 1478 4127 modum
1508 4073 1775 4128 dissoluta
1805 4086 1929 4131 sunt

2032 4066 2302 4138 jungitur,
2336 4070 2497 4121 Fiant
2512 4070 2573 4121 in
2609 4069 2782 4136 capite
2818 4068 3003 4135 Joseph
3055 4073 3107 4121 et
3146 4070 3205 4121 in
3251 4071 3445 4122 vertice
3480 4074 3656 4122 Nam-

321 4162 539 4216 vincula
573 4160 921 4215 brachiorum
951 4161 1089 4230 ejus,
1120 4176 1218 4231 per
1248 4177 1447 4215 manus
1474 4163 1713 4232 potentis
1741 4163 1932 4233 Jacob,

321 4266 430 4323 quo
454 4251 523 4305 de
563 4249 783 4305 vinculo
815 4249 1106 4304 muliebris
1146 4249 1466 4321 imprOperii
1495 4259 1687 4321 postea
1731 4252 1933 4307 libera-

320 4349 407 4395 tus
437 4348 520 4394 est
539 4339 665 4407 Job,
698 4339 879 4410 typice
911 4338 1123 4394 scilicet
1150 4339 1438 4394 insinuans
1465 4340 1613 4411 quod
1635 4356 1731 4411 per
1756 4341 1932 4396 virtu-

318 4441 425 4483 tem
485 4430 534 4484 ei
587 4428 763 4483 Patris
794 4429 1062 4484 dissoluta
1092 4436 1220 4483 sunt
1255 4428 1471 4484 vincula
1502 4430 1705 4500 quibus
1734 4445 1933 4502 corpus

318 4519 513 4576 Christi
552 4521 732 4576 fuerat
771 4520 1020 4595 ligatum,
1070 4521 1293 4592 quando
1334 4520 1526 4575 fratres
1575 4521 1720 4591 ejus,
1760 4522 1815 4575 id
1851 4530 1932 4578 est

313 4610 490 4665 Judaei
519 4611 760 4665 vinctum
798 4626 921 4664 eum
993 4611 1268 4665 duxerunt
1311 4610 1379 4664 ad
1435 4609 1663 4664 Pilatum
1718 4612 1926 4677 (Matth.

313 4703 494 4769 xxvn).
532 4701 654 4756 Haec
693 4709 775 4755 est
806 4701 896 4756 illa
933 4701 1021 4755 lux
1064 4717 1161 4773 per
1199 4717 1362 4773 quam
1395 4700 1562 4755 Jacob
1606 4701 1931 4771 patriarchae

314 4791 407 4845 illa
430 4790 745 4846 benedictio
787 4790 939 4861 prius
970 4790 1240 4861 promissa
1273 4798 1356 4844 est
1396 4791 1449 4843 in
1481 4790 1693 4855 Bethel,
1723 4790 1789 4844 de
1823 4806 1932 4861 qua

312 4884 684 4959 subiungitur.
727 4885 897 4937 ludas
956 4899 1193 4952 egressus
1233 4889 1309 4937 est
1347 4888 1530 4951 pastor
1569 4883 1704 4952 lapis
1764 4884 1931 4938 Israel

312 4977 460 5047 (Gen.
486 4988 648 5043 xuxi,
680 4974 1003 5047 signiﬁcans
1035 4973 1291 5028 videlicet
1313 4973 1463 5044 quod
1486 4974 1554 5027 ad
1578 4973 1742 5028 ﬁdem
1775 4974 1931 5028 Chri-

310 5068 377 5121 sti
411 5084 510 5138 per
535 5067 686 5121 illum
712 5067 937 5121 introire
960 5066 1126 5119 debet
1149 5065 1436 5136 plenitudo
1462 5066 1733 5140 gentium,
1763 5083 1795 5121 a
1820 5082 1929 5139 quo

311 5157 471 5229 lapis,
498 5158 551 5211 id
581 5165 665 5212 est
686 5155 937 5222 firmitas,
972 5162 1053 5209 est
1080 5170 1305 5229 egressa
1319 5155 1683 5211 credentium.
1711 5156 1835 5211 Haec
1849 5165 1931 5211 est

311 5248 533 5315 illalux,
558 5265 657 5320 per
684 5264 847 5319 quam
882 5246 1190 5301 illustratus
1222 5256 1306 5300 est
1339 5247 1570 5317 Joseph.
1599 5245 1743 5301 ﬁlius
1774 5263 1927 5314 suus,

310 5340 403 5393 ubi
441 5349 597 5409 pater
626 5341 747 5410 ejus
776 5340 843 5393 ad
874 5355 999 5393 eum
1027 5356 1039 5391 :
1074 5343 1227 5403 Deus,
1260 5338 1457 5408 inquit,
1487 5342 1658 5406 patris
1694 5341 1796 5393 erit
1824 5340 1927 5392 ad-

302 5435 460 5499 jutor
485 5438 611 5486 tuus
639 5432 846 5501 (ibid);
877 5431 1103 5502 mystice
1121 5431 1335 5484 scilicet
1363 5430 1804 5500 insinuansquod
1835 5446 1930 5501 pa-

314 5522 499 5575 terille
515 5523 757 5576 caelestis
788 5522 959 5577 ﬁliuni
980 5538 1142 5578 suum
1156 5521 1366 5577 fortiter
1395 5522 1603 5592 adjuvit
1629 5522 1684 5576 in
1707 5522 1926 5609 passio-

1951 4299 2008 4368 D

2034 4162 2133 4213 rwi
2184 4159 2338 4230 (Gen.
2398 4163 2576 4226 xux);
2649 4174 2747 4229 per
2799 4174 2937 4230 quas
3002 4158 3261 4214 videlicet
3316 4160 3650 4216 alabastrum

2034 4251 2307 4325 unguenti
2336 4250 2483 4305 illius
2522 4250 2906 4321 pretiosissimi
2963 4250 3128 4305 nobis
3165 4250 3463 4325 allegorice
3507 4269 3651 4322 pra:-

2035 4342 2233 4410 tendit,
2260 4343 2408 4413 quod
2461 4359 2492 4396 a
2544 4342 2725 4413 capite
2783 4341 2978 4397 Christi
3019 4357 3119 4413 per
3162 4343 3347 4398 omnia
3400 4345 3654 4399 membra

2037 4433 2287 4489 Ecclesiae
2318 4449 2492 4505 usque
2532 4434 2600 4487 ad
2629 4433 2878 4488 ultimum
2910 4434 3171 4501 electum,
3204 4434 3323 4489 sine
3364 4434 3654 4490 intermis-

2034 4523 2191 4577 sione
2239 4522 2547 4576 descendit.
2584 4522 2710 4576 Haec
2749 4530 2833 4576 est
2868 4522 2961 4577 illa
3009 4523 3096 4577 lux
3142 4538 3241 4593 per
3268 4539 3432 4594 quam
3480 4522 3654 4579 Jacob

2030 4610 2331 4666 futurarum
2374 4627 2556 4666 rerum
2606 4612 2784 4666 adhuc
2832 4610 3066 4667 obscura
3119 4611 3480 4681 prazdicturus
3538 4628 3654 4682 my-

2031 4703 2227 4758 steria:
2260 4706 2566 4773 Benjamin,
2602 4702 2801 4773 inquit,
2833 4705 2991 4771 lupus
3018 4719 3215 4772 rapax,
3233 4718 3397 4758 mane
3419 4705 3655 4758 comedet

2028 4793 2289 4862 pristiam,
2307 4798 2358 4847 et
2377 4806 2586 4862 vespere
2601 4792 2798 4845 dividet
2824 4792 2993 4860 spolia
3021 4792 3178 4859 (Gen.
3208 4790 3385 4862 xux);
3420 4808 3519 4861 per
3546 4793 3651 4847 hoc

2031 4881 2289 4936 videlicet
2338 4880 2588 4935 ultimam
2628 4879 2944 4935 Judaeorum
2986 4878 3349 4952 praeﬁgurans
3387 4880 3650 4934 salvatio-

2033 4989 2182 5038 nem,
2214 4972 2363 5043 quod
2393 4971 2676 5040 Benjamin
2715 4972 2943 5026 ultimus
2996 4979 3281 5043 paternam
3314 4980 3651 5027 consecutus

2033 5070 2116 5116 est
2142 5060 2616 5115 benedictionem.
2655 5060 2779 5115 Haec
2808 5068 2892 5115 est
2922 5060 3015 5115 illa
3043 5062 3135 5115 lux
3165 5077 3287 5132 quae
3321 5076 3421 5131 per
3442 5069 3649 5132 myste-

2033 5157 2099 5211 rii
2138 5155 2395 5211 salutaris
2451 5154 2753 5211 efﬁcaciam
2794 5155 2849 5210 in
2890 5155 3093 5211 eodem
3133 5156 3422 5225 Benjamin
3471 5156 3651 5227 legem

2033 5247 2197 5302 nobis
2226 5253 2613 5317 praemonstrat
2641 5252 2697 5300 et
2747 5245 2976 5320 gratiam
3010 5262 3023 5298 :
3071 5245 3204 5298 dum
3246 5261 3345 5315 per
3403 5260 3565 5299 mane
3597 5253 3653 5299 et

2031 5357 2313 5412 vesperam
2371 5340 2605 5395 litteram
2656 5339 2814 5393 illam
2847 5356 2913 5395 ac
2967 5339 3222 5410 spiritum
3264 5336 3541 5414 signiﬁcat
3581 5339 3653 5393 de

2032 5432 2236 5503 quibus
2266 5431 2529 5501 scriptum
2571 5438 2691 5485 est:
2742 5432 2926 5484 littera
2991 5430 3202 5494 occidit,
3248 5432 3470 5498 spiritus
3515 5432 3654 5482 vivi-

2030 5523 2159 5586 ﬁcat
2187 5522 2264 5588 (ΙΙ
2287 5524 2404 5575 Cor.
2446 5533 2545 5590 ιιι).
2580 5519 2703 5574 Hmc
2733 5525 2819 5574 est
2849 5519 2942 5574 illa
2973 5518 3062 5572 lux
3093 5534 3191 5588 per
3219 5534 3383 5589 quam
3417 5518 3473 5571 in
3515 5518 3655 5575 Ben-
