3912 6044
173 274 305 331 1001

1243 261 1367 314 LIB.
1412 259 1493 314 DE
1531 252 1860 312 MYSTERIO
1903 249 2078 304 LIGNI
2124 248 2441 304 DOMlNlCl.

3362 251 3508 308 1002

163 401 363 475 iam“),
393 397 487 470 qui
518 397 664 462 ﬁlius
694 393 882 449 doloris
923 407 954 445 a
992 395 1169 444 matre
1194 387 1513 451 vocabatur,
1553 398 1788 439 conver-
1817 388 1862 449 Α
1894 391 2055 430 mane
2085 390 2264 446 usque
2301 375 2370 432 ad
2401 389 2687 446 vesperam
2705 373 3080 475 .perduxi‘mus
3113 375 3243 440 laeti,
3288 381 3506 446 tempus

168 473 254 548 sio
270 486 417 545 beati
439 485 594 542 Pauli
617 481 912 555 allegorice
942 478 1211 552 signatur,
1243 475 1300 530 in
1324 491 1431 546 qua
1455 473 1646 528 dolore
1673 486 1794 528 cor-

178 583 264 638 dis
300 579 641 636 intrinsecus
672 581 868 639 tactus,
905 586 971 626 ex
1021 568 1192 640 impio
1220 567 1366 640 pius,
1403 572 1458 622 et
1495 582 1558 620 ex
1607 581 1796 634 perse-

173 643 363 731 cutore
393 671 588 726 doctor
625 673 712 722 est
748 664 943 720 factus.
979 662 1106 717 Haec
1139 667 1222 716 est
1257 659 1354 714 illa
1379 658 1472 712 lux
1503 673 1602 728 per
1631 671 1795 727 quam

175 763 322 818 bene
351 758 634 834 cognitum
663 760 747 810 est
782 750 1038 809 charitati
1076 754 1273 804 vestrae
1331 745 1479 819 quod
1511 743 1798 814 Benjamin

173 871 206 910 a
235 861 388 924 patre
408 865 509 906 suo
537 854 768 904 vocatus
788 852 874 901 est
904 841 1053 897 ﬁlius
1077 841 1308 905 dextrae,
1336 839 1562 894 Paulum
1585 835 1802 891 scilicet

181 942 526 1020 signiﬁcans,
554 938 650 1012 qui
699 943 823 1010 post
861 933 1298 990 immutationem
1337 930 1544 985 dextrae
1596 924 1800 982 excelsi

176 1019 279 1110 per
305 1034 536 1112 gratiam
568 1030 720 1086 illius
749 1026 1000 1100 quotidie
1022 1024 1195 1080 crevit
1225 1023 1280 1077 in
1312 1022 1571 1088 salutem,
1589 1019 1659 1074 de
1689 1031 1800 1090 quo

174 1127 440 1200 scriptum
456 1132 539 1180 est
559 1140 572 1178 :
604 1126 831 1179 Dextera
849 1120 1062 1176 Domini
1071 1119 1199 1185 fecit
1212 1118 1471 1170 virtutem
1492 1113 1597 1184 (Ps.
1613 1113 1794 1177 cxvn).

179 1217 306 1273 Haec
329 1222 412 1272 est
437 1214 530 1269 illa
583 1213 674 1267 lux
729 1226 827 1280 per
881 1223 1044 1280 quam
1093 1204 1315 1270 Paulus,
1356 1203 1450 1274 qui
1481 1207 1608 1256 ante
1662 1215 1798 1256 con-

176 1308 491 1366 versionem
523 1306 688 1376 lupus
707 1310 825 1357 erat
854 1315 1043 1371 rapax,
1076 1305 1202 1368 post
1242 1293 1663 1352 conversionem
1712 1291 1799 1346 di-

180 1402 322 1457 vinae
359 1398 500 1472 legis
539 1397 716 1452 factus
764 1401 851 1450 est
906 1406 1111 1463 capax:
1153 1388 1378 1460 quando
1433 1392 1660 1457 propter
1696 1385 1801 1472 hoc

1895 476 2065 526 estut
2087 470 2198 538 jam
2239 469 2406 524 corda
2432 467 2885 525 commendemus
2933 467 3193 538 Creatori,
3233 477 3288 524 et
3336 487 3507 526 mem-

1895 561 1994 615 bra
2022 561 2216 632 quieti,
2237 567 2296 614 ut
2319 574 2387 616 eo
2419 559 2656 615 laetiores
2686 575 2789 615 nos
2827 560 3065 616 crastina
3104 561 3350 618 inveniat
3387 562 3507 618 dies

1898 664 2008 720 quo
2041 649 2370 704 hodiernum
2396 648 2640 703 laborem
2683 657 2950 704 nocturna
2982 649 3158 726 magis
3185 651 3507 706 revelaverit

1897 753 2072 809 quies.

1972 827 2033 880 Et
2066 841 2197 881 ecce
2219 825 2350 897 quia
2380 841 2487 881 nox
2527 827 2650 892 ista,
2687 827 3052 893 dilectissimi,
3089 833 3346 900 tanquam
3387 829 3508 886 dies

1901 916 2158 971 hesterna
2196 931 2316 986 quae
2364 916 2644 987 praeteriit,
2679 931 2875 972 aurora
2906 917 3185 985 rutilante,
3220 917 3332 986 jam
3366 935 3508 989 pene

1901 1005 2157 1076 deperiit,
2184 1005 2311 1062 ideo
2333 1022 2484 1060 nunc
2499 1007 2568 1061 de
2596 1007 2840 1061 tenebris
2865 1007 2933 1061 ad
2962 1008 3136 1063 lucem
3168 1009 3506 1080 surgendum

1898 1106 1984 1154 est
2026 1097 2188 1152 nobis
2219 1097 2274 1151 in
2319 1097 2494 1168 ipsius
2544 1099 2770 1154 nomine
2827 1100 2896 1155 de
2927 1116 3036 1171 quo
3074 1101 3338 1172 scriptum
3384 1108 3506 1157 est:

1897 1195 2183 1262 Signatum
2229 1199 2308 1248 est
2337 1207 2499 1262 super
2538 1208 2633 1248 nos
2689 1195 2874 1248 lumen
2912 1197 3096 1252 vultus
3136 1199 3238 1262 tui,
3293 1199 3512 1252 Domine

1901 1285 2068 1357 (Psal,
2095 1286 2190 1358 IV),
2235 1287 2340 1343 Sed
2375 1302 2498 1342 cum
2539 1287 2803 1358 scriptum
2849 1295 2966 1344 Sit:
3010 1293 3258 1346 Primum
3293 1295 3515 1361 quatrite

1900 1399 2131 1453 regnum
2157 1386 2268 1451 Dei,
2300 1391 2350 1438 et
2379 1385 2490 1438 hac
2515 1386 2700 1439 omnia
2747 1384 3076 1454 adﬁcientur
3125 1387 3267 1442 vobis
3305 1386 3510 1456 (Matth.

180 1490 383 1546 Paulus
422 1471 650 1543 vocatus
705 1491 788 1539 est
843 1496 1097 1555 magnus,
1137 1477 1401 1550 quoniam
1456 1491 1522 1530 ex
1559 1471 1798 1545 reprobo
1902 1473 1996 1542 vr),
2037 1472 2317 1528 orationes
2341 1472 2407 1526 ad
2440 1473 2608 1528 Deum
2654 1473 2831 1543 primo
2871 1471 3138 1529 faciendae
3167 1481 3294 1529 sunt
3333 1476 3512 1540 nobis,

179 1578 387 1650 probus
413 1583 469 1632 et
506 1591 570 1630 ex
601 1575 732 1644 lupo
753 1570 930 1626 factus
970 1576 1055 1623 est
1085 1582 1280 1642 agnus.
1313 1565 1448 1619 Haec
1471 1569 1556 1619 est
1588 1561 1682 1616 illa
1709 1560 1802 1616 lux
1903 1569 1964 1616 ut
1993 1562 2062 1616 ad
2093 1562 2435 1636 pergendum
2481 1561 2586 1616 iter
2613 1561 2724 1618 diei
2755 1565 3066 1634 praesentis,
3124 1582 3156 1620 a
3189 1565 3362 1621 latere
3393 1583 3516 1622 cor-

183 1681 290 1738 qua
343 1681 409 1720 ex
470 1663 666 1718 eodem
719 1657 979 1730 Apostolo
1030 1655 1201 1710 divini
1257 1651 1485 1708 luminis
1543 1665 1802 1723 magnum
1832 1685 1879 1753 Β
1906 1657 2059 1728 poris
2085 1655 2304 1712 facilius
2339 1656 2582 1713 solvatur
2608 1657 2859 1714 navicula
2898 1660 3120 1715 mentis.
3154 1661 3350 1716 Verum
3393 1678 3514 1717 cum

183 1759 416 1817 contulit
457 1771 681 1825 munus,
710 1754 840 1808 dum
873 1750 1032 1824 quasi
1061 1750 1119 1804 in
1149 1748 1319 1804 corde
1351 1762 1452 1802 suo
1483 1745 1690 1800 factum
1723 1751 1807 1798 est

183 1866 418 1924 vespere
457 1855 512 1904 et
542 1861 704 1902 mane
742 1844 864 1900 dies
905 1858 1087 1898 unus:
1121 1841 1253 1913 quia
1291 1838 1423 1894 dum
1456 1837 1705 1893 Christus
1736 1833 1803 1890 ad

185 1945 331 2000 viam
365 1941 614 1998 veritatis
640 1937 884 2010 seipsum
917 1934 1028 1990 sibi
1066 1931 1302 2005 praebuit
1337 1931 1560 1992 ducem,
1588 1933 1804 1984 noctem

187 2037 310 2106 ejus
337 2035 394 2090 in
441 2033 616 2100 diem,
657 2037 712 2086 ct
741 2028 998 2086 tenebras
1050 2024 1300 2081 vertebat
1329 2023 1386 2078 in
1427 2024 1626 2078 lucem.
1682 2019 1809 2076 Haec

187 2133 273 2181 est
297 2123 390 2178 illa
426 2122 515 2178 lux
559 2136 661 2192 per
690 2134 854 2190 quam
905 2115 1216 2184 Benjamin,
1247 2113 1342 2186 qui
1373 2127 1535 2166 mane
1565 2109 1805 2181 praedam

187 2213 431 2270 comedit
473 2218 530 2266 et
575 2223 808 2280 vespere
862 2202 1289 2278 Spolia‘divisit,
1321 2217 1420 2272 per
1477 2197 1804 2254 eﬁ‘usionem

187 2303 477 2378 sanguinis
498 2299 812 2374 prophetici
832 2313 1054 2354 causam
1080 2293 1398 2365 rapacitatis
1422 2289 1626 2356 amisit,
1642 2287 1808 2360 signi-

186 2392 360 2450 ﬁcans
387 2391 646 2449 videlicet
674 2389 823 2462 quod
849 2388 991 2443 sicut
1019 2386 1078 2440 in
1125 2383 1309 2456 praeda
1337 2399 1498 2454 quam
1534 2396 1694 2436 mane
1719 2394 1810 2435 co-

190 2481 366 2536 medit
394 2484 813 2552 praemonstrata
852 2485 938 2531 est
967 2473 1129 2530 nobis
1183 2472 1454 2542 rapacitas
1499 2471 1700 2535 Saulis,
1731 2469 1812 2525 sic

191 2573 250 2628 in
278 2570 472 2644 spoliis
509 2585 632 2642 quae
658 2583 892 2639 vespere
927 2565 1114 2621 divisit
1139 2563 1372 2639 ﬁgurata
1403 2571 1487 2618 est
1540 2561 1810 2632 praedica-

188 2659 268 2717 tio
300 2658 478 2716 Pauli.
513 2657 640 2714 Haec
668 2663 752 2712 est
780 2656 872 2711 illa
919 2655 1010 2709 lux
1039 2669 1142 2725 per
1169 2668 1334 2724 quam
1367 2666 1530 2708 omne
1562 2649 1710 2722 quod
1743 2648 1810 2704 de

189 2752 476 2824 Benjamin
505 2750 662 2823 prius
687 2747 1010 2820 praedictum
1061 2751 1178 2802 erat
1205 2743 1489 2811 historice,
1518 2750 1714 2814 postea
1755 2741 1812 2795 in

193 2845 362 2902 Paulo
389 2843 722 2916 completum
765 2848 849 2896 est
875 2839 1194 2914 allegorice,
1244 2837 1467 2910 quando
1497 2836 1552 2890 in
1585 2849 1812 2890 excessu

188 2935 394 2992 mentis
423 2950 560 3001 suae,
589 2931 848 2989 eumdem
877 2929 1164 3002 Benjamin
1185 2929 1253 2984 ad
1286 2927 1585 2985 Ecclesiam
1616 2925 1712 2981 Dei
1745 2925 1814 2981 li-

195 3029 332 3085 bero
362 3035 690 3099 prosecutus
712 3031 796 3080 est
823 3039 1044 3099 gressu,
1069 3023 1138 3078 de
1168 3037 1280 3094 quo
1308 3021 1540 3078 dicitur:
1567 3020 1648 3074 Ibi
1675 3023 1815 3074 Ben—

181 3122 371 3192 jamin
390 3119 814 3176 adolescentulus
843 3121 905 3172 in
936 3119 1134 3173 mentis
1163 3131 1379 3172 excessu
1419 3114 1578 3182 tPsal.
1621 3113 1810 3183 van).

191 3211 350 3268 llnde
394 3219 450 3268 et
484 3209 682 3267 beatus
728 3215 813 3264 est
843 3208 936 3264 ille
994 3207 1111 3280 qui,
1162 3203 1422 3277 exemplo
1475 3203 1643 3259 illius.
1680 3204 1813 3258 vitia

192 3320 370 3376 pauca
398 3309 454 3359 et
482 3303 710 3358 virtutes
759 3300 1017 3355 habuerit
1063 3299 1239 3365 mille,
1281 3297 1477 3352 beatus
1530 3296 1810 3362 nimirum,

199 3396 294 3468 qui
340 3411 443 3468 per
479 3392 769 3449 exterioris
805 3390 1048 3447 hominis
1085 3389 1394 3444 ariditatem
1437 3393 1492 3442 et
1530 3386 1816 3442 interioris

192 3487 528 3554 viredinem,
557 3484 682 3540 aliis
711 3483 876 3538 etiam
909 3483 979 3537 de
1009 3481 1142 3536 boni
1173 3479 1360 3536 odoris
1377 3478 1520 3534 solet
1545 3477 1816 3532 instillare

200 3573 576 3636 dulcedinem,
625 3572 723 3628 sed
755 3571 972 3626 beatior
1017 3570 1247 3624 multum
1287 3568 1356 3636 si,
1405 3584 1503 3639 per
1532 3564 1817 3622 ineffabile

195 3674 402 3724 sanctae
429 3664 716 3722 Trinitatis
743 3663 1031 3728 auxilium,
1099 3676 1277 3732 usque
1325 3659 1382 3714 in
1437 3659 1600 3713 ﬁnem
1657 3671 1818 3712 suum

198 3757 366 3814 bonis
391 3755 658 3828 Operibus
684 3753 998 3832 germinare
1020 3757 1272 3819 conatur,
1289 3757 1349 3806 ut
1373 3749 1550 3806 lilium
1574 3749 1632 3804 in
1658 3746 1821 3804 stilli-

201 3844 372 3915 cidio,
394 3845 606 3902 scilicet
632 3845 782 3901 illius
811 3845 942 3902 boni
971 3843 1160 3916 operis
1181 3857 1410 3916 germen
1433 3841 1724 3909 inchoans,
1769 3848 1824 3896 et

195 3939 255 3995 in
291 3939 416 4010 ipso
442 3937 846 4006 determinans,
875 3937 947 3994 de
977 3951 1088 4010 quo
1118 3935 1384 4007 scriptum
1417 3941 1536 3991 est:
1567 3939 1634 3990 In
1658 3934 1822 3991 stilli-

198 4028 352 4082 cidiis
381 4030 498 4098 ejus
535 4027 812 4082 tmtabitur
829 4029 1145 4096 germinum
1179 4024 1348 4096 (Psal.
1373 4024 1538 4094 thv).

275 4114 414 4170 Ecce
479 4116 738 4186 quoniam
788 4114 844 4168 in
899 4114 1096 4186 pelago
1145 4112 1576 4184 Scripturarum,
1631 4109 1826 4166 fratres

211 4205 549 4272 cbarissimi,
576 4207 689 4276 jam
730 4205 824 4261 diu
857 4204 1209 4272 ﬂuctuamus,
1239 4204 1368 4260 dum
1409 4202 1828 4259 benedictiones

211 4297 569 4371 antiquorum
598 4298 842 4364 Patrum,
874 4295 1088 4352 Christo
1117 4295 1326 4372 remige
1358 4295 1426 4350 ad
1458 4301 1678 4367 portum
1705 4308 1826 4364 pcr-

1905 1747 2130 1802 mundis
2159 1749 2386 1815 munda,
2425 1755 2480 1804 et
2519 1749 2866 1822 spiritalibus
2917 1750 3157 1808 debeant
3211 1755 3518 1824 comparari

1905 1839 2196 1912 spiritalia,
2238 1846 2456 1918 Lampus
2486 1847 2568 1895 est
2597 1845 2658 1894 ut
2703 1841 2814 1907 jam
2871 1841 2924 1895 in
2959 1857 3070 1896 una
3100 1858 3268 1897 manu
3307 1843 3517 1912 tabula,

1907 1937 1961 1985 et
1993 1929 2166 2000 stylus
2201 1927 2502 1998 recipiatur
2529 1928 2586 1982 in
2612 1928 2738 1992 alia,
2771 1929 3033 2000 quoniam
3065 1929 3134 1984 de
3161 1931 3426 1986 uxoribus
3467 1939 3520 1986 et

1910 2019 2040 2075 ﬁliis
2063 2019 2232 2076 Jacob
2262 2020 2428 2076 hodie
2467 2019 2796 2076 brevissime
2842 2020 3220 2087 tractabimus,
3273 2039 3395 2094 quae
3451 2023 3521 2078 ab

1908 2113 2026 2168 heri
2059 2119 2115 2168 et
2155 2112 2361 2168 nudius
2386 2113 2580 2168 tertius
2626 2111 2684 2167 in
2726 2114 2873 2170 hunc
2901 2113 3046 2168 diem
3085 2115 3366 2170 tractanda
3413 2131 3523 2170 ser-

1907 2203 2177 2258 vavimus.
2207 2203 2386 2258 Nostis
2415 2204 2642 2276 quippe,
2689 2203 3057 2271 dilectissimi,
3090 2205 3238 2276 quod
3283 2205 3373 2259 lux
3419 2221 3520 2258 an-

1911 2291 2080 2363 tiqua
2106 2291 2410 2348 divinitatis
2456 2292 2711 2348 eumdem
2741 2292 2911 2348 Jacob
2955 2292 3342 2363 multipliciter
3386 2293 3518 2347 illu-

1909 2380 2122 2447 stravit,
2154 2381 2284 2436 dum
2341 2381 2409 2436 de
2439 2381 2654 2436 duabus
2712 2380 2902 2436 liberis
2957 2385 3011 2436 ct
3041 2380 3259 2436 duabus
3285 2381 3520 2450 ancillis,

1913 2471 2448 2528 duodecimosﬁlios
2497 2473 2800 2548 generavit,
2843 2489 2916 2528 ne
2946 2473 3194 2548 ignotum
3244 2473 3316 2529 sit
3361 2473 3524 2530 nobis

1913 2562 2061 2633 quod
2089 2561 2145 2616 in
2173 2561 2260 2616 his
2288 2560 2632 2635 signiﬁcetur
2677 2571 2771 2618 aut
2791 2563 2849 2618 in
2882 2563 3010 2632 illis,
3039 2579 3162 2619 cum
3186 2581 3326 2621 nova
3355 2565 3443 2620 lex
3469 2567 3524 2620 in

1912 2657 2121 2726 liberis,
2153 2664 2206 2712 et
2233 2666 2392 2714 vetus
2422 2656 2689 2733 figuretur
2714 2659 2768 2714 in
2799 2659 3031 2716 ancillis.
3066 2660 3134 2716 Ut
3189 2669 3369 2718 autem
3403 2679 3528 2718 ver-

1917 2747 2004 2802 bis
2031 2749 2270 2803 historiae
2296 2749 2616 2820 mysterium
2648 2748 2978 2824 suffragetur
3004 2751 3303 2827 allegoriae,
3334 2752 3524 2808 scien-

1917 2837 2049 2893 dum
2078 2845 2162 2893 est
2199 2837 2348 2909 quod
2379 2839 2448 2895 de
2477 2840 2684 2896 eisdem
2719 2840 3012 2896 duodecim
3059 2841 3160 2896 ﬁlii
3185 2859 3282 2898 sex
3312 2842 3528 2900 fuerant

1920 2927 2046 2995 Liaa,
2075 2934 2348 2999 quatenus
2376 2935 2488 2984 tres
2527 2929 2649 2984 alia:
2675 2945 2876 2986 uxores
2921 2946 2988 2986 eo
3019 2931 3220 2987 melius
3257 2947 3528 3008 recogno-

1917 3027 2137 3076 scerent
2161 3020 2304 3076 filios
2344 3036 2500 3088 suos,
2535 3037 2644 3093 quo
2677 3023 2892 3078 Balaam
2925 3029 2981 3078 et
3019 3023 3220 3094 Zelpha
3268 3033 3524 3096 quatuor,

1917 3121 1972 3167 et
2025 3112 2224 3167 Rachel
2265 3112 2457 3168 habuit
2505 3113 2662 3169 duos.
2721 3114 2830 3170 Sed
2889 3116 3192 3171 notandum
3241 3125 3324 3172 est
3370 3117 3530 3174 nobis

1914 3200 2085 3272 quod,
2119 3201 2263 3255 inter
2289 3200 2412 3256 illos
2444 3201 2641 3256 fratres
2665 3203 2756 3274 qui
2807 3204 2875 3258 de
2907 3204 3102 3260 liberis
3132 3205 3348 3264 fuerant.
3394 3208 3532 3276 nati,

1916 3289 2012 3345 ﬁlii
2041 3292 2206 3346 etiam
2240 3291 2565 3346 ancillarum
2600 3298 2828 3362 paterna
2866 3301 2994 3349 sunt
3017 3295 3412 3350 benedictione
3441 3313 3532 3350 sa-

1915 3381 2072 3448 crati,
2101 3388 2162 3435 ut
2191 3395 2312 3446 nos,
2346 3381 2600 3450 exemplo
2637 3395 2851 3448 eorum,
2881 3397 2946 3436 eo
2977 3383 3240 3451 majorem
3275 3383 3530 3438 ﬁduciam

1917 3471 2221 3527 habeamus
2240 3487 2340 3542 per
2368 3470 2639 3526 Christum
2668 3471 2733 3526 ad
2759 3473 2928 3526 Deum
2962 3488 3072 3544 quo
3102 3473 3160 3528 in
3183 3473 3534 3531 benedictio-

1919 3560 2084 3615 nibus
2121 3560 2340 3616 illorum
2380 3574 2492 3615 non
2540 3567 2658 3615 erat
2693 3575 3051 3629 personarum
3099 3566 3334 3633 acceptio
3389 3566 3538 3635 apud

1920 3667 2046 3706 eum
2079 3651 2202 3718 (Col.
2243 3651 2345 3720 ιιι).
2391 3649 2472 3704 Ab
2493 3648 2614 3720 ipso
2646 3649 2855 3722 quippe
2883 3651 3252 3707 communiter
3299 3653 3382 3708 eis
3412 3653 3539 3710 data

1922 3749 2008 3796 est
2033 3741 2208 3817 gratia
2231 3746 2472 3811 paternae
2501 3739 2931 3807 benedictionis,
2973 3741 3069 3813 qui
3093 3743 3274 3798 divisit
3317 3747 3392 3800 eis
3431 3751 3538 3800 ter-

1919 3845 2045 3885 ram
2073 3833 2134 3884 in
2186 3831 2434 3897 funiculo
2467 3829 2864 3886 distributionis
2894 3833 3055 3900 (Psal.
3099 3832 3326 3904 Lxxvu),
3359 3833 3540 3909 signi-

1924 3919 2098 3977 ﬁcans
2149 3920 2412 3976 videlicet
2447 3921 2594 3994 quod
2656 3923 2800 3978 Deus
2847 3923 3202 3995 omnipotens
3257 3925 3535 3981 neminem

1924 4017 2042 4073 vult
2069 4015 2279 4088 peccati
2309 4023 2483 4072 morte
2506 4017 2708 4087 perire,
2747 4016 2846 4072 sed
2875 4033 3071 4074 omnes
3102 4021 3170 4074 ad
3201 4020 3541 4091 agnitionem

1925 4107 2173 4164 veritatis
2191 4107 2380 4162 venire
2412 4109 2461 4178 (I
2511 4111 2642 4163 Tim.
2679 4111 2757 4176 ιι).
2800 4109 2920 4165 Non
2951 4110 3098 4165 enim
3139 4111 3420 4166 distinctio
3462 4119 3544 4166 est

1926 4209 2109 4258 utrum
2142 4202 2218 4256 sis
2253 4202 2477 4256 Iudaeus
2517 4218 2585 4256 an
2627 4203 2869 4270 Graecus,
2903 4205 3171 4259 barbarus
3211 4222 3282 4260 an
3320 4206 3542 4276 Scytha,

1930 4314 2053 4354 cum
2114 4315 2212 4370 per
2260 4297 2488 4373 gratiam
2537 4297 2830 4354 Salvatoris
2867 4313 3062 4354 omnes
3115 4307 3321 4355 aeterna
3365 4300 3548 4370 capiat

214 4387 422 4442 ducere
448 4387 777 4445 curavimus.
829 4393 1049 4456 tempus
1081 4391 1163 4440 est
1213 4391 1274 4439 ut
1325 4401 1505 4442 sermo
1537 4390 1726 4440 noster
1760 4365 1906 4438 deD
1930 4391 2062 4458 vita,
2084 4391 2128 4446 si
2152 4398 2337 4446 tamen
2369 4390 2463 4444 hic
2495 4389 2713 4460 corpori
2732 4389 3224 4458 ejusconciliantur
3239 4407 3336 4460 per
3358 4389 3546 4457 ﬁdem,

213 4476 491 4550 profundo
540 4479 952 4552 mysteriorum,
1007 4477 1168 4550 quasi
1221 4477 1641 4534 sublevantibus
1669 4475 1834 4532 undis

213 4569 448 4634 excitus,
493 4585 616 4626 cum
651 4570 902 4626 navicula
940 4569 1146 4626 mentis
1199 4571 1530 4640 quantocius
1560 4569 1834 4640 perduca-

213 4665 307 4714 tur
325 4656 394 4713 ad
425 4657 598 4714 littus.
632 4657 740 4713 Sed
771 4658 900 4728 quia
929 4655 1094 4712 ﬁnem
1129 4656 1397 4712 orationis
1425 4663 1646 4720 nostrae,
1678 4655 1836 4727 quasi

216 4747 506 4820 planitiem
540 4753 698 4803 terrae
743 4747 991 4803 nondum
1030 4745 1278 4819 perfecte
1327 4744 1516 4802 videre
1567 4744 1832 4807 valemus,

217 4841 449 4918 dignum
484 4851 568 4899 est
624 4848 681 4898 ut
718 4842 774 4896 in
808 4842 1020 4898 Christo
1060 4843 1191 4898 Jesu
1244 4841 1543 4897 anchoram
1575 4839 1694 4910 spei
1733 4853 1838 4894 no-

220 4937 348 5006 strg
385 4928 704 4987 ﬁrmissime
742 4930 1100 4998 collocemus,
1130 4937 1406 5003 quatenus
1443 4928 1500 4983 in
1546 4927 1648 4984 hac
1675 4932 1840 4983 nocte

221 5021 402 5098 gratia
428 5021 594 5080 nobis
623 5022 992 5080 obumbrante
1040 5038 1307 5094 superna,
1360 5020 1438 5076 ibi
1471 5036 1574 5077 nos
1612 5021 1733 5076 dies
1761 5019 1844 5076 in-

218 5114 407 5172 veniat
436 5114 698 5182 crastina,
744 5114 838 5170 ubi
897 5115 1108 5170 dimisit
1161 5114 1445 5170 hodierna.
1501 5113 1653 5170 Sicut
1689 5114 1838 5170 enim

223 5208 498 5267 hodierna
518 5211 610 5268 die
641 5211 710 5267 de
735 5210 904 5268 Iacob
937 5218 994 5267 et
1021 5210 1148 5266 ﬁliis
1186 5211 1310 5282 ejus
1333 5210 1560 5282 c0piose
1589 5211 1841 5266 tractavi-

222 5314 374 5368 mus,
397 5299 478 5355 sic
507 5301 745 5358 crastina
774 5301 865 5356 die
892 5301 961 5357 de
993 5299 1262 5356 uxoribus
1295 5299 1416 5368 ejus
1441 5314 1507 5354 ac
1535 5297 1726 5354 liberis
1754 5315 1840 5364 ea,

220 5405 345 5462 quae
371 5389 556 5447 adhuc
601 5398 829 5459 restant,
897 5392 1296 5464 compendiose
1343 5389 1722 5461 tractabimus,
1773 5407 1842 5446 ne

219 5479 292 5535 de
321 5480 494 5554 gestis
523 5480 744 5536 illorum
786 5482 982 5552 raptim
1033 5480 1268 5536 transire
1303 5479 1595 5536 videamur
1619 5479 1687 5534 ad
1713 5479 1839 5547 alia,

217 5583 345 5624 cum
376 5569 431 5624 in
463 5584 655 5625 eorum
690 5569 918 5626 historia
967 5586 1200 5644 granum
1258 5568 1486 5642 aliquod
1532 5567 1712 5624 adhuc
1763 5568 1842 5624 la-

222 5671 342 5718 tere
373 5665 627 5721 videatur
656 5664 761 5721 sub
818 5665 998 5736 palea.
1041 5665 1199 5722 Unde
1251 5665 1381 5738 quia
1443 5664 1588 5719 diem
1638 5663 1786 5719 hunc
1815 5679 1845 5720 a

569 5794 866 5860 PATROL.
918 5793 1117 5859 CLX.

1934 4482 2028 4554 qui
2064 4496 2188 4536 cum
2214 4481 2373 4536 Patre
2405 4489 2460 4535 et
2497 4479 2706 4551 Spiritu
2737 4495 2959 4550 semper
2994 4486 3080 4535 est
3118 4497 3262 4536 unus
3293 4488 3348 4536 et
3376 4480 3546 4536 idem.

1935 4571 2090 4628 Unde
2144 4571 2189 4626 si
2256 4587 2357 4626 nos
2409 4569 2844 4626 misericordiam
2909 4567 3222 4625 Conditoris
3295 4570 3552 4627 conside-

1937 4679 2124 4720 remus
2176 4665 2410 4733 intente,
2469 4663 2610 4718 nihil
2653 4662 2867 4718 confert
2916 4663 2962 4718 si
3018 4663 3144 4735 quis
3208 4663 3416 4720 nobilis
3480 4665 3554 4720 sit

1940 4755 1997 4810 in
2045 4769 2230 4818 carne,
2280 4753 2389 4808 nisi
2443 4754 2686 4810 nobilior
2737 4753 3003 4825 probetur
3057 4754 3112 4809 in
3154 4763 3360 4821 mente,
3403 4773 3552 4828 quo-

1938 4843 2090 4898 niam
2112 4841 2166 4896 in
2201 4849 2406 4898 aeterna
2431 4843 2610 4915 patria
2630 4843 2836 4917 gradus
2865 4859 2962 4899 eos
2985 4858 3096 4899 non
3117 4842 3382 4900 discernit
3412 4845 3554 4900 nati—

1939 4933 2142 4999 vitatis,
2173 4948 2312 5007 quos
2334 4933 2424 4989 hic
2452 4935 2694 5006 aequales
2732 4933 2863 4991 facit
2889 4935 3095 5004 glunitas
3127 4935 3432 4992 charitatis.
3465 4936 3557 4993 Sic

1941 5027 2090 5084 enim
2133 5041 2426 5082 commune
2459 5033 2514 5082 et
2533 5026 2798 5082 omnibus
2824 5043 3053 5102 regnum
3087 5027 3204 5094 Dei,
3234 5037 3295 5084 ut
3324 5043 3418 5083 rex
3451 5029 3554 5083 mi-

1943 5119 2048 5186 liti,
2083 5127 2137 5174 et
2163 5117 2324 5172 miles
2362 5118 2605 5174 assideat
2643 5119 2781 5194 regi,
2823 5118 2920 5174 ubi
2951 5119 3006 5174 in
3047 5117 3161 5175 Deo
3185 5118 3348 5175 Patre
3379 5125 3434 5174 et
3463 5133 3558 5176 co-

1942 5219 2149 5268 aeterno
2175 5210 2298 5279 ejus
2328 5209 2485 5274 Filio,
2514 5225 2707 5265 servus
2733 5210 2980 5276 domino,
3025 5219 3080 5264 et
3107 5210 3225 5284 regi
3255 5224 3561 5285 conregna-

1942 5305 2022 5360 bit
2043 5303 2237 5376 opilio.
2265 5303 2342 5358 lbi
2370 5303 2574 5375 quippe
2611 5303 2920 5376 discipulus
2951 5310 3006 5359 et
3031 5302 3314 5375 magister,
3336 5303 3414 5358 ibi
3444 5319 3560 5358 ser-

1942 5409 2043 5448 vus
2075 5399 2130 5447 et
2173 5391 2334 5457 liber,
2365 5389 2443 5446 ibi
2485 5391 2653 5448 Jacob
2693 5399 2748 5447 et
2786 5390 3012 5458 Rachel,
3068 5393 3208 5466 Agar
3252 5399 3306 5447 et
3362 5391 3562 5448 lsmael

1943 5495 2138 5537 omnes
2157 5487 2444 5536 versantur
2476 5480 2704 5551 pariter,
2749 5481 2880 5552 quia
2926 5479 3152 5552 dignum
3185 5489 3271 5536 est
3295 5486 3356 5536 ut
3384 5480 3460 5534 ibi
3493 5479 3566 5536 sit

1946 5570 2095 5628 ﬁlius
2131 5570 2347 5628 ancilla
2376 5586 2501 5627 cum
2545 5569 2661 5628 ﬁlio
2688 5571 2900 5638 liberae,
2943 5571 3201 5627 omnibus
3239 5571 3297 5626 in
3351 5570 3564 5628 Christo

1945 5679 2116 5719 unum
2159 5679 2300 5731 esse,
2357 5669 2412 5720 et
2440 5678 2612 5718 unum
2672 5670 2756 5719 est
2784 5663 2987 5719 vivere.
3041 5663 3134 5719 His
3164 5663 3334 5735 igitur
3359 5664 3567 5731 verbis,

3075 5791 3152 5854 32
