  <div class='ocr_page' id='page_1' title='image "/cluster/home/n/w/nwhite01/storage/ocr_20150623/160/hvd.32044054760186/507.png"; bbox 0 0 3912 6044; ppageno 0'>
   <div class='ocr_carea' id='block_1_1' title="bbox 385 193 524 250">
    <p class='ocr_par' dir='ltr' id='par_1_1' title="bbox 385 193 524 250">
     <span class='ocr_line' id='line_1_1' title="bbox 385 193 524 250; baseline 0.014 -2"><span class='ocrx_word' id='word_1_1' title='bbox 385 193 524 250; x_wconf 83' lang='grc'><strong>1003</strong></span> 
     </span>
    </p>
   </div>
   <div class='ocr_carea' id='block_1_2' title="bbox 1368 182 2731 241">
    <p class='ocr_par' dir='ltr' id='par_1_2' title="bbox 1368 182 2731 241">
     <span class='ocr_line' id='line_1_2' title="bbox 1368 182 2731 241; baseline -0.002 -2"><span class='ocrx_word' id='word_1_2' title='bbox 1368 185 1729 241; x_wconf 82' lang='lat' dir='ltr'><strong>BERENGOSI</strong></span> <span class='ocrx_word' id='word_1_3' title='bbox 1770 184 2044 239; x_wconf 72' lang='lat' dir='ltr'><strong>ABBATIS</strong></span> <span class='ocrx_word' id='word_1_4' title='bbox 2085 186 2138 238; x_wconf 86' lang='lat' dir='ltr'><strong>S.</strong></span> <span class='ocrx_word' id='word_1_5' title='bbox 2181 183 2427 238; x_wconf 80' lang='lat' dir='ltr'><strong>MAXIMI</strong></span> <span class='ocrx_word' id='word_1_6' title='bbox 2466 182 2731 238; x_wconf 77' lang='grc' dir='ltr'>ΤιιΕνιιι.</span> 
     </span>
    </p>
   </div>
   <div class='ocr_carea' id='block_1_3' title="bbox 3570 183 3718 238">
    <p class='ocr_par' dir='ltr' id='par_1_3' title="bbox 3570 183 3718 238">
     <span class='ocr_line' id='line_1_3' title="bbox 3570 183 3718 238; baseline 0.014 -1"><span class='ocrx_word' id='word_1_7' title='bbox 3570 183 3718 238; x_wconf 73' lang='grc'><strong>1004</strong></span> 
     </span>
    </p>
   </div>
   <div class='ocr_carea' id='block_1_4' title="bbox 386 312 3728 417">
    <p class='ocr_par' dir='ltr' id='par_1_4' title="bbox 386 312 3728 417">
     <span class='ocr_line' id='line_1_4' title="bbox 386 312 3728 417; baseline -0.003 -19"><span class='ocrx_word' id='word_1_8' title='bbox 386 346 516 417; x_wconf 87' lang='lat' dir='ltr'><strong>quia</strong></span> <span class='ocrx_word' id='word_1_9' title='bbox 538 344 684 397; x_wconf 88' lang='lat' dir='ltr'><strong>diem</strong></span> <span class='ocrx_word' id='word_1_10' title='bbox 717 342 867 394; x_wconf 89' lang='lat' dir='ltr'><strong>hunc</strong></span> <span class='ocrx_word' id='word_1_11' title='bbox 905 354 1081 409; x_wconf 90' lang='lat' dir='ltr'><strong>usque</strong></span> <span class='ocrx_word' id='word_1_12' title='bbox 1116 339 1182 391; x_wconf 87' lang='lat' dir='ltr'><strong>ad</strong></span> <span class='ocrx_word' id='word_1_13' title='bbox 1224 352 1530 407; x_wconf 80' lang='lat' dir='ltr'><strong>vesperam,</strong></span> <span class='ocrx_word' id='word_1_14' title='bbox 1581 337 1690 390; x_wconf 69' lang='lat' dir='ltr'><strong>laeti</strong></span> <span class='ocrx_word' id='word_1_15' title='bbox 1725 335 1995 407; x_wconf 89' lang='lat' dir='ltr'><strong>transegi-</strong></span> <span class='ocrx_word' id='word_1_16' title='bbox 2026 321 2073 388; x_wconf 85' lang='grc' dir='ltr'><strong>Α</strong></span> <span class='ocrx_word' id='word_1_17' title='bbox 2098 316 2231 370; x_wconf 65' lang='lat' dir='ltr'><strong>mini</strong></span> <span class='ocrx_word' id='word_1_18' title='bbox 2273 315 2659 417; x_wconf 52' lang='grc' dir='ltr'><strong>ῙΠΡξηοξίθηῖξθ</strong></span> <span class='ocrx_word' id='word_1_19' title='bbox 2700 323 2755 417; x_wconf 50' lang='grc' dir='ltr'><strong>εξ</strong></span> <span class='ocrx_word' id='word_1_20' title='bbox 2785 314 2950 370; x_wconf 73' lang='grc' dir='ltr'><strong>ονίηο</strong></span> <span class='ocrx_word' id='word_1_21' title='bbox 2982 312 3440 417; x_wconf 17' lang='grc' dir='ltr'><strong>υξυηίυτὲνθέίθξθ</strong></span> <span class='ocrx_word' id='word_1_22' title='bbox 3464 314 3599 413; x_wconf 48' lang='lat' dir='ltr'><strong>qum</strong></span> 
     </span>
    </p>
   </div>
   <div class='ocr_carea' id='block_1_5' title="bbox 384 424 1997 499">
    <p class='ocr_par' dir='ltr' id='par_1_5' title="bbox 384 424 1997 499">
     <span class='ocr_line' id='line_1_5' title="bbox 384 424 1997 499; baseline -0.006 -11"><span class='ocrx_word' id='word_1_23' title='bbox 384 449 528 499; x_wconf 92' lang='lat' dir='ltr'><strong>mus,</strong></span> <span class='ocrx_word' id='word_1_24' title='bbox 574 432 703 485; x_wconf 94' lang='lat' dir='ltr'><strong>dum</strong></span> <span class='ocrx_word' id='word_1_25' title='bbox 746 430 798 483; x_wconf 90' lang='lat' dir='ltr'><strong>in</strong></span> <span class='ocrx_word' id='word_1_26' title='bbox 826 428 1010 482; x_wconf 88' lang='lat' dir='ltr'><strong>carina</strong></span> <span class='ocrx_word' id='word_1_27' title='bbox 1066 427 1267 482; x_wconf 88' lang='lat' dir='ltr'><strong>mentis</strong></span> <span class='ocrx_word' id='word_1_28' title='bbox 1324 433 1523 481; x_wconf 57' lang='lat' dir='ltr'><strong>nostra</strong></span> <span class='ocrx_word' id='word_1_29' title='bbox 1558 425 1790 499; x_wconf 87' lang='lat' dir='ltr'><strong>legenda</strong></span> <span class='ocrx_word' id='word_1_30' title='bbox 1820 424 1997 479; x_wconf 83' lang='lat' dir='ltr'><strong>dicta-</strong></span> 
     </span>
    </p>
   </div>
   <div class='ocr_carea' id='block_1_6' title="bbox 385 514 1995 589">
    <p class='ocr_par' dir='ltr' id='par_1_6' title="bbox 385 514 1995 589">
     <span class='ocr_line' id='line_1_6' title="bbox 385 514 1995 589; baseline -0.006 -12"><span class='ocrx_word' id='word_1_31' title='bbox 385 523 586 586; x_wconf 88' lang='lat' dir='ltr'><strong>vimus,</strong></span> <span class='ocrx_word' id='word_1_32' title='bbox 616 520 891 575; x_wconf 86' lang='lat' dir='ltr'><strong>etdictata</strong></span> <span class='ocrx_word' id='word_1_33' title='bbox 924 517 1242 589; x_wconf 86' lang='lat' dir='ltr'><strong>relcgimus,</strong></span> <span class='ocrx_word' id='word_1_34' title='bbox 1306 516 1453 580; x_wconf 89' lang='lat' dir='ltr'><strong>ideo,</strong></span> <span class='ocrx_word' id='word_1_35' title='bbox 1489 514 1859 570; x_wconf 87' lang='lat' dir='ltr'><strong>decumbeute</strong></span> <span class='ocrx_word' id='word_1_36' title='bbox 1884 515 1995 583; x_wconf 90' lang='lat' dir='ltr'><strong>jam</strong></span> 
     </span>
    </p>
   </div>
   <div class='ocr_carea' id='block_1_7' title="bbox 383 606 1995 681">
    <p class='ocr_par' dir='ltr' id='par_1_7' title="bbox 383 606 1995 681">
     <span class='ocr_line' id='line_1_7' title="bbox 383 606 1995 681; baseline -0.005 -12"><span class='ocrx_word' id='word_1_37' title='bbox 383 616 525 677; x_wconf 85' lang='lat' dir='ltr'><strong>sole,</strong></span> <span class='ocrx_word' id='word_1_38' title='bbox 555 628 621 668; x_wconf 91' lang='lat' dir='ltr'><strong>eo</strong></span> <span class='ocrx_word' id='word_1_39' title='bbox 652 612 818 667; x_wconf 79' lang='lat' dir='ltr'><strong>citius</strong></span> <span class='ocrx_word' id='word_1_40' title='bbox 850 609 1249 681; x_wconf 88' lang='lat' dir='ltr'><strong>indulgendum</strong></span> <span class='ocrx_word' id='word_1_41' title='bbox 1280 615 1364 662; x_wconf 90' lang='lat' dir='ltr'><strong>est</strong></span> <span class='ocrx_word' id='word_1_42' title='bbox 1391 606 1746 661; x_wconf 81' lang='lat' dir='ltr'><strong>nobislabori</strong></span> <span class='ocrx_word' id='word_1_43' title='bbox 1774 606 1995 671; x_wconf 89' lang='lat' dir='ltr'><strong>diurno,</strong></span> 
     </span>
    </p>
   </div>
   <div class='ocr_carea' id='block_1_8' title="bbox 385 698 1998 777">
    <p class='ocr_par' dir='ltr' id='par_1_8' title="bbox 385 698 1998 777">
     <span class='ocr_line' id='line_1_8' title="bbox 385 698 1998 777; baseline -0.005 -17"><span class='ocrx_word' id='word_1_44' title='bbox 385 721 494 777; x_wconf 89' lang='lat' dir='ltr'><strong>quo</strong></span> <span class='ocrx_word' id='word_1_45' title='bbox 521 705 575 758; x_wconf 90' lang='lat' dir='ltr'><strong>in</strong></span> <span class='ocrx_word' id='word_1_46' title='bbox 606 703 820 757; x_wconf 90' lang='lat' dir='ltr'><strong>Christo</strong></span> <span class='ocrx_word' id='word_1_47' title='bbox 846 702 976 755; x_wconf 82' lang='lat' dir='ltr'><strong>Jesu</strong></span> <span class='ocrx_word' id='word_1_48' title='bbox 1010 700 1192 754; x_wconf 89' lang='lat' dir='ltr'><strong>minus</strong></span> <span class='ocrx_word' id='word_1_49' title='bbox 1215 700 1407 754; x_wconf 91' lang='lat' dir='ltr'><strong>timere</strong></span> <span class='ocrx_word' id='word_1_50' title='bbox 1436 698 1707 753; x_wconf 85' lang='lat' dir='ltr'><strong>debemus</strong></span> <span class='ocrx_word' id='word_1_51' title='bbox 1731 716 1762 752; x_wconf 88' lang='lat' dir='ltr'><strong>a</strong></span> <span class='ocrx_word' id='word_1_52' title='bbox 1800 698 1998 753; x_wconf 90' lang='lat' dir='ltr'><strong>timore</strong></span> 
     </span>
    </p>
   </div>
   <div class='ocr_carea' id='block_1_9' title="bbox 386 786 1999 857">
    <p class='ocr_par' dir='ltr' id='par_1_9' title="bbox 386 786 1999 857">
     <span class='ocr_line' id='line_1_9' title="bbox 386 786 1999 857; baseline -0.005 -8"><span class='ocrx_word' id='word_1_53' title='bbox 386 800 676 849; x_wconf 91' lang='lat' dir='ltr'><strong>nocturno.</strong></span> <span class='ocrx_word' id='word_1_54' title='bbox 735 789 890 844; x_wconf 87' lang='lat' dir='ltr'><strong>Unde</strong></span> <span class='ocrx_word' id='word_1_55' title='bbox 954 804 1075 843; x_wconf 92' lang='lat' dir='ltr'><strong>cum</strong></span> <span class='ocrx_word' id='word_1_56' title='bbox 1143 787 1212 842; x_wconf 91' lang='lat' dir='ltr'><strong>ad</strong></span> <span class='ocrx_word' id='word_1_57' title='bbox 1284 787 1597 856; x_wconf 80' lang='lat' dir='ltr'><strong>exemplum</strong></span> <span class='ocrx_word' id='word_1_58' title='bbox 1663 786 1999 857; x_wconf 66' lang='lat' dir='ltr'><strong>prophetica:</strong></span> 
     </span>
    </p>
   </div>
   <div class='ocr_carea' id='block_1_10' title="bbox 388 874 1998 936">
    <p class='ocr_par' dir='ltr' id='par_1_10' title="bbox 388 874 1998 936">
     <span class='ocr_line' id='line_1_10' title="bbox 388 874 1998 936; baseline -0.004 0"><span class='ocrx_word' id='word_1_59' title='bbox 388 880 642 936; x_wconf 77' lang='lat' dir='ltr'><strong>lectionis</strong></span> <span class='ocrx_word' id='word_1_60' title='bbox 699 878 976 933; x_wconf 86' lang='lat' dir='ltr'><strong>interdum</strong></span> <span class='ocrx_word' id='word_1_61' title='bbox 1022 877 1184 932; x_wconf 90' lang='lat' dir='ltr'><strong>etiam</strong></span> <span class='ocrx_word' id='word_1_62' title='bbox 1226 875 1390 931; x_wconf 91' lang='lat' dir='ltr'><strong>silere</strong></span> <span class='ocrx_word' id='word_1_63' title='bbox 1444 875 1749 930; x_wconf 88' lang='lat' dir='ltr'><strong>debeamus</strong></span> <span class='ocrx_word' id='word_1_64' title='bbox 1810 891 1840 928; x_wconf 89' lang='lat' dir='ltr'><strong>a</strong></span> <span class='ocrx_word' id='word_1_65' title='bbox 1897 874 1998 929; x_wconf 89' lang='lat' dir='ltr'><strong>bo-</strong></span> 
     </span>
    </p>
   </div>
   <div class='ocr_carea' id='block_1_11' title="bbox 388 963 2007 1041">
    <p class='ocr_par' dir='ltr' id='par_1_11' title="bbox 388 963 2007 1041">
     <span class='ocr_line' id='line_1_11' title="bbox 388 963 2007 1041; baseline -0.005 -16"><span class='ocrx_word' id='word_1_66' title='bbox 388 972 498 1036; x_wconf 88' lang='lat' dir='ltr'><strong>nis,</strong></span> <span class='ocrx_word' id='word_1_67' title='bbox 552 984 618 1024; x_wconf 82' lang='lat' dir='ltr'><strong>eo</strong></span> <span class='ocrx_word' id='word_1_68' title='bbox 649 967 973 1041; x_wconf 90' lang='lat' dir='ltr'><strong>diligentius</strong></span> <span class='ocrx_word' id='word_1_69' title='bbox 998 965 1110 1034; x_wconf 91' lang='lat' dir='ltr'><strong>jam</strong></span> <span class='ocrx_word' id='word_1_70' title='bbox 1162 964 1444 1019; x_wconf 89' lang='lat' dir='ltr'><strong>silentium</strong></span> <span class='ocrx_word' id='word_1_71' title='bbox 1484 963 1882 1034; x_wconf 89' lang='lat' dir='ltr'><strong>imponendum</strong></span> <span class='ocrx_word' id='word_1_72' title='bbox 1923 970 2007 1017; x_wconf 90' lang='lat' dir='ltr'><strong>est</strong></span> 
     </span>
    </p>
   </div>
   <div class='ocr_carea' id='block_1_12' title="bbox 388 1054 2005 1129">
    <p class='ocr_par' dir='ltr' id='par_1_12' title="bbox 388 1054 2005 1129">
     <span class='ocr_line' id='line_1_12' title="bbox 388 1054 2005 1129; baseline -0.004 -15"><span class='ocrx_word' id='word_1_73' title='bbox 388 1060 491 1125; x_wconf 90' lang='lat' dir='ltr'><strong>ori,</strong></span> <span class='ocrx_word' id='word_1_74' title='bbox 540 1073 649 1129; x_wconf 91' lang='lat' dir='ltr'><strong>quo</strong></span> <span class='ocrx_word' id='word_1_75' title='bbox 692 1056 932 1115; x_wconf 86' lang='lat' dir='ltr'><strong>crastina</strong></span> <span class='ocrx_word' id='word_1_76' title='bbox 993 1055 1085 1109; x_wconf 91' lang='lat' dir='ltr'><strong>die</strong></span> <span class='ocrx_word' id='word_1_77' title='bbox 1123 1056 1309 1111; x_wconf 90' lang='lat' dir='ltr'><strong>denuo</strong></span> <span class='ocrx_word' id='word_1_78' title='bbox 1364 1055 1616 1109; x_wconf 90' lang='lat' dir='ltr'><strong>volumus</strong></span> <span class='ocrx_word' id='word_1_79' title='bbox 1672 1069 1866 1109; x_wconf 86' lang='lat' dir='ltr'><strong>vacare</strong></span> <span class='ocrx_word' id='word_1_80' title='bbox 1922 1054 2005 1108; x_wconf 92' lang='lat' dir='ltr'><strong>le-</strong></span> 
     </span>
    </p>
   </div>
   <div class='ocr_carea' id='block_1_13' title="bbox 388 1152 577 1207">
    <p class='ocr_par' dir='ltr' id='par_1_13' title="bbox 388 1152 577 1207">
     <span class='ocr_line' id='line_1_13' title="bbox 388 1152 577 1207; baseline -0.021 0"><span class='ocrx_word' id='word_1_81' title='bbox 388 1152 577 1207; x_wconf 89' lang='lat' dir='ltr'><strong>ctioni.</strong></span> 
     </span>
    </p>
   </div>
   <div class='ocr_carea' id='block_1_14' title="bbox 461 1240 2004 1317">
    <p class='ocr_par' dir='ltr' id='par_1_14' title="bbox 461 1240 2004 1317">
     <span class='ocr_line' id='line_1_14' title="bbox 461 1240 2004 1317; baseline -0.003 -16"><span class='ocrx_word' id='word_1_82' title='bbox 461 1246 597 1301; x_wconf 73' lang='lat' dir='ltr'><strong>Ecce</strong></span> <span class='ocrx_word' id='word_1_83' title='bbox 627 1245 758 1317; x_wconf 86' lang='lat' dir='ltr'><strong>quia</strong></span> <span class='ocrx_word' id='word_1_84' title='bbox 783 1244 961 1299; x_wconf 89' lang='lat' dir='ltr'><strong>noctis</strong></span> <span class='ocrx_word' id='word_1_85' title='bbox 991 1243 1149 1298; x_wconf 90' lang='lat' dir='ltr'><strong>istius</strong></span> <span class='ocrx_word' id='word_1_86' title='bbox 1179 1248 1423 1297; x_wconf 86' lang='lat' dir='ltr'><strong>extrema</strong></span> <span class='ocrx_word' id='word_1_87' title='bbox 1463 1256 1612 1295; x_wconf 89' lang='lat' dir='ltr'><strong>nunc</strong></span> <span class='ocrx_word' id='word_1_88' title='bbox 1649 1240 1856 1295; x_wconf 87' lang='lat' dir='ltr'><strong>indicat</strong></span> <span class='ocrx_word' id='word_1_89' title='bbox 1900 1241 2004 1296; x_wconf 90' lang='lat' dir='ltr'><strong>ho-</strong></span> 
     </span>
    </p>
   </div>
   <div class='ocr_carea' id='block_1_15' title="bbox 394 1331 2001 1410">
    <p class='ocr_par' dir='ltr' id='par_1_15' title="bbox 394 1331 2001 1410">
     <span class='ocr_line' id='line_1_15' title="bbox 394 1331 2001 1410; baseline -0.006 -16"><span class='ocrx_word' id='word_1_90' title='bbox 394 1356 471 1405; x_wconf 87' lang='lat' dir='ltr'><strong>ra,</strong></span> <span class='ocrx_word' id='word_1_91' title='bbox 499 1338 646 1410; x_wconf 90' lang='lat' dir='ltr'><strong>quod</strong></span> <span class='ocrx_word' id='word_1_92' title='bbox 675 1336 962 1392; x_wconf 63' lang='lat' dir='ltr'><strong>hodiernae</strong></span> <span class='ocrx_word' id='word_1_93' title='bbox 995 1334 1105 1388; x_wconf 92' lang='lat' dir='ltr'><strong>diei</strong></span> <span class='ocrx_word' id='word_1_94' title='bbox 1157 1334 1269 1405; x_wconf 89' lang='lat' dir='ltr'><strong>jam</strong></span> <span class='ocrx_word' id='word_1_95' title='bbox 1310 1332 1534 1387; x_wconf 88' lang='lat' dir='ltr'><strong>rutilare</strong></span> <span class='ocrx_word' id='word_1_96' title='bbox 1582 1331 1752 1387; x_wconf 89' lang='lat' dir='ltr'><strong>debet</strong></span> <span class='ocrx_word' id='word_1_97' title='bbox 1784 1348 2001 1399; x_wconf 88' lang='lat' dir='ltr'><strong>aurora,</strong></span> 
     </span>
    </p>
   </div>
   <div class='ocr_carea' id='block_1_16' title="bbox 395 1423 2003 1498">
    <p class='ocr_par' dir='ltr' id='par_1_16' title="bbox 395 1423 2003 1498">
     <span class='ocr_line' id='line_1_16' title="bbox 395 1423 2003 1498; baseline -0.004 -13"><span class='ocrx_word' id='word_1_98' title='bbox 395 1431 521 1485; x_wconf 91' lang='lat' dir='ltr'><strong>ideo</strong></span> <span class='ocrx_word' id='word_1_99' title='bbox 546 1430 615 1482; x_wconf 90' lang='lat' dir='ltr'><strong>de</strong></span> <span class='ocrx_word' id='word_1_100' title='bbox 663 1442 860 1482; x_wconf 90' lang='lat' dir='ltr'><strong>somno</strong></span> <span class='ocrx_word' id='word_1_101' title='bbox 909 1424 1146 1496; x_wconf 89' lang='lat' dir='ltr'><strong>torporis</strong></span> <span class='ocrx_word' id='word_1_102' title='bbox 1187 1434 1241 1479; x_wconf 91' lang='lat' dir='ltr'><strong>et</strong></span> <span class='ocrx_word' id='word_1_103' title='bbox 1295 1424 1545 1498; x_wconf 70' lang='lat' dir='ltr'><strong>ignaviae,</strong></span> <span class='ocrx_word' id='word_1_104' title='bbox 1585 1439 1652 1479; x_wconf 92' lang='lat' dir='ltr'><strong>eo</strong></span> <span class='ocrx_word' id='word_1_105' title='bbox 1693 1423 1857 1479; x_wconf 89' lang='lat' dir='ltr'><strong>nobis</strong></span> <span class='ocrx_word' id='word_1_106' title='bbox 1885 1440 2003 1478; x_wconf 88' lang='lat' dir='ltr'><strong>sur-</strong></span> 
     </span>
    </p>
   </div>
   <div class='ocr_carea' id='block_1_17' title="bbox 391 1517 2007 1596">
    <p class='ocr_par' dir='ltr' id='par_1_17' title="bbox 391 1517 2007 1596">
     <span class='ocr_line' id='line_1_17' title="bbox 391 1517 2007 1596; baseline -0.004 -19"><span class='ocrx_word' id='word_1_107' title='bbox 391 1523 632 1596; x_wconf 84' lang='lat' dir='ltr'><strong>gendum</strong></span> <span class='ocrx_word' id='word_1_108' title='bbox 672 1527 754 1574; x_wconf 90' lang='lat' dir='ltr'><strong>est</strong></span> <span class='ocrx_word' id='word_1_109' title='bbox 807 1518 990 1582; x_wconf 83' lang='lat' dir='ltr'><strong>citius,</strong></span> <span class='ocrx_word' id='word_1_110' title='bbox 1021 1532 1131 1589; x_wconf 90' lang='lat' dir='ltr'><strong>quo</strong></span> <span class='ocrx_word' id='word_1_111' title='bbox 1185 1517 1254 1571; x_wconf 92' lang='lat' dir='ltr'><strong>ad</strong></span> <span class='ocrx_word' id='word_1_112' title='bbox 1295 1517 1449 1571; x_wconf 92' lang='lat' dir='ltr'><strong>littus</strong></span> <span class='ocrx_word' id='word_1_113' title='bbox 1500 1517 1768 1572; x_wconf 89' lang='lat' dir='ltr'><strong>orationis</strong></span> <span class='ocrx_word' id='word_1_114' title='bbox 1806 1523 2007 1572; x_wconf 63' lang='lat' dir='ltr'><strong>nostra:</strong></span> 
     </span>
    </p>
   </div>
   <div class='ocr_carea' id='block_1_18' title="bbox 2099 402 3726 477">
    <p class='ocr_par' dir='ltr' id='par_1_18' title="bbox 2099 402 3726 477">
     <span class='ocr_line' id='line_1_18' title="bbox 2099 402 3726 477; baseline -0.001 -18"><span class='ocrx_word' id='word_1_115' title='bbox 2099 420 2187 472; x_wconf 92' lang='lat' dir='ltr'><strong>eo,</strong></span> <span class='ocrx_word' id='word_1_116' title='bbox 2206 404 2355 475; x_wconf 88' lang='lat' dir='ltr'><strong>quod</strong></span> <span class='ocrx_word' id='word_1_117' title='bbox 2376 404 2490 475; x_wconf 92' lang='lat' dir='ltr'><strong>lupi</strong></span> <span class='ocrx_word' id='word_1_118' title='bbox 2520 411 2669 473; x_wconf 89' lang='lat' dir='ltr'><strong>sunt,</strong></span> <span class='ocrx_word' id='word_1_119' title='bbox 2697 412 2751 459; x_wconf 90' lang='lat' dir='ltr'><strong>et</strong></span> <span class='ocrx_word' id='word_1_120' title='bbox 2780 418 2910 460; x_wconf 90' lang='lat' dir='ltr'><strong>oves</strong></span> <span class='ocrx_word' id='word_1_121' title='bbox 2935 420 2994 458; x_wconf 89' lang='lat' dir='ltr'><strong>se</strong></span> <span class='ocrx_word' id='word_1_122' title='bbox 3021 402 3257 477; x_wconf 84' lang='lat' dir='ltr'><strong>ﬁngunt,</strong></span> <span class='ocrx_word' id='word_1_123' title='bbox 3288 403 3594 459; x_wconf 84' lang='lat' dir='ltr'><strong>Ecclesiam</strong></span> <span class='ocrx_word' id='word_1_124' title='bbox 3624 403 3726 458; x_wconf 88' lang='lat' dir='ltr'><strong>Dei</strong></span> 
     </span>
    </p>
   </div>
   <div class='ocr_carea' id='block_1_19' title="bbox 2098 493 3725 566">
    <p class='ocr_par' dir='ltr' id='par_1_19' title="bbox 2098 493 3725 566">
     <span class='ocr_line' id='line_1_19' title="bbox 2098 493 3725 566; baseline -0.001 -17"><span class='ocrx_word' id='word_1_125' title='bbox 2098 495 2329 549; x_wconf 89' lang='lat' dir='ltr'><strong>diversis</strong></span> <span class='ocrx_word' id='word_1_126' title='bbox 2363 494 2666 549; x_wconf 64' lang='lat' dir='ltr'><strong>haeresibus</strong></span> <span class='ocrx_word' id='word_1_127' title='bbox 2721 493 3000 549; x_wconf 87' lang='lat' dir='ltr'><strong>scindunt.</strong></span> <span class='ocrx_word' id='word_1_128' title='bbox 3053 494 3184 549; x_wconf 87' lang='lat' dir='ltr'><strong>Cum</strong></span> <span class='ocrx_word' id='word_1_129' title='bbox 3244 495 3392 550; x_wconf 90' lang='lat' dir='ltr'><strong>enim</strong></span> <span class='ocrx_word' id='word_1_130' title='bbox 3449 494 3725 566; x_wconf 89' lang='lat' dir='ltr'><strong>scriptum</strong></span> 
     </span>
    </p>
   </div>
   <div class='ocr_carea' id='block_1_20' title="bbox 2097 588 3726 659">
    <p class='ocr_par' dir='ltr' id='par_1_20' title="bbox 2097 588 3726 659">
     <span class='ocr_line' id='line_1_20' title="bbox 2097 588 3726 659; baseline -0.001 -17"><span class='ocrx_word' id='word_1_131' title='bbox 2097 588 2196 642; x_wconf 92' lang='lat' dir='ltr'><strong>sit:</strong></span> <span class='ocrx_word' id='word_1_132' title='bbox 2248 589 2517 643; x_wconf 80' lang='lat' dir='ltr'><strong>Attendite</strong></span> <span class='ocrx_word' id='word_1_133' title='bbox 2568 604 2603 642; x_wconf 88' lang='lat' dir='ltr'><strong>a</strong></span> <span class='ocrx_word' id='word_1_134' title='bbox 2651 589 2805 655; x_wconf 78' lang='lat' dir='ltr'><strong>falsis</strong></span> <span class='ocrx_word' id='word_1_135' title='bbox 2857 590 3125 658; x_wconf 75' lang='lat' dir='ltr'><strong>prophetis</strong></span> <span class='ocrx_word' id='word_1_136' title='bbox 3165 590 3375 659; x_wconf 77' lang='lat' dir='ltr'><strong>(Matth.</strong></span> <span class='ocrx_word' id='word_1_137' title='bbox 3430 588 3548 658; x_wconf 85' lang='lat' dir='ltr'><strong>vn),</strong></span> <span class='ocrx_word' id='word_1_138' title='bbox 3617 588 3726 658; x_wconf 89' lang='lat' dir='ltr'><strong>ipsi</strong></span> 
     </span>
    </p>
   </div>
   <div class='ocr_carea' id='block_1_21' title="bbox 2099 680 3729 754">
    <p class='ocr_par' dir='ltr' id='par_1_21' title="bbox 2099 680 3729 754">
     <span class='ocr_line' id='line_1_21' title="bbox 2099 680 3729 754; baseline 0 -20"><span class='ocrx_word' id='word_1_139' title='bbox 2099 687 2227 734; x_wconf 88' lang='lat' dir='ltr'><strong>sunt</strong></span> <span class='ocrx_word' id='word_1_140' title='bbox 2249 681 2318 733; x_wconf 90' lang='lat' dir='ltr'><strong>de</strong></span> <span class='ocrx_word' id='word_1_141' title='bbox 2340 680 2543 751; x_wconf 90' lang='lat' dir='ltr'><strong>quibus</strong></span> <span class='ocrx_word' id='word_1_142' title='bbox 2572 680 2731 735; x_wconf 80' lang='lat' dir='ltr'><strong>vobis</strong></span> <span class='ocrx_word' id='word_1_143' title='bbox 2785 697 2980 736; x_wconf 87' lang='lat' dir='ltr'><strong>cavere</strong></span> <span class='ocrx_word' id='word_1_144' title='bbox 3018 681 3263 737; x_wconf 89' lang='lat' dir='ltr'><strong>debetis:</strong></span> <span class='ocrx_word' id='word_1_145' title='bbox 3305 681 3568 754; x_wconf 88' lang='lat' dir='ltr'><strong>quoniam</strong></span> <span class='ocrx_word' id='word_1_146' title='bbox 3591 681 3729 736; x_wconf 86' lang='lat' dir='ltr'><strong>licet</strong></span> 
     </span>
    </p>
   </div>
   <div class='ocr_carea' id='block_1_22' title="bbox 2097 767 3728 839">
    <p class='ocr_par' dir='ltr' id='par_1_22' title="bbox 2097 767 3728 839">
     <span class='ocr_line' id='line_1_22' title="bbox 2097 767 3728 839; baseline -0.001 -16"><span class='ocrx_word' id='word_1_147' title='bbox 2097 768 2269 839; x_wconf 87' lang='lat' dir='ltr'><strong>aliqui</strong></span> <span class='ocrx_word' id='word_1_148' title='bbox 2298 768 2367 823; x_wconf 91' lang='lat' dir='ltr'><strong>de</strong></span> <span class='ocrx_word' id='word_1_149' title='bbox 2418 767 2578 823; x_wconf 88' lang='lat' dir='ltr'><strong>vobis</strong></span> <span class='ocrx_word' id='word_1_150' title='bbox 2624 784 2721 823; x_wconf 90' lang='lat' dir='ltr'><strong>eos</strong></span> <span class='ocrx_word' id='word_1_151' title='bbox 2758 767 2988 824; x_wconf 84' lang='lat' dir='ltr'><strong>fortasse</strong></span> <span class='ocrx_word' id='word_1_152' title='bbox 3018 776 3356 825; x_wconf 88' lang='lat' dir='ltr'><strong>venerentur</strong></span> <span class='ocrx_word' id='word_1_153' title='bbox 3401 779 3461 824; x_wconf 90' lang='lat' dir='ltr'><strong>ut</strong></span> <span class='ocrx_word' id='word_1_154' title='bbox 3496 768 3661 836; x_wconf 90' lang='lat' dir='ltr'><strong>deos,</strong></span> <span class='ocrx_word' id='word_1_155' title='bbox 3692 784 3728 822; x_wconf 87' lang='lat' dir='ltr'><strong>a</strong></span> 
     </span>
    </p>
   </div>
   <div class='ocr_carea' id='block_1_23' title="bbox 2096 850 3727 933">
    <p class='ocr_par' dir='ltr' id='par_1_23' title="bbox 2096 850 3727 933">
     <span class='ocr_line' id='line_1_23' title="bbox 2096 850 3727 933; baseline 0.001 -18"><span class='ocrx_word' id='word_1_156' title='bbox 2096 862 2370 927; x_wconf 58' lang='lat' dir='ltr'><strong>[mitibus</strong></span> <span class='ocrx_word' id='word_1_157' title='bbox 2397 866 2581 915; x_wconf 90' lang='lat' dir='ltr'><strong>tamen</strong></span> <span class='ocrx_word' id='word_1_158' title='bbox 2630 850 2816 916; x_wconf 82' lang='lat' dir='ltr'><strong>eorum</strong></span> <span class='ocrx_word' id='word_1_159' title='bbox 2845 865 3163 931; x_wconf 77' lang='lat' dir='ltr'><strong>cognoscetis</strong></span> <span class='ocrx_word' id='word_1_160' title='bbox 3207 876 3292 918; x_wconf 82' lang='lat' dir='ltr'><strong>eos</strong></span> <span class='ocrx_word' id='word_1_161' title='bbox 3318 862 3515 933; x_wconf 86' lang='lat' dir='ltr'><strong>(ibid.).</strong></span> <span class='ocrx_word' id='word_1_162' title='bbox 3565 861 3727 916; x_wconf 87' lang='lat' dir='ltr'><strong>Unde</strong></span> 
     </span>
    </p>
   </div>
   <div class='ocr_carea' id='block_1_24' title="bbox 2108 953 3731 1009">
    <p class='ocr_par' dir='ltr' id='par_1_24' title="bbox 2108 953 3731 1009">
     <span class='ocr_line' id='line_1_24' title="bbox 2108 953 3731 1009; baseline -0.001 0"><span class='ocrx_word' id='word_1_163' title='bbox 2108 969 2232 1009; x_wconf 90' lang='lat' dir='ltr'><strong>cum</strong></span> <span class='ocrx_word' id='word_1_164' title='bbox 2271 968 2451 1007; x_wconf 90' lang='lat' dir='ltr'><strong>sermo</strong></span> <span class='ocrx_word' id='word_1_165' title='bbox 2491 960 2681 1008; x_wconf 90' lang='lat' dir='ltr'><strong>noster</strong></span> <span class='ocrx_word' id='word_1_166' title='bbox 2723 960 2914 1008; x_wconf 90' lang='lat' dir='ltr'><strong>contra</strong></span> <span class='ocrx_word' id='word_1_167' title='bbox 2966 954 3203 1009; x_wconf 87' lang='lat' dir='ltr'><strong>insidias</strong></span> <span class='ocrx_word' id='word_1_168' title='bbox 3261 953 3480 1009; x_wconf 90' lang='lat' dir='ltr'><strong>illorum</strong></span> <span class='ocrx_word' id='word_1_169' title='bbox 3528 954 3604 1007; x_wconf 88' lang='lat' dir='ltr'><strong>ita</strong></span> <span class='ocrx_word' id='word_1_170' title='bbox 3656 953 3731 1007; x_wconf 87' lang='lat' dir='ltr'><strong>sit</strong></span> 
     </span>
    </p>
   </div>
   <div class='ocr_carea' id='block_1_25' title="bbox 2108 1043 3730 1115">
    <p class='ocr_par' dir='ltr' id='par_1_25' title="bbox 2108 1043 3730 1115">
     <span class='ocr_line' id='line_1_25' title="bbox 2108 1043 3730 1115; baseline 0.001 -18"><span class='ocrx_word' id='word_1_171' title='bbox 2108 1043 2293 1097; x_wconf 89' lang='lat' dir='ltr'><strong>divina</strong></span> <span class='ocrx_word' id='word_1_172' title='bbox 2311 1044 2653 1114; x_wconf 90' lang='lat' dir='ltr'><strong>protectionc</strong></span> <span class='ocrx_word' id='word_1_173' title='bbox 2683 1044 2927 1099; x_wconf 90' lang='lat' dir='ltr'><strong>munitus</strong></span> <span class='ocrx_word' id='word_1_174' title='bbox 2965 1051 3025 1100; x_wconf 93' lang='lat' dir='ltr'><strong>ut</strong></span> <span class='ocrx_word' id='word_1_175' title='bbox 3061 1045 3132 1099; x_wconf 90' lang='lat' dir='ltr'><strong>ab</strong></span> <span class='ocrx_word' id='word_1_176' title='bbox 3172 1044 3424 1099; x_wconf 66' lang='lat' dir='ltr'><strong>haeretica</strong></span> <span class='ocrx_word' id='word_1_177' title='bbox 3450 1052 3730 1115; x_wconf 85' lang='lat' dir='ltr'><strong>potestate</strong></span> 
     </span>
    </p>
   </div>
   <div class='ocr_carea' id='block_1_26' title="bbox 2106 1132 3729 1205">
    <p class='ocr_par' dir='ltr' id='par_1_26' title="bbox 2106 1132 3729 1205">
     <span class='ocr_line' id='line_1_26' title="bbox 2106 1132 3729 1205; baseline 0.001 -19"><span class='ocrx_word' id='word_1_178' title='bbox 2106 1132 2393 1199; x_wconf 90' lang='lat' dir='ltr'><strong>liberatus,</strong></span> <span class='ocrx_word' id='word_1_179' title='bbox 2423 1148 2618 1188; x_wconf 89' lang='lat' dir='ltr'><strong>secure</strong></span> <span class='ocrx_word' id='word_1_180' title='bbox 2660 1148 2958 1204; x_wconf 90' lang='lat' dir='ltr'><strong>properare</strong></span> <span class='ocrx_word' id='word_1_181' title='bbox 2988 1134 3166 1205; x_wconf 86' lang='lat' dir='ltr'><strong>possit</strong></span> <span class='ocrx_word' id='word_1_182' title='bbox 3195 1132 3265 1189; x_wconf 89' lang='lat' dir='ltr'><strong>ad</strong></span> <span class='ocrx_word' id='word_1_183' title='bbox 3294 1134 3469 1201; x_wconf 89' lang='lat' dir='ltr'><strong>littus,</strong></span> <span class='ocrx_word' id='word_1_184' title='bbox 3496 1139 3729 1205; x_wconf 86' lang='lat' dir='ltr'><strong>tempus</strong></span> 
     </span>
    </p>
   </div>
   <div class='ocr_carea' id='block_1_27' title="bbox 2105 1226 3728 1283">
    <p class='ocr_par' dir='ltr' id='par_1_27' title="bbox 2105 1226 3728 1283">
     <span class='ocr_line' id='line_1_27' title="bbox 2105 1226 3728 1283; baseline -0.001 -1"><span class='ocrx_word' id='word_1_185' title='bbox 2105 1234 2191 1282; x_wconf 86' lang='lat' dir='ltr'><strong>est</strong></span> <span class='ocrx_word' id='word_1_186' title='bbox 2238 1236 2297 1282; x_wconf 92' lang='lat' dir='ltr'><strong>ut</strong></span> <span class='ocrx_word' id='word_1_187' title='bbox 2345 1241 2446 1283; x_wconf 90' lang='lat' dir='ltr'><strong>nos</strong></span> <span class='ocrx_word' id='word_1_188' title='bbox 2473 1226 2642 1282; x_wconf 90' lang='lat' dir='ltr'><strong>veluti</strong></span> <span class='ocrx_word' id='word_1_189' title='bbox 2683 1242 2807 1281; x_wconf 90' lang='lat' dir='ltr'><strong>cum</strong></span> <span class='ocrx_word' id='word_1_190' title='bbox 2854 1226 2993 1281; x_wconf 84' lang='lat' dir='ltr'><strong>Jona</strong></span> <span class='ocrx_word' id='word_1_191' title='bbox 3046 1241 3114 1282; x_wconf 93' lang='lat' dir='ltr'><strong>eo</strong></span> <span class='ocrx_word' id='word_1_192' title='bbox 3144 1226 3376 1282; x_wconf 85' lang='lat' dir='ltr'><strong>celerius</strong></span> <span class='ocrx_word' id='word_1_193' title='bbox 3404 1227 3471 1282; x_wconf 90' lang='lat' dir='ltr'><strong>ad</strong></span> <span class='ocrx_word' id='word_1_194' title='bbox 3519 1236 3728 1282; x_wconf 89' lang='lat' dir='ltr'><strong>terram</strong></span> 
     </span>
    </p>
   </div>
   <div class='ocr_carea' id='block_1_28' title="bbox 2102 1318 3727 1391">
    <p class='ocr_par' dir='ltr' id='par_1_28' title="bbox 2102 1318 3727 1391">
     <span class='ocr_line' id='line_1_28' title="bbox 2102 1318 3727 1391; baseline -0.001 -17"><span class='ocrx_word' id='word_1_195' title='bbox 2102 1318 2394 1374; x_wconf 66' lang='lat' dir='ltr'><strong>sententia:</strong></span> <span class='ocrx_word' id='word_1_196' title='bbox 2416 1318 2572 1373; x_wconf 90' lang='lat' dir='ltr'><strong>istius</strong></span> <span class='ocrx_word' id='word_1_197' title='bbox 2615 1318 2799 1387; x_wconf 90' lang='lat' dir='ltr'><strong>ejiciat</strong></span> <span class='ocrx_word' id='word_1_198' title='bbox 2835 1335 3006 1385; x_wconf 90' lang='lat' dir='ltr'><strong>mare,</strong></span> <span class='ocrx_word' id='word_1_199' title='bbox 3039 1334 3150 1391; x_wconf 89' lang='lat' dir='ltr'><strong>quo</strong></span> <span class='ocrx_word' id='word_1_200' title='bbox 3198 1319 3362 1375; x_wconf 91' lang='lat' dir='ltr'><strong>citius</strong></span> <span class='ocrx_word' id='word_1_201' title='bbox 3405 1319 3564 1391; x_wconf 88' lang='lat' dir='ltr'><strong>quasi</strong></span> <span class='ocrx_word' id='word_1_202' title='bbox 3596 1335 3727 1375; x_wconf 92' lang='lat' dir='ltr'><strong>cum</strong></span> 
     </span>
    </p>
   </div>
   <div class='ocr_carea' id='block_1_29' title="bbox 2106 1407 3732 1483">
    <p class='ocr_par' dir='ltr' id='par_1_29' title="bbox 2106 1407 3732 1483">
     <span class='ocr_line' id='line_1_29' title="bbox 2106 1407 3732 1483; baseline 0.001 -21"><span class='ocrx_word' id='word_1_203' title='bbox 2106 1408 2233 1462; x_wconf 81' lang='lat' dir='ltr'><strong>Jesu</strong></span> <span class='ocrx_word' id='word_1_204' title='bbox 2253 1408 2633 1462; x_wconf 89' lang='lat' dir='ltr'><strong>desideramus</strong></span> <span class='ocrx_word' id='word_1_205' title='bbox 2662 1407 2718 1461; x_wconf 90' lang='lat' dir='ltr'><strong>in</strong></span> <span class='ocrx_word' id='word_1_206' title='bbox 2747 1408 2930 1464; x_wconf 90' lang='lat' dir='ltr'><strong>littore</strong></span> <span class='ocrx_word' id='word_1_207' title='bbox 2961 1415 3125 1463; x_wconf 83' lang='lat' dir='ltr'><strong>stare.</strong></span> <span class='ocrx_word' id='word_1_208' title='bbox 3164 1408 3274 1463; x_wconf 91' lang='lat' dir='ltr'><strong>Sed</strong></span> <span class='ocrx_word' id='word_1_209' title='bbox 3304 1424 3374 1463; x_wconf 88' lang='lat' dir='ltr'><strong>ne</strong></span> <span class='ocrx_word' id='word_1_210' title='bbox 3402 1409 3732 1483; x_wconf 80' lang='lat' dir='ltr'><strong>margaritas</strong></span> 
     </span>
    </p>
   </div>
   <div class='ocr_carea' id='block_1_30' title="bbox 2110 1501 3730 1573">
    <p class='ocr_par' dir='ltr' id='par_1_30' title="bbox 2110 1501 3730 1573">
     <span class='ocr_line' id='line_1_30' title="bbox 2110 1501 3730 1573; baseline 0 -15"><span class='ocrx_word' id='word_1_211' title='bbox 2110 1502 2314 1573; x_wconf 91' lang='lat' dir='ltr'><strong>porcis,</strong></span> <span class='ocrx_word' id='word_1_212' title='bbox 2359 1502 2445 1557; x_wconf 88' lang='lat' dir='ltr'><strong>vel</strong></span> <span class='ocrx_word' id='word_1_213' title='bbox 2500 1509 2750 1557; x_wconf 89' lang='lat' dir='ltr'><strong>sanctum</strong></span> <span class='ocrx_word' id='word_1_214' title='bbox 2792 1503 3079 1558; x_wconf 79' lang='lat' dir='ltr'><strong>videamus</strong></span> <span class='ocrx_word' id='word_1_215' title='bbox 3107 1501 3329 1558; x_wconf 89' lang='lat' dir='ltr'><strong>dedisse</strong></span> <span class='ocrx_word' id='word_1_216' title='bbox 3382 1502 3641 1569; x_wconf 87' lang='lat' dir='ltr'><strong>canibus,</strong></span> <span class='ocrx_word' id='word_1_217' title='bbox 3682 1504 3730 1558; x_wconf 91' lang='lat' dir='ltr'><strong>si</strong></span> 
     </span>
    </p>
   </div>
   <div class='ocr_carea' id='block_1_31' title="bbox 392 1596 3730 1694">
    <p class='ocr_par' dir='ltr' id='par_1_31' title="bbox 392 1596 3730 1694">
     <span class='ocr_line' id='line_1_31' title="bbox 392 1596 3730 1694; baseline -0.004 -28"><span class='ocrx_word' id='word_1_218' title='bbox 392 1612 558 1666; x_wconf 91' lang='lat' dir='ltr'><strong>hodie</strong></span> <span class='ocrx_word' id='word_1_219' title='bbox 588 1609 844 1679; x_wconf 91' lang='lat' dir='ltr'><strong>cupimus</strong></span> <span class='ocrx_word' id='word_1_220' title='bbox 876 1606 1169 1677; x_wconf 83' lang='lat' dir='ltr'><strong>pervenire</strong></span> <span class='ocrx_word' id='word_1_221' title='bbox 1199 1606 1464 1662; x_wconf 90' lang='lat' dir='ltr'><strong>velocius.</strong></span> <span class='ocrx_word' id='word_1_222' title='bbox 1519 1606 1670 1661; x_wconf 90' lang='lat' dir='ltr'><strong>Sicut</strong></span> <span class='ocrx_word' id='word_1_223' title='bbox 1707 1606 1853 1660; x_wconf 91' lang='lat' dir='ltr'><strong>enim</strong></span> <span class='ocrx_word' id='word_1_224' title='bbox 1901 1610 2005 1660; x_wconf 90' lang='lat' dir='ltr'><strong>he-</strong></span> <span class='ocrx_word' id='word_1_225' title='bbox 2032 1624 2083 1694; x_wconf 84' lang='lat' dir='ltr'>B</span> <span class='ocrx_word' id='word_1_226' title='bbox 2109 1596 2231 1652; x_wconf 84' lang='lat' dir='ltr'><strong>Siue</strong></span> <span class='ocrx_word' id='word_1_227' title='bbox 2253 1597 2605 1652; x_wconf 80' lang='lat' dir='ltr'><strong>multitudine</strong></span> <span class='ocrx_word' id='word_1_228' title='bbox 2646 1597 2902 1668; x_wconf 86' lang='lat' dir='ltr'><strong>piscium,</strong></span> <span class='ocrx_word' id='word_1_229' title='bbox 2934 1613 3096 1668; x_wconf 88' lang='lat' dir='ltr'><strong>quam</strong></span> <span class='ocrx_word' id='word_1_230' title='bbox 3136 1597 3409 1668; x_wconf 71' lang='lat' dir='ltr'><strong>cepimus,</strong></span> <span class='ocrx_word' id='word_1_231' title='bbox 3437 1597 3629 1653; x_wconf 86' lang='lat' dir='ltr'><strong>vacuis</strong></span> <span class='ocrx_word' id='word_1_232' title='bbox 3659 1598 3730 1652; x_wconf 89' lang='lat' dir='ltr'><strong>ad</strong></span> 
     </span>
    </p>
   </div>
   <div class='ocr_carea' id='block_1_32' title="bbox 393 1698 2010 1769">
    <p class='ocr_par' dir='ltr' id='par_1_32' title="bbox 393 1698 2010 1769">
     <span class='ocr_line' id='line_1_32' title="bbox 393 1698 2010 1769; baseline -0.002 -13"><span class='ocrx_word' id='word_1_233' title='bbox 393 1710 581 1757; x_wconf 89' lang='lat' dir='ltr'><strong>sterno</strong></span> <span class='ocrx_word' id='word_1_234' title='bbox 614 1701 702 1755; x_wconf 91' lang='lat' dir='ltr'><strong>die</strong></span> <span class='ocrx_word' id='word_1_235' title='bbox 742 1699 968 1769; x_wconf 90' lang='lat' dir='ltr'><strong>superni</strong></span> <span class='ocrx_word' id='word_1_236' title='bbox 1001 1698 1226 1752; x_wconf 90' lang='lat' dir='ltr'><strong>luminis</strong></span> <span class='ocrx_word' id='word_1_237' title='bbox 1259 1698 1511 1752; x_wconf 87' lang='lat' dir='ltr'><strong>illustrati</strong></span> <span class='ocrx_word' id='word_1_238' title='bbox 1548 1698 1753 1763; x_wconf 91' lang='lat' dir='ltr'><strong>sidere,</strong></span> <span class='ocrx_word' id='word_1_239' title='bbox 1782 1698 1851 1752; x_wconf 90' lang='lat' dir='ltr'><strong>de</strong></span> <span class='ocrx_word' id='word_1_240' title='bbox 1882 1714 2010 1754; x_wconf 89' lang='lat' dir='ltr'><strong>uxo-</strong></span> 
     </span>
    </p>
   </div>
   <div class='ocr_carea' id='block_1_33' title="bbox 395 1789 2008 1869">
    <p class='ocr_par' dir='ltr' id='par_1_33' title="bbox 395 1789 2008 1869">
     <span class='ocr_line' id='line_1_33' title="bbox 395 1789 2008 1869; baseline -0.001 -22"><span class='ocrx_word' id='word_1_241' title='bbox 395 1794 550 1848; x_wconf 87' lang='lat' dir='ltr'><strong>ribus</strong></span> <span class='ocrx_word' id='word_1_242' title='bbox 576 1791 744 1847; x_wconf 84' lang='lat' dir='ltr'><strong>Jacob</strong></span> <span class='ocrx_word' id='word_1_243' title='bbox 777 1791 1013 1845; x_wconf 83' lang='lat' dir='ltr'><strong>breviter</strong></span> <span class='ocrx_word' id='word_1_244' title='bbox 1063 1789 1445 1856; x_wconf 83' lang='lat' dir='ltr'><strong>enodavimus,</strong></span> <span class='ocrx_word' id='word_1_245' title='bbox 1489 1789 1647 1869; x_wconf 36' lang='lat' dir='ltr'><strong>quid.</strong></span> <span class='ocrx_word' id='word_1_246' title='bbox 1678 1791 1763 1844; x_wconf 89' lang='lat' dir='ltr'><strong>vel</strong></span> <span class='ocrx_word' id='word_1_247' title='bbox 1795 1790 2008 1845; x_wconf 66' lang='lat' dir='ltr'><strong>ancillae</strong></span> 
     </span>
    </p>
   </div>
   <div class='ocr_carea' id='block_1_34' title="bbox 395 1878 2009 1954">
    <p class='ocr_par' dir='ltr' id='par_1_34' title="bbox 395 1878 2009 1954">
     <span class='ocr_line' id='line_1_34' title="bbox 395 1878 2009 1954; baseline -0.004 -15"><span class='ocrx_word' id='word_1_248' title='bbox 395 1882 788 1954; x_wconf 87' lang='lat' dir='ltr'><strong>portenderent</strong></span> <span class='ocrx_word' id='word_1_249' title='bbox 817 1887 910 1934; x_wconf 89' lang='lat' dir='ltr'><strong>aut</strong></span> <span class='ocrx_word' id='word_1_250' title='bbox 942 1879 1150 1946; x_wconf 68' lang='lat' dir='ltr'><strong>liberie,</strong></span> <span class='ocrx_word' id='word_1_251' title='bbox 1171 1879 1253 1933; x_wconf 90' lang='lat' dir='ltr'><strong>sic</strong></span> <span class='ocrx_word' id='word_1_252' title='bbox 1284 1880 1552 1935; x_wconf 88' lang='lat' dir='ltr'><strong>hodierna</strong></span> <span class='ocrx_word' id='word_1_253' title='bbox 1578 1879 1667 1934; x_wconf 88' lang='lat' dir='ltr'><strong>die</strong></span> <span class='ocrx_word' id='word_1_254' title='bbox 1698 1880 1835 1934; x_wconf 89' lang='lat' dir='ltr'><strong>nihil</strong></span> <span class='ocrx_word' id='word_1_255' title='bbox 1861 1878 2009 1934; x_wconf 87' lang='lat' dir='ltr'><strong>aliud</strong></span> 
     </span>
    </p>
   </div>
   <div class='ocr_carea' id='block_1_35' title="bbox 394 1971 2007 2047">
    <p class='ocr_par' dir='ltr' id='par_1_35' title="bbox 394 1971 2007 2047">
     <span class='ocr_line' id='line_1_35' title="bbox 394 1971 2007 2047; baseline -0.002 -18"><span class='ocrx_word' id='word_1_256' title='bbox 394 1975 649 2029; x_wconf 87' lang='lat' dir='ltr'><strong>volumus</strong></span> <span class='ocrx_word' id='word_1_257' title='bbox 671 1972 1013 2042; x_wconf 85' lang='lat' dir='ltr'><strong>enavigando</strong></span> <span class='ocrx_word' id='word_1_258' title='bbox 1044 1972 1435 2047; x_wconf 83' lang='lat' dir='ltr'><strong>perstringere,</strong></span> <span class='ocrx_word' id='word_1_259' title='bbox 1475 1971 1579 2025; x_wconf 89' lang='lat' dir='ltr'><strong>nisi</strong></span> <span class='ocrx_word' id='word_1_260' title='bbox 1610 1972 1846 2044; x_wconf 89' lang='lat' dir='ltr'><strong>qualiter</strong></span> <span class='ocrx_word' id='word_1_261' title='bbox 1892 1988 2007 2026; x_wconf 91' lang='lat' dir='ltr'><strong>ser-</strong></span> 
     </span>
    </p>
   </div>
   <div class='ocr_carea' id='block_1_36' title="bbox 396 2063 2004 2139">
    <p class='ocr_par' dir='ltr' id='par_1_36' title="bbox 396 2063 2004 2139">
     <span class='ocr_line' id='line_1_36' title="bbox 396 2063 2004 2139; baseline -0.001 -19"><span class='ocrx_word' id='word_1_262' title='bbox 396 2082 485 2121; x_wconf 90' lang='lat' dir='ltr'><strong>mo</strong></span> <span class='ocrx_word' id='word_1_263' title='bbox 516 2066 641 2129; x_wconf 87' lang='lat' dir='ltr'><strong>iste,</strong></span> <span class='ocrx_word' id='word_1_264' title='bbox 676 2063 1019 2135; x_wconf 88' lang='lat' dir='ltr'><strong>spirantibus</strong></span> <span class='ocrx_word' id='word_1_265' title='bbox 1046 2063 1214 2129; x_wconf 90' lang='lat' dir='ltr'><strong>auris,</strong></span> <span class='ocrx_word' id='word_1_266' title='bbox 1249 2070 1467 2133; x_wconf 90' lang='lat' dir='ltr'><strong>portum</strong></span> <span class='ocrx_word' id='word_1_267' title='bbox 1511 2064 1685 2134; x_wconf 88' lang='lat' dir='ltr'><strong>possit</strong></span> <span class='ocrx_word' id='word_1_268' title='bbox 1713 2065 2004 2139; x_wconf 85' lang='lat' dir='ltr'><strong>attingere.</strong></span> 
     </span>
    </p>
   </div>
   <div class='ocr_carea' id='block_1_37' title="bbox 398 2154 2011 2228">
    <p class='ocr_par' dir='ltr' id='par_1_37' title="bbox 398 2154 2011 2228">
     <span class='ocr_line' id='line_1_37' title="bbox 398 2154 2011 2228; baseline 0 -17"><span class='ocrx_word' id='word_1_269' title='bbox 398 2158 552 2213; x_wconf 87' lang='lat' dir='ltr'><strong>Unde</strong></span> <span class='ocrx_word' id='word_1_270' title='bbox 581 2156 649 2211; x_wconf 90' lang='lat' dir='ltr'><strong>ad</strong></span> <span class='ocrx_word' id='word_1_271' title='bbox 674 2155 1055 2228; x_wconf 83' lang='lat' dir='ltr'><strong>peragendum</strong></span> <span class='ocrx_word' id='word_1_272' title='bbox 1114 2154 1218 2209; x_wconf 91' lang='lat' dir='ltr'><strong>iter</strong></span> <span class='ocrx_word' id='word_1_273' title='bbox 1262 2156 1427 2209; x_wconf 92' lang='lat' dir='ltr'><strong>unius</strong></span> <span class='ocrx_word' id='word_1_274' title='bbox 1475 2155 1611 2221; x_wconf 89' lang='lat' dir='ltr'><strong>diei,</strong></span> <span class='ocrx_word' id='word_1_275' title='bbox 1653 2171 1774 2211; x_wconf 92' lang='lat' dir='ltr'><strong>cum</strong></span> <span class='ocrx_word' id='word_1_276' title='bbox 1817 2167 2011 2212; x_wconf 91' lang='lat' dir='ltr'><strong>catena</strong></span> 
     </span>
    </p>
   </div>
   <div class='ocr_carea' id='block_1_38' title="bbox 397 2247 2010 2319">
    <p class='ocr_par' dir='ltr' id='par_1_38' title="bbox 397 2247 2010 2319">
     <span class='ocr_line' id='line_1_38' title="bbox 397 2247 2010 2319; baseline 0 -16"><span class='ocrx_word' id='word_1_277' title='bbox 397 2247 526 2304; x_wconf 83' lang='lat' dir='ltr'><strong>fidei</strong></span> <span class='ocrx_word' id='word_1_278' title='bbox 560 2248 869 2303; x_wconf 90' lang='lat' dir='ltr'><strong>revocanda</strong></span> <span class='ocrx_word' id='word_1_279' title='bbox 910 2255 996 2302; x_wconf 91' lang='lat' dir='ltr'><strong>est</strong></span> <span class='ocrx_word' id='word_1_280' title='bbox 1029 2248 1141 2316; x_wconf 90' lang='lat' dir='ltr'><strong>jam</strong></span> <span class='ocrx_word' id='word_1_281' title='bbox 1177 2247 1417 2302; x_wconf 89' lang='lat' dir='ltr'><strong>anchora</strong></span> <span class='ocrx_word' id='word_1_282' title='bbox 1474 2247 1615 2318; x_wconf 89' lang='lat' dir='ltr'><strong>spei,</strong></span> <span class='ocrx_word' id='word_1_283' title='bbox 1662 2248 1922 2319; x_wconf 90' lang='lat' dir='ltr'><strong>quoniam</strong></span> <span class='ocrx_word' id='word_1_284' title='bbox 1956 2249 2010 2304; x_wconf 91' lang='lat' dir='ltr'><strong>in</strong></span> 
     </span>
    </p>
   </div>
   <div class='ocr_carea' id='block_1_39' title="bbox 395 2339 2017 2411">
    <p class='ocr_par' dir='ltr' id='par_1_39' title="bbox 395 2339 2017 2411">
     <span class='ocr_line' id='line_1_39' title="bbox 395 2339 2017 2411; baseline -0.001 -12"><span class='ocrx_word' id='word_1_285' title='bbox 395 2340 650 2399; x_wconf 86' lang='lat' dir='ltr'><strong>navicula</strong></span> <span class='ocrx_word' id='word_1_286' title='bbox 688 2340 871 2395; x_wconf 89' lang='lat' dir='ltr'><strong>cordis</strong></span> <span class='ocrx_word' id='word_1_287' title='bbox 905 2339 1078 2396; x_wconf 90' lang='lat' dir='ltr'><strong>nostri</strong></span> <span class='ocrx_word' id='word_1_288' title='bbox 1110 2356 1176 2395; x_wconf 90' lang='lat' dir='ltr'><strong>eo</strong></span> <span class='ocrx_word' id='word_1_289' title='bbox 1208 2340 1473 2407; x_wconf 86' lang='lat' dir='ltr'><strong>majorem</strong></span> <span class='ocrx_word' id='word_1_290' title='bbox 1504 2356 1657 2411; x_wconf 92' lang='lat' dir='ltr'><strong>spem</strong></span> <span class='ocrx_word' id='word_1_291' title='bbox 1692 2341 1898 2397; x_wconf 91' lang='lat' dir='ltr'><strong>habere</strong></span> <span class='ocrx_word' id='word_1_292' title='bbox 1924 2342 2017 2398; x_wconf 82' lang='lat' dir='ltr'><strong>de-</strong></span> 
     </span>
    </p>
   </div>
   <div class='ocr_carea' id='block_1_40' title="bbox 394 2429 2017 2503">
    <p class='ocr_par' dir='ltr' id='par_1_40' title="bbox 394 2429 2017 2503">
     <span class='ocr_line' id='line_1_40' title="bbox 394 2429 2017 2503; baseline -0.001 -15"><span class='ocrx_word' id='word_1_293' title='bbox 394 2434 595 2488; x_wconf 85' lang='lat' dir='ltr'><strong>bemus</strong></span> <span class='ocrx_word' id='word_1_294' title='bbox 618 2430 687 2484; x_wconf 92' lang='lat' dir='ltr'><strong>ad</strong></span> <span class='ocrx_word' id='word_1_295' title='bbox 709 2430 903 2494; x_wconf 91' lang='lat' dir='ltr'><strong>Deum,</strong></span> <span class='ocrx_word' id='word_1_296' title='bbox 928 2445 1040 2501; x_wconf 90' lang='lat' dir='ltr'><strong>quo</strong></span> <span class='ocrx_word' id='word_1_297' title='bbox 1074 2445 1184 2484; x_wconf 90' lang='lat' dir='ltr'><strong>non</strong></span> <span class='ocrx_word' id='word_1_298' title='bbox 1198 2429 1550 2500; x_wconf 89' lang='lat' dir='ltr'><strong>derelinquet</strong></span> <span class='ocrx_word' id='word_1_299' title='bbox 1569 2445 1763 2485; x_wconf 89' lang='lat' dir='ltr'><strong>omnes</strong></span> <span class='ocrx_word' id='word_1_300' title='bbox 1779 2431 1872 2503; x_wconf 93' lang='lat' dir='ltr'><strong>qui</strong></span> <span class='ocrx_word' id='word_1_301' title='bbox 1895 2447 2017 2503; x_wconf 86' lang='lat' dir='ltr'><strong>spe-</strong></span> 
     </span>
    </p>
   </div>
   <div class='ocr_carea' id='block_1_41' title="bbox 397 2516 2015 2590">
    <p class='ocr_par' dir='ltr' id='par_1_41' title="bbox 397 2516 2015 2590">
     <span class='ocr_line' id='line_1_41' title="bbox 397 2516 2015 2590; baseline -0.001 -13"><span class='ocrx_word' id='word_1_302' title='bbox 397 2529 518 2578; x_wconf 89' lang='lat' dir='ltr'><strong>rant</strong></span> <span class='ocrx_word' id='word_1_303' title='bbox 550 2522 604 2576; x_wconf 92' lang='lat' dir='ltr'><strong>in</strong></span> <span class='ocrx_word' id='word_1_304' title='bbox 638 2537 787 2575; x_wconf 91' lang='lat' dir='ltr'><strong>eum.</strong></span> <span class='ocrx_word' id='word_1_305' title='bbox 829 2518 892 2573; x_wconf 86' lang='lat' dir='ltr'><strong>Et</strong></span> <span class='ocrx_word' id='word_1_306' title='bbox 932 2517 1063 2588; x_wconf 90' lang='lat' dir='ltr'><strong>quia</strong></span> <span class='ocrx_word' id='word_1_307' title='bbox 1122 2516 1326 2573; x_wconf 70' lang='lat' dir='ltr'><strong>divinae</strong></span> <span class='ocrx_word' id='word_1_308' title='bbox 1361 2517 1587 2587; x_wconf 89' lang='lat' dir='ltr'><strong>pietatis</strong></span> <span class='ocrx_word' id='word_1_309' title='bbox 1633 2534 1877 2590; x_wconf 89' lang='lat' dir='ltr'><strong>superno</strong></span> <span class='ocrx_word' id='word_1_310' title='bbox 1900 2520 2015 2589; x_wconf 89' lang='lat' dir='ltr'><strong>jam</strong></span> 
     </span>
    </p>
   </div>
   <div class='ocr_carea' id='block_1_42' title="bbox 396 2605 2015 2680">
    <p class='ocr_par' dir='ltr' id='par_1_42' title="bbox 396 2605 2015 2680">
     <span class='ocr_line' id='line_1_42' title="bbox 396 2605 2015 2680; baseline 0 -16"><span class='ocrx_word' id='word_1_311' title='bbox 396 2610 711 2680; x_wconf 81' lang='lat' dir='ltr'><strong>indigemus</strong></span> <span class='ocrx_word' id='word_1_312' title='bbox 762 2606 1014 2679; x_wconf 82' lang='lat' dir='ltr'><strong>remigio,</strong></span> <span class='ocrx_word' id='word_1_313' title='bbox 1070 2606 1117 2659; x_wconf 90' lang='lat' dir='ltr'><strong>si</strong></span> <span class='ocrx_word' id='word_1_314' title='bbox 1167 2606 1237 2659; x_wconf 92' lang='lat' dir='ltr'><strong>ad</strong></span> <span class='ocrx_word' id='word_1_315' title='bbox 1292 2605 1471 2661; x_wconf 94' lang='lat' dir='ltr'><strong>locum</strong></span> <span class='ocrx_word' id='word_1_316' title='bbox 1505 2606 1839 2662; x_wconf 89' lang='lat' dir='ltr'><strong>destinatum</strong></span> <span class='ocrx_word' id='word_1_317' title='bbox 1887 2624 2015 2679; x_wconf 88' lang='lat' dir='ltr'><strong>pro-</strong></span> 
     </span>
    </p>
   </div>
   <div class='ocr_carea' id='block_1_43' title="bbox 394 2695 2014 2771">
    <p class='ocr_par' dir='ltr' id='par_1_43' title="bbox 394 2695 2014 2771">
     <span class='ocr_line' id='line_1_43' title="bbox 394 2695 2014 2771; baseline -0.001 -17"><span class='ocrx_word' id='word_1_318' title='bbox 394 2715 560 2771; x_wconf 85' lang='lat' dir='ltr'><strong>spero</strong></span> <span class='ocrx_word' id='word_1_319' title='bbox 600 2698 853 2753; x_wconf 91' lang='lat' dir='ltr'><strong>volumus</strong></span> <span class='ocrx_word' id='word_1_320' title='bbox 896 2695 1184 2767; x_wconf 88' lang='lat' dir='ltr'><strong>pervenire</strong></span> <span class='ocrx_word' id='word_1_321' title='bbox 1223 2695 1466 2766; x_wconf 87' lang='lat' dir='ltr'><strong>navigio,</strong></span> <span class='ocrx_word' id='word_1_322' title='bbox 1499 2695 1623 2752; x_wconf 90' lang='lat' dir='ltr'><strong>ideo</strong></span> <span class='ocrx_word' id='word_1_323' title='bbox 1673 2696 1727 2751; x_wconf 91' lang='lat' dir='ltr'><strong>in</strong></span> <span class='ocrx_word' id='word_1_324' title='bbox 1761 2697 2014 2753; x_wconf 88' lang='lat' dir='ltr'><strong>navicula</strong></span> 
     </span>
    </p>
   </div>
   <div class='ocr_carea' id='block_1_44' title="bbox 395 2782 2014 2856">
    <p class='ocr_par' dir='ltr' id='par_1_44' title="bbox 395 2782 2014 2856">
     <span class='ocr_line' id='line_1_44' title="bbox 395 2782 2014 2856; baseline -0.002 -12"><span class='ocrx_word' id='word_1_325' title='bbox 395 2788 599 2844; x_wconf 91' lang='lat' dir='ltr'><strong>mentis</strong></span> <span class='ocrx_word' id='word_1_326' title='bbox 640 2802 708 2843; x_wconf 90' lang='lat' dir='ltr'><strong>eo</strong></span> <span class='ocrx_word' id='word_1_327' title='bbox 738 2785 1041 2841; x_wconf 91' lang='lat' dir='ltr'><strong>studiosius</strong></span> <span class='ocrx_word' id='word_1_328' title='bbox 1071 2782 1236 2840; x_wconf 90' lang='lat' dir='ltr'><strong>nobis</strong></span> <span class='ocrx_word' id='word_1_329' title='bbox 1263 2782 1414 2849; x_wconf 86' lang='lat' dir='ltr'><strong>fidei,</strong></span> <span class='ocrx_word' id='word_1_330' title='bbox 1453 2785 1575 2856; x_wconf 90' lang='lat' dir='ltr'><strong>spei</strong></span> <span class='ocrx_word' id='word_1_331' title='bbox 1620 2794 1675 2840; x_wconf 91' lang='lat' dir='ltr'><strong>et</strong></span> <span class='ocrx_word' id='word_1_332' title='bbox 1731 2785 2014 2841; x_wconf 89' lang='lat' dir='ltr'><strong>charitatis</strong></span> 
     </span>
    </p>
   </div>
   <div class='ocr_carea' id='block_1_45' title="bbox 395 2875 2013 2945">
    <p class='ocr_par' dir='ltr' id='par_1_45' title="bbox 395 2875 2013 2945">
     <span class='ocr_line' id='line_1_45' title="bbox 395 2875 2013 2945; baseline 0.001 -16"><span class='ocrx_word' id='word_1_333' title='bbox 395 2876 831 2931; x_wconf 90' lang='lat' dir='ltr'><strong>incumbendum</strong></span> <span class='ocrx_word' id='word_1_334' title='bbox 878 2881 961 2929; x_wconf 92' lang='lat' dir='ltr'><strong>est</strong></span> <span class='ocrx_word' id='word_1_335' title='bbox 987 2875 1175 2943; x_wconf 91' lang='lat' dir='ltr'><strong>remis,</strong></span> <span class='ocrx_word' id='word_1_336' title='bbox 1231 2889 1341 2945; x_wconf 90' lang='lat' dir='ltr'><strong>quo</strong></span> <span class='ocrx_word' id='word_1_337' title='bbox 1381 2891 1481 2945; x_wconf 90' lang='lat' dir='ltr'><strong>spe</strong></span> <span class='ocrx_word' id='word_1_338' title='bbox 1533 2875 1757 2930; x_wconf 90' lang='lat' dir='ltr'><strong>videndi</strong></span> <span class='ocrx_word' id='word_1_339' title='bbox 1818 2876 2013 2931; x_wconf 91' lang='lat' dir='ltr'><strong>littoris</strong></span> 
     </span>
    </p>
   </div>
   <div class='ocr_carea' id='block_1_46' title="bbox 394 2966 2088 3066">
    <p class='ocr_par' dir='ltr' id='par_1_46' title="bbox 394 2966 2088 3066">
     <span class='ocr_line' id='line_1_46' title="bbox 394 2966 2088 3066; baseline 0.001 -44"><span class='ocrx_word' id='word_1_340' title='bbox 394 2968 572 3041; x_wconf 87' lang='lat' dir='ltr'><strong>magis</strong></span> <span class='ocrx_word' id='word_1_341' title='bbox 601 2968 890 3042; x_wconf 83' lang='lat' dir='ltr'><strong>magisque</strong></span> <span class='ocrx_word' id='word_1_342' title='bbox 924 2967 1037 3035; x_wconf 91' lang='lat' dir='ltr'><strong>jam</strong></span> <span class='ocrx_word' id='word_1_343' title='bbox 1078 2966 1381 3039; x_wconf 83' lang='lat' dir='ltr'><strong>remigrare</strong></span> <span class='ocrx_word' id='word_1_344' title='bbox 1414 2966 1682 3021; x_wconf 90' lang='lat' dir='ltr'><strong>debemus</strong></span> <span class='ocrx_word' id='word_1_345' title='bbox 1719 2967 1775 3021; x_wconf 91' lang='lat' dir='ltr'><strong>in</strong></span> <span class='ocrx_word' id='word_1_346' title='bbox 1828 2975 2009 3023; x_wconf 82' lang='lat' dir='ltr'><strong>extre—</strong></span> <span class='ocrx_word' id='word_1_347' title='bbox 2038 2996 2088 3066; x_wconf 79' lang='lat' dir='ltr'>C</span> 
     </span>
    </p>
   </div>
   <div class='ocr_carea' id='block_1_47' title="bbox 396 3053 2007 3127">
    <p class='ocr_par' dir='ltr' id='par_1_47' title="bbox 396 3053 2007 3127">
     <span class='ocr_line' id='line_1_47' title="bbox 396 3053 2007 3127; baseline 0.002 -17"><span class='ocrx_word' id='word_1_348' title='bbox 396 3057 516 3111; x_wconf 92' lang='lat' dir='ltr'><strong>mis.</strong></span> <span class='ocrx_word' id='word_1_349' title='bbox 552 3056 661 3110; x_wconf 87' lang='lat' dir='ltr'><strong>Sed</strong></span> <span class='ocrx_word' id='word_1_350' title='bbox 706 3056 834 3109; x_wconf 91' lang='lat' dir='ltr'><strong>dum</strong></span> <span class='ocrx_word' id='word_1_351' title='bbox 868 3055 937 3108; x_wconf 92' lang='lat' dir='ltr'><strong>ad</strong></span> <span class='ocrx_word' id='word_1_352' title='bbox 976 3053 1144 3108; x_wconf 87' lang='lat' dir='ltr'><strong>finem</strong></span> <span class='ocrx_word' id='word_1_353' title='bbox 1177 3054 1445 3109; x_wconf 89' lang='lat' dir='ltr'><strong>orationis</strong></span> <span class='ocrx_word' id='word_1_354' title='bbox 1485 3064 1708 3122; x_wconf 75' lang='lat' dir='ltr'><strong>nostrae,</strong></span> <span class='ocrx_word' id='word_1_355' title='bbox 1755 3058 1913 3127; x_wconf 91' lang='lat' dir='ltr'><strong>quasi</strong></span> <span class='ocrx_word' id='word_1_356' title='bbox 1939 3059 2007 3113; x_wconf 92' lang='lat' dir='ltr'><strong>ad</strong></span> 
     </span>
    </p>
   </div>
   <div class='ocr_carea' id='block_1_48' title="bbox 394 3145 2007 3221">
    <p class='ocr_par' dir='ltr' id='par_1_48' title="bbox 394 3145 2007 3221">
     <span class='ocr_line' id='line_1_48' title="bbox 394 3145 2007 3221; baseline 0.003 -22"><span class='ocrx_word' id='word_1_357' title='bbox 394 3147 543 3201; x_wconf 87' lang='lat' dir='ltr'><strong>littus</strong></span> <span class='ocrx_word' id='word_1_358' title='bbox 574 3160 935 3216; x_wconf 87' lang='lat' dir='ltr'><strong>properamus</strong></span> <span class='ocrx_word' id='word_1_359' title='bbox 982 3161 1013 3199; x_wconf 91' lang='lat' dir='ltr'><strong>a</strong></span> <span class='ocrx_word' id='word_1_360' title='bbox 1059 3145 1265 3209; x_wconf 89' lang='lat' dir='ltr'><strong>littore,</strong></span> <span class='ocrx_word' id='word_1_361' title='bbox 1320 3146 1460 3199; x_wconf 92' lang='lat' dir='ltr'><strong>viam</strong></span> <span class='ocrx_word' id='word_1_362' title='bbox 1521 3148 1766 3202; x_wconf 89' lang='lat' dir='ltr'><strong>veritatis</strong></span> <span class='ocrx_word' id='word_1_363' title='bbox 1796 3165 2007 3221; x_wconf 91' lang='lat' dir='ltr'><strong>nequa-</strong></span> 
     </span>
    </p>
   </div>
   <div class='ocr_carea' id='block_1_49' title="bbox 392 3236 2006 3312">
    <p class='ocr_par' dir='ltr' id='par_1_49' title="bbox 392 3236 2006 3312">
     <span class='ocr_line' id='line_1_49' title="bbox 392 3236 2006 3312; baseline 0.002 -20"><span class='ocrx_word' id='word_1_364' title='bbox 392 3254 556 3309; x_wconf 91' lang='lat' dir='ltr'><strong>quam</strong></span> <span class='ocrx_word' id='word_1_365' title='bbox 584 3237 856 3291; x_wconf 89' lang='lat' dir='ltr'><strong>debemus</strong></span> <span class='ocrx_word' id='word_1_366' title='bbox 885 3236 1160 3302; x_wconf 88' lang='lat' dir='ltr'><strong>amittere,</strong></span> <span class='ocrx_word' id='word_1_367' title='bbox 1198 3236 1297 3291; x_wconf 90' lang='lat' dir='ltr'><strong>sed</strong></span> <span class='ocrx_word' id='word_1_368' title='bbox 1324 3243 1452 3292; x_wconf 87' lang='lat' dir='ltr'><strong>ante</strong></span> <span class='ocrx_word' id='word_1_369' title='bbox 1479 3252 1580 3293; x_wconf 91' lang='lat' dir='ltr'><strong>nos</strong></span> <span class='ocrx_word' id='word_1_370' title='bbox 1612 3240 1831 3312; x_wconf 80' lang='lat' dir='ltr'><strong>longius</strong></span> <span class='ocrx_word' id='word_1_371' title='bbox 1861 3242 2006 3296; x_wconf 91' lang='lat' dir='ltr'><strong>inte—</strong></span> 
     </span>
    </p>
   </div>
   <div class='ocr_carea' id='block_1_50' title="bbox 392 3328 2008 3400">
    <p class='ocr_par' dir='ltr' id='par_1_50' title="bbox 392 3328 2008 3400">
     <span class='ocr_line' id='line_1_50' title="bbox 392 3328 2008 3400; baseline 0.002 -16"><span class='ocrx_word' id='word_1_372' title='bbox 392 3330 630 3384; x_wconf 87' lang='lat' dir='ltr'><strong>rioribus</strong></span> <span class='ocrx_word' id='word_1_373' title='bbox 653 3329 767 3397; x_wconf 89' lang='lat' dir='ltr'><strong>jam</strong></span> <span class='ocrx_word' id='word_1_374' title='bbox 798 3328 1248 3400; x_wconf 88' lang='lat' dir='ltr'><strong>prospiciendum</strong></span> <span class='ocrx_word' id='word_1_375' title='bbox 1289 3339 1372 3385; x_wconf 91' lang='lat' dir='ltr'><strong>est</strong></span> <span class='ocrx_word' id='word_1_376' title='bbox 1400 3330 1596 3398; x_wconf 90' lang='lat' dir='ltr'><strong>oculis,</strong></span> <span class='ocrx_word' id='word_1_377' title='bbox 1645 3346 1714 3386; x_wconf 91' lang='lat' dir='ltr'><strong>ne</strong></span> <span class='ocrx_word' id='word_1_378' title='bbox 1757 3332 2008 3388; x_wconf 89' lang='lat' dir='ltr'><strong>navicula</strong></span> 
     </span>
    </p>
   </div>
   <div class='ocr_carea' id='block_1_51' title="bbox 393 3421 2016 3490">
    <p class='ocr_par' dir='ltr' id='par_1_51' title="bbox 393 3421 2016 3490">
     <span class='ocr_line' id='line_1_51' title="bbox 393 3421 2016 3490; baseline 0.003 -14"><span class='ocrx_word' id='word_1_379' title='bbox 393 3422 594 3477; x_wconf 90' lang='lat' dir='ltr'><strong>mentis</strong></span> <span class='ocrx_word' id='word_1_380' title='bbox 644 3421 880 3490; x_wconf 83' lang='lat' dir='ltr'><strong>alicujus</strong></span> <span class='ocrx_word' id='word_1_381' title='bbox 938 3421 1141 3477; x_wconf 90' lang='lat' dir='ltr'><strong>erroris</strong></span> <span class='ocrx_word' id='word_1_382' title='bbox 1206 3422 1544 3477; x_wconf 87' lang='lat' dir='ltr'><strong>anfractibus</strong></span> <span class='ocrx_word' id='word_1_383' title='bbox 1613 3423 1857 3479; x_wconf 90' lang='lat' dir='ltr'><strong>illidatur</strong></span> <span class='ocrx_word' id='word_1_384' title='bbox 1922 3439 2016 3486; x_wconf 78' lang='lat' dir='ltr'><strong>aut</strong></span> 
     </span>
    </p>
   </div>
   <div class='ocr_carea' id='block_1_52' title="bbox 390 3510 2014 3583">
    <p class='ocr_par' dir='ltr' id='par_1_52' title="bbox 390 3510 2014 3583">
     <span class='ocr_line' id='line_1_52' title="bbox 390 3510 2014 3583; baseline 0.005 -17"><span class='ocrx_word' id='word_1_385' title='bbox 390 3511 653 3582; x_wconf 91' lang='lat' dir='ltr'><strong>scopulis.</strong></span> <span class='ocrx_word' id='word_1_386' title='bbox 710 3510 1008 3566; x_wconf 90' lang='lat' dir='ltr'><strong>Sciendum</strong></span> <span class='ocrx_word' id='word_1_387' title='bbox 1058 3518 1143 3565; x_wconf 90' lang='lat' dir='ltr'><strong>est</strong></span> <span class='ocrx_word' id='word_1_388' title='bbox 1190 3511 1400 3583; x_wconf 89' lang='lat' dir='ltr'><strong>quippe</strong></span> <span class='ocrx_word' id='word_1_389' title='bbox 1443 3513 1573 3583; x_wconf 91' lang='lat' dir='ltr'><strong>quia</strong></span> <span class='ocrx_word' id='word_1_390' title='bbox 1601 3513 1743 3569; x_wconf 88' lang='lat' dir='ltr'><strong>sicut</strong></span> <span class='ocrx_word' id='word_1_391' title='bbox 1787 3514 1843 3568; x_wconf 90' lang='lat' dir='ltr'><strong>in</strong></span> <span class='ocrx_word' id='word_1_392' title='bbox 1870 3515 2014 3574; x_wconf 92' lang='lat' dir='ltr'><strong>libro</strong></span> 
     </span>
    </p>
   </div>
   <div class='ocr_carea' id='block_1_53' title="bbox 389 3600 2012 3676">
    <p class='ocr_par' dir='ltr' id='par_1_53' title="bbox 389 3600 2012 3676">
     <span class='ocr_line' id='line_1_53' title="bbox 389 3600 2012 3676; baseline 0.004 -22"><span class='ocrx_word' id='word_1_393' title='bbox 389 3600 667 3655; x_wconf 85' lang='lat' dir='ltr'><strong>Geneseos</strong></span> <span class='ocrx_word' id='word_1_394' title='bbox 696 3606 858 3655; x_wconf 86' lang='lat' dir='ltr'><strong>antea</strong></span> <span class='ocrx_word' id='word_1_395' title='bbox 896 3606 1109 3655; x_wconf 88' lang='lat' dir='ltr'><strong>constat</strong></span> <span class='ocrx_word' id='word_1_396' title='bbox 1130 3600 1409 3672; x_wconf 90' lang='lat' dir='ltr'><strong>aliquibus</strong></span> <span class='ocrx_word' id='word_1_397' title='bbox 1458 3602 1745 3676; x_wconf 87' lang='lat' dir='ltr'><strong>navigasse</strong></span> <span class='ocrx_word' id='word_1_398' title='bbox 1791 3603 2012 3675; x_wconf 90' lang='lat' dir='ltr'><strong>diebus,</strong></span> 
     </span>
    </p>
   </div>
   <div class='ocr_carea' id='block_1_54' title="bbox 390 3689 2012 3765">
    <p class='ocr_par' dir='ltr' id='par_1_54' title="bbox 390 3689 2012 3765">
     <span class='ocr_line' id='line_1_54' title="bbox 390 3689 2012 3765; baseline 0.004 -20"><span class='ocrx_word' id='word_1_399' title='bbox 390 3690 470 3745; x_wconf 91' lang='lat' dir='ltr'><strong>sic</strong></span> <span class='ocrx_word' id='word_1_400' title='bbox 501 3691 556 3744; x_wconf 91' lang='lat' dir='ltr'><strong>in</strong></span> <span class='ocrx_word' id='word_1_401' title='bbox 585 3690 711 3745; x_wconf 90' lang='lat' dir='ltr'><strong>aliis</strong></span> <span class='ocrx_word' id='word_1_402' title='bbox 741 3690 899 3745; x_wconf 90' lang='lat' dir='ltr'><strong>libris</strong></span> <span class='ocrx_word' id='word_1_403' title='bbox 931 3690 1109 3761; x_wconf 87' lang='lat' dir='ltr'><strong>Moysi</strong></span> <span class='ocrx_word' id='word_1_404' title='bbox 1162 3689 1444 3761; x_wconf 88' lang='lat' dir='ltr'><strong>aliquanto</strong></span> <span class='ocrx_word' id='word_1_405' title='bbox 1489 3696 1735 3763; x_wconf 88' lang='lat' dir='ltr'><strong>tempore</strong></span> <span class='ocrx_word' id='word_1_406' title='bbox 1783 3696 2012 3765; x_wconf 88' lang='lat' dir='ltr'><strong>posthac</strong></span> 
     </span>
    </p>
   </div>
   <div class='ocr_carea' id='block_1_55' title="bbox 394 3783 2010 3859">
    <p class='ocr_par' dir='ltr' id='par_1_55' title="bbox 394 3783 2010 3859">
     <span class='ocr_line' id='line_1_55' title="bbox 394 3783 2010 3859; baseline 0.003 -22"><span class='ocrx_word' id='word_1_407' title='bbox 394 3783 594 3854; x_wconf 88' lang='lat' dir='ltr'><strong>piscari</strong></span> <span class='ocrx_word' id='word_1_408' title='bbox 625 3783 914 3849; x_wconf 89' lang='lat' dir='ltr'><strong>debemus,</strong></span> <span class='ocrx_word' id='word_1_409' title='bbox 946 3783 1184 3837; x_wconf 84' lang='lat' dir='ltr'><strong>maxime</strong></span> <span class='ocrx_word' id='word_1_410' title='bbox 1222 3799 1346 3838; x_wconf 90' lang='lat' dir='ltr'><strong>cum</strong></span> <span class='ocrx_word' id='word_1_411' title='bbox 1381 3784 1566 3859; x_wconf 86' lang='lat' dir='ltr'><strong>magni</strong></span> <span class='ocrx_word' id='word_1_412' title='bbox 1599 3786 1779 3856; x_wconf 88' lang='lat' dir='ltr'><strong>pisces</strong></span> <span class='ocrx_word' id='word_1_413' title='bbox 1797 3786 1873 3840; x_wconf 90' lang='lat' dir='ltr'><strong>illi</strong></span> <span class='ocrx_word' id='word_1_414' title='bbox 1897 3787 2010 3856; x_wconf 91' lang='lat' dir='ltr'><strong>jam</strong></span> 
     </span>
    </p>
   </div>
   <div class='ocr_carea' id='block_1_56' title="bbox 394 3874 2008 3949">
    <p class='ocr_par' dir='ltr' id='par_1_56' title="bbox 394 3874 2008 3949">
     <span class='ocr_line' id='line_1_56' title="bbox 394 3874 2008 3949; baseline 0.003 -21"><span class='ocrx_word' id='word_1_415' title='bbox 394 3876 553 3929; x_wconf 91' lang='lat' dir='ltr'><strong>nobis</strong></span> <span class='ocrx_word' id='word_1_416' title='bbox 594 3874 993 3944; x_wconf 75' lang='lat' dir='ltr'><strong>praemonstrati</strong></span> <span class='ocrx_word' id='word_1_417' title='bbox 1028 3875 1139 3928; x_wconf 88' lang='lat' dir='ltr'><strong>sint</strong></span> <span class='ocrx_word' id='word_1_418' title='bbox 1176 3875 1229 3927; x_wconf 90' lang='lat' dir='ltr'><strong>in</strong></span> <span class='ocrx_word' id='word_1_419' title='bbox 1264 3876 1588 3945; x_wconf 88' lang='lat' dir='ltr'><strong>patriarchis</strong></span> <span class='ocrx_word' id='word_1_420' title='bbox 1616 3887 1671 3932; x_wconf 93' lang='lat' dir='ltr'><strong>et</strong></span> <span class='ocrx_word' id='word_1_421' title='bbox 1701 3880 2008 3949; x_wconf 87' lang='lat' dir='ltr'><strong>prOphetis,</strong></span> 
     </span>
    </p>
   </div>
   <div class='ocr_carea' id='block_1_57' title="bbox 393 3962 2011 4035">
    <p class='ocr_par' dir='ltr' id='par_1_57' title="bbox 393 3962 2011 4035">
     <span class='ocr_line' id='line_1_57' title="bbox 393 3962 2011 4035; baseline 0.004 -19"><span class='ocrx_word' id='word_1_422' title='bbox 393 3963 463 4017; x_wconf 86' lang='lat' dir='ltr'><strong>de</strong></span> <span class='ocrx_word' id='word_1_423' title='bbox 493 3962 693 4033; x_wconf 89' lang='lat' dir='ltr'><strong>quibus</strong></span> <span class='ocrx_word' id='word_1_424' title='bbox 728 3963 939 4016; x_wconf 88' lang='lat' dir='ltr'><strong>Veritas</strong></span> <span class='ocrx_word' id='word_1_425' title='bbox 971 3962 1288 4033; x_wconf 88' lang='lat' dir='ltr'><strong>discipulis:</strong></span> <span class='ocrx_word' id='word_1_426' title='bbox 1323 3966 1534 4031; x_wconf 78' lang='lat' dir='ltr'><strong>Mittite,</strong></span> <span class='ocrx_word' id='word_1_427' title='bbox 1568 3964 1768 4035; x_wconf 87' lang='lat' dir='ltr'><strong>inquit,</strong></span> <span class='ocrx_word' id='word_1_428' title='bbox 1792 3968 1851 4020; x_wconf 85' lang='lat' dir='ltr'><strong>in</strong></span> <span class='ocrx_word' id='word_1_429' title='bbox 1874 3967 2011 4022; x_wconf 75' lang='lat' dir='ltr'><strong>dea:-</strong></span> 
     </span>
    </p>
   </div>
   <div class='ocr_carea' id='block_1_58' title="bbox 395 4054 2013 4125">
    <p class='ocr_par' dir='ltr' id='par_1_58' title="bbox 395 4054 2013 4125">
     <span class='ocr_line' id='line_1_58' title="bbox 395 4054 2013 4125; baseline 0.002 -19"><span class='ocrx_word' id='word_1_430' title='bbox 395 4060 537 4107; x_wconf 83' lang='lat' dir='ltr'><strong>tmm</strong></span> <span class='ocrx_word' id='word_1_431' title='bbox 592 4054 801 4120; x_wconf 85' lang='lat' dir='ltr'><strong>navigii</strong></span> <span class='ocrx_word' id='word_1_432' title='bbox 835 4058 964 4118; x_wconf 81' lang='lat' dir='ltr'><strong>rete,</strong></span> <span class='ocrx_word' id='word_1_433' title='bbox 1018 4060 1069 4107; x_wconf 91' lang='lat' dir='ltr'><strong>et</strong></span> <span class='ocrx_word' id='word_1_434' title='bbox 1116 4054 1402 4107; x_wconf 82' lang='lat' dir='ltr'><strong>invenietis</strong></span> <span class='ocrx_word' id='word_1_435' title='bbox 1457 4054 1634 4123; x_wconf 83' lang='lat' dir='ltr'><strong>(Joan.</strong></span> <span class='ocrx_word' id='word_1_436' title='bbox 1703 4056 1815 4125; x_wconf 84' lang='lat' dir='ltr'><strong>xu).</strong></span> <span class='ocrx_word' id='word_1_437' title='bbox 1861 4054 2013 4110; x_wconf 89' lang='lat' dir='ltr'><strong>Sicut</strong></span> 
     </span>
    </p>
   </div>
   <div class='ocr_carea' id='block_1_59' title="bbox 394 4138 2012 4215">
    <p class='ocr_par' dir='ltr' id='par_1_59' title="bbox 394 4138 2012 4215">
     <span class='ocr_line' id='line_1_59' title="bbox 394 4138 2012 4215; baseline 0.004 -22"><span class='ocrx_word' id='word_1_438' title='bbox 394 4141 542 4193; x_wconf 90' lang='lat' dir='ltr'><strong>enim</strong></span> <span class='ocrx_word' id='word_1_439' title='bbox 577 4138 803 4214; x_wconf 83' lang='lat' dir='ltr'><strong>ﬁguram</strong></span> <span class='ocrx_word' id='word_1_440' title='bbox 845 4139 1079 4209; x_wconf 88' lang='lat' dir='ltr'><strong>piscium</strong></span> <span class='ocrx_word' id='word_1_441' title='bbox 1112 4138 1330 4193; x_wconf 89' lang='lat' dir='ltr'><strong>illorum</strong></span> <span class='ocrx_word' id='word_1_442' title='bbox 1372 4140 1561 4211; x_wconf 87' lang='lat' dir='ltr'><strong>plures</strong></span> <span class='ocrx_word' id='word_1_443' title='bbox 1604 4142 1848 4198; x_wconf 85' lang='lat' dir='ltr'><strong>habuere</strong></span> <span class='ocrx_word' id='word_1_444' title='bbox 1880 4159 2012 4215; x_wconf 89' lang='lat' dir='ltr'><strong>pro-</strong></span> 
     </span>
    </p>
   </div>
   <div class='ocr_carea' id='block_1_60' title="bbox 395 4232 2013 4304">
    <p class='ocr_par' dir='ltr' id='par_1_60' title="bbox 395 4232 2013 4304">
     <span class='ocr_line' id='line_1_60' title="bbox 395 4232 2013 4304; baseline 0.003 -17"><span class='ocrx_word' id='word_1_445' title='bbox 395 4234 597 4304; x_wconf 77' lang='lat' dir='ltr'><strong>phetae,</strong></span> <span class='ocrx_word' id='word_1_446' title='bbox 631 4233 699 4287; x_wconf 92' lang='lat' dir='ltr'><strong>de</strong></span> <span class='ocrx_word' id='word_1_447' title='bbox 727 4232 930 4304; x_wconf 87' lang='lat' dir='ltr'><strong>quibus</strong></span> <span class='ocrx_word' id='word_1_448' title='bbox 953 4232 1184 4287; x_wconf 91' lang='lat' dir='ltr'><strong>dicitur:</strong></span> <span class='ocrx_word' id='word_1_449' title='bbox 1229 4236 1363 4288; x_wconf 87' lang='lat' dir='ltr'><strong>Cum</strong></span> <span class='ocrx_word' id='word_1_450' title='bbox 1393 4238 1535 4289; x_wconf 87' lang='lat' dir='ltr'><strong>tanti</strong></span> <span class='ocrx_word' id='word_1_451' title='bbox 1556 4242 1749 4303; x_wconf 81' lang='lat' dir='ltr'><strong>essent,</strong></span> <span class='ocrx_word' id='word_1_452' title='bbox 1798 4251 1909 4292; x_wconf 84' lang='lat' dir='ltr'><strong>non</strong></span> <span class='ocrx_word' id='word_1_453' title='bbox 1936 4244 2013 4292; x_wconf 81' lang='lat' dir='ltr'><strong>est</strong></span> 
     </span>
    </p>
   </div>
   <div class='ocr_carea' id='block_1_61' title="bbox 2111 1687 3733 1764">
    <p class='ocr_par' dir='ltr' id='par_1_61' title="bbox 2111 1687 3733 1764">
     <span class='ocr_line' id='line_1_61' title="bbox 2111 1687 3733 1764; baseline -0.001 -20"><span class='ocrx_word' id='word_1_454' title='bbox 2111 1697 2309 1744; x_wconf 91' lang='lat' dir='ltr'><strong>terram</strong></span> <span class='ocrx_word' id='word_1_455' title='bbox 2343 1690 2638 1744; x_wconf 89' lang='lat' dir='ltr'><strong>redeamus</strong></span> <span class='ocrx_word' id='word_1_456' title='bbox 2668 1687 2941 1756; x_wconf 89' lang='lat' dir='ltr'><strong>manibus,</strong></span> <span class='ocrx_word' id='word_1_457' title='bbox 2971 1688 3200 1764; x_wconf 90' lang='lat' dir='ltr'><strong>dignum</strong></span> <span class='ocrx_word' id='word_1_458' title='bbox 3232 1697 3337 1756; x_wconf 87' lang='lat' dir='ltr'><strong>est,</strong></span> <span class='ocrx_word' id='word_1_459' title='bbox 3370 1696 3431 1743; x_wconf 90' lang='lat' dir='ltr'><strong>ut</strong></span> <span class='ocrx_word' id='word_1_460' title='bbox 3458 1690 3573 1758; x_wconf 89' lang='lat' dir='ltr'><strong>jam</strong></span> <span class='ocrx_word' id='word_1_461' title='bbox 3607 1705 3733 1742; x_wconf 87' lang='lat' dir='ltr'><strong>ma-</strong></span> 
     </span>
    </p>
   </div>
   <div class='ocr_carea' id='block_1_62' title="bbox 2110 1780 3730 1855">
    <p class='ocr_par' dir='ltr' id='par_1_62' title="bbox 2110 1780 3730 1855">
     <span class='ocr_line' id='line_1_62' title="bbox 2110 1780 3730 1855; baseline -0.001 -19"><span class='ocrx_word' id='word_1_462' title='bbox 2110 1796 2252 1855; x_wconf 85' lang='lat' dir='ltr'><strong>gnos</strong></span> <span class='ocrx_word' id='word_1_463' title='bbox 2274 1781 2399 1837; x_wconf 91' lang='lat' dir='ltr'><strong>illos</strong></span> <span class='ocrx_word' id='word_1_464' title='bbox 2421 1782 2601 1852; x_wconf 90' lang='lat' dir='ltr'><strong>pisces</strong></span> <span class='ocrx_word' id='word_1_465' title='bbox 2623 1781 2810 1836; x_wconf 91' lang='lat' dir='ltr'><strong>cordis</strong></span> <span class='ocrx_word' id='word_1_466' title='bbox 2832 1782 3005 1837; x_wconf 88' lang='lat' dir='ltr'><strong>nostri</strong></span> <span class='ocrx_word' id='word_1_467' title='bbox 3035 1780 3259 1853; x_wconf 87' lang='lat' dir='ltr'><strong>colligat</strong></span> <span class='ocrx_word' id='word_1_468' title='bbox 3289 1790 3426 1843; x_wconf 88' lang='lat' dir='ltr'><strong>rete,</strong></span> <span class='ocrx_word' id='word_1_469' title='bbox 3449 1796 3551 1851; x_wconf 90' lang='lat' dir='ltr'><strong>per</strong></span> <span class='ocrx_word' id='word_1_470' title='bbox 3580 1796 3730 1851; x_wconf 90' lang='lat' dir='ltr'><strong>quos</strong></span> 
     </span>
    </p>
   </div>
   <div class='ocr_carea' id='block_1_63' title="bbox 2111 1871 3732 1945">
    <p class='ocr_par' dir='ltr' id='par_1_63' title="bbox 2111 1871 3732 1945">
     <span class='ocr_line' id='line_1_63' title="bbox 2111 1871 3732 1945; baseline -0.004 -15"><span class='ocrx_word' id='word_1_471' title='bbox 2111 1882 2270 1932; x_wconf 68' lang='lat' dir='ltr'><strong>antea</strong></span> <span class='ocrx_word' id='word_1_472' title='bbox 2318 1873 2644 1944; x_wconf 65' lang='lat' dir='ltr'><strong>patriarchae</strong></span> <span class='ocrx_word' id='word_1_473' title='bbox 2710 1871 3077 1945; x_wconf 87' lang='lat' dir='ltr'><strong>signabantur</strong></span> <span class='ocrx_word' id='word_1_474' title='bbox 3121 1879 3177 1928; x_wconf 92' lang='lat' dir='ltr'><strong>et</strong></span> <span class='ocrx_word' id='word_1_475' title='bbox 3232 1872 3539 1943; x_wconf 65' lang='lat' dir='ltr'><strong>prophetae.</strong></span> <span class='ocrx_word' id='word_1_476' title='bbox 3619 1871 3732 1941; x_wconf 84' lang='lat' dir='ltr'><strong>Ipsi</strong></span> 
     </span>
    </p>
   </div>
   <div class='ocr_carea' id='block_1_64' title="bbox 2109 1960 3730 2032">
    <p class='ocr_par' dir='ltr' id='par_1_64' title="bbox 2109 1960 3730 2032">
     <span class='ocr_line' id='line_1_64' title="bbox 2109 1960 3730 2032; baseline -0.001 -16"><span class='ocrx_word' id='word_1_477' title='bbox 2109 1961 2280 2027; x_wconf 88' lang='lat' dir='ltr'><strong>enim,</strong></span> <span class='ocrx_word' id='word_1_478' title='bbox 2326 1961 2459 2032; x_wconf 91' lang='lat' dir='ltr'><strong>quid</strong></span> <span class='ocrx_word' id='word_1_479' title='bbox 2504 1961 2676 2027; x_wconf 90' lang='lat' dir='ltr'><strong>aliud,</strong></span> <span class='ocrx_word' id='word_1_480' title='bbox 2739 1961 2842 2015; x_wconf 90' lang='lat' dir='ltr'><strong>nisi</strong></span> <span class='ocrx_word' id='word_1_481' title='bbox 2900 1960 3083 2031; x_wconf 86' lang='lat' dir='ltr'><strong>pisces</strong></span> <span class='ocrx_word' id='word_1_482' title='bbox 3118 1969 3298 2028; x_wconf 88' lang='lat' dir='ltr'><strong>erant,</strong></span> <span class='ocrx_word' id='word_1_483' title='bbox 3331 1960 3425 2032; x_wconf 89' lang='lat' dir='ltr'><strong>qui</strong></span> <span class='ocrx_word' id='word_1_484' title='bbox 3462 1961 3730 2016; x_wconf 89' lang='lat' dir='ltr'><strong>virtutum</strong></span> 
     </span>
    </p>
   </div>
   <div class='ocr_carea' id='block_1_65' title="bbox 2112 2049 3735 2121">
    <p class='ocr_par' dir='ltr' id='par_1_65' title="bbox 2112 2049 3735 2121">
     <span class='ocr_line' id='line_1_65' title="bbox 2112 2049 3735 2121; baseline -0.002 -16"><span class='ocrx_word' id='word_1_485' title='bbox 2112 2050 2390 2121; x_wconf 90' lang='lat' dir='ltr'><strong>pennulis,</strong></span> <span class='ocrx_word' id='word_1_486' title='bbox 2423 2050 2490 2104; x_wconf 94' lang='lat' dir='ltr'><strong>ab</strong></span> <span class='ocrx_word' id='word_1_487' title='bbox 2525 2050 2651 2105; x_wconf 91' lang='lat' dir='ltr'><strong>imis</strong></span> <span class='ocrx_word' id='word_1_488' title='bbox 2705 2050 2774 2105; x_wconf 91' lang='lat' dir='ltr'><strong>ad</strong></span> <span class='ocrx_word' id='word_1_489' title='bbox 2806 2066 3020 2105; x_wconf 91' lang='lat' dir='ltr'><strong>summa</strong></span> <span class='ocrx_word' id='word_1_490' title='bbox 3048 2050 3232 2108; x_wconf 87' lang='lat' dir='ltr'><strong>volare</strong></span> <span class='ocrx_word' id='word_1_491' title='bbox 3287 2049 3565 2118; x_wconf 87' lang='lat' dir='ltr'><strong>solebant,</strong></span> <span class='ocrx_word' id='word_1_492' title='bbox 3599 2050 3735 2104; x_wconf 89' lang='lat' dir='ltr'><strong>dum</strong></span> 
     </span>
    </p>
   </div>
   <div class='ocr_carea' id='block_1_66' title="bbox 2110 2138 3737 2210">
    <p class='ocr_par' dir='ltr' id='par_1_66' title="bbox 2110 2138 3737 2210">
     <span class='ocr_line' id='line_1_66' title="bbox 2110 2138 3737 2210; baseline -0.001 -15"><span class='ocrx_word' id='word_1_493' title='bbox 2110 2147 2302 2195; x_wconf 92' lang='lat' dir='ltr'><strong>contra</strong></span> <span class='ocrx_word' id='word_1_494' title='bbox 2341 2139 2572 2194; x_wconf 90' lang='lat' dir='ltr'><strong>insidias</strong></span> <span class='ocrx_word' id='word_1_495' title='bbox 2597 2139 2828 2206; x_wconf 92' lang='lat' dir='ltr'><strong>diaboli,</strong></span> <span class='ocrx_word' id='word_1_496' title='bbox 2865 2140 3045 2194; x_wconf 89' lang='lat' dir='ltr'><strong>adhuc</strong></span> <span class='ocrx_word' id='word_1_497' title='bbox 3086 2155 3311 2210; x_wconf 87' lang='lat' dir='ltr'><strong>semper</strong></span> <span class='ocrx_word' id='word_1_498' title='bbox 3343 2138 3573 2207; x_wconf 73' lang='lat' dir='ltr'><strong>justitiae</strong></span> <span class='ocrx_word' id='word_1_499' title='bbox 3605 2153 3737 2193; x_wconf 83' lang='lat' dir='ltr'><strong>mn—</strong></span> 
     </span>
    </p>
   </div>
   <div class='ocr_carea' id='block_1_67' title="bbox 2117 2226 3742 2301">
    <p class='ocr_par' dir='ltr' id='par_1_67' title="bbox 2117 2226 3742 2301">
     <span class='ocr_line' id='line_1_67' title="bbox 2117 2226 3742 2301; baseline -0.001 -18"><span class='ocrx_word' id='word_1_500' title='bbox 2117 2229 2218 2284; x_wconf 91' lang='lat' dir='ltr'><strong>niti</strong></span> <span class='ocrx_word' id='word_1_501' title='bbox 2249 2235 2378 2283; x_wconf 91' lang='lat' dir='ltr'><strong>sunt</strong></span> <span class='ocrx_word' id='word_1_502' title='bbox 2431 2228 2697 2301; x_wconf 86' lang='lat' dir='ltr'><strong>squamis,</strong></span> <span class='ocrx_word' id='word_1_503' title='bbox 2740 2244 2808 2283; x_wconf 91' lang='lat' dir='ltr'><strong>ne</strong></span> <span class='ocrx_word' id='word_1_504' title='bbox 2867 2229 3170 2284; x_wconf 91' lang='lat' dir='ltr'><strong>carnalium</strong></span> <span class='ocrx_word' id='word_1_505' title='bbox 3234 2227 3491 2284; x_wconf 90' lang='lat' dir='ltr'><strong>vitiorum</strong></span> <span class='ocrx_word' id='word_1_506' title='bbox 3522 2226 3742 2283; x_wconf 84' lang='lat' dir='ltr'><strong>aculeis</strong></span> 
     </span>
    </p>
   </div>
   <div class='ocr_carea' id='block_1_68' title="bbox 2117 2315 3744 2388">
    <p class='ocr_par' dir='ltr' id='par_1_68' title="bbox 2117 2315 3744 2388">
     <span class='ocr_line' id='line_1_68' title="bbox 2117 2315 3744 2388; baseline -0.001 -16"><span class='ocrx_word' id='word_1_507' title='bbox 2117 2326 2448 2388; x_wconf 90' lang='lat' dir='ltr'><strong>caperentur</strong></span> <span class='ocrx_word' id='word_1_508' title='bbox 2477 2325 2572 2372; x_wconf 89' lang='lat' dir='ltr'><strong>aut</strong></span> <span class='ocrx_word' id='word_1_509' title='bbox 2596 2315 2818 2371; x_wconf 75' lang='lat' dir='ltr'><strong>hamis?</strong></span> <span class='ocrx_word' id='word_1_510' title='bbox 2862 2316 3049 2372; x_wconf 90' lang='lat' dir='ltr'><strong>Pisces</strong></span> <span class='ocrx_word' id='word_1_511' title='bbox 3086 2316 3294 2388; x_wconf 89' lang='lat' dir='ltr'><strong>quippe</strong></span> <span class='ocrx_word' id='word_1_512' title='bbox 3335 2316 3429 2388; x_wconf 89' lang='lat' dir='ltr'><strong>qui</strong></span> <span class='ocrx_word' id='word_1_513' title='bbox 3461 2317 3744 2388; x_wconf 89' lang='lat' dir='ltr'><strong>pennulas</strong></span> 
     </span>
    </p>
   </div>
   <div class='ocr_carea' id='block_1_69' title="bbox 2116 2411 3743 2483">
    <p class='ocr_par' dir='ltr' id='par_1_69' title="bbox 2116 2411 3743 2483">
     <span class='ocr_line' id='line_1_69' title="bbox 2116 2411 3743 2483; baseline -0.001 -17"><span class='ocrx_word' id='word_1_514' title='bbox 2116 2427 2467 2483; x_wconf 90' lang='lat' dir='ltr'><strong>squamarum</strong></span> <span class='ocrx_word' id='word_1_515' title='bbox 2501 2411 2731 2479; x_wconf 91' lang='lat' dir='ltr'><strong>habent,</strong></span> <span class='ocrx_word' id='word_1_516' title='bbox 2759 2411 2891 2466; x_wconf 82' lang='lat' dir='ltr'><strong>dare</strong></span> <span class='ocrx_word' id='word_1_517' title='bbox 2926 2411 3100 2466; x_wconf 91' lang='lat' dir='ltr'><strong>saltus</strong></span> <span class='ocrx_word' id='word_1_518' title='bbox 3129 2426 3297 2482; x_wconf 89' lang='lat' dir='ltr'><strong>super</strong></span> <span class='ocrx_word' id='word_1_519' title='bbox 3327 2427 3499 2483; x_wconf 89' lang='lat' dir='ltr'><strong>aquas</strong></span> <span class='ocrx_word' id='word_1_520' title='bbox 3526 2412 3743 2477; x_wconf 87' lang='lat' dir='ltr'><strong>valent,</strong></span> 
     </span>
    </p>
   </div>
   <div class='ocr_carea' id='block_1_70' title="bbox 2116 2494 3744 2572">
    <p class='ocr_par' dir='ltr' id='par_1_70' title="bbox 2116 2494 3744 2572">
     <span class='ocr_line' id='line_1_70' title="bbox 2116 2494 3744 2572; baseline 0.004 -24"><span class='ocrx_word' id='word_1_521' title='bbox 2116 2494 2493 2570; x_wconf 76' lang='lat' dir='ltr'><strong>signiﬁcantes</strong></span> <span class='ocrx_word' id='word_1_522' title='bbox 2536 2497 2795 2555; x_wconf 87' lang='lat' dir='ltr'><strong>videlicet</strong></span> <span class='ocrx_word' id='word_1_523' title='bbox 2825 2500 2975 2572; x_wconf 92' lang='lat' dir='ltr'><strong>quod</strong></span> <span class='ocrx_word' id='word_1_524' title='bbox 3020 2500 3097 2555; x_wconf 91' lang='lat' dir='ltr'><strong>illi</strong></span> <span class='ocrx_word' id='word_1_525' title='bbox 3128 2501 3478 2557; x_wconf 90' lang='lat' dir='ltr'><strong>solummodo</strong></span> <span class='ocrx_word' id='word_1_526' title='bbox 3516 2502 3744 2572; x_wconf 86' lang='lat' dir='ltr'><strong>corpori</strong></span> 
     </span>
    </p>
   </div>
   <div class='ocr_carea' id='block_1_71' title="bbox 2117 2586 3748 2665">
    <p class='ocr_par' dir='ltr' id='par_1_71' title="bbox 2117 2586 3748 2665">
     <span class='ocr_line' id='line_1_71' title="bbox 2117 2586 3748 2665; baseline 0.005 -25"><span class='ocrx_word' id='word_1_527' title='bbox 2117 2586 2373 2642; x_wconf 71' lang='lat' dir='ltr'><strong>Ecclesiae</strong></span> <span class='ocrx_word' id='word_1_528' title='bbox 2395 2587 2503 2643; x_wconf 91' lang='lat' dir='ltr'><strong>sibi</strong></span> <span class='ocrx_word' id='word_1_529' title='bbox 2529 2589 2839 2665; x_wconf 84' lang='lat' dir='ltr'><strong>dignissimi</strong></span> <span class='ocrx_word' id='word_1_530' title='bbox 2871 2590 3011 2647; x_wconf 87' lang='lat' dir='ltr'><strong>fiunt</strong></span> <span class='ocrx_word' id='word_1_531' title='bbox 3041 2593 3136 2664; x_wconf 91' lang='lat' dir='ltr'><strong>qui</strong></span> <span class='ocrx_word' id='word_1_532' title='bbox 3164 2593 3233 2647; x_wconf 91' lang='lat' dir='ltr'><strong>de</strong></span> <span class='ocrx_word' id='word_1_533' title='bbox 3265 2592 3500 2648; x_wconf 87' lang='lat' dir='ltr'><strong>terrenis</strong></span> <span class='ocrx_word' id='word_1_534' title='bbox 3528 2592 3599 2648; x_wconf 90' lang='lat' dir='ltr'><strong>ad</strong></span> <span class='ocrx_word' id='word_1_535' title='bbox 3632 2609 3748 2648; x_wconf 66' lang='lat' dir='ltr'><strong>cae-</strong></span> 
     </span>
    </p>
   </div>
   <div class='ocr_carea' id='block_1_72' title="bbox 2114 2675 3741 2750">
    <p class='ocr_par' dir='ltr' id='par_1_72' title="bbox 2114 2675 3741 2750">
     <span class='ocr_line' id='line_1_72' title="bbox 2114 2675 3741 2750; baseline 0.004 -20"><span class='ocrx_word' id='word_1_536' title='bbox 2114 2675 2274 2732; x_wconf 89' lang='lat' dir='ltr'><strong>lestia</strong></span> <span class='ocrx_word' id='word_1_537' title='bbox 2304 2676 2561 2733; x_wconf 91' lang='lat' dir='ltr'><strong>virtutum</strong></span> <span class='ocrx_word' id='word_1_538' title='bbox 2590 2680 2851 2750; x_wconf 91' lang='lat' dir='ltr'><strong>pennulis</strong></span> <span class='ocrx_word' id='word_1_539' title='bbox 2880 2680 3099 2736; x_wconf 91' lang='lat' dir='ltr'><strong>elevare</strong></span> <span class='ocrx_word' id='word_1_540' title='bbox 3126 2696 3185 2736; x_wconf 91' lang='lat' dir='ltr'><strong>se</strong></span> <span class='ocrx_word' id='word_1_541' title='bbox 3223 2680 3429 2736; x_wconf 89' lang='lat' dir='ltr'><strong>sciunt.</strong></span> <span class='ocrx_word' id='word_1_542' title='bbox 3469 2680 3601 2736; x_wconf 89' lang='lat' dir='ltr'><strong>lllos</strong></span> <span class='ocrx_word' id='word_1_543' title='bbox 3640 2697 3741 2736; x_wconf 90' lang='lat' dir='ltr'><strong>au-</strong></span> 
     </span>
    </p>
   </div>
   <div class='ocr_carea' id='block_1_73' title="bbox 2113 2770 3742 2848">
    <p class='ocr_par' dir='ltr' id='par_1_73' title="bbox 2113 2770 3742 2848">
     <span class='ocr_line' id='line_1_73' title="bbox 2113 2770 3742 2848; baseline 0.003 -25"><span class='ocrx_word' id='word_1_544' title='bbox 2113 2775 2223 2823; x_wconf 90' lang='lat' dir='ltr'><strong>tem</strong></span> <span class='ocrx_word' id='word_1_545' title='bbox 2252 2770 2401 2825; x_wconf 91' lang='lat' dir='ltr'><strong>nulla</strong></span> <span class='ocrx_word' id='word_1_546' title='bbox 2427 2770 2735 2826; x_wconf 89' lang='lat' dir='ltr'><strong>divinitatis</strong></span> <span class='ocrx_word' id='word_1_547' title='bbox 2756 2788 2887 2827; x_wconf 89' lang='lat' dir='ltr'><strong>aura</strong></span> <span class='ocrx_word' id='word_1_548' title='bbox 2908 2772 3197 2845; x_wconf 85' lang='lat' dir='ltr'><strong>contingit,</strong></span> <span class='ocrx_word' id='word_1_549' title='bbox 3230 2773 3330 2828; x_wconf 91' lang='lat' dir='ltr'><strong>sed</strong></span> <span class='ocrx_word' id='word_1_550' title='bbox 3358 2772 3462 2828; x_wconf 90' lang='lat' dir='ltr'><strong>sub</strong></span> <span class='ocrx_word' id='word_1_551' title='bbox 3493 2775 3742 2848; x_wconf 88' lang='lat' dir='ltr'><strong>tegmine</strong></span> 
     </span>
    </p>
   </div>
   <div class='ocr_carea' id='block_1_74' title="bbox 2115 2856 3741 2935">
    <p class='ocr_par' dir='ltr' id='par_1_74' title="bbox 2115 2856 3741 2935">
     <span class='ocr_line' id='line_1_74' title="bbox 2115 2856 3741 2935; baseline 0.004 -23"><span class='ocrx_word' id='word_1_552' title='bbox 2115 2856 2376 2913; x_wconf 90' lang='lat' dir='ltr'><strong>vitiorum</strong></span> <span class='ocrx_word' id='word_1_553' title='bbox 2421 2859 2629 2932; x_wconf 85' lang='lat' dir='ltr'><strong>glacies</strong></span> <span class='ocrx_word' id='word_1_554' title='bbox 2676 2860 2894 2916; x_wconf 89' lang='lat' dir='ltr'><strong>interna</strong></span> <span class='ocrx_word' id='word_1_555' title='bbox 2934 2861 3285 2935; x_wconf 89' lang='lat' dir='ltr'><strong>constringit,</strong></span> <span class='ocrx_word' id='word_1_556' title='bbox 3326 2861 3432 2916; x_wconf 92' lang='lat' dir='ltr'><strong>nisi</strong></span> <span class='ocrx_word' id='word_1_557' title='bbox 3466 2862 3741 2933; x_wconf 88' lang='lat' dir='ltr'><strong>septifor-</strong></span> 
     </span>
    </p>
   </div>
   <div class='ocr_carea' id='block_1_75' title="bbox 2116 2946 3736 3022">
    <p class='ocr_par' dir='ltr' id='par_1_75' title="bbox 2116 2946 3736 3022">
     <span class='ocr_line' id='line_1_75' title="bbox 2116 2946 3736 3022; baseline 0.002 -21"><span class='ocrx_word' id='word_1_558' title='bbox 2116 2946 2221 3001; x_wconf 91' lang='lat' dir='ltr'><strong>mis</strong></span> <span class='ocrx_word' id='word_1_559' title='bbox 2247 2948 2438 3021; x_wconf 80' lang='lat' dir='ltr'><strong>gratiae</strong></span> <span class='ocrx_word' id='word_1_560' title='bbox 2468 2948 2562 3003; x_wconf 88' lang='lat' dir='ltr'><strong>Dei</strong></span> <span class='ocrx_word' id='word_1_561' title='bbox 2598 2948 2963 3005; x_wconf 88' lang='lat' dir='ltr'><strong>calidioribus</strong></span> <span class='ocrx_word' id='word_1_562' title='bbox 2991 2950 3072 3005; x_wconf 92' lang='lat' dir='ltr'><strong>eis</strong></span> <span class='ocrx_word' id='word_1_563' title='bbox 3124 2950 3503 3022; x_wconf 83' lang='lat' dir='ltr'><strong>aspirantibus</strong></span> <span class='ocrx_word' id='word_1_564' title='bbox 3531 2951 3736 3014; x_wconf 89' lang='lat' dir='ltr'><strong>ventis,</strong></span> 
     </span>
    </p>
   </div>
   <div class='ocr_carea' id='block_1_76' title="bbox 2110 3039 3743 3099">
    <p class='ocr_par' dir='ltr' id='par_1_76' title="bbox 2110 3039 3743 3099">
     <span class='ocr_line' id='line_1_76' title="bbox 2110 3039 3743 3099; baseline 0 -6"><span class='ocrx_word' id='word_1_565' title='bbox 2110 3039 2179 3093; x_wconf 90' lang='lat' dir='ltr'><strong>de</strong></span> <span class='ocrx_word' id='word_1_566' title='bbox 2210 3039 2361 3095; x_wconf 89' lang='lat' dir='ltr'><strong>vitiis</strong></span> <span class='ocrx_word' id='word_1_567' title='bbox 2408 3040 2478 3095; x_wconf 88' lang='lat' dir='ltr'><strong>ad</strong></span> <span class='ocrx_word' id='word_1_568' title='bbox 2504 3040 2739 3097; x_wconf 88' lang='lat' dir='ltr'><strong>virtutes</strong></span> <span class='ocrx_word' id='word_1_569' title='bbox 2770 3041 3004 3097; x_wconf 89' lang='lat' dir='ltr'><strong>saltibus</strong></span> <span class='ocrx_word' id='word_1_570' title='bbox 3049 3042 3485 3099; x_wconf 89' lang='lat' dir='ltr'><strong>conscenderint</strong></span> <span class='ocrx_word' id='word_1_571' title='bbox 3512 3042 3743 3098; x_wconf 89' lang='lat' dir='ltr'><strong>mentis.</strong></span> 
     </span>
    </p>
   </div>
   <div class='ocr_carea' id='block_1_77' title="bbox 2108 3132 3740 3208">
    <p class='ocr_par' dir='ltr' id='par_1_77' title="bbox 2108 3132 3740 3208">
     <span class='ocr_line' id='line_1_77' title="bbox 2108 3132 3740 3208; baseline 0.004 -22"><span class='ocrx_word' id='word_1_572' title='bbox 2108 3132 2262 3188; x_wconf 87' lang='lat' dir='ltr'><strong>Tales</strong></span> <span class='ocrx_word' id='word_1_573' title='bbox 2302 3133 2469 3206; x_wconf 83' lang='lat' dir='ltr'><strong>igitur</strong></span> <span class='ocrx_word' id='word_1_574' title='bbox 2514 3135 2686 3190; x_wconf 90' lang='lat' dir='ltr'><strong>saltus</strong></span> <span class='ocrx_word' id='word_1_575' title='bbox 2724 3137 3050 3207; x_wconf 71' lang='lat' dir='ltr'><strong>patriarchae</strong></span> <span class='ocrx_word' id='word_1_576' title='bbox 3104 3146 3159 3192; x_wconf 91' lang='lat' dir='ltr'><strong>et</strong></span> <span class='ocrx_word' id='word_1_577' title='bbox 3213 3138 3499 3208; x_wconf 64' lang='lat' dir='ltr'><strong>prophetae</strong></span> <span class='ocrx_word' id='word_1_578' title='bbox 3565 3138 3740 3193; x_wconf 85' lang='lat' dir='ltr'><strong>facie-</strong></span> 
     </span>
    </p>
   </div>
   <div class='ocr_carea' id='block_1_78' title="bbox 2108 3224 3739 3300">
    <p class='ocr_par' dir='ltr' id='par_1_78' title="bbox 2108 3224 3739 3300">
     <span class='ocr_line' id='line_1_78' title="bbox 2108 3224 3739 3300; baseline 0.002 -21"><span class='ocrx_word' id='word_1_579' title='bbox 2108 3224 2259 3293; x_wconf 85' lang='lat' dir='ltr'><strong>bant,</strong></span> <span class='ocrx_word' id='word_1_580' title='bbox 2308 3226 2439 3281; x_wconf 92' lang='lat' dir='ltr'><strong>dum</strong></span> <span class='ocrx_word' id='word_1_581' title='bbox 2498 3227 2761 3283; x_wconf 91' lang='lat' dir='ltr'><strong>virtutum</strong></span> <span class='ocrx_word' id='word_1_582' title='bbox 2802 3228 3063 3300; x_wconf 86' lang='lat' dir='ltr'><strong>pennulis</strong></span> <span class='ocrx_word' id='word_1_583' title='bbox 3112 3229 3259 3297; x_wconf 83' lang='lat' dir='ltr'><strong>fulti,</strong></span> <span class='ocrx_word' id='word_1_584' title='bbox 3319 3230 3389 3284; x_wconf 93' lang='lat' dir='ltr'><strong>de</strong></span> <span class='ocrx_word' id='word_1_585' title='bbox 3423 3229 3639 3284; x_wconf 86' lang='lat' dir='ltr'><strong>infimis</strong></span> <span class='ocrx_word' id='word_1_586' title='bbox 3669 3230 3739 3284; x_wconf 91' lang='lat' dir='ltr'><strong>ad</strong></span> 
     </span>
    </p>
   </div>
   <div class='ocr_carea' id='block_1_79' title="bbox 2106 3320 3733 3387">
    <p class='ocr_par' dir='ltr' id='par_1_79' title="bbox 2106 3320 3733 3387">
     <span class='ocr_line' id='line_1_79' title="bbox 2106 3320 3733 3387; baseline 0.002 -13"><span class='ocrx_word' id='word_1_587' title='bbox 2106 3334 2320 3374; x_wconf 88' lang='lat' dir='ltr'><strong>summa</strong></span> <span class='ocrx_word' id='word_1_588' title='bbox 2363 3320 2545 3376; x_wconf 89' lang='lat' dir='ltr'><strong>volare</strong></span> <span class='ocrx_word' id='word_1_589' title='bbox 2582 3320 2859 3387; x_wconf 89' lang='lat' dir='ltr'><strong>solebant,</strong></span> <span class='ocrx_word' id='word_1_590' title='bbox 2909 3320 3063 3375; x_wconf 90' lang='lat' dir='ltr'><strong>illum</strong></span> <span class='ocrx_word' id='word_1_591' title='bbox 3120 3320 3381 3376; x_wconf 86' lang='lat' dir='ltr'><strong>videlicet</strong></span> <span class='ocrx_word' id='word_1_592' title='bbox 3441 3322 3733 3377; x_wconf 88' lang='lat' dir='ltr'><strong>imitantes</strong></span> 
     </span>
    </p>
   </div>
   <div class='ocr_carea' id='block_1_80' title="bbox 2114 3408 3736 3484">
    <p class='ocr_par' dir='ltr' id='par_1_80' title="bbox 2114 3408 3736 3484">
     <span class='ocr_line' id='line_1_80' title="bbox 2114 3408 3736 3484; baseline 0 -20"><span class='ocrx_word' id='word_1_593' title='bbox 2114 3408 2231 3480; x_wconf 89' lang='lat' dir='ltr'><strong>qui,</strong></span> <span class='ocrx_word' id='word_1_594' title='bbox 2268 3419 2390 3480; x_wconf 89' lang='lat' dir='ltr'><strong>post</strong></span> <span class='ocrx_word' id='word_1_595' title='bbox 2435 3410 2668 3484; x_wconf 89' lang='lat' dir='ltr'><strong>gloriam</strong></span> <span class='ocrx_word' id='word_1_596' title='bbox 2711 3410 3131 3466; x_wconf 90' lang='lat' dir='ltr'><strong>resurrectionis</strong></span> <span class='ocrx_word' id='word_1_597' title='bbox 3163 3426 3276 3465; x_wconf 80' lang='lat' dir='ltr'><strong>suae</strong></span> <span class='ocrx_word' id='word_1_598' title='bbox 3330 3411 3647 3465; x_wconf 89' lang='lat' dir='ltr'><strong>ascendens</strong></span> <span class='ocrx_word' id='word_1_599' title='bbox 3679 3412 3736 3465; x_wconf 90' lang='lat' dir='ltr'><strong>in</strong></span> 
     </span>
    </p>
   </div>
   <div class='ocr_carea' id='block_1_81' title="bbox 2114 3500 3734 3575">
    <p class='ocr_par' dir='ltr' id='par_1_81' title="bbox 2114 3500 3734 3575">
     <span class='ocr_line' id='line_1_81' title="bbox 2114 3500 3734 3575; baseline 0.003 -21"><span class='ocrx_word' id='word_1_600' title='bbox 2114 3500 2303 3569; x_wconf 90' lang='lat' dir='ltr'><strong>altum,</strong></span> <span class='ocrx_word' id='word_1_601' title='bbox 2336 3501 2404 3556; x_wconf 91' lang='lat' dir='ltr'><strong>de</strong></span> <span class='ocrx_word' id='word_1_602' title='bbox 2436 3503 2597 3557; x_wconf 91' lang='lat' dir='ltr'><strong>terris</strong></span> <span class='ocrx_word' id='word_1_603' title='bbox 2625 3503 2693 3557; x_wconf 91' lang='lat' dir='ltr'><strong>ad</strong></span> <span class='ocrx_word' id='word_1_604' title='bbox 2739 3502 2911 3558; x_wconf 62' lang='lat' dir='ltr'><strong>caelos</strong></span> <span class='ocrx_word' id='word_1_605' title='bbox 2959 3518 3219 3575; x_wconf 88' lang='lat' dir='ltr'><strong>magnum</strong></span> <span class='ocrx_word' id='word_1_606' title='bbox 3262 3502 3469 3558; x_wconf 89' lang='lat' dir='ltr'><strong>fecerat</strong></span> <span class='ocrx_word' id='word_1_607' title='bbox 3505 3502 3734 3559; x_wconf 88' lang='lat' dir='ltr'><strong>saltum.</strong></span> 
     </span>
    </p>
   </div>
   <div class='ocr_carea' id='block_1_82' title="bbox 2117 3592 3739 3668">
    <p class='ocr_par' dir='ltr' id='par_1_82' title="bbox 2117 3592 3739 3668">
     <span class='ocr_line' id='line_1_82' title="bbox 2117 3592 3739 3668; baseline 0.001 -21"><span class='ocrx_word' id='word_1_608' title='bbox 2117 3592 2273 3648; x_wconf 89' lang='lat' dir='ltr'><strong>Unde</strong></span> <span class='ocrx_word' id='word_1_609' title='bbox 2318 3594 2582 3665; x_wconf 90' lang='lat' dir='ltr'><strong>quoniam</strong></span> <span class='ocrx_word' id='word_1_610' title='bbox 2621 3593 2832 3649; x_wconf 89' lang='lat' dir='ltr'><strong>similes</strong></span> <span class='ocrx_word' id='word_1_611' title='bbox 2871 3604 3028 3649; x_wconf 90' lang='lat' dir='ltr'><strong>erant</strong></span> <span class='ocrx_word' id='word_1_612' title='bbox 3064 3594 3280 3668; x_wconf 87' lang='lat' dir='ltr'><strong>magnis</strong></span> <span class='ocrx_word' id='word_1_613' title='bbox 3310 3594 3419 3648; x_wconf 89' lang='lat' dir='ltr'><strong>illis</strong></span> <span class='ocrx_word' id='word_1_614' title='bbox 3466 3594 3739 3665; x_wconf 91' lang='lat' dir='ltr'><strong>piscibus,</strong></span> 
     </span>
    </p>
   </div>
   <div class='ocr_carea' id='block_1_83' title="bbox 2115 3685 3744 3761">
    <p class='ocr_par' dir='ltr' id='par_1_83' title="bbox 2115 3685 3744 3761">
     <span class='ocr_line' id='line_1_83' title="bbox 2115 3685 3744 3761; baseline 0.001 -21"><span class='ocrx_word' id='word_1_615' title='bbox 2115 3685 2170 3740; x_wconf 88' lang='lat' dir='ltr'><strong>id</strong></span> <span class='ocrx_word' id='word_1_616' title='bbox 2189 3693 2274 3740; x_wconf 91' lang='lat' dir='ltr'><strong>est</strong></span> <span class='ocrx_word' id='word_1_617' title='bbox 2309 3693 2529 3741; x_wconf 91' lang='lat' dir='ltr'><strong>centum</strong></span> <span class='ocrx_word' id='word_1_618' title='bbox 2560 3686 2963 3761; x_wconf 84' lang='lat' dir='ltr'><strong>quinquaginta</strong></span> <span class='ocrx_word' id='word_1_619' title='bbox 2991 3685 3187 3749; x_wconf 89' lang='lat' dir='ltr'><strong>tribus,</strong></span> <span class='ocrx_word' id='word_1_620' title='bbox 3221 3686 3291 3741; x_wconf 92' lang='lat' dir='ltr'><strong>de</strong></span> <span class='ocrx_word' id='word_1_621' title='bbox 3320 3685 3525 3756; x_wconf 88' lang='lat' dir='ltr'><strong>quibus</strong></span> <span class='ocrx_word' id='word_1_622' title='bbox 3552 3687 3611 3740; x_wconf 90' lang='lat' dir='ltr'><strong>in</strong></span> <span class='ocrx_word' id='word_1_623' title='bbox 3643 3686 3744 3741; x_wconf 87' lang='lat' dir='ltr'><strong>Ec-</strong></span> 
     </span>
    </p>
   </div>
   <div class='ocr_carea' id='block_1_84' title="bbox 2111 3780 3734 3855">
    <p class='ocr_par' dir='ltr' id='par_1_84' title="bbox 2111 3780 3734 3855">
     <span class='ocr_line' id='line_1_84' title="bbox 2111 3780 3734 3855; baseline -0.002 -19"><span class='ocrx_word' id='word_1_624' title='bbox 2111 3780 2279 3836; x_wconf 90' lang='lat' dir='ltr'><strong>clesia</strong></span> <span class='ocrx_word' id='word_1_625' title='bbox 2317 3789 2632 3837; x_wconf 90' lang='lat' dir='ltr'><strong>sanctorum</strong></span> <span class='ocrx_word' id='word_1_626' title='bbox 2658 3787 2847 3855; x_wconf 87' lang='lat' dir='ltr'><strong>gratus</strong></span> <span class='ocrx_word' id='word_1_627' title='bbox 2895 3781 3008 3836; x_wconf 90' lang='lat' dir='ltr'><strong>Deo</strong></span> <span class='ocrx_word' id='word_1_628' title='bbox 3061 3796 3282 3852; x_wconf 88' lang='lat' dir='ltr'><strong>semper</strong></span> <span class='ocrx_word' id='word_1_629' title='bbox 3332 3780 3734 3851; x_wconf 66' lang='lat' dir='ltr'><strong>praeparandus</strong></span> 
     </span>
    </p>
   </div>
   <div class='ocr_carea' id='block_1_85' title="bbox 2111 3876 3733 3948">
    <p class='ocr_par' dir='ltr' id='par_1_85' title="bbox 2111 3876 3733 3948">
     <span class='ocr_line' id='line_1_85' title="bbox 2111 3876 3733 3948; baseline -0.002 -16"><span class='ocrx_word' id='word_1_630' title='bbox 2111 3884 2194 3932; x_wconf 93' lang='lat' dir='ltr'><strong>est</strong></span> <span class='ocrx_word' id='word_1_631' title='bbox 2219 3877 2397 3945; x_wconf 91' lang='lat' dir='ltr'><strong>cibus,</strong></span> <span class='ocrx_word' id='word_1_632' title='bbox 2431 3893 2658 3934; x_wconf 87' lang='lat' dir='ltr'><strong>necesse</strong></span> <span class='ocrx_word' id='word_1_633' title='bbox 2682 3884 2766 3932; x_wconf 90' lang='lat' dir='ltr'><strong>est</strong></span> <span class='ocrx_word' id='word_1_634' title='bbox 2793 3884 2855 3932; x_wconf 93' lang='lat' dir='ltr'><strong>ut</strong></span> <span class='ocrx_word' id='word_1_635' title='bbox 2883 3893 3005 3944; x_wconf 91' lang='lat' dir='ltr'><strong>nos,</strong></span> <span class='ocrx_word' id='word_1_636' title='bbox 3038 3877 3107 3932; x_wconf 93' lang='lat' dir='ltr'><strong>ad</strong></span> <span class='ocrx_word' id='word_1_637' title='bbox 3139 3879 3457 3948; x_wconf 89' lang='lat' dir='ltr'><strong>exemplum</strong></span> <span class='ocrx_word' id='word_1_638' title='bbox 3483 3876 3733 3941; x_wconf 85' lang='lat' dir='ltr'><strong>illorum,</strong></span> 
     </span>
    </p>
   </div>
   <div class='ocr_carea' id='block_1_86' title="bbox 2110 3970 3739 4043">
    <p class='ocr_par' dir='ltr' id='par_1_86' title="bbox 2110 3970 3739 4043">
     <span class='ocr_line' id='line_1_86' title="bbox 2110 3970 3739 4043; baseline -0.001 -16"><span class='ocrx_word' id='word_1_639' title='bbox 2110 3971 2362 4027; x_wconf 89' lang='lat' dir='ltr'><strong>eamdem</strong></span> <span class='ocrx_word' id='word_1_640' title='bbox 2390 3988 2513 4027; x_wconf 91' lang='lat' dir='ltr'><strong>cum</strong></span> <span class='ocrx_word' id='word_1_641' title='bbox 2556 3972 2639 4026; x_wconf 88' lang='lat' dir='ltr'><strong>eis</strong></span> <span class='ocrx_word' id='word_1_642' title='bbox 2670 3972 2972 4027; x_wconf 87' lang='lat' dir='ltr'><strong>habeamus</strong></span> <span class='ocrx_word' id='word_1_643' title='bbox 3002 3970 3168 4026; x_wconf 85' lang='lat' dir='ltr'><strong>ﬁdem</strong></span> <span class='ocrx_word' id='word_1_644' title='bbox 3200 3988 3363 4043; x_wconf 91' lang='lat' dir='ltr'><strong>quam</strong></span> <span class='ocrx_word' id='word_1_645' title='bbox 3400 3988 3501 4041; x_wconf 90' lang='lat' dir='ltr'><strong>per</strong></span> <span class='ocrx_word' id='word_1_646' title='bbox 3532 3978 3739 4041; x_wconf 85' lang='lat' dir='ltr'><strong>myste-</strong></span> 
     </span>
    </p>
   </div>
   <div class='ocr_carea' id='block_1_87' title="bbox 2114 4063 3739 4136">
    <p class='ocr_par' dir='ltr' id='par_1_87' title="bbox 2114 4063 3739 4136">
     <span class='ocr_line' id='line_1_87' title="bbox 2114 4063 3739 4136; baseline 0 -17"><span class='ocrx_word' id='word_1_647' title='bbox 2114 4065 2254 4119; x_wconf 86' lang='lat' dir='ltr'><strong>rium</strong></span> <span class='ocrx_word' id='word_1_648' title='bbox 2289 4063 2450 4120; x_wconf 90' lang='lat' dir='ltr'><strong>nobis</strong></span> <span class='ocrx_word' id='word_1_649' title='bbox 2481 4080 2746 4120; x_wconf 91' lang='lat' dir='ltr'><strong>numerus</strong></span> <span class='ocrx_word' id='word_1_650' title='bbox 2773 4065 3232 4119; x_wconf 88' lang='lat' dir='ltr'><strong>demonstraverit</strong></span> <span class='ocrx_word' id='word_1_651' title='bbox 3265 4064 3435 4127; x_wconf 89' lang='lat' dir='ltr'><strong>idem,</strong></span> <span class='ocrx_word' id='word_1_652' title='bbox 3460 4063 3553 4135; x_wconf 90' lang='lat' dir='ltr'><strong>qui</strong></span> <span class='ocrx_word' id='word_1_653' title='bbox 3587 4080 3739 4136; x_wconf 88' lang='lat' dir='ltr'><strong>quo-</strong></span> 
     </span>
    </p>
   </div>
   <div class='ocr_carea' id='block_1_88' title="bbox 2114 4158 3736 4231">
    <p class='ocr_par' dir='ltr' id='par_1_88' title="bbox 2114 4158 3736 4231">
     <span class='ocr_line' id='line_1_88' title="bbox 2114 4158 3736 4231; baseline 0.001 -18"><span class='ocrx_word' id='word_1_654' title='bbox 2114 4159 2259 4214; x_wconf 89' lang='lat' dir='ltr'><strong>niam</strong></span> <span class='ocrx_word' id='word_1_655' title='bbox 2287 4176 2318 4214; x_wconf 92' lang='lat' dir='ltr'><strong>a</strong></span> <span class='ocrx_word' id='word_1_656' title='bbox 2349 4160 2509 4215; x_wconf 91' lang='lat' dir='ltr'><strong>nobis</strong></span> <span class='ocrx_word' id='word_1_657' title='bbox 2547 4166 2731 4231; x_wconf 89' lang='lat' dir='ltr'><strong>potest</strong></span> <span class='ocrx_word' id='word_1_658' title='bbox 2768 4159 3048 4215; x_wconf 89' lang='lat' dir='ltr'><strong>enucleari</strong></span> <span class='ocrx_word' id='word_1_659' title='bbox 3076 4158 3431 4225; x_wconf 89' lang='lat' dir='ltr'><strong>sincerius,si</strong></span> <span class='ocrx_word' id='word_1_660' title='bbox 3457 4175 3489 4214; x_wconf 90' lang='lat' dir='ltr'><strong>a</strong></span> <span class='ocrx_word' id='word_1_661' title='bbox 3527 4167 3736 4230; x_wconf 89' lang='lat' dir='ltr'><strong>myste-</strong></span> 
     </span>
    </p>
   </div>
   <div class='ocr_carea' id='block_1_89' title="bbox 2114 4250 3738 4323">
    <p class='ocr_par' dir='ltr' id='par_1_89' title="bbox 2114 4250 3738 4323">
     <span class='ocr_line' id='line_1_89' title="bbox 2114 4250 3738 4323; baseline 0.001 -18"><span class='ocrx_word' id='word_1_662' title='bbox 2114 4251 2194 4307; x_wconf 92' lang='lat' dir='ltr'><strong>rio</strong></span> <span class='ocrx_word' id='word_1_663' title='bbox 2226 4252 2392 4306; x_wconf 89' lang='lat' dir='ltr'><strong>unius</strong></span> <span class='ocrx_word' id='word_1_664' title='bbox 2435 4252 2758 4323; x_wconf 87' lang='lat' dir='ltr'><strong>mysterium</strong></span> <span class='ocrx_word' id='word_1_665' title='bbox 2797 4259 3086 4323; x_wconf 88' lang='lat' dir='ltr'><strong>separetur</strong></span> <span class='ocrx_word' id='word_1_666' title='bbox 3136 4251 3385 4312; x_wconf 89' lang='lat' dir='ltr'><strong>alterius.</strong></span> <span class='ocrx_word' id='word_1_667' title='bbox 3425 4250 3636 4307; x_wconf 91' lang='lat' dir='ltr'><strong>idcirco</strong></span> <span class='ocrx_word' id='word_1_668' title='bbox 3668 4268 3738 4308; x_wconf 91' lang='lat' dir='ltr'><strong>ne</strong></span> 
     </span>
    </p>
   </div>
   <div class='ocr_carea' id='block_1_90' title="bbox 392 4324 2009 4407">
    <p class='ocr_par' dir='ltr' id='par_1_90' title="bbox 392 4324 2009 4400">
     <span class='ocr_line' id='line_1_90' title="bbox 392 4324 2009 4400; baseline 0.002 -19"><span class='ocrx_word' id='word_1_669' title='bbox 392 4330 617 4382; x_wconf 81' lang='lat' dir='ltr'><strong>scissum</strong></span> <span class='ocrx_word' id='word_1_670' title='bbox 645 4332 755 4381; x_wconf 87' lang='lat' dir='ltr'><strong>rete</strong></span> <span class='ocrx_word' id='word_1_671' title='bbox 784 4325 920 4394; x_wconf 81' lang='lat' dir='ltr'><strong>(Ibid</strong></span> <span class='ocrx_word' id='word_1_672' title='bbox 947 4325 984 4394; x_wconf 91' lang='lat'><strong>),</strong></span> <span class='ocrx_word' id='word_1_673' title='bbox 1020 4324 1109 4379; x_wconf 91' lang='lat' dir='ltr'><strong>hic</strong></span> <span class='ocrx_word' id='word_1_674' title='bbox 1149 4325 1389 4380; x_wconf 68' lang='lat' dir='ltr'><strong>haeretici</strong></span> <span class='ocrx_word' id='word_1_675' title='bbox 1424 4325 1661 4397; x_wconf 87' lang='lat' dir='ltr'><strong>quilibet</strong></span> <span class='ocrx_word' id='word_1_676' title='bbox 1702 4343 1876 4400; x_wconf 90' lang='lat' dir='ltr'><strong>usque</strong></span> <span class='ocrx_word' id='word_1_677' title='bbox 1907 4329 2009 4385; x_wconf 91' lang='lat' dir='ltr'><strong>ho-</strong></span> 
     </span>
    </p>
   </div>
   <div class='ocr_carea' id='block_1_91' title="bbox 2112 4324 3738 4407">
    <p class='ocr_par' dir='ltr' id='par_1_91' title="bbox 2113 4330 3738 4407">
     <span class='ocr_line' id='line_1_91' title="bbox 2113 4330 3738 4407; baseline 0 -13"><span class='ocrx_word' id='word_1_678' title='bbox 2113 4354 2266 4395; x_wconf 86' lang='lat' dir='ltr'><strong>more</strong></span> <span class='ocrx_word' id='word_1_679' title='bbox 2297 4340 2545 4395; x_wconf 91' lang='lat' dir='ltr'><strong>ciborum</strong></span> <span class='ocrx_word' id='word_1_680' title='bbox 2578 4356 2722 4395; x_wconf 88' lang='lat' dir='ltr'><strong>unus</strong></span> <span class='ocrx_word' id='word_1_681' title='bbox 2755 4339 2916 4396; x_wconf 89' lang='lat' dir='ltr'><strong>nobis</strong></span> <span class='ocrx_word' id='word_1_682' title='bbox 2944 4339 3018 4394; x_wconf 86' lang='lat' dir='ltr'><strong>sit</strong></span> <span class='ocrx_word' id='word_1_683' title='bbox 3049 4339 3105 4394; x_wconf 92' lang='lat' dir='ltr'><strong>in</strong></span> <span class='ocrx_word' id='word_1_684' title='bbox 3147 4330 3388 4407; x_wconf 85' lang='lat' dir='ltr'><strong>fastidio,</strong></span> <span class='ocrx_word' id='word_1_685' title='bbox 3427 4345 3483 4394; x_wconf 91' lang='lat' dir='ltr'><strong>et</strong></span> <span class='ocrx_word' id='word_1_686' title='bbox 3506 4338 3649 4393; x_wconf 89' lang='lat' dir='ltr'><strong>alius</strong></span> <span class='ocrx_word' id='word_1_687' title='bbox 3683 4341 3738 4394; x_wconf 90' lang='lat' dir='ltr'><strong>in</strong></span> 
     </span>
    </p>
   </div>
   <div class='ocr_carea' id='block_1_92' title="bbox 394 4416 2011 4490">
    <p class='ocr_par' dir='ltr' id='par_1_92' title="bbox 394 4416 2011 4490">
     <span class='ocr_line' id='line_1_92' title="bbox 394 4416 2011 4490; baseline 0.001 -17"><span class='ocrx_word' id='word_1_688' title='bbox 394 4418 485 4473; x_wconf 87' lang='lat' dir='ltr'><strong>die</strong></span> <span class='ocrx_word' id='word_1_689' title='bbox 515 4426 702 4489; x_wconf 83' lang='lat' dir='ltr'><strong>typum</strong></span> <span class='ocrx_word' id='word_1_690' title='bbox 734 4416 942 4471; x_wconf 87' lang='lat' dir='ltr'><strong>habent</strong></span> <span class='ocrx_word' id='word_1_691' title='bbox 969 4416 1186 4472; x_wconf 91' lang='lat' dir='ltr'><strong>illorum</strong></span> <span class='ocrx_word' id='word_1_692' title='bbox 1220 4416 1290 4471; x_wconf 88' lang='lat' dir='ltr'><strong>de</strong></span> <span class='ocrx_word' id='word_1_693' title='bbox 1329 4417 1535 4488; x_wconf 91' lang='lat' dir='ltr'><strong>quibus</strong></span> <span class='ocrx_word' id='word_1_694' title='bbox 1572 4419 1841 4490; x_wconf 89' lang='lat' dir='ltr'><strong>scriptum</strong></span> <span class='ocrx_word' id='word_1_695' title='bbox 1901 4429 2011 4476; x_wconf 85' lang='lat' dir='ltr'><strong>est:</strong></span> 
     </span>
    </p>
   </div>
   <div class='ocr_carea' id='block_1_93' title="bbox 397 4512 2017 4586">
    <p class='ocr_par' dir='ltr' id='par_1_93' title="bbox 397 4512 2017 4586">
     <span class='ocr_line' id='line_1_93' title="bbox 397 4512 2017 4586; baseline 0.001 -18"><span class='ocrx_word' id='word_1_696' title='bbox 397 4514 761 4583; x_wconf 83' lang='lat' dir='ltr'><strong>Rumpebatur</strong></span> <span class='ocrx_word' id='word_1_697' title='bbox 789 4519 975 4568; x_wconf 83' lang='lat' dir='ltr'><strong>autem</strong></span> <span class='ocrx_word' id='word_1_698' title='bbox 1001 4519 1113 4567; x_wconf 86' lang='lat' dir='ltr'><strong>rete</strong></span> <span class='ocrx_word' id='word_1_699' title='bbox 1136 4527 1323 4567; x_wconf 84' lang='lat' dir='ltr'><strong>eorum</strong></span> <span class='ocrx_word' id='word_1_700' title='bbox 1367 4512 1513 4583; x_wconf 80' lang='lat' dir='ltr'><strong>(Luc.</strong></span> <span class='ocrx_word' id='word_1_701' title='bbox 1570 4512 1645 4584; x_wconf 91' lang='lat' dir='ltr'><strong>v),</strong></span> <span class='ocrx_word' id='word_1_702' title='bbox 1678 4521 1731 4569; x_wconf 92' lang='lat' dir='ltr'><strong>et</strong></span> <span class='ocrx_word' id='word_1_703' title='bbox 1763 4515 1907 4570; x_wconf 89' lang='lat' dir='ltr'><strong>sicut</strong></span> <span class='ocrx_word' id='word_1_704' title='bbox 1930 4516 2017 4586; x_wconf 87' lang='lat' dir='ltr'><strong>pi-</strong></span> 
     </span>
    </p>
   </div>
   <div class='ocr_carea' id='block_1_94' title="bbox 395 4603 2016 4677">
    <p class='ocr_par' dir='ltr' id='par_1_94' title="bbox 395 4603 2016 4677">
     <span class='ocr_line' id='line_1_94' title="bbox 395 4603 2016 4677; baseline 0.002 -17"><span class='ocrx_word' id='word_1_705' title='bbox 395 4621 515 4660; x_wconf 89' lang='lat' dir='ltr'><strong>sces</strong></span> <span class='ocrx_word' id='word_1_706' title='bbox 551 4604 629 4658; x_wconf 91' lang='lat' dir='ltr'><strong>illi</strong></span> <span class='ocrx_word' id='word_1_707' title='bbox 659 4604 789 4658; x_wconf 91' lang='lat' dir='ltr'><strong>boni</strong></span> <span class='ocrx_word' id='word_1_708' title='bbox 817 4604 1065 4675; x_wconf 90' lang='lat' dir='ltr'><strong>quotidie</strong></span> <span class='ocrx_word' id='word_1_709' title='bbox 1120 4603 1475 4659; x_wconf 89' lang='lat' dir='ltr'><strong>inveniuntur</strong></span> <span class='ocrx_word' id='word_1_710' title='bbox 1514 4606 1570 4659; x_wconf 92' lang='lat' dir='ltr'><strong>in</strong></span> <span class='ocrx_word' id='word_1_711' title='bbox 1600 4606 1886 4677; x_wconf 69' lang='lat' dir='ltr'><strong>praesentis</strong></span> <span class='ocrx_word' id='word_1_712' title='bbox 1916 4607 2016 4664; x_wconf 85' lang='lat' dir='ltr'><strong>Ec-</strong></span> 
     </span>
    </p>
   </div>
   <div class='ocr_carea' id='block_1_95' title="bbox 396 4693 2014 4769">
    <p class='ocr_par' dir='ltr' id='par_1_95' title="bbox 396 4693 2014 4769">
     <span class='ocr_line' id='line_1_95' title="bbox 396 4693 2014 4769; baseline 0.003 -22"><span class='ocrx_word' id='word_1_713' title='bbox 396 4693 582 4750; x_wconf 65' lang='lat' dir='ltr'><strong>clesiae</strong></span> <span class='ocrx_word' id='word_1_714' title='bbox 620 4709 766 4759; x_wconf 82' lang='lat' dir='ltr'><strong>casa,</strong></span> <span class='ocrx_word' id='word_1_715' title='bbox 796 4694 865 4748; x_wconf 91' lang='lat' dir='ltr'><strong>de</strong></span> <span class='ocrx_word' id='word_1_716' title='bbox 904 4693 1107 4765; x_wconf 86' lang='lat' dir='ltr'><strong>quibus</strong></span> <span class='ocrx_word' id='word_1_717' title='bbox 1162 4694 1404 4750; x_wconf 89' lang='lat' dir='ltr'><strong>Veritas:</strong></span> <span class='ocrx_word' id='word_1_718' title='bbox 1447 4697 1756 4765; x_wconf 79' lang='lat' dir='ltr'><strong>Etegerunt,</strong></span> <span class='ocrx_word' id='word_1_719' title='bbox 1810 4697 2014 4769; x_wconf 90' lang='lat' dir='ltr'><strong>inquit,</strong></span> 
     </span>
    </p>
   </div>
   <div class='ocr_carea' id='block_1_96' title="bbox 396 4783 2017 4855">
    <p class='ocr_par' dir='ltr' id='par_1_96' title="bbox 396 4783 2017 4855">
     <span class='ocr_line' id='line_1_96' title="bbox 396 4783 2017 4855; baseline 0.002 -19"><span class='ocrx_word' id='word_1_720' title='bbox 396 4783 551 4838; x_wconf 79' lang='lat' dir='ltr'><strong>bonos</strong></span> <span class='ocrx_word' id='word_1_721' title='bbox 582 4785 642 4835; x_wconf 84' lang='lat' dir='ltr'><strong>in</strong></span> <span class='ocrx_word' id='word_1_722' title='bbox 676 4796 806 4836; x_wconf 86' lang='lat' dir='ltr'><strong>vasa</strong></span> <span class='ocrx_word' id='word_1_723' title='bbox 839 4785 1047 4843; x_wconf 84' lang='lat' dir='ltr'><strong>(Matth.</strong></span> <span class='ocrx_word' id='word_1_724' title='bbox 1090 4796 1225 4845; x_wconf 84' lang='lat' dir='ltr'><strong>xm),</strong></span> <span class='ocrx_word' id='word_1_725' title='bbox 1266 4784 1345 4837; x_wconf 92' lang='lat' dir='ltr'><strong>sic</strong></span> <span class='ocrx_word' id='word_1_726' title='bbox 1375 4784 1617 4840; x_wconf 69' lang='lat' dir='ltr'><strong>haeretici</strong></span> <span class='ocrx_word' id='word_1_727' title='bbox 1668 4785 1901 4855; x_wconf 87' lang='lat' dir='ltr'><strong>piscium</strong></span> <span class='ocrx_word' id='word_1_728' title='bbox 1947 4786 2017 4840; x_wconf 92' lang='lat' dir='ltr'><strong>il-</strong></span> 
     </span>
    </p>
   </div>
   <div class='ocr_carea' id='block_1_97' title="bbox 396 4871 2015 4948">
    <p class='ocr_par' dir='ltr' id='par_1_97' title="bbox 396 4871 2015 4948">
     <span class='ocr_line' id='line_1_97' title="bbox 396 4871 2015 4948; baseline 0.002 -19"><span class='ocrx_word' id='word_1_729' title='bbox 396 4875 569 4929; x_wconf 90' lang='lat' dir='ltr'><strong>lorum</strong></span> <span class='ocrx_word' id='word_1_730' title='bbox 622 4871 852 4945; x_wconf 82' lang='lat' dir='ltr'><strong>ﬁguram</strong></span> <span class='ocrx_word' id='word_1_731' title='bbox 885 4890 1107 4945; x_wconf 90' lang='lat' dir='ltr'><strong>semper</strong></span> <span class='ocrx_word' id='word_1_732' title='bbox 1146 4874 1452 4944; x_wconf 88' lang='lat' dir='ltr'><strong>habebunt,</strong></span> <span class='ocrx_word' id='word_1_733' title='bbox 1494 4875 1564 4931; x_wconf 90' lang='lat' dir='ltr'><strong>de</strong></span> <span class='ocrx_word' id='word_1_734' title='bbox 1620 4878 1825 4948; x_wconf 89' lang='lat' dir='ltr'><strong>quibus</strong></span> <span class='ocrx_word' id='word_1_735' title='bbox 1880 4879 2015 4934; x_wconf 81' lang='lat' dir='ltr'><strong>scri-</strong></span> 
     </span>
    </p>
   </div>
   <div class='ocr_carea' id='block_1_98' title="bbox 396 4965 2017 5037">
    <p class='ocr_par' dir='ltr' id='par_1_98' title="bbox 396 4965 2017 5037">
     <span class='ocr_line' id='line_1_98' title="bbox 396 4965 2017 5037; baseline 0.003 -19"><span class='ocrx_word' id='word_1_736' title='bbox 396 4971 545 5034; x_wconf 92' lang='lat' dir='ltr'><strong>ptum</strong></span> <span class='ocrx_word' id='word_1_737' title='bbox 578 4969 685 5016; x_wconf 87' lang='lat' dir='ltr'><strong>est:</strong></span> <span class='ocrx_word' id='word_1_738' title='bbox 739 4965 897 5018; x_wconf 75' lang='lat' dir='ltr'><strong>Malos</strong></span> <span class='ocrx_word' id='word_1_739' title='bbox 934 4970 1120 5019; x_wconf 84' lang='lat' dir='ltr'><strong>autem</strong></span> <span class='ocrx_word' id='word_1_740' title='bbox 1147 4966 1294 5031; x_wconf 83' lang='lat' dir='ltr'><strong>foras</strong></span> <span class='ocrx_word' id='word_1_741' title='bbox 1337 4968 1837 5037; x_wconf 82' lang='lat' dir='ltr'><strong>miserunt(1bid.).</strong></span> <span class='ocrx_word' id='word_1_742' title='bbox 1881 4968 2017 5033; x_wconf 80' lang='lat' dir='ltr'><strong>Quia</strong></span> 
     </span>
    </p>
   </div>
   <div class='ocr_carea' id='block_1_99' title="bbox 394 5054 2010 5132">
    <p class='ocr_par' dir='ltr' id='par_1_99' title="bbox 394 5054 2010 5132">
     <span class='ocr_line' id='line_1_99' title="bbox 394 5054 2010 5132; baseline 0.004 -22"><span class='ocrx_word' id='word_1_743' title='bbox 394 5056 540 5111; x_wconf 88' lang='lat' dir='ltr'><strong>enim</strong></span> <span class='ocrx_word' id='word_1_744' title='bbox 580 5056 636 5110; x_wconf 91' lang='lat' dir='ltr'><strong>in</strong></span> <span class='ocrx_word' id='word_1_745' title='bbox 687 5054 927 5110; x_wconf 87' lang='lat' dir='ltr'><strong>Ecclesia</strong></span> <span class='ocrx_word' id='word_1_746' title='bbox 960 5055 1055 5110; x_wconf 90' lang='lat' dir='ltr'><strong>Dei</strong></span> <span class='ocrx_word' id='word_1_747' title='bbox 1087 5056 1311 5126; x_wconf 88' lang='lat' dir='ltr'><strong>quidam</strong></span> <span class='ocrx_word' id='word_1_748' title='bbox 1356 5057 1427 5112; x_wconf 90' lang='lat' dir='ltr'><strong>ita</strong></span> <span class='ocrx_word' id='word_1_749' title='bbox 1472 5060 1737 5128; x_wconf 88' lang='lat' dir='ltr'><strong>perversi,</strong></span> <span class='ocrx_word' id='word_1_750' title='bbox 1785 5061 2010 5132; x_wconf 90' lang='lat' dir='ltr'><strong>quidam</strong></span> 
     </span>
    </p>
   </div>
   <div class='ocr_carea' id='block_1_100' title="bbox 394 5149 2012 5210">
    <p class='ocr_par' dir='ltr' id='par_1_100' title="bbox 394 5149 2012 5210">
     <span class='ocr_line' id='line_1_100' title="bbox 394 5149 2012 5210; baseline 0.004 -7"><span class='ocrx_word' id='word_1_751' title='bbox 394 5165 524 5204; x_wconf 86' lang='lat' dir='ltr'><strong>vero</strong></span> <span class='ocrx_word' id='word_1_752' title='bbox 566 5149 637 5203; x_wconf 88' lang='lat' dir='ltr'><strong>ita</strong></span> <span class='ocrx_word' id='word_1_753' title='bbox 678 5154 805 5202; x_wconf 90' lang='lat' dir='ltr'><strong>sunt</strong></span> <span class='ocrx_word' id='word_1_754' title='bbox 832 5149 1006 5202; x_wconf 91' lang='lat' dir='ltr'><strong>sancti</strong></span> <span class='ocrx_word' id='word_1_755' title='bbox 1040 5155 1100 5203; x_wconf 92' lang='lat' dir='ltr'><strong>ut</strong></span> <span class='ocrx_word' id='word_1_756' title='bbox 1153 5164 1263 5204; x_wconf 91' lang='lat' dir='ltr'><strong>non</strong></span> <span class='ocrx_word' id='word_1_757' title='bbox 1307 5149 1583 5207; x_wconf 90' lang='lat' dir='ltr'><strong>immerito</strong></span> <span class='ocrx_word' id='word_1_758' title='bbox 1633 5152 1848 5209; x_wconf 90' lang='lat' dir='ltr'><strong>similes</strong></span> <span class='ocrx_word' id='word_1_759' title='bbox 1900 5156 2012 5210; x_wconf 90' lang='lat' dir='ltr'><strong>sint</strong></span> 
     </span>
    </p>
   </div>
   <div class='ocr_carea' id='block_1_101' title="bbox 391 5240 2013 5314">
    <p class='ocr_par' dir='ltr' id='par_1_101' title="bbox 391 5240 2013 5314">
     <span class='ocr_line' id='line_1_101' title="bbox 391 5240 2013 5314; baseline 0.007 -23"><span class='ocrx_word' id='word_1_760' title='bbox 391 5254 600 5306; x_wconf 70' lang='lat' dir='ltr'><strong>sugente</strong></span> <span class='ocrx_word' id='word_1_761' title='bbox 636 5240 809 5293; x_wconf 74' lang='lat' dir='ltr'><strong>missa:</strong></span> <span class='ocrx_word' id='word_1_762' title='bbox 853 5241 908 5292; x_wconf 88' lang='lat' dir='ltr'><strong>in</strong></span> <span class='ocrx_word' id='word_1_763' title='bbox 935 5254 1107 5306; x_wconf 82' lang='lat' dir='ltr'><strong>mare,</strong></span> <span class='ocrx_word' id='word_1_764' title='bbox 1150 5245 1205 5293; x_wconf 88' lang='lat' dir='ltr'><strong>et</strong></span> <span class='ocrx_word' id='word_1_765' title='bbox 1235 5255 1303 5295; x_wconf 79' lang='lat' dir='ltr'><strong>ea:</strong></span> <span class='ocrx_word' id='word_1_766' title='bbox 1363 5244 1514 5297; x_wconf 87' lang='lat' dir='ltr'><strong>omni</strong></span> <span class='ocrx_word' id='word_1_767' title='bbox 1550 5257 1741 5311; x_wconf 83' lang='lat' dir='ltr'><strong>genere</strong></span> <span class='ocrx_word' id='word_1_768' title='bbox 1779 5248 2013 5314; x_wconf 83' lang='lat' dir='ltr'><strong>piscium</strong></span> 
     </span>
    </p>
   </div>
   <div class='ocr_carea' id='block_1_102' title="bbox 393 5330 2011 5404">
    <p class='ocr_par' dir='ltr' id='par_1_102' title="bbox 393 5330 2011 5404">
     <span class='ocr_line' id='line_1_102' title="bbox 393 5330 2011 5404; baseline 0.005 -18"><span class='ocrx_word' id='word_1_769' title='bbox 393 5333 740 5401; x_wconf 74' lang='lat' dir='ltr'><strong>congreganti</strong></span> <span class='ocrx_word' id='word_1_770' title='bbox 800 5330 988 5398; x_wconf 82' lang='lat' dir='ltr'><strong>(ibid.),</strong></span> <span class='ocrx_word' id='word_1_771' title='bbox 1056 5330 1282 5404; x_wconf 89' lang='lat' dir='ltr'><strong>dignum</strong></span> <span class='ocrx_word' id='word_1_772' title='bbox 1319 5340 1405 5387; x_wconf 85' lang='lat' dir='ltr'><strong>est</strong></span> <span class='ocrx_word' id='word_1_773' title='bbox 1465 5342 1524 5387; x_wconf 91' lang='lat' dir='ltr'><strong>ut</strong></span> <span class='ocrx_word' id='word_1_774' title='bbox 1580 5334 1729 5401; x_wconf 86' lang='lat' dir='ltr'><strong>justo</strong></span> <span class='ocrx_word' id='word_1_775' title='bbox 1798 5336 2011 5404; x_wconf 89' lang='lat' dir='ltr'><strong>judicio</strong></span> 
     </span>
    </p>
   </div>
   <div class='ocr_carea' id='block_1_103' title="bbox 395 5417 2013 5485">
    <p class='ocr_par' dir='ltr' id='par_1_103' title="bbox 395 5417 2013 5485">
     <span class='ocr_line' id='line_1_103' title="bbox 395 5417 2013 5485; baseline 0.007 -16"><span class='ocrx_word' id='word_1_776' title='bbox 395 5418 707 5473; x_wconf 78' lang='lat' dir='ltr'><strong>Conditoris</strong></span> <span class='ocrx_word' id='word_1_777' title='bbox 752 5417 843 5472; x_wconf 89' lang='lat' dir='ltr'><strong>alii</strong></span> <span class='ocrx_word' id='word_1_778' title='bbox 878 5428 1202 5474; x_wconf 88' lang='lat' dir='ltr'><strong>remaneant</strong></span> <span class='ocrx_word' id='word_1_779' title='bbox 1249 5419 1416 5485; x_wconf 87' lang='lat' dir='ltr'><strong>intus,</strong></span> <span class='ocrx_word' id='word_1_780' title='bbox 1466 5430 1522 5475; x_wconf 94' lang='lat' dir='ltr'><strong>et</strong></span> <span class='ocrx_word' id='word_1_781' title='bbox 1558 5420 1654 5475; x_wconf 89' lang='lat' dir='ltr'><strong>alii</strong></span> <span class='ocrx_word' id='word_1_782' title='bbox 1693 5420 1846 5478; x_wconf 91' lang='lat' dir='ltr'><strong>foris.</strong></span> <span class='ocrx_word' id='word_1_783' title='bbox 1906 5424 2013 5480; x_wconf 91' lang='lat' dir='ltr'><strong>Sed</strong></span> 
     </span>
    </p>
   </div>
   <div class='ocr_carea' id='block_1_104' title="bbox 395 5506 2007 5579">
    <p class='ocr_par' dir='ltr' id='par_1_104' title="bbox 395 5506 2007 5579">
     <span class='ocr_line' id='line_1_104' title="bbox 395 5506 2007 5579; baseline 0.007 -22"><span class='ocrx_word' id='word_1_784' title='bbox 395 5506 540 5571; x_wconf 89' lang='lat' dir='ltr'><strong>illos,</strong></span> <span class='ocrx_word' id='word_1_785' title='bbox 592 5508 685 5578; x_wconf 90' lang='lat' dir='ltr'><strong>qui</strong></span> <span class='ocrx_word' id='word_1_786' title='bbox 744 5507 878 5563; x_wconf 87' lang='lat' dir='ltr'><strong>foris</strong></span> <span class='ocrx_word' id='word_1_787' title='bbox 933 5515 1080 5577; x_wconf 91' lang='lat' dir='ltr'><strong>sunt,</strong></span> <span class='ocrx_word' id='word_1_788' title='bbox 1122 5524 1188 5564; x_wconf 86' lang='lat' dir='ltr'><strong>eo</strong></span> <span class='ocrx_word' id='word_1_789' title='bbox 1230 5509 1392 5564; x_wconf 91' lang='lat' dir='ltr'><strong>citius</strong></span> <span class='ocrx_word' id='word_1_790' title='bbox 1446 5526 1475 5563; x_wconf 86' lang='lat' dir='ltr'><strong>a</strong></span> <span class='ocrx_word' id='word_1_791' title='bbox 1526 5509 1708 5579; x_wconf 88' lang='lat' dir='ltr'><strong>vobis,</strong></span> <span class='ocrx_word' id='word_1_792' title='bbox 1756 5512 2007 5569; x_wconf 76' lang='lat' dir='ltr'><strong>dilectis-</strong></span> 
     </span>
    </p>
   </div>
   <div class='ocr_carea' id='block_1_105' title="bbox 394 5592 2005 5670">
    <p class='ocr_par' dir='ltr' id='par_1_105' title="bbox 394 5592 2005 5670">
     <span class='ocr_line' id='line_1_105' title="bbox 394 5592 2005 5670; baseline 0.009 -27"><span class='ocrx_word' id='word_1_793' title='bbox 394 5592 518 5646; x_wconf 89' lang='lat' dir='ltr'><strong>simi</strong></span> <span class='ocrx_word' id='word_1_794' title='bbox 559 5594 771 5661; x_wconf 89' lang='lat' dir='ltr'><strong>fratres,</strong></span> <span class='ocrx_word' id='word_1_795' title='bbox 812 5597 1026 5652; x_wconf 88' lang='lat' dir='ltr'><strong>dcbetis</strong></span> <span class='ocrx_word' id='word_1_796' title='bbox 1056 5596 1354 5668; x_wconf 74' lang='lat' dir='ltr'><strong>expellere,</strong></span> <span class='ocrx_word' id='word_1_797' title='bbox 1396 5614 1507 5670; x_wconf 89' lang='lat' dir='ltr'><strong>quo</strong></span> <span class='ocrx_word' id='word_1_798' title='bbox 1538 5598 1680 5654; x_wconf 89' lang='lat' dir='ltr'><strong>intra</strong></span> <span class='ocrx_word' id='word_1_799' title='bbox 1719 5601 1863 5657; x_wconf 89' lang='lat' dir='ltr'><strong>ovile</strong></span> <span class='ocrx_word' id='word_1_800' title='bbox 1900 5602 2005 5657; x_wconf 85' lang='lat' dir='ltr'><strong>Do-</strong></span> 
     </span>
    </p>
   </div>
   <div class='ocr_carea' id='block_1_106' title="bbox 2116 4430 3742 4505">
    <p class='ocr_par' dir='ltr' id='par_1_106' title="bbox 2116 4430 3742 4505">
     <span class='ocr_line' id='line_1_106' title="bbox 2116 4430 3742 4505; baseline 0.001 -19"><span class='ocrx_word' id='word_1_801' title='bbox 2116 4432 2417 4499; x_wconf 89' lang='lat' dir='ltr'><strong>desiderio,</strong></span> <span class='ocrx_word' id='word_1_802' title='bbox 2475 4432 2701 4505; x_wconf 89' lang='lat' dir='ltr'><strong>dignum</strong></span> <span class='ocrx_word' id='word_1_803' title='bbox 2732 4441 2817 4487; x_wconf 87' lang='lat' dir='ltr'><strong>est</strong></span> <span class='ocrx_word' id='word_1_804' title='bbox 2860 4439 2923 4487; x_wconf 91' lang='lat' dir='ltr'><strong>ut</strong></span> <span class='ocrx_word' id='word_1_805' title='bbox 2977 4431 3351 4498; x_wconf 90' lang='lat' dir='ltr'><strong>centenarius,</strong></span> <span class='ocrx_word' id='word_1_806' title='bbox 3383 4430 3478 4502; x_wconf 88' lang='lat' dir='ltr'><strong>qui</strong></span> <span class='ocrx_word' id='word_1_807' title='bbox 3532 4431 3602 4486; x_wconf 91' lang='lat' dir='ltr'><strong>de</strong></span> <span class='ocrx_word' id='word_1_808' title='bbox 3653 4432 3742 4487; x_wconf 90' lang='lat' dir='ltr'><strong>his</strong></span> 
     </span>
    </p>
   </div>
   <div class='ocr_carea' id='block_1_107' title="bbox 2119 4525 3741 4599">
    <p class='ocr_par' dir='ltr' id='par_1_107' title="bbox 2119 4525 3741 4599">
     <span class='ocr_line' id='line_1_107' title="bbox 2119 4525 3741 4599; baseline 0.001 -18"><span class='ocrx_word' id='word_1_809' title='bbox 2119 4527 2329 4598; x_wconf 91' lang='lat' dir='ltr'><strong>primus</strong></span> <span class='ocrx_word' id='word_1_810' title='bbox 2353 4535 2437 4582; x_wconf 93' lang='lat' dir='ltr'><strong>est</strong></span> <span class='ocrx_word' id='word_1_811' title='bbox 2459 4528 2514 4582; x_wconf 91' lang='lat' dir='ltr'><strong>in</strong></span> <span class='ocrx_word' id='word_1_812' title='bbox 2555 4543 2808 4595; x_wconf 91' lang='lat' dir='ltr'><strong>numero,</strong></span> <span class='ocrx_word' id='word_1_813' title='bbox 2841 4526 3053 4599; x_wconf 89' lang='lat' dir='ltr'><strong>primus</strong></span> <span class='ocrx_word' id='word_1_814' title='bbox 3078 4527 3244 4582; x_wconf 89' lang='lat' dir='ltr'><strong>etiam</strong></span> <span class='ocrx_word' id='word_1_815' title='bbox 3273 4525 3416 4581; x_wconf 88' lang='lat' dir='ltr'><strong>adsit</strong></span> <span class='ocrx_word' id='word_1_816' title='bbox 3448 4525 3503 4580; x_wconf 93' lang='lat' dir='ltr'><strong>in</strong></span> <span class='ocrx_word' id='word_1_817' title='bbox 3538 4535 3741 4597; x_wconf 81' lang='lat' dir='ltr'><strong>myste-</strong></span> 
     </span>
    </p>
   </div>
   <div class='ocr_carea' id='block_1_108' title="bbox 2116 4618 3736 4692">
    <p class='ocr_par' dir='ltr' id='par_1_108' title="bbox 2116 4618 3736 4692">
     <span class='ocr_line' id='line_1_108' title="bbox 2116 4618 3736 4692; baseline -0.001 -17"><span class='ocrx_word' id='word_1_818' title='bbox 2116 4620 2218 4676; x_wconf 91' lang='lat' dir='ltr'><strong>rio.</strong></span> <span class='ocrx_word' id='word_1_819' title='bbox 2251 4620 2436 4676; x_wconf 88' lang='lat' dir='ltr'><strong>Nostis</strong></span> <span class='ocrx_word' id='word_1_820' title='bbox 2462 4620 2656 4692; x_wconf 89' lang='lat' dir='ltr'><strong>utique</strong></span> <span class='ocrx_word' id='word_1_821' title='bbox 2687 4619 2834 4691; x_wconf 89' lang='lat' dir='ltr'><strong>quod</strong></span> <span class='ocrx_word' id='word_1_822' title='bbox 2861 4635 2926 4676; x_wconf 88' lang='lat' dir='ltr'><strong>ex</strong></span> <span class='ocrx_word' id='word_1_823' title='bbox 2958 4620 3191 4691; x_wconf 90' lang='lat' dir='ltr'><strong>antiqua</strong></span> <span class='ocrx_word' id='word_1_824' title='bbox 3219 4618 3617 4689; x_wconf 87' lang='lat' dir='ltr'><strong>supputatione</strong></span> <span class='ocrx_word' id='word_1_825' title='bbox 3644 4634 3736 4673; x_wconf 89' lang='lat' dir='ltr'><strong>sa-</strong></span> 
     </span>
    </p>
   </div>
   <div class='ocr_carea' id='block_1_109' title="bbox 2116 4710 3743 4782">
    <p class='ocr_par' dir='ltr' id='par_1_109' title="bbox 2116 4710 3743 4782">
     <span class='ocr_line' id='line_1_109' title="bbox 2116 4710 3743 4782; baseline -0.001 -16"><span class='ocrx_word' id='word_1_826' title='bbox 2116 4712 2388 4782; x_wconf 90' lang='lat' dir='ltr'><strong>pientium</strong></span> <span class='ocrx_word' id='word_1_827' title='bbox 2419 4712 2608 4768; x_wconf 89' lang='lat' dir='ltr'><strong>decies</strong></span> <span class='ocrx_word' id='word_1_828' title='bbox 2631 4712 2849 4779; x_wconf 88' lang='lat' dir='ltr'><strong>decem,</strong></span> <span class='ocrx_word' id='word_1_829' title='bbox 2868 4711 3079 4767; x_wconf 88' lang='lat' dir='ltr'><strong>faciunt</strong></span> <span class='ocrx_word' id='word_1_830' title='bbox 3100 4717 3347 4778; x_wconf 89' lang='lat' dir='ltr'><strong>centum,</strong></span> <span class='ocrx_word' id='word_1_831' title='bbox 3369 4710 3601 4780; x_wconf 88' lang='lat' dir='ltr'><strong>mystice</strong></span> <span class='ocrx_word' id='word_1_832' title='bbox 3631 4711 3743 4765; x_wconf 81' lang='lat' dir='ltr'><strong>sci—</strong></span> 
     </span>
    </p>
   </div>
   <div class='ocr_carea' id='block_1_110' title="bbox 2116 4801 3741 4876">
    <p class='ocr_par' dir='ltr' id='par_1_110' title="bbox 2116 4801 3741 4876">
     <span class='ocr_line' id='line_1_110' title="bbox 2116 4801 3741 4876; baseline -0.002 -19"><span class='ocrx_word' id='word_1_833' title='bbox 2116 4802 2244 4858; x_wconf 90' lang='lat' dir='ltr'><strong>licet</strong></span> <span class='ocrx_word' id='word_1_834' title='bbox 2280 4804 2584 4876; x_wconf 85' lang='lat' dir='ltr'><strong>signantes,</strong></span> <span class='ocrx_word' id='word_1_835' title='bbox 2633 4809 2693 4857; x_wconf 91' lang='lat' dir='ltr'><strong>ut</strong></span> <span class='ocrx_word' id='word_1_836' title='bbox 2730 4810 2785 4858; x_wconf 92' lang='lat' dir='ltr'><strong>et</strong></span> <span class='ocrx_word' id='word_1_837' title='bbox 2826 4803 3073 4873; x_wconf 89' lang='lat' dir='ltr'><strong>impletio</strong></span> <span class='ocrx_word' id='word_1_838' title='bbox 3105 4801 3361 4875; x_wconf 88' lang='lat' dir='ltr'><strong>Decalogi</strong></span> <span class='ocrx_word' id='word_1_839' title='bbox 3384 4801 3655 4856; x_wconf 88' lang='lat' dir='ltr'><strong>sentiatur</strong></span> <span class='ocrx_word' id='word_1_840' title='bbox 3685 4801 3741 4855; x_wconf 91' lang='lat' dir='ltr'><strong>in</strong></span> 
     </span>
    </p>
   </div>
   <div class='ocr_carea' id='block_1_111' title="bbox 2116 4892 3744 4966">
    <p class='ocr_par' dir='ltr' id='par_1_111' title="bbox 2116 4892 3744 4966">
     <span class='ocr_line' id='line_1_111' title="bbox 2116 4892 3744 4966; baseline -0.002 -18"><span class='ocrx_word' id='word_1_841' title='bbox 2116 4893 2367 4961; x_wconf 90' lang='lat' dir='ltr'><strong>denario,</strong></span> <span class='ocrx_word' id='word_1_842' title='bbox 2400 4894 2757 4966; x_wconf 88' lang='lat' dir='ltr'><strong>etplenitudo</strong></span> <span class='ocrx_word' id='word_1_843' title='bbox 2788 4894 3148 4965; x_wconf 84' lang='lat' dir='ltr'><strong>perfectionis</strong></span> <span class='ocrx_word' id='word_1_844' title='bbox 3171 4892 3515 4963; x_wconf 86' lang='lat' dir='ltr'><strong>intelligatur</strong></span> <span class='ocrx_word' id='word_1_845' title='bbox 3541 4892 3595 4945; x_wconf 92' lang='lat' dir='ltr'><strong>in</strong></span> <span class='ocrx_word' id='word_1_846' title='bbox 3615 4908 3744 4947; x_wconf 87' lang='lat' dir='ltr'><strong>cen-</strong></span> 
     </span>
    </p>
   </div>
   <div class='ocr_carea' id='block_1_112' title="bbox 2116 4982 3737 5057">
    <p class='ocr_par' dir='ltr' id='par_1_112' title="bbox 2116 4982 3737 5057">
     <span class='ocr_line' id='line_1_112' title="bbox 2116 4982 3737 5057; baseline -0.001 -18"><span class='ocrx_word' id='word_1_847' title='bbox 2116 4984 2353 5040; x_wconf 89' lang='lat' dir='ltr'><strong>tenario.</strong></span> <span class='ocrx_word' id='word_1_848' title='bbox 2408 4984 2708 5040; x_wconf 91' lang='lat' dir='ltr'><strong>Sciendum</strong></span> <span class='ocrx_word' id='word_1_849' title='bbox 2743 4992 2828 5040; x_wconf 90' lang='lat' dir='ltr'><strong>est</strong></span> <span class='ocrx_word' id='word_1_850' title='bbox 2866 4985 3016 5040; x_wconf 93' lang='lat' dir='ltr'><strong>enim</strong></span> <span class='ocrx_word' id='word_1_851' title='bbox 3050 4985 3199 5056; x_wconf 88' lang='lat' dir='ltr'><strong>quia,</strong></span> <span class='ocrx_word' id='word_1_852' title='bbox 3236 4983 3345 5038; x_wconf 90' lang='lat' dir='ltr'><strong>nisi</strong></span> <span class='ocrx_word' id='word_1_853' title='bbox 3375 4982 3486 5039; x_wconf 84' lang='lat' dir='ltr'><strong>fide</strong></span> <span class='ocrx_word' id='word_1_854' title='bbox 3518 4983 3737 5057; x_wconf 88' lang='lat' dir='ltr'><strong>integra</strong></span> 
     </span>
    </p>
   </div>
   <div class='ocr_carea' id='block_1_113' title="bbox 2112 5073 3736 5149">
    <p class='ocr_par' dir='ltr' id='par_1_113' title="bbox 2112 5073 3736 5149">
     <span class='ocr_line' id='line_1_113' title="bbox 2112 5073 3736 5149; baseline -0.002 -18"><span class='ocrx_word' id='word_1_855' title='bbox 2112 5084 2168 5133; x_wconf 89' lang='lat' dir='ltr'><strong>et</strong></span> <span class='ocrx_word' id='word_1_856' title='bbox 2189 5076 2453 5132; x_wconf 90' lang='lat' dir='ltr'><strong>charitate</strong></span> <span class='ocrx_word' id='word_1_857' title='bbox 2472 5076 2715 5147; x_wconf 89' lang='lat' dir='ltr'><strong>perfecta</strong></span> <span class='ocrx_word' id='word_1_858' title='bbox 2741 5077 2935 5133; x_wconf 83' lang='lat' dir='ltr'><strong>decem</strong></span> <span class='ocrx_word' id='word_1_859' title='bbox 2974 5076 3172 5149; x_wconf 89' lang='lat' dir='ltr'><strong>legalia</strong></span> <span class='ocrx_word' id='word_1_860' title='bbox 3203 5074 3529 5131; x_wconf 88' lang='lat' dir='ltr'><strong>studeamus</strong></span> <span class='ocrx_word' id='word_1_861' title='bbox 3557 5073 3736 5128; x_wconf 90' lang='lat' dir='ltr'><strong>adim-</strong></span> 
     </span>
    </p>
   </div>
   <div class='ocr_carea' id='block_1_114' title="bbox 2112 5163 3733 5240">
    <p class='ocr_par' dir='ltr' id='par_1_114' title="bbox 2112 5163 3733 5240">
     <span class='ocr_line' id='line_1_114' title="bbox 2112 5163 3733 5240; baseline -0.002 -19"><span class='ocrx_word' id='word_1_862' title='bbox 2112 5166 2264 5239; x_wconf 90' lang='lat' dir='ltr'><strong>plere</strong></span> <span class='ocrx_word' id='word_1_863' title='bbox 2314 5174 2590 5239; x_wconf 70' lang='lat' dir='ltr'><strong>praecepta</strong></span> <span class='ocrx_word' id='word_1_864' title='bbox 2667 5183 3018 5240; x_wconf 90' lang='lat' dir='ltr'><strong>nequaquam</strong></span> <span class='ocrx_word' id='word_1_865' title='bbox 3076 5166 3308 5221; x_wconf 90' lang='lat' dir='ltr'><strong>adunari</strong></span> <span class='ocrx_word' id='word_1_866' title='bbox 3368 5164 3616 5219; x_wconf 89' lang='lat' dir='ltr'><strong>valemus</strong></span> <span class='ocrx_word' id='word_1_867' title='bbox 3655 5163 3733 5217; x_wconf 93' lang='lat' dir='ltr'><strong>illi</strong></span> 
     </span>
    </p>
   </div>
   <div class='ocr_carea' id='block_1_115' title="bbox 2115 5258 3738 5332">
    <p class='ocr_par' dir='ltr' id='par_1_115' title="bbox 2115 5258 3738 5332">
     <span class='ocr_line' id='line_1_115' title="bbox 2115 5258 3738 5332; baseline -0.002 -17"><span class='ocrx_word' id='word_1_868' title='bbox 2115 5259 2375 5331; x_wconf 69' lang='lat' dir='ltr'><strong>perfectae</strong></span> <span class='ocrx_word' id='word_1_869' title='bbox 2404 5260 2636 5332; x_wconf 91' lang='lat' dir='ltr'><strong>requiei,</strong></span> <span class='ocrx_word' id='word_1_870' title='bbox 2660 5260 2754 5314; x_wconf 91' lang='lat' dir='ltr'><strong>ubi</strong></span> <span class='ocrx_word' id='word_1_871' title='bbox 2772 5259 3066 5314; x_wconf 91' lang='lat' dir='ltr'><strong>scientiam</strong></span> <span class='ocrx_word' id='word_1_872' title='bbox 3097 5275 3255 5314; x_wconf 89' lang='lat' dir='ltr'><strong>suam</strong></span> <span class='ocrx_word' id='word_1_873' title='bbox 3286 5274 3398 5314; x_wconf 91' lang='lat' dir='ltr'><strong>non</strong></span> <span class='ocrx_word' id='word_1_874' title='bbox 3430 5273 3539 5313; x_wconf 82' lang='lat' dir='ltr'><strong>nox</strong></span> <span class='ocrx_word' id='word_1_875' title='bbox 3568 5258 3738 5324; x_wconf 93' lang='lat' dir='ltr'><strong>nocti,</strong></span> 
     </span>
    </p>
   </div>
   <div class='ocr_carea' id='block_1_116' title="bbox 2114 5349 3740 5423">
    <p class='ocr_par' dir='ltr' id='par_1_116' title="bbox 2114 5349 3740 5423">
     <span class='ocr_line' id='line_1_116' title="bbox 2114 5349 3740 5423; baseline -0.002 -15"><span class='ocrx_word' id='word_1_876' title='bbox 2114 5351 2216 5408; x_wconf 89' lang='lat' dir='ltr'><strong>sed</strong></span> <span class='ocrx_word' id='word_1_877' title='bbox 2243 5351 2364 5407; x_wconf 89' lang='lat' dir='ltr'><strong>dies</strong></span> <span class='ocrx_word' id='word_1_878' title='bbox 2395 5352 2601 5407; x_wconf 90' lang='lat' dir='ltr'><strong>indicat</strong></span> <span class='ocrx_word' id='word_1_879' title='bbox 2629 5352 2763 5407; x_wconf 90' lang='lat' dir='ltr'><strong>diei.</strong></span> <span class='ocrx_word' id='word_1_880' title='bbox 2795 5351 2900 5406; x_wconf 90' lang='lat' dir='ltr'><strong>Sed</strong></span> <span class='ocrx_word' id='word_1_881' title='bbox 2942 5358 2998 5407; x_wconf 89' lang='lat' dir='ltr'><strong>et</strong></span> <span class='ocrx_word' id='word_1_882' title='bbox 3023 5350 3172 5406; x_wconf 89' lang='lat' dir='ltr'><strong>aliud</strong></span> <span class='ocrx_word' id='word_1_883' title='bbox 3213 5350 3537 5423; x_wconf 89' lang='lat' dir='ltr'><strong>mysterium</strong></span> <span class='ocrx_word' id='word_1_884' title='bbox 3560 5349 3740 5405; x_wconf 91' lang='lat' dir='ltr'><strong>adhuc</strong></span> 
     </span>
    </p>
   </div>
   <div class='ocr_carea' id='block_1_117' title="bbox 2112 5445 3739 5516">
    <p class='ocr_par' dir='ltr' id='par_1_117' title="bbox 2112 5445 3739 5516">
     <span class='ocr_line' id='line_1_117' title="bbox 2112 5445 3739 5516; baseline 0.001 -16"><span class='ocrx_word' id='word_1_885' title='bbox 2112 5446 2169 5500; x_wconf 92' lang='lat' dir='ltr'><strong>in</strong></span> <span class='ocrx_word' id='word_1_886' title='bbox 2200 5447 2397 5502; x_wconf 90' lang='lat' dir='ltr'><strong>eodem</strong></span> <span class='ocrx_word' id='word_1_887' title='bbox 2434 5462 2663 5504; x_wconf 89' lang='lat' dir='ltr'><strong>numero</strong></span> <span class='ocrx_word' id='word_1_888' title='bbox 2691 5447 3101 5504; x_wconf 89' lang='lat' dir='ltr'><strong>demonstratur</strong></span> <span class='ocrx_word' id='word_1_889' title='bbox 3131 5447 3478 5514; x_wconf 89' lang='lat' dir='ltr'><strong>hominibus,</strong></span> <span class='ocrx_word' id='word_1_890' title='bbox 3512 5445 3609 5501; x_wconf 90' lang='lat' dir='ltr'><strong>ubi</strong></span> <span class='ocrx_word' id='word_1_891' title='bbox 3640 5460 3739 5516; x_wconf 90' lang='lat' dir='ltr'><strong>pro</strong></span> 
     </span>
    </p>
   </div>
   <div class='ocr_carea' id='block_1_118' title="bbox 2110 5539 3736 5614">
    <p class='ocr_par' dir='ltr' id='par_1_118' title="bbox 2110 5539 3736 5614">
     <span class='ocr_line' id='line_1_118' title="bbox 2110 5539 3736 5614; baseline 0 -21"><span class='ocrx_word' id='word_1_892' title='bbox 2110 5553 2315 5595; x_wconf 87' lang='lat' dir='ltr'><strong>corona</strong></span> <span class='ocrx_word' id='word_1_893' title='bbox 2344 5539 2679 5613; x_wconf 88' lang='lat' dir='ltr'><strong>virginitatis</strong></span> <span class='ocrx_word' id='word_1_894' title='bbox 2728 5540 2870 5597; x_wconf 85' lang='lat' dir='ltr'><strong>solet</strong></span> <span class='ocrx_word' id='word_1_895' title='bbox 2902 5539 3168 5595; x_wconf 90' lang='lat' dir='ltr'><strong>attitulari</strong></span> <span class='ocrx_word' id='word_1_896' title='bbox 3227 5539 3563 5614; x_wconf 76' lang='lat' dir='ltr'><strong>virginibus,</strong></span> <span class='ocrx_word' id='word_1_897' title='bbox 3592 5552 3736 5610; x_wconf 85' lang='lat' dir='ltr'><strong>quo-</strong></span> 
     </span>
    </p>
   </div>
   <div class='ocr_carea' id='block_1_119' title="bbox 2105 5626 3735 5703">
    <p class='ocr_par' dir='ltr' id='par_1_119' title="bbox 2105 5626 3735 5703">
     <span class='ocr_line' id='line_1_119' title="bbox 2105 5626 3735 5703; baseline -0.001 -21"><span class='ocrx_word' id='word_1_898' title='bbox 2105 5628 2249 5683; x_wconf 90' lang='lat' dir='ltr'><strong>niam</strong></span> <span class='ocrx_word' id='word_1_899' title='bbox 2273 5627 2329 5683; x_wconf 89' lang='lat' dir='ltr'><strong>in</strong></span> <span class='ocrx_word' id='word_1_900' title='bbox 2358 5627 2752 5687; x_wconf 83' lang='lat' dir='ltr'><strong>inﬂexionibus</strong></span> <span class='ocrx_word' id='word_1_901' title='bbox 2780 5628 3104 5703; x_wconf 80' lang='lat' dir='ltr'><strong>digitorum,</strong></span> <span class='ocrx_word' id='word_1_902' title='bbox 3133 5627 3257 5702; x_wconf 85' lang='lat' dir='ltr'><strong>lege</strong></span> <span class='ocrx_word' id='word_1_903' title='bbox 3274 5626 3523 5684; x_wconf 87' lang='lat' dir='ltr'><strong>dictante</strong></span> <span class='ocrx_word' id='word_1_904' title='bbox 3552 5642 3735 5699; x_wconf 78' lang='lat' dir='ltr'><strong>magi-</strong></span> 
     </span>
    </p>
   </div>
  </div>
