3920 6054
214 313 354 367 1005

1276 306 1400 361 LIB.
1443 304 1524 358 DE
1561 299 1892 358 MYSTERIO
1933 298 2109 354 LlGNl
2153 302 2468 362 DOMlNlCl.

3400 317 3538 375 1006

207 439 341 502 stra,
371 432 628 488 eumdem
662 429 949 485 articulum
982 427 1144 481 habet
1175 427 1230 480 in
1263 427 1474 494 dextra,
1517 441 1680 497 quem
1723 425 1820 478 de-
1845 425 1898 492 Α
1927 421 1991 476 ad
2022 439 2263 492 praesens
2313 443 2482 498 pauca
2515 445 2612 499 pro
2663 429 2916 500 pluribus
2960 431 3219 487 videntur
3257 434 3532 494 sufﬁcere.

211 523 399 578 narius
429 521 484 576 in
509 520 755 575 sinistra.

281 615 440 681 Ecce,
473 611 604 684 quia
647 611 755 681 pias
783 606 1092 665 devotionis
1144 616 1200 662 et
1247 605 1502 660 fraternae
1541 601 1822 658 charitatis

210 703 441 756 humero
471 699 582 754 duo
615 697 874 770 mysteria
904 696 1062 752 vobis
1091 696 1144 750 in
1177 695 1372 750 eodem
1410 693 1822 764 apportavimus

214 807 470 858 numero,
525 797 688 846 restat
749 797 826 856 ut,
885 788 1191 844 secundum
1235 785 1541 842 doctrinam
1583 786 1824 839 virorum

213 881 527 947 solertiam,
559 877 778 934 duobus
807 878 893 932 his
931 877 1200 932 addamus
1227 883 1283 930 et
1330 875 1571 930 tertium.
1611 875 1829 928 intuen-

214 972 348 1026 dum
377 981 462 1026 est
518 985 650 1024 sane
694 966 1036 1040 quibuslibet
1082 965 1380 1021 lectoribus
1411 965 1638 1019 intentis
1676 963 1826 1034 quod

212 1065 393 1120 littera
433 1063 494 1132 T,
525 1063 676 1130 tbau,
708 1060 955 1115 numeris
983 1058 1294 1114 intitulatur
1322 1057 1618 1113 trecentis:
1650 1055 1826 1131 signi-

213 1157 340 1212 ﬁcat
386 1156 644 1211 videlicet
687 1155 859 1227 quod,
916 1155 1056 1209 sicut
1100 1168 1252 1208 novae
1292 1153 1432 1226 legis
1471 1158 1701 1208 testatur
1739 1168 1829 1206 sa-

213 1257 580 1316 cramentum,
611 1249 847 1304 Trinitas
878 1249 933 1302 in
965 1247 1164 1314 tribus,
1210 1256 1266 1304 et
1295 1248 1532 1302 Charitas
1561 1246 1825 1322 figuratur

213 1348 271 1401 in
302 1353 543 1402 centum.
586 1345 697 1400 Nisi
751 1345 897 1400 enim
955 1343 1206 1414 ejusdem
1265 1342 1549 1398 charitatis
1587 1342 1825 1398 velimus

213 1436 423 1492 habere
473 1442 745 1501 tenorem,
796 1433 866 1488 de
919 1449 1026 1504 qua
1081 1433 1346 1503 scriptum
1400 1441 1520 1486 est:
1581 1433 1826 1498 Perfecta

211 1530 458 1584 charitas
496 1529 648 1595 foras
683 1527 852 1581 mittit
911 1528 1154 1582 timo-rem
1205 1526 1251 1594 (Ι
1296 1522 1454 1578 Joan.
1487 1524 1582 1595 tv),
1617 1539 1828 1596 nequa-

214 1635 380 1692 quam
414 1617 470 1672 in
499 1632 600 1672 nos
629 1614 944 1670 dilectionis
965 1613 1114 1670 illius
1147 1621 1325 1685 potest
1354 1614 1670 1668 redundare
1701 1628 1826 1684 per-

213 1711 402 1777 fectio,
443 1709 512 1763 de
552 1723 659 1778 qua
698 1706 903 1762 dictum
943 1713 1062 1761 est:
1114 1706 1394 1761 Plenitudo
1433 1707 1562 1774 legis
1616 1710 1691 1760 est
1747 1706 1829 1758 dt-

213 1799 366 1853 lectz’o
395 1798 558 1868 (Rom.
601 1796 736 1866 xm).
770 1795 833 1850 Et
856 1795 1116 1866 quoniam
1151 1793 1430 1868 allegorici
1483 1809 1702 1862 sensus,
1736 1794 1829 1865 qui

213 1889 270 1944 in
327 1889 522 1946 eodem
561 1902 794 1943 numero
832 1887 1096 1953 latebant,
1130 1886 1382 1942 charitati
1437 1893 1655 1954 vestrae,
1689 1887 1828 1943 dile-

211 1978 464 2043 ctissimi,
491 1979 604 2049 jam
655 1976 814 2032 tertio
847 1975 1131 2046 patebant,
1174 1975 1404 2048 dignum
1446 1981 1530 2030 est
1570 1983 1650 2041 ut,
1699 1976 1828 2048 quia

211 2087 388 2128 novus
417 2071 634 2125 animus
664 2083 836 2124 novos
861 2067 1028 2138 exigit
1075 2074 1246 2124 artus.
1287 2067 1466 2122 tribus
1509 2067 1743 2122 addatur
1772 2078 1826 2123 et

211 2169 454 2236 quartus.
498 2161 692 2217 Notum
716 2166 799 2214 est
824 2159 970 2214 enim
1002 2157 1162 2212 vobis
1195 2158 1251 2212 in
1279 2157 1487 2214 Christo
1517 2158 1643 2212 Jesu
1672 2160 1822 2230 quod

214 2270 324 2310 non
356 2270 511 2320 crux,
541 2252 639 2308 sed
657 2251 877 2322 species
908 2250 1088 2304 crucis
1111 2250 1466 2305 continentur
1488 2251 1544 2304 in
1573 2250 1730 2306 litera
1763 2252 1823 2319 T,

213 2345 364 2412 thau,
397 2341 682 2414 quoniam,
712 2340 759 2395 si
791 2339 846 2394 in
887 2338 1160 2410 superiori
1193 2347 1346 2409 parte
1374 2340 1556 2395 adhuc
1593 2340 1644 2394 ei
1697 2357 1824 2411 pars

211 2449 322 2490 una
349 2437 684 2504 superesset,
717 2445 830 2486 non
866 2429 978 2499 jam
1012 2427 1186 2483 forma
1225 2429 1423 2496 crucis,
1453 2429 1550 2484 sed
1609 2432 1823 2504 integra

211 2537 343 2576 crux
373 2527 535 2576 esset.
580 2517 734 2573 Unde
764 2524 820 2572 et
846 2517 900 2570 in
931 2516 1125 2570 eadem
1167 2515 1368 2583 littera,
1393 2533 1491 2588 per
1521 2534 1683 2588 quam
1717 2535 1824 2574 nu-

211 2633 396 2672 merus
423 2619 818 2678 trecentorum,
851 2619 907 2667 et
935 2611 1110 2667 forma
1141 2611 1321 2667 crucis
1343 2611 1674 2680 ostenditur,
1713 2629 1822 2670 non

205 2705 510 2776 incongrue
541 2700 705 2756 nobis
755 2715 940 2774 pugna
970 2700 1244 2756 Gedeonis
1286 2701 1340 2754 in
1373 2699 1550 2775 ﬁgura
1580 2713 1820 2772 praeten-

205 2793 374 2861 ditur,
396 2792 454 2846 in
481 2807 590 2863 qua
615 2788 876 2845 videlicet
904 2804 1003 2859 per
1033 2789 1260 2862 gratiam
1294 2790 1699 2862 Omnipotentis
1725 2807 1822 2846 su-

205 2901 308 2956 per
349 2885 535 2940 hostes
575 2897 704 2938 suos
757 2881 958 2936 meruit
996 2881 1337 2952 triumphare
1384 2898 1510 2938 cum
1536 2884 1814 2938 trecentis.

205 2979 308 3034 Per
334 2977 656 3050 mysterium
705 2975 852 3030 enim
897 2975 1096 3042 crucis,
1139 2985 1194 3031 et
1233 2975 1460 3032 formam
1519 2978 1816 3045 Trinitatis,

204 3067 329 3122 sine
358 3067 526 3122 armis
555 3063 816 3139 pugnavit
845 3079 967 3118 cum
1000 3066 1243 3131 armatis,
1301 3067 1523 3138 quando
1575 3083 1672 3123 eos
1705 3083 1818 3123 non

206 3162 374 3217 armis
411 3158 728 3234 subjugavit
764 3157 1016 3226 amoenis,
1049 3160 1147 3214 sed
1178 3159 1348 3228 tubis,
1383 3161 1734 3232 lampadibus
1767 3170 1823 3216 et

205 3251 436 3326 lagenis.
477 3247 786 3304 Notandum
833 3255 916 3300 est
975 3248 1138 3302 etiam
1195 3250 1343 3320 quod
1397 3250 1647 3304 Ezechiel
1701 3266 1821 3320 pro-

205 3345 373 3416 pheta
403 3343 458 3398 in
505 3341 700 3397 eadem
755 3339 932 3394 littera
978 3338 1140 3394 fidem
1183 3354 1545 3412 eXpressurus
1586 3343 1820 3398 creden-

200 3437 362 3504 tium,
423 3437 618 3502 Signa,
660 3432 860 3504 inquit,
906 3433 966 3498 T,
1009 3433 1164 3500 thau,
1224 3449 1382 3504 super
1429 3436 1635 3500 frontes
1672 3439 1818 3490 viro-

197 3547 325 3586 rum
349 3529 668 3599 gementium
707 3532 756 3581 et
785 3527 1080 3581 dolentium
1118 3527 1331 3597 (Ezech.
1369 3529 1462 3595 ix),
1502 3529 1682 3598 typice
1713 3528 1822 3582 sci-

197 3622 328 3677 licet
391 3619 680 3674 insinuans
725 3633 826 3690 per
885 3618 990 3673 hoc
1030 3633 1186 3673 novae
1227 3617 1680 3675 sanctificationis
1736 3619 1818 3674 si-

197 3729 388 3790 gnum,
436 3709 585 3782 quod
613 3709 757 3766 ferro
789 3711 1027 3766 hostium
1081 3710 1276 3766 fortius
1307 3717 1390 3765 est
1421 3712 1600 3766 crucis
1636 3712 1817 3768 Domi-

201 3803 340 3858 nicae
371 3801 604 3874 lignum.
643 3799 743 3854 Per
774 3800 917 3856 hanc
944 3815 1076 3874 ergo
1105 3815 1323 3855 crucem
1357 3799 1606 3856 Salvator
1633 3809 1821 3856 noster

201 3892 390 3950 omnia
433 3893 628 3947 volens
669 3892 889 3946 trahere
924 3892 991 3947 ad
1031 3907 1124 3957 se;
1180 3893 1414 3962 Siquis,
1459 3892 1659 3964 inquit,
1705 3894 1821 3948 vult

199 3985 320 4052 post
343 3995 426 4036 me
449 3981 650 4044 venire,
695 3979 849 4035 tollat
879 3995 1084 4035 crucem
1125 3994 1298 4046 suam,
1341 3985 1390 4034 et
1435 3985 1696 4050 sequatur
1739 3998 1820 4037 me

209 4066 421 4139 (Matth.
453 4070 766 4135 xvn;Marc.
814 4069 948 4136 vni),
1007 4066 1329 4140 signiﬁcans
1381 4067 1641 4126 videlicet
1670 4073 1816 4142 quod

208 4179 274 4220 eo
321 4163 507 4220 verius
552 4163 806 4218 videmur
861 4179 1078 4220 crucem
1131 4165 1325 4220 tollere
1371 4163 1670 4220 Salvatoris
1709 4179 1820 4236 quo

208 4271 337 4332 erga
401 4255 681 4326 proximos
736 4264 957 4311 nostros
1013 4257 1188 4325 major
1227 4256 1389 4312 nobis
1441 4263 1526 4312 est
1579 4257 1819 4312 charitas

205 4349 622 4419 compassionis.
683 4349 818 4404 Ecce
849 4349 978 4420 quia
1037 4348 1214 4404 forma
1261 4349 1561 4404 centenarii
1609 4349 1820 4404 numeri

1860 1735 1910 1802 B

1927 509 2054 564 Cum
2081 514 2227 567 enim
2262 524 2338 570 tot
2363 524 2418 570 ct
2441 523 2545 571 tam
2577 517 2910 588 multiplices
2941 519 2991 572 ei
3031 520 3310 590 spiritales
3330 521 3538 580 intelli-

1921 601 2122 673 gentiae
2149 603 2257 658 sint
2285 612 2488 674 partes,
2522 615 2580 662 ut
2615 623 2710 679 pro
2758 609 3105 678 explicandis
3151 614 3412 670 omnibus
3448 617 3539 672 vix

1923 689 2176 745 humanae
2207 689 2483 747 sufﬁciant
2511 701 2676 759 artes,
2711 695 2838 750 ideo
2879 713 2910 750 a
2957 699 3118 754 nobis
3161 715 3274 756 non
3308 717 3373 756 ex
3401 710 3537 771 toto,

1929 778 2024 832 sed
2058 795 2120 834 ex
2156 787 2308 850 parte
2376 783 2669 856 allegorica
2703 786 2814 852 jam
2855 785 3236 844 discutiendus
3275 798 3360 846 est
3403 799 3536 848 arte.

1929 873 2034 926 Sed
2065 881 2358 945 antequam
2391 876 2458 930 ad
2499 893 2769 932 summam
2801 881 3152 949 perveniatur
3180 883 3374 954 ipsius,
3417 900 3537 956 par-

1927 971 2010 1018 tes
2049 965 2170 1034 ejus
2201 968 2619 1024 considerandte
2659 978 2786 1024 sunt
2818 973 2989 1042 prius,
3023 990 3094 1028 ne
3125 989 3248 1028 cum
3293 992 3358 1030 ex
3388 985 3542 1048 parte

1929 1058 2246 1128 pervenitur
2271 1059 2338 1112 ad
2370 1066 2564 1128 totum,
2617 1064 2937 1133 mysterium
2978 1066 3127 1136 quod
3159 1066 3281 1121 aliis
3337 1076 3420 1123 est
3447 1085 3538 1125 co-

1927 1147 2139 1221 gnitum
2181 1147 2305 1202 aliis
2329 1149 2502 1219 possit
2530 1166 2650 1206 esse
2679 1151 2953 1224 ignotum.
2983 1154 3168 1210 Nostis
3189 1156 3359 1231 igitur
3391 1159 3538 1231 quod

1924 1234 2240 1304 quinarium
2272 1251 2562 1291 numerum
2594 1238 2768 1294 virtus
2796 1239 2984 1296 divina
3008 1241 3264 1309 sacravit,
3298 1243 3426 1298 dum
3473 1244 3543 1298 de

1927 1323 2174 1394 quinque
2207 1324 2445 1394 panibus
2475 1333 2530 1380 et
2560 1325 2776 1400 dupbus
2805 1329 3054 1398 piscibus
3084 1331 3334 1403 quinque
3372 1333 3543 1388 millia

1927 1415 2162 1484 satiavit,
2214 1416 2271 1470 in
2331 1417 2578 1488 quinque
2635 1419 2846 1474 scilicet
2882 1421 3146 1498 ‘panibus
3203 1434 3544 1480 sacramenta

1927 1509 2247 1585 signiﬁcans
2285 1511 2444 1584 legis,
2492 1513 2546 1566 in
2589 1513 2806 1568 duobus
2857 1522 3042 1570 autem
3087 1516 3351 1587 piscibus,
3407 1519 3544 1573 duas

1931 1616 2198 1672 personas
2220 1603 2527 1658 sacerdotis
2557 1613 2612 1658 ct
2630 1605 2776 1678 regis
2830 1605 2987 1660 Unde
3017 1607 3279 1677 quoniam
3313 1608 3370 1663 in
3386 1625 3543 1665 sacro

1931 1689 2153 1761 eloquio
2198 1691 2450 1762 quotidie
2506 1693 2787 1748 vobiscum
2838 1693 3103 1751 discimus
3138 1697 3286 1768 quod
3349 1697 3403 1751 in
3445 1698 3537 1754 illa

1933 1785 2191 1856 passione
2230 1785 2514 1841 Dominica
2570 1803 2673 1842 nec
2703 1787 2886 1858 pisces
2931 1789 3187 1860 panibus,
3230 1805 3334 1846 nec
3373 1807 3544 1860 panes

1931 1871 2158 1928 defuere
2189 1874 2455 1944 piscibus,
2489 1874 2716 1948 dignum
2748 1885 2833 1932 est
2859 1884 2936 1944 ut,
2971 1893 3069 1948 pro
3101 1878 3298 1934 eodem
3350 1896 3541 1934 exem-

1929 1965 2022 2036 plo
2049 1963 2105 2018 in
2137 1963 2374 2019 Ecclesia
2404 1965 2496 2020 Dei
2514 1980 2736 2036 semper
2763 1969 3144 2038 exsequendo,
3177 1985 3282 2025 nec
3312 1985 3537 2041 regnum

1927 2072 1958 2110 a
1986 2055 2314 2122 sacerdotio,
2374 2071 2475 2111 nec
2526 2057 2894 2113 sacerdotium
2935 2067 3223 2129 separetur
3259 2076 3291 2114 a
3347 2077 3536 2134 regno.

1926 2147 2086 2217 Cujus
2113 2147 2191 2202 rei
2228 2148 2538 2218 exemplum
2570 2146 2730 2203 facile
2769 2156 2954 2220 potest
2983 2150 3052 2204 ab
3100 2151 3218 2220 ipso
3249 2149 3541 2208 Conditorc

1927 2237 2218 2310 perpendi,
2245 2238 2341 2310 qui
2366 2239 2433 2293 ad
2465 2238 2923 2294 sanctiﬁcandum
2947 2239 3211 2312 populum
3254 2256 3316 2296 ac
3349 2257 3544 2316 regen-

1927 2334 2056 2388 dum
2088 2349 2178 2388 rex
2199 2339 2254 2389 et
2281 2334 2541 2390 sacerdos
2561 2335 2782 2390 volebat
2801 2335 3043 2402 ostendi,
3074 2335 3296 2407 quando
3311 2336 3379 2391 ad
3395 2352 3533 2406 pra)-

1926 2429 2221 2499 parandam
2273 2430 2440 2484 nobis
2469 2429 2980 2485 immarcessibilem
3014 2431 3139 2486 vitae
3181 2438 3404 2486 aeternae
3437 2447 3534 2487 co-

1925 2536 2138 2588 ronam,
2195 2522 2249 2576 in
2306 2523 2490 2592 seipso
2547 2523 2944 2579 sacerdotalem
3000 2539 3062 2580 ac
3115 2523 3320 2597 regiam
3369 2523 3543 2580 voluit

1925 2616 2146 2680 portare
2190 2625 2516 2680 personam;
2552 2610 2786 2682 proinde
2817 2611 3049 2666 multum
3101 2627 3274 2678 erras,
3315 2626 3347 2666 ο
3381 2610 3538 2665 Chri—

1922 2702 2100 2758 stianc
2137 2703 2399 2758 nimirum
2434 2704 2718 2771 haeretice,
2760 2705 2853 2776 qui
2885 2719 3037 2760 more
3085 2704 3537 2776 phreneticorum

1923 2810 2152 2869 regnum
2188 2804 2242 2851 et
2297 2795 2666 2852 sacerdotium
2722 2795 2872 2851 soles
2923 2795 3130 2870 agitare
3189 2796 3539 2866 phrenetico,

1921 2884 2049 2940 dum
2087 2889 2224 2942 duas
2281 2902 2566 2958 personas,
2609 2901 2732 2958 quae
2784 2886 2836 2938 in
2889 2885 3132 2940 Ecclesia
3169 2885 3268 2940 Dei
3319 2902 3542 2957 semper

1921 2974 2075 3029 fuere
2106 2975 2392 3042 sublimes,
2436 2974 2670 3030 diversis
2717 2974 3028 3028 ltazresibus
3059 2974 3126 3028 ab
3160 2973 3396 3028 invicem
3445 2989 3539 3028 se-

1921 3077 2113 3134 parare
2152 3079 2264 3120 non
2293 3065 2471 3119 times.
2508 3064 2614 3119 Sed
2647 3062 2828 3119 nescis
2858 3062 3093 3118 fortasse
3115 3063 3264 3135 quod
3297 3062 3539 3134 antiquae

1921 3113 2110 3134 rem-
2153 3113 2264 3120 __,__
2294 3113 2471 3119 ---ην
2509 3113 2614 3119 η,
2648 3113 2825 3119 ---πη
2859 3113 3088 3118 mm"
3119 3113 3264 3135 γη

1847 3113 1896 3183 C
1921 3151 2223 3208 divinitatis
2257 3152 2388 3208 olim
2419 3153 2689 3208 sancitum
2714 3160 2801 3208 est
2856 3151 2977 3226 lege
3020 3168 3090 3207 ne
3123 3151 3179 3206 in
3218 3167 3391 3224 regno
3435 3152 3542 3208 Ro-

1922 3263 2210 3303 manorum
2245 3266 2337 3303 rex
2369 3265 2398 3302 a
2431 3248 2715 3320 pontiﬁce,
2757 3249 2841 3304 vel
2901 3248 3145 3319 pontifex
3186 3255 3474 3319 separetur
3513 3264 3543 3300 a

1922 3354 2071 3410 rege,
2105 3346 2378 3410 quatenus
2407 3339 2534 3394 ﬁliis
2579 3339 2836 3394 Ecclesiae
2877 3338 2932 3392 in
2989 3338 3287 3394 concordia
3345 3353 3534 3393 eorum

1921 3429 2064 3484 bene
2091 3431 2265 3500 possit
2303 3431 2540 3492 ostendi,
2603 3432 2752 3502 quod
2807 3447 2871 3485 ex
2933 3429 3119 3486 divina
3170 3429 3539 3494 ordinatione,

1920 3535 2064 3574 unus
2093 3521 2262 3576 habet
2320 3530 2708 3576 testamentum
2741 3521 3040 3577 sacerdotii
3083 3527 3137 3576 et
3189 3520 3332 3576 alius
3363 3522 3538 3594 regni.

1921 3611 2075 3666 Unde
2117 3613 2192 3666 nil
2225 3613 2431 3680 obstat,
2471 3613 2516 3668 si
2551 3611 2778 3684 prmfata
2819 3612 3043 3668 refectio
3086 3611 3383 3668 Dominicis
3415 3629 3543 3684 pas-

1917 3705 2089 3760 sionis
2119 3720 2218 3776 per
2247 3704 2540 3776 quamdam
2573 3703 2992 3759 similitudinem
3019 3703 3236 3760 duabus
3264 3704 3350 3758 his
3391 3721 3543 3760 com-

1920 3805 2143 3867 paretur
2184 3795 2459 3866 personis,
2491 3796 2755 3868 quoniam
2797 3797 2850 3850 in
2901 3795 3164 3868 mysterio
3196 3795 3539 3864 rcfcctionis,

1919 3907 2083 3962 quam
2117 3891 2281 3947 iidem
2309 3890 2409 3946 viri
2440 3890 2646 3945 debent
2697 3890 2963 3946 exhibere
3003 3891 3348 3959 Christianis,
3398 3891 3540 3945 alius

1923 3982 2090 4037 habet
2147 3983 2375 4038 formam
2435 3983 2602 4054 piscis
2657 3991 2710 4036 et
2764 3981 2905 4038 alius
2953 3983 3132 4054 panis.
3195 3983 3313 4039 Non
3391 3982 3539 4036 enim

1921 4076 2170 4149 ignotum
2204 4082 2287 4130 est
2311 4075 2468 4132 vobis
2498 4076 2646 4147 quod
2672 4091 2762 4130 ars
2793 4074 3021 4146 pistoria
3059 4076 3132 4130 sit
3160 4075 3332 4143 intus,
3369 4083 3423 4130 et
3462 4075 3548 4146 pi-

1921 4165 2154 4220 scatoria
2180 4165 2333 4232 foris,
2360 4171 2638 4236 quatenus
2668 4165 2804 4220 alter
2843 4165 3000 4221 alteri
3029 4181 3095 4221 eo
3129 4166 3302 4239 magis
3331 4165 3548 4220 studeat
3629 4149 3634 4157 ’

1924 4254 1979 4308 in
2003 4253 2200 4309 Christi
2248 4254 2515 4310 charitate
2557 4253 2843 4325 prodesse,
2885 4269 2994 4325 quo
3042 4270 3128 4308 ars
3171 4253 3272 4308 arti
3327 4269 3549 4322 semper

1927 4351 2106 4416 potest
2135 4345 2256 4401 usui
2289 4361 2432 4400 esse.
2484 4344 2690 4400 Taliter
2723 4343 2909 4419 igitur,
2953 4359 3052 4414 pro
3105 4343 3304 4399 divinae
3335 4357 3397 4396 ac
3435 4340 3547 4396 fra-

207 4437 364 4492 vobis
389 4445 472 4492 est
501 4437 749 4494 discussa
779 4437 1082 4503 moraliter,
1115 4444 1332 4510 tempus
1362 4446 1525 4494 estut
1555 4437 1823 4511 quinqua-
1844 4435 1902 4502 D
1929 4445 2097 4492 ternae
2125 4437 2440 4493 dilectionis
2472 4451 2682 4504 amore,
2711 4435 2820 4491 duo
2847 4435 3013 4489 iidem
3047 4435 3148 4489 viri
3170 4449 3390 4504 semper
3425 4449 3546 4488 esse

205 4527 466 4601 genarius
495 4544 753 4584 numerus
803 4528 1164 4584 dissentiatur
1199 4529 1504 4600 aequaliter,
1558 4529 1816 4600 quoniam

205 4616 336 4671 licet
367 4616 458 4672 ille
487 4616 558 4672 sit
586 4617 797 4686 primus
825 4626 880 4671 et
909 4617 1013 4672 iste
1039 4617 1340 4686 secundus,
1373 4623 1604 4688 uterque
1636 4623 1820 4672 tamen

205 4711 289 4760 est
319 4705 546 4776 mystica
590 4705 934 4762 discussione
981 4705 1306 4776 profundus.
1351 4706 1506 4760 Unde
1543 4705 1673 4761 licet
1723 4705 1824 4760 iste

205 4807 470 4850 numerus
501 4794 616 4866 jam
655 4794 1041 4850 discutiendus
1077 4795 1147 4849 sit
1185 4794 1504 4870 allegorice,
1546 4794 1700 4865 prius
1745 4800 1826 4850 ta-

204 4898 332 4938 men
363 4883 598 4938 naturali
631 4884 1028 4956 supputatione
1061 4883 1415 4954 multiplicari
1456 4883 1624 4938 debet
1668 4883 1837 4940 histO'

207 4974 338 5041 riCe,
394 4983 671 5046 quatenus
707 4975 961 5050 dignosci
1015 4975 1192 5031 valeat
1255 4991 1321 5030 ex
1369 4974 1652 5031 interioris
1693 4977 1836 5052 oculi

206 5069 547 5142 perspicacia
570 5069 704 5142 quid
735 5069 842 5124 sibi
883 5086 957 5126 ex
980 5077 1174 5126 natura
1205 5070 1472 5126 debeatur
1500 5078 1594 5126 aut
1629 5071 1824 5145 gratia.

205 5161 390 5217 Nostis
436 5163 626 5234 utique
654 5161 784 5234 quia
821 5162 866 5215 si
894 5161 1022 5234 quis
1052 5169 1239 5233 partes
1272 5163 1396 5232 ejus
1426 5163 1560 5218 velit
1584 5163 1827 5218 aestima-

206 5269 267 5308 re
293 5252 571 5322 distincte,
610 5254 800 5326 procul
832 5253 1004 5309 dubio
1033 5270 1099 5309 ex
1129 5255 1320 5310 decem
1351 5262 1565 5312 constat
1587 5261 1642 5311 et
1668 5257 1830 5328 quin-

205 5361 339 5417 que,
381 5345 641 5416 quoniam
683 5347 826 5402 sicut
871 5345 1230 5403 calculatorcs
1269 5347 1587 5403 solertiores
1622 5347 1832 5418 optime

205 5437 411 5503 sciunt,
439 5435 627 5492 decies
656 5439 926 5512 quinque,
970 5439 1057 5495 vel
1087 5439 1384 5512 quinquies
1417 5439 1634 5508 decem,
1667 5440 1830 5511 quin-

205 5532 471 5608 quaginta
511 5530 673 5588 ﬁunt.
732 5534 882 5590 Unde
943 5534 1094 5602 licet,
1135 5549 1234 5605 per
1265 5535 1478 5604 judicia
1525 5532 1830 5590 divinitatis

206 5623 444 5692 occulta,
478 5623 534 5677 in
557 5622 755 5680 eodem
797 5640 1029 5682 numero
1069 5627 1328 5698 mysteria
1358 5626 1470 5682 sint
1499 5626 1691 5692 multa,
1734 5642 1830 5683 no-

210 5715 393 5772 lumus
421 5723 604 5770 tamen
637 5717 706 5772 de
733 5717 814 5772 eis
845 5718 1002 5788 plura
1036 5733 1136 5790 pro
1183 5719 1373 5788 paucis
1398 5719 1581 5774 dicere
1627 5717 1828 5790 quibus

1921 4529 2128 4585 debent
2149 4531 2202 4584 in
2243 4529 2455 4596 labore,
2479 4528 2741 4600 quoniam
2773 4527 2830 4580 in
2871 4526 3112 4581 Ecclesia
3143 4524 3237 4580 Dei
3278 4523 3424 4580 inter
3451 4539 3549 4578 eos

1923 4619 2002 4674 sic
2033 4626 2120 4674 est
2142 4618 2280 4674 ordo
2311 4617 2628 4684 distinctus,
2658 4615 2800 4671 utin
2832 4614 2920 4670 his
2939 4631 3062 4686 quae
3092 4624 3220 4672 sunt
3250 4614 3462 4681 saeculi,
3496 4621 3548 4668 et

1887 4703 1896 4708 ”
1925 4712 1982 4766 in
2023 4713 2109 4768 his
2135 4729 2260 4784 qua:
2293 4712 2410 4780 Dei,
2443 4727 2587 4766 unus
2641 4717 2902 4782 Operetur
2934 4709 3068 4765 foris
3101 4716 3156 4764 et
3189 4707 3331 4764 alius
3371 4708 3540 4763 intus.

1927 4801 2165 4874 Uterque
2199 4803 2347 4858 enim
2380 4801 2655 4873 quoddam
2689 4799 2894 4856 divina;
2927 4799 3212 4857 charitatis
3262 4801 3428 4856 habet
3452 4800 3546 4854 in-

1937 4896 2118 4969 signe,
2151 4897 2282 4951 dum
2313 4895 2471 4967 quasi
2503 4911 2648 4950 unus
2678 4895 2732 4950 in
2766 4911 2909 4968 aqua
2939 4902 2994 4952 et
3029 4894 3170 4950 alius
3207 4903 3469 4966 cperatur
3494 4893 3550 4947 in

1941 4988 2090 5061 igne,
2119 4993 2180 5041 ut
2201 4985 2345 5041 sicut
2377 5001 2476 5057 pro
2502 4986 2800 5042 dilectione
2815 4985 2932 5054 Dei,
2960 4986 3088 5062 igne
3109 4985 3284 5041 sancti
3318 4984 3551 5056 Spiritus

1929 5097 2076 5138 unus
2105 5087 2320 5136 assatur
2350 5087 2410 5136 ut
2436 5081 2618 5153 panis,
2653 5081 2725 5137 ita
2750 5096 2849 5152 pro
2894 5081 3220 5136 defensione
3267 5077 3550 5150 proximo-

1930 5191 2048 5230 rum
2103 5174 2354 5246 squamis
2392 5173 2623 5244 justitiae
2678 5172 2820 5228 alius
2891 5173 3174 5228 muniatur
3239 5177 3300 5226 ut
3364 5169 3546 5240 piscis.

1933 5261 2085 5318 Unde
2118 5263 2380 5335 quoniam
2417 5263 2470 5316 in
2512 5278 2668 5318 sacro
2698 5263 2922 5334 eloquio
2977 5268 3159 5333 potest
3207 5258 3553 5331 apertissime

1932 5351 2068 5406 disci
2149 5352 2298 5423 quod
2379 5351 2432 5405 in
2501 5350 2801 5407 refectione
2872 5349 3157 5406 Dominica
3235 5363 3340 5403 nec
3387 5347 3554 5418 piscis

1933 5442 2084 5514 pani,
2123 5458 2228 5497 nec
2273 5442 2432 5512 panis
2475 5442 2664 5498 aberat
2722 5441 2884 5517 pisq’,
2931 5440 3216 5497 sciendum
3270 5447 3354 5494 est
3403 5437 3552 5510 quod

1931 5553 2038 5593 nec
2081 5537 2369 5592 catholica:
2429 5536 2581 5604 ﬁdei,
2649 5551 2758 5594 nec
2816 5535 3136 5590 Christianae
3211 5533 3562 5590 contrarium

1929 5633 2013 5682 est
2063 5625 2197 5699 legi,
2250 5625 2296 5680 si
2354 5626 2422 5680 ad
2479 5626 2747 5682 honorem
2811 5623 2966 5700 regni
3020 5632 3076 5679 et
3127 5621 3423 5679 sacerdotii
3463 5636 3557 5675 rex

1932 5717 2180 5789 pontiﬁci
2229 5726 2284 5773 et
2339 5717 2587 5788 pontifex
2628 5715 2855 5773 obediat
2907 5715 3042 5791 regi.
3089 5715 3176 5771 lsti
3235 5721 3364 5772 sunt
3409 5712 3557 5769 enim
