3912 6044
398 191 534 248 1007

1407 188 1770 244 BERENGOSI
1814 189 2091 245 ABBATIS
2132 191 2185 246 S.
2230 192 2466 247 MAXIM!
2507 193 2765 248 TREVIR.

3587 195 3732 251 1008

397 325 490 393 (illi
545 339 608 376 θ’(
654 321 895 392 antiqua:
951 320 1252 374 (Ῐίνίηίίδίίδ
1324 320 1741 391 dispensatione
1800 321 2014 389 bifaria,
2040 331 2093 397 A
2119 328 2511 386 ecclesiasticis
2540 329 2704 382 rebus
2736 343 2800 382 ac
2828 327 3146 395 mundanis,
3179 328 3408 384 eosdem
3431 337 3731 383 exerceant

398 415 452 470 in
481 414 825 469 firmamento
853 412 1302 483 Ecclesiw,quasi
1337 413 1446 468 duo
1481 430 1676 485 magna
1702 429 2013 470 convenere

395 506 707 570 luminaria,
737 513 1030 576 quatenus,
1063 505 1115 558 in
1150 505 1234 559 his
1259 521 1380 576 quae
1396 515 1524 560 sunt
1545 507 1732 561 saeculi
1755 516 1810 560 et
1842 507 1897 560 in
1932 507 2015 560 his

395 613 517 669 qua:
551 597 663 663 Dei,
696 597 967 650 luminare
1011 596 1196 650 minus
1233 597 1400 662 nocti,
1435 605 1490 652 et
1521 599 1794 652 luminare
1835 599 2013 666 majus

395 693 596 748 debeat
623 707 865 762 praeesse
898 692 1030 745 diei.
1065 692 1123 745 Et
1154 707 1264 746 non
1289 692 1585 757 immerito,
1615 693 1764 764 quod
1791 692 2012 748 duobus

396 781 504 836 illis
559 779 922 835 luminaribus
977 785 1236 850 poterunt
1265 781 1571 851 comparari
1623 797 1744 852 quae
1795 783 2011 836 caeteris

395 873 671 928 sideribus
700 871 876 943 magis
904 871 1160 925 videntur
1191 871 1524 942 principari;
1578 872 1728 943 quia,
1767 873 1908 927 sicut
1957 872 2011 925 in

397 966 740 1020 ﬁrmamento
762 964 886 1020 caeli
919 965 1125 1018 eisdem
1163 964 1528 1018 luminaribus
1554 965 1704 1019 nulla
1732 966 2010 1019 stellarum

397 1067 647 1112 creatura
676 1057 921 1111 claritate
961 1056 1181 1110 videtur
1204 1055 1458 1120 eximior,
1485 1055 1565 1109 sic
1589 1055 1644 1109 in
1669 1055 2015 1111 ﬁrmamento

397 1149 673 1214 Ecclesim,
716 1149 931 1203 duabus
972 1147 1056 1201 his
1108 1147 1366 1217 personis
1409 1147 1603 1202 ordine
1645 1155 1698 1201 et
1746 1147 2013 1220 dignitate

399 1239 548 1293 nulla
580 1248 762 1309 potest
787 1253 907 1292 esse
955 1236 1263 1291 sublimior.
1332 1236 1483 1290 Unde
1543 1243 1598 1290 et
1644 1235 1846 1291 factum
1877 1235 2011 1290 illud

398 1331 480 1386 eis
518 1346 628 1386 non
656 1331 959 1402 incongrue
1012 1329 1232 1383 videtur
1256 1327 1575 1390 convenire,
1604 1327 1752 1398 quod
1798 1327 2012 1396 Moyses

397 1417 810 1473 tabernaculum
870 1416 1081 1471 Domini
1139 1414 1336 1470 crebro
1392 1415 1597 1470 intrare
1688 1416 1901 1470 solebat
1957 1422 2012 1469 et

397 1509 570 1571 exire,
603 1514 661 1561 ut
703 1520 800 1574 pro
829 1503 1259 1559 demonstrando
1291 1504 1586 1559 sacerdotii
1623 1511 1676 1558 et
1730 1505 1885 1577 regni
1919 1504 2012 1558 ad-

397 1601 635 1656 mirabili
656 1601 944 1664 coitu,hoc
968 1600 1024 1652 in
1051 1600 1172 1654 loco
1203 1615 1432 1672 regnum
1456 1599 1511 1652 in
1544 1599 1713 1665 exitu,
1748 1609 1802 1654 et
1827 1615 2012 1654 sacer-

397 1694 607 1749 dotium
636 1692 906 1747 sentiatur
949 1691 1004 1744 in
1037 1690 1286 1746 introitu.
1321 1692 1452 1745 Dum
1495 1691 1643 1746 enim
1695 1707 1838 1745 unus
1867 1691 2009 1746 bene
2039 1656 2088 1723 Β

315 1823 320 1826 -
396 1783 620 1840 vivendi
646 1782 958 1851 exemplum
989 1781 1111 1835 aliis
1144 1781 1294 1836 intus
1323 1781 1550 1851 praebet,
1579 1781 1720 1835 alius
1751 1796 1881 1835 vero
1913 1795 2010 1851 pro

397 1871 763 1943 disponendis
793 1869 1185 1924 infirmantium
1217 1870 1399 1924 causis
1444 1869 1576 1925 foris
1605 1871 1786 1936 sedet,
1820 1871 2010 1941 procul

399 1961 566 2016 dubio
611 1977 773 2022 unus,
831 1960 985 2031 quasi
1043 1975 1164 2013 cum
1222 1958 1406 2030 Moyse
1464 1959 1532 2012 ad
1590 1959 2008 2014 tabernaculum

399 2051 601 2117 redire,
642 2051 780 2104 alius
800 2064 932 2105 vero
953 2064 1077 2104 cum
1109 2063 1176 2103 eo
1202 2048 1347 2103 foras
1374 2048 1594 2104 videtur
1623 2049 1771 2104 exire
1796 2067 1810 2113 ;
1873 2050 2016 2104 sicut

396 2157 541 2196 unus
570 2139 828 2194 virtutum
857 2138 1058 2208 pennis
1087 2147 1298 2191 surSUm
1331 2137 1599 2202 elevatur,
1633 2146 1693 2191 ut
1738 2137 2013 2201 columba,

397 2233 527 2288 dum
578 2248 676 2304 pro
717 2231 945 2286 secretis
1003 2229 1320 2284 caelestibus
1379 2229 1448 2283 de
1497 2229 1620 2282 imis
1679 2229 1907 2284 recurrit
1945 2229 2012 2282 ad

395 2341 638 2392 summa;
671 2325 750 2379 sic
776 2323 917 2378 alius
949 2337 1047 2393 pro
1089 2321 1442 2376 resarcienda
1473 2321 1767 2375 mundanae
1801 2320 2014 2374 dissen-

393 2421 568 2476 sionis
597 2437 659 2474 ac
685 2419 976 2474 discordia:
1004 2418 1162 2483 rima,
1194 2418 1264 2472 de
1285 2417 1518 2471 summis
1535 2432 1757 2486 semper
1779 2415 2013 2469 descen-

395 2526 558 2565 surus
587 2517 672 2564 est
691 2509 760 2563 ad
794 2509 922 2562 ima.
953 2507 1131 2573 Unde,
1160 2513 1220 2560 ut
1239 2505 1307 2559 ad
1334 2505 1647 2576 exemplum
1675 2503 1845 2573 Moysi
1868 2519 2010 2556 unus

396 2618 492 2673 pro
522 2601 848 2657 ordinandis
886 2598 1245 2654 interioribus
1275 2598 1426 2652 intus
1469 2597 1537 2650 ad
1589 2595 2007 2651 tabernaculum

393 2696 582 2750 redeat
610 2695 750 2749 alius
778 2709 911 2749 vero
941 2708 1040 2765 pro
1087 2691 1452 2763 disponendis
1477 2689 1846 2745 exterioribus
1879 2687 2014 2743 foris

392 2802 516 2843 cum
556 2803 622 2843 eo
641 2789 807 2862 digne
839 2786 1049 2851 sedeat,
1083 2800 1310 2839 necesse
1345 2791 1451 2849 est,
1493 2791 1554 2838 ut
1589 2788 1792 2836 mutuae
1833 2780 2016 2835 chari-

389 2879 516 2933 tatis
549 2878 732 2934 ofﬁcio
775 2879 912 2932 alter
972 2876 1203 2931 alterum
1234 2875 1313 2928 sic
1340 2873 1582 2941 adjuvet,
1624 2880 1679 2926 et
1722 2871 1778 2924 in
1820 2868 2014 2924 Christi

387 2971 590 3027 virtute
624 2967 940 3031 conﬁrmet,
969 2976 1029 3021 ut
1065 2981 1208 3020 unus
1237 2963 1545 3035 spiritualia
1584 2962 1732 3016 intus
1771 2961 2015 3018 ordinet,

389 3063 530 3122 alius
553 3077 684 3117 vero
716 3060 852 3115 foris
888 3074 1028 3114 onus
1063 3055 1365 3112 carnalium
1385 3061 1584 3126 portet.
1614 3052 1819 3108 Taliter
1839 3052 2004 3127 igitur

392 3161 539 3214 inter
571 3173 629 3212 se
673 3171 865 3226 pacem
902 3153 1105 3207 habere
1146 3158 1329 3221 potest
1367 3166 1598 3223 regnum
1642 3157 1696 3203 et
1747 3147 2008 3202 sacerdo-

386 3250 544 3316 tium,
568 3249 612 3303 si
645 3247 754 3301 duo
773 3246 828 3300 hi
861 3244 1029 3317 digne
1061 3242 1608 3297 voluerintexercere
1635 3255 1794 3294 suum
1827 3252 2003 3310 nego-

387 3339 547 3404 tium,
607 3336 842 3391 maxime
879 3349 1006 3389 cum
1049 3332 1106 3385 in
1164 3330 1407 3386 Ecclesia
1459 3329 1553 3384 Dei
1593 3344 1813 3384 causam
1866 3327 2008 3380 hanc

385 3429 634 3502 quotidie
686 3426 903 3482 valeant
971 3423 1221 3478 invenire
1263 3437 1362 3492 pro
1421 3436 1530 3492 qua
1585 3418 2000 3474 tabernaculum

387 3520 644 3578 Ecclesia;
672 3535 816 3575 unus
861 3518 1088 3583 intrare,
1129 3528 1184 3570 et
1227 3514 1366 3569 alius
1405 3513 1574 3588 digne
1626 3519 1802 3584 possut
1833 3510 2002 3565 exire.

461 3615 728 3668 Praeterea
784 3625 916 3665 vero
955 3607 1283 3663 intuendum
1336 3612 1419 3659 est
1467 3604 1648 3670 nobis,
1689 3602 1836 3674 quod
1876 3601 2006 3655 huic

387 3703 643 3776 mysterio
676 3699 989 3756 convivium
1027 3697 1162 3750 illud
1195 3695 1323 3750 olim
1356 3694 1501 3748 bene
1545 3691 1920 3757 concordavit,
1945 3691 2002 3744 in

386 3811 495 3867 quo
555 3792 718 3846 Maria
769 3790 934 3853 sedit,
997 3794 1050 3841 et
1089 3787 1296 3840 Martha
1335 3784 1684 3848 ministravit,
1741 3783 2000 3853 quoniam

384 3885 525 3940 sicut
550 3900 613 3936 ex
635 3881 818 3937 verbis
848 3877 1183 3949 evangelicis
1210 3877 1353 3930 bene
1386 3882 1636 3946 apparet,
1662 3873 1829 3927 Maria
1857 3873 1995 3926 male

385 3975 721 4036 comederet,
752 3971 928 4024 sinon
952 3968 1160 4022 Martha
1189 3967 1549 4021 ministraret.
1584 3965 1881 4020 Sciendum
1912 3970 1997 4018 est

385 4079 642 4134 namque,
677 4059 806 4130 quia
839 4074 934 4128 pro
977 4056 1146 4110 habili
1176 4055 1392 4120 ordine,
1429 4061 1482 4107 et
1515 4052 1868 4108 convenienti
1907 4068 1994 4106 ra-

387 4156 557 4220 tione,
609 4151 822 4207 duabus
850 4150 959 4203 illis
997 4147 1251 4219 personis
1281 4147 1406 4201 dua:
1444 4147 1560 4201 istae
1592 4153 1824 4216 possunt
1847 4159 1998 4198 com-

387 4244 564 4316 parari
601 4256 872 4314 personae,
907 4238 1169 4309 quoniam
1212 4237 1266 4290 in
1300 4235 1544 4290 Ecclesia
1586 4235 1679 4290 Dei
1713 4233 1996 4306 negotium

385 4334 520 4390 illud
546 4331 749 4386 habent
779 4329 836 4383 in
869 4326 1182 4382 nutriendis
1217 4325 1564 4395 corporibus,
1587 4332 1641 4378 et
1661 4321 2001 4377 illustrandis

2115 437 2317 487 mores,
2351 435 2491 492 quos
2513 420 2567 474 in
2601 419 2766 475 domo
2795 419 3077 485 Pharisaei,
3127 419 3408 490 quondam
3447 420 3571 473 duae
3611 419 3732 473 istae

2115 531 2434 587 expressere
2489 529 2724 570 sorores.
2777 514 2932 568 Sicut
2977 514 3126 568 enim
3171 513 3376 567 Martha
3422 513 3566 567 circa
3629 512 3736 565 fre-

2116 625 2294 681 quens
2313 607 2682 662 ministerium
2714 605 3016 680 satagebat,
3033 605 3201 660 Maria
3225 621 3354 660 vero
3375 620 3536 659 secus
3557 604 3733 674 pedes

2113 699 2328 757 Domini
2367 698 2596 756 verbum
2621 698 2768 753 illius
2794 698 2982 754 audire
3010 699 3252 761 solebat;
3285 697 3360 750 ita
3407 713 3505 768 pro
3538 696 3734 766 dispo-

2114 792 2297 846 nendo
2329 789 2714 846 ecclesiasticae
2743 804 2808 842 ac
2844 788 3142 842 mundanae
3176 787 3462 859 dignitatis
3495 786 3736 844 honore.

2115 899 2260 938 unus
2289 897 2478 938 eorum
2510 881 2614 935 erit
2642 880 2695 934 in
2718 879 2929 952 requie,
2956 889 3012 934 et
3037 880 3178 934 alius
3211 879 3262 932 in
3283 879 3490 933 labore.
3527 877 3636 931 Sed
3670 892 3738 929 ne

2115 976 2255 1032 alius
2315 975 2478 1029 alium
2515 973 2788 1044 relinquat
2820 972 2997 1027 solum
3031 971 3364 1032 ministrare,
3418 985 3731 1042 congruum

2116 1078 2218 1128 eSI,
2267 1071 2326 1119 ut
2372 1065 2510 1118 alter
2554 1063 2784 1117 alterum
2834 1063 2890 1115 in
2955 1059 3166 1114 Christo
3209 1059 3473 1112 charilate
3511 1073 3741 1127 semper

2116 1156 2318 1212 debeat
2348 1155 2628 1224 adjuvare,
2679 1167 2747 1206 ne
2789 1151 2928 1206 alter
2975 1165 3074 1221 pro
3126 1149 3298 1203 altero
3350 1147 3737 1219 evangelicum

2117 1245 2252 1300 illud
2284 1245 2393 1298 Deo
2422 1243 2658 1297 inaniter
2684 1242 2910 1296 clamet:
2947 1243 3044 1297 Dic
3089 1255 3213 1308 ergo
3245 1241 3330 1293 illi
3357 1245 3414 1293 ut
3453 1254 3533 1292 me
3572 1239 3741 1306 adju-

2111 1344 2197 1391 vet
2234 1338 2376 1391 Luc.
2419 1338 2493 1402 κ).
2541 1333 2797 1399 Quamvis
2842 1332 2988 1387 enim
3023 1333 3076 1385 in
3133 1332 3214 1384 eis
3255 1331 3398 1384 dona
3457 1328 3735 1395 cmlestia,

2113 1444 2222 1483 non
2255 1433 2384 1481 sunt
2426 1425 2678 1496 aequalia,
2712 1439 3015 1496 congruum
3052 1431 3234 1477 tamen
3295 1430 3378 1476 est
3409 1431 3466 1474 ut
3492 1421 3634 1474 alter
3664 1422 3741 1473 al-

2117 1517 2218 1574 teri
2249 1532 2349 1571 sua
2397 1515 2636 1570 semim-t
2686 1513 2950 1573 carnalia.
3001 1521 3059 1567 ut
3105 1520 3310 1566 metere
3356 1511 3525 1582 possit
3559 1511 3740 1582 ipsius

2110 1607 2435 1680 spiritualia.
2468 1606 2620 1661 Unde
2647 1613 2704 1660 ut
2736 1605 2802 1659 ad
2852 1604 3105 1658 eumdem
3168 1603 3386 1658 modum
3447 1603 3616 1656 homo
3665 1601 3738 1653 ab

2113 1695 2358 1762 homine,
2391 1703 2446 1750 et
2473 1711 2599 1766 pars
2625 1693 2948 1748 relevetura
2977 1699 3155 1761 parte,
3187 1706 3295 1761 quo
3316 1691 3534 1760 requies
3551 1690 3734 1742 Maria}

2112 1791 2416 1846 ministerio
2471 1789 2750 1862 quondam
2807 1787 3044 1842 relevata
3075 1795 3160 1840 est
3217 1786 3460 1851 Marthae,
3496 1786 3728 1854 dignum

2113 1889 2196 1938 est
2221 1889 2280 1936 ut
2310 1881 2364 1935 in
2394 1879 2666 1935 currenda
2698 1879 2861 1952 regia:
2887 1892 2951 1931 ac
2995 1875 3357 1930 sacerdotalis
3383 1874 3615 1944 justitiae
3645 1874 3736 1926 via

2113 1971 2256 2026 alius
2280 1970 2503 2035 Martha,
2535 1967 2742 2022 etalter
2765 1965 2920 2020 alteri
2942 1964 3014 2018 sit
3046 1963 3228 2017 Maria.

2190 2061 2322 2115 Ecce
2365 2057 2562 2113 rationi
2597 2057 2723 2111 huic
2754 2062 2809 2109 et
2831 2054 2930 2108 illa
2951 2054 3249 2109 convenire
3288 2053 3503 2106 videtur
3531 2053 3735 2111 oratio.

2117 2151 2170 2204 in
2195 2165 2304 2220 qua
2334 2147 2528 2220 legalis
2565 2143 2822 2200 sacriﬁcii
2855 2142 3061 2214 duplex
3111 2142 3272 2196 nobis
3320 2142 3739 2195 demonstratur

2115 2239 2342 2304 oblatio,
2377 2237 2468 2292 ubi
2502 2236 2712 2306 Moyses
2743 2233 2949 2304 populo
2983 2231 3615 2286 lsraelobservationem
3641 2231 3735 2284 in-

2114 2331 2344 2387 veniens
2375 2344 2616 2384 sacram:
2651 2326 2874 2395 O/ferat,
2905 2325 3106 2395 inquit,
3138 2338 3344 2391 agnam
3369 2323 3434 2376 de
3464 2324 3737 2391 gregibus,

2113 2430 2224 2482 sive
2243 2441 2483 2496 capram.
2521 2426 2581 2481 Si
2610 2430 2784 2478 autem
2810 2438 2915 2476 non
2936 2422 3176 2490 potuerit
3203 2419 3400 2488 offerre
3424 2434 3579 2488 pecus
3613 2421 3734 2489 (Le-

2112 2523 2210 2574 uit.
2266 2520 2339 2588 v),
2386 2534 2484 2588 per
2507 2517 2654 2588 quod
2717 2529 2860 2570 verre
2891 2514 3226 2569 innocentiae
3279 2512 3554 2583 integrum
3620 2510 3736 2564 Deo

2117 2613 2400 2669 immolare
2467 2612 2644 2666 valeat
2723 2611 2912 2678 decus,
3004 2610 3206 2664 ‘saltem
3285 2625 3381 2679 pro
3463 2611 3738 2663 emenda-

2114 2707 2267 2762 tione
2309 2719 2623 2776 corporum,
2683 2709 2738 2758 et
2771 2701 3087 2773 expiatione
3147 2701 3476 2766 animarum,
3536 2701 3736 2769 offerat

2116 2799 2249 2852 duos
2280 2801 2539 2859 turtures,
2588 2798 2683 2847 aut
2722 2793 2856 2847 duos
2890 2792 3072 2863 pullos
3117 2792 3482 2846 columbarum
3523 2790 3730 2862 (ibid).

2118 2884 2384 2948 Quoniam
2406 2897 2538 2956 ergo
2570 2882 2623 2934 in
2652 2896 2889 2950 persona
2919 2879 3149 2935 Romani
3196 2877 3474 2949 pontificis
3499 2895 3563 2932 ac
3585 2880 3734 2954 regis

2118 2971 2402 3044 proposita
2450 2975 2578 3024 sunt
2610 2969 2769 3024 nobis
2825 2968 2939 3022 haec
2995 2967 3212 3021 diversa
3260 2965 3528 3021 sacriﬁcia
3571 2967 3743 3038 legis,

2110 3065 2337 3138 dignum
2361 3068 2443 3117 est
2486 3068 2546 3116 ut
2585 3077 2683 3132 pro
2727 3058 3066 3115 illustrandis
3123 3057 3369 3113 ﬁdelium
3414 3058 3730 3121 animabus,

2107 3172 2192 3222 ea,
2226 3171 2348 3226 qua:
2379 3153 2555 3224 primo
2592 3151 3006 3222 proposuimus,
3037 3151 3273 3220 primum
3329 3150 3494 3204 etiam
3539 3150 3730 3204 solva-

2107 3265 2247 3304 mus.
2284 3247 2518 3302 Utenim
2554 3247 2610 3300 in
2644 3246 2729 3300 his
2759 3243 2981 3299 duobus
3021 3243 3156 3297 viris
3188 3243 3364 3313 pietas
3401 3244 3629 3314 copiosa
3673 3254 3728 3299 et

2109 3342 2281 3396 virtus
2319 3341 2388 3395 sit
2410 3355 2626 3414 magna,
2659 3337 2854 3410 legalis
2886 3337 3052 3405 hujus
3089 3333 3342 3390 sacriﬁcii
3387 3352 3552 3406 capra
3583 3336 3726 3408 ﬁgu-

2109 3440 2258 3488 ratur
2287 3443 2340 3487 et
2377 3448 2551 3507 agna;
2585 3430 2846 3502 quoniam
2877 3428 3021 3483 sicut
3055 3444 3210 3482 novae
3241 3427 3379 3502 legis
3426 3429 3601 3499 gratia
3641 3437 3725 3483 te~

2107 3527 2295 3588 statur,
2326 3535 2423 3590 per
2451 3535 2646 3591 agnam
2681 3518 2876 3582 activa,
2908 3531 3007 3586 per
3037 3531 3258 3585 capram
3307 3530 3437 3570 vero
3471 3525 3728 3570 contem-

2109 3613 2309 3682 plativa
2360 3611 2470 3666 vita
2522 3609 2790 3682 signatur.
2825 3605 2978 3661 Unde
3030 3621 3141 3660 non
3203 3605 3568 3678 incongruum
3640 3615 3728 3660 est

2107 3702 2254 3772 quod
2276 3701 2512 3772 qualitas
2539 3699 2657 3753 haac
2689 3695 2976 3767 utriusque
3022 3695 3147 3749 vitae
3178 3693 3296 3748 viro
3327 3694 3457 3748 huic
3495 3705 3722 3764 compa-

2105 3797 2254 3845 ratur
2287 3790 2525 3860 utrique,
2577 3787 2708 3858 quia
2761 3785 2862 3840 sub
2904 3783 3153 3852 ejusdem
3211 3798 3368 3856 agnaa
3411 3783 3494 3836 vel
3538 3798 3722 3853 capre

2100 3881 2292 3954 legalis
2315 3878 2743 3952 signiﬁcatione,
2776 3891 2874 3948 pro
2907 3875 3149 3931 Ecclesia
3179 3873 3275 3928 Dei
3321 3889 3466 3928 unus
3493 3890 3722 3944 semper

2097 3971 2200 4026 erit
2227 3971 2280 4024 in
2302 3985 2492 4040 Opere,
2521 3976 2575 4022 et
2596 3968 2737 4022 alius
2765 3967 2821 4020 in
2840 3964 3328 4035 contemplatione.
3361 3962 3557 4017 Verum
3580 3963 3714 4034 q‘uia

2097 4080 2196 4134 per
2225 4079 2422 4138 agnam
2463 4062 2588 4116 vitae
2621 4060 2812 4116 activa
2873 4057 3194 4113 innocentia
3233 4057 3507 4132 signatur,
3542 4059 3713 4130 regali

2099 4169 2348 4223 personae
2381 4167 2491 4206 non
2544 4151 2844 4225 incongrue
2896 4154 3274 4219 comparatur:
3316 4149 3360 4201 si
3414 4155 3599 4202 tamen
3657 4149 3711 4202 in

2100 4246 2264 4300 corde
2295 4259 2394 4299 suo
2426 4241 2796 4298 innocentiam
2826 4241 2973 4295 illam
3003 4239 3206 4293 habeat
3237 4255 3334 4310 per
3355 4240 3585 4314 gratiam
3621 4240 3713 4294 Dei

2103 4335 2172 4391 de
2203 4352 2309 4407 qua
2338 4335 2600 4405 scriptum
2630 4343 2743 4388 est:
2782 4332 3158 4387 Perambulavi
3181 4335 3238 4385 in
3268 4335 3574 4386 innocentia
3598 4348 3718 4386 cor-

385 4425 696 4491 animﬂbusi
731 4419 878 4494 (μιοά
923 4420 1085 4474 ηοδίδ
1121 4419 1251 4473 Olim
1282 4417 1693 4489 Ρτξθίίὲυτδιυπι
1716 4423 1798 4470 εει
1826 4415 1881 4468 in
1914 4413 1997 4466 his
2029 4385 2186 4480 Ddis
2345 4385 2505 4492 (Psarl.
2539 4424 2616 4494 c).
2672 4423 2786 4477 Nisi
2818 4423 2964 4476 enim
3008 4437 3106 4492 pro
3153 4420 3386 4476 diversis
3442 4421 3716 4475 erratibus

384 4515 672 4571 sororibus
702 4512 937 4566 duabus.
972 4509 1158 4565 Nostis
1187 4508 1359 4573 enim,
1405 4505 1538 4577 quia
1568 4520 1666 4576 per
1705 4505 1803 4558 has
1857 4504 1996 4558 duas

384 4626 620 4678 sorores,
653 4609 774 4662 dua:
801 4607 924 4662 vitae
957 4611 1088 4659 sunt
1119 4602 1400 4658 moraliter
1427 4616 1730 4672 expressae:
1764 4615 1996 4672 quarum

387 4706 568 4760 adhuc
594 4703 775 4758 unain
804 4717 922 4772 spe,
955 4701 1060 4756 alia
1088 4714 1217 4755 vero
1247 4699 1302 4753 in
1338 4713 1397 4752 re
1422 4697 1533 4766 jam
1590 4697 1750 4753 nobis
1780 4695 1999 4751 videtur

386 4794 628 4852 adesse?
661 4794 731 4848 de
760 4792 966 4865 quibus
1002 4791 1232 4855 scilicet,
1284 4796 1344 4844 ut
1381 4789 1715 4864 evangelicae
1752 4786 1999 4842 veritatis

385 4891 559 4968 gratia
603 4896 849 4955 testatur,
894 4903 1003 4943 una
1073 4885 1271 4943 activa,
1325 4891 1380 4938 et
1414 4883 1520 4937 alia
1570 4881 1998 4953 contemplativa

383 4990 629 5037 vocatur.
671 4978 802 5041 Sed,
855 4983 914 5031 ut
967 4974 1172 5046 duplex
1220 4973 1336 5028 vita
1372 4972 1581 5043 duplici
1622 4971 1886 5025 innitatur
1941 4976 1996 5025 et

384 5071 508 5139 viae,
547 5069 834 5126 sciendum
879 5075 962 5121 est
1010 5063 1160 5136 quod
1199 5061 1379 5117 aetiva
1405 5061 1717 5116 intitulatur
1747 5059 1993 5129 Marthae,

384 5167 441 5215 et
471 5156 900 5228 contemplativa
946 5153 1155 5217 Μαγίδες
1211 5151 1472 5223 quoniam
1534 5150 1662 5205 licet
1699 5165 1809 5204 una
1841 5147 1997 5203 alteri

383 5251 794 5324 praijudicetur,
839 5248 1010 5302 altera
1063 5253 1246 5300 tamen
1291 5243 1444 5299 alteri
1505 5242 1819 5298 necessaria
1875 5255 1999 5296 esse

380 5341 598 5395 videtur
643 5337 796 5392 Unde
814 5335 888 5390 nil
917 5335 1120 5399 obstat,
1150 5333 1195 5386 si
1229 5334 1328 5387 has
1344 5333 1481 5387 duas
1518 5348 1738 5388 sorores
1774 5331 1992 5385 duabus

381 5429 489 5482 illis
527 5426 778 5498 personis
807 5424 972 5498 digna
1019 5420 1382 5477 mltimatione
1409 5436 1738 5491 componam
1791 5419 1886 5491 qui
1937 5421 1990 5474 in

382 5519 622 5572 Ecclesia
645 5518 736 5572 Dei
765 5515 1160 5571 sacerdotalem
1207 5529 1272 5568 ac
1320 5513 1526 5585 regiam
1578 5512 1837 5566 videntur
1865 5527 1995 5582 por-

385 5615 499 5660 tare
532 5622 845 5673 personam,
877 5605 1006 5674 quia
1041 5603 1266 5675 dignum
1319 5609 1402 5656 est
1431 5607 1490 5654 ut
1530 5601 1582 5654 in
1630 5599 1994 5670 disponendis

2099 4530 2193 4569 cor
2220 4530 2380 4570 suum
2398 4513 2477 4568 sic
2508 4512 2850 4568 incessanter
2893 4510 3122 4583 afﬂigat,
3175 4517 3232 4565 ut
3284 4510 3340 4564 in
3395 4510 3714 4566 innocentia

2098 4611 2280 4666 cordis
2300 4609 2384 4664 sui
2416 4609 2525 4664 Deo
2556 4606 2909 4662 laudabiliter
2937 4606 3102 4671 vivat,
3148 4621 3494 4677 nequaquam
3549 4606 3607 4660 in
3645 4621 3712 4662 eo

2099 4701 2421 4773 prophetica
2461 4699 2552 4754 illa
2591 4697 2911 4769 implebitur
2940 4697 3302 4752 sententiain
3341 4713 3452 4769 qua
3490 4697 3707 4754 dicitur.

2098 4792 2217 4846 Non
2253 4788 2494 4859 privabit
2539 4787 2690 4841 bonis
2719 4802 2802 4841 eos
2832 4788 2932 4856 qui
2977 4786 3257 4840 ambulant
3295 4789 3352 4840 in
3406 4789 3714 4843 innocentia

2097 4879 2260 4944 (Psal.
2319 4875 2559 4944 Lxxxm).
2602 4874 2658 4929 Si
2689 4882 2869 4930 autem
2911 4875 3079 4930 corda
3118 4874 3386 4928 malorum
3442 4875 3710 4931 materiali

2096 4969 2281 5043 gladio
2307 4967 2511 5022 divinis
2540 4967 2918 5040 subjugaverit
2945 4965 3185 5040 legibus,
3213 4980 3322 5019 non
3344 4966 3457 5034 jam
3490 4983 3708 5037 capram

2097 5058 2192 5113 sed
2225 5073 2420 5132 agnam
2461 5055 2656 5112 oﬂerre
2713 5055 2935 5110 videtur
2963 5055 3032 5109 de
3062 5055 3344 5129 gregibus,
3391 5055 3712 5128 signiﬁcans

2099 5145 2355 5200 videlicet
2381 5147 2530 5216 quod
2573 5145 2719 5201 inter
2757 5145 2896 5198 duas
2933 5151 3112 5198 sortes
3139 5150 3195 5198 ct
3223 5143 3363 5198 duas
3405 5144 3546 5199 vitas
3596 5146 3710 5200 ele-

2103 5244 2312 5291 ctorum
2344 5235 2519 5290 activa
2557 5235 2670 5289 vita
2706 5235 3004 5289 multorum
3037 5242 3141 5299 est,
3187 5241 3243 5288 et
3283 5234 3710 5304 contemplativa

2100 5341 2421 5400 paucorum.

2167 5417 2357 5491 Igitur,
2391 5415 2521 5488 quia
2552 5415 2711 5488 legali
2752 5431 2906 5488 agnae
2940 5429 3173 5486 persona
3209 5414 3402 5490 legalis
3434 5431 3579 5472 nunc
3623 5425 3708 5473 est

2095 5515 2409 5580 comparata
2434 5508 2735 5574 moraliter,
2783 5514 2950 5563 restat
2995 5515 3054 5562 ut
3083 5523 3249 5578 capra
3281 5507 3475 5583 legalis
3511 5509 3708 5565 Roma-

2095 5617 2166 5657 no
2182 5599 2427 5672 pontiﬁci
2441 5607 2796 5671 comparetur
2820 5599 3289 5671 aequaliter.Sicut
3317 5601 3706 5666 enim,secun-
