3920 6054
183 345 329 404 1009

1251 343 1374 400 LIB.
1418 345 1501 402 DE
1538 346 1869 404 MYSTERIO
1908 345 2088 402 LlGNl
2127 346 2446 402 DOMlNlCl.

3377 347 3516 403 1010

178 474 313 530 dum
337 473 588 531 altiorem
620 473 1043 546 intelligentiam
1083 473 1246 549 legis,
1276 490 1418 548 agna
1443 474 1636 548 legalis
1665 491 1796 547 per-
1823 480 1873 546 Α
1899 475 2131 531 turibus.
2169 477 2401 545 lnsuper
2426 473 2592 529 etiam
2641 472 3048 528 enucleandum
3096 479 3182 528 est
3231 473 3392 530 nobis
3447 490 3514 530 ex

175 577 373 618 sonam
401 561 657 632 exprimit
689 560 857 635 regis,
887 561 969 617 sic
997 578 1163 634 capra
1193 579 1295 634 per
1318 579 1482 634 quam
1529 562 1798 638 ﬁguratur

179 667 398 707 summa
425 649 554 706 ﬁdei
581 652 886 717 catholicae,
920 667 1032 707 non
1071 652 1350 709 immerito
1381 667 1630 724 personae
1660 653 1798 708 assi-

182 743 409 799 milatur
427 743 762 815 apostolicae.
790 744 928 799 Dum
948 744 1098 799 enim
1129 745 1467 816 apostolicus
1493 745 1604 800 ima
1635 746 1799 800 dese-

181 833 277 898 rit,
319 840 374 888 et
399 832 660 888 sublimia
679 832 900 904 qumrit,
933 848 1042 889 non
1083 833 1388 910 incongrue
1420 835 1614 909 legalis
1635 835 1799 904 hujus

180 937 364 992 caprae
391 922 633 993 speciem
665 921 834 995 gerit;
880 921 928 978 si
983 929 1167 978 tamen
1185 939 1286 994 per
1313 924 1549 998 gratiam
1599 924 1694 980 Dei
1726 924 1799 980 ita

178 1011 251 1066 de
271 1012 559 1083 praesentis
587 1010 774 1067 saeculi
806 1011 1127 1067 sublevetur
1151 1014 1434 1080 aerumnis,
1465 1020 1528 1068 ut
1553 1014 1704 1070 velut
1740 1013 1798 1068 in

177 1101 454 1172 supremis
465 1100 694 1172 rupibus
703 1101 1197 1172 pendens,pastum
1217 1100 1325 1156 sibi
1348 1108 1560 1174 quaerat
1576 1102 1631 1156 in
1646 1117 1797 1156 sum-

176 1190 300 1246 mis.
335 1190 436 1256 Qui
466 1190 597 1244 dum
627 1189 841 1244 animas
863 1187 1109 1245 ﬁdelium
1134 1190 1425 1262 utriusque
1445 1190 1590 1264 legis
1611 1190 1799 1246 uberi-

175 1283 284 1338 bus
314 1284 502 1351 lactat,
527 1298 749 1354 capram
779 1283 971 1354 procul
1002 1282 1170 1339 dubio
1203 1283 1259 1338 in
1299 1283 1632 1339 sacriﬁcium
1661 1298 1796 1340 con-

177 1375 646 1440 ditionismactat;
681 1374 729 1429 si
751 1384 956 1442 tamen,
983 1375 1112 1429 inde
1144 1375 1354 1430 tumido
1382 1375 1659 1446 superbiae
1688 1389 1797 1430 non

175 1468 354 1522 elatus
400 1465 564 1532 fastu,
603 1467 848 1538 seipsum
878 1467 1032 1537 prius
1078 1465 1310 1522 internae
1351 1467 1799 1540 compunctionis

179 1559 464 1615 satiaverit
495 1567 674 1630 pastu.
715 1559 770 1614 Si
799 1566 979 1614 autem
1015 1573 1114 1630 pro
1144 1559 1453 1616 sublimiori
1483 1576 1610 1616 esca
1639 1562 1794 1617 duri-

181 1651 312 1707 tiam
341 1651 526 1706 cordis
547 1649 686 1706 lacte
707 1649 988 1705 charitatis
1013 1649 1245 1716 emollit,
1279 1657 1412 1706 tunc
1441 1652 1601 1722 quasi
1633 1669 1798 1724 capra

179 1740 352 1816 digne
392 1739 563 1810 pedes
591 1739 773 1810 erigit,
801 1747 856 1792 et
885 1746 1050 1808 caput
1076 1738 1311 1806 extollit,
1341 1739 1600 1811 quoniam
1633 1741 1797 1796 inno-

177 1831 378 1888 centiae
419 1839 601 1902 pastu,
660 1845 785 1884 cum
831 1829 942 1884 illis
991 1829 1144 1900 cupit
1181 1829 1544 1900 spiritualiter
1581 1829 1689 1886 frui
1727 1831 1798 1886 de

177 1920 385 1993 quibus
409 1919 673 1990 scripturn
702 1926 814 1973 est:
851 1921 1009 1974 Pavit
1045 1933 1130 1974 eos
1178 1918 1235 1973 in
1270 1921 1580 1975 innocentia
1623 1919 1799 1976 cordis

171 2015 263 2066 sui
282 2011 449 2081 (Psal.
483 2015 702 2078 Lxxvn).

251 2104 410 2172 Ecce,
442 2104 586 2160 sicut
610 2104 666 2158 in
691 2119 929 2176 persona
960 2105 1240 2176 pontiﬁcis
1277 2115 1333 2162 et
1363 2105 1508 2180 regis
1536 2105 1789 2179 quaedam

173 2211 206 2250 a
239 2196 403 2252 nobis
427 2203 557 2252 sunt
593 2195 740 2252 dicta
795 2195 1070 2268 privatim,
1119 2197 1192 2252 ita
1231 2198 1300 2252 de
1349 2198 1638 2269 utriusque
1689 2197 1788 2252 viri

175 2293 360 2349 adhuc
389 2293 497 2348 alia
523 2299 652 2348 sunt
687 2292 927 2348 dicenda
958 2293 1309 2360 summatim;
1351 2300 1624 2367 quatenus
1653 2293 1795 2348 alter

175 2385 336 2442 alteri
365 2399 432 2440 eo
471 2383 744 2439 curiosius
799 2385 1021 2440 studeat
1072 2384 1362 2452 inbmrere,
1404 2400 1515 2457 quo
1557 2385 1797 2441 Ecclesia

1899 563 2258 620 interioribus
2300 563 2704 635 Scripturarum
2745 563 3026 628 medullis,
3071 563 3307 635 qualiter
3344 563 3511 618 iidem

1897 655 1998 711 viri
2055 654 2272 712 duobus
2321 655 2701 711 columbarum
2763 655 3088 727 coaequandi
3157 664 3284 710 sunt
3323 655 3511 726 pullis,

1899 753 2175 816 quatenus
2194 743 2657 816 uterquelaatetur
2676 744 2734 799 in
2759 745 2870 800 Deo
2887 745 3111 799 salutari
3138 759 3261 811 suo,
3283 743 3513 815 sidigne

1900 834 2009 888 sibi
2037 834 2221 890 duobi
2249 841 2509 900 turtures,
2541 840 2634 888 aut
2655 834 2790 905 pulli
2815 834 3146 889 conveniant
3174 832 3513 888 duo.Scien-

1899 925 2029 980 dum
2055 930 2140 980 est
2158 924 2363 996 quippe
2376 923 2524 996 quod
2543 939 2642 994 per
2654 923 2966 978 columbam
2988 931 3323 979 acturturem
3336 938 3514 978 sacer-

1899 1013 2100 1069 dotalis
2116 1029 2180 1068 ac
2201 1013 2366 1088 regiae
2385 1011 2673 1086 dignitatis
2694 1011 2896 1084 duplex
2922 1013 3184 1087 ﬁguratur
3202 1012 3508 1088 negotium.

1899 1105 2029 1160 dum
2045 1105 2100 1159 in
2113 1103 2709 1178 columbaintelligitur
2720 1112 3033 1176 regnum,et
3046 1105 3097 1158 in
3112 1112 3323 1160 turture
3336 1121 3514 1159 sacer-

1899 1195 2130 1251 dotium.
2175 1195 2275 1250 Per
2299 1193 2612 1250 columbam
2646 1210 2906 1266 namque,
2953 1212 3074 1266 quae
3112 1197 3255 1250 solet
3283 1194 3511 1250 volitare

1899 1285 2188 1359 gregatim,
2220 1300 2454 1355 persona
2481 1285 2680 1358 regalis
2707 1301 2818 1340 non
2839 1285 3144 1358 incongrue
3163 1291 3344 1356 potest
3370 1285 3513 1357 figu-

1901 1374 2006 1430 rari
2045 1373 2381 1440 summatim,
2409 1373 2454 1427 si
2483 1383 2667 1428 tamen
2699 1373 2755 1427 in
2789 1374 2890 1429 hac
2930 1375 3102 1429 activa
3133 1375 3243 1429 vita
3275 1375 3513 1430 societas

1901 1465 1995 1520 illa
2037 1465 2310 1520 bonorum
2362 1464 2470 1517 sibi
2503 1479 2612 1519 non
2645 1463 2898 1518 videatur
2937 1465 3272 1535 importuna,
3306 1467 3374 1520 de
3405 1482 3512 1536 qua

1896 1559 2158 1630 scriptum
2190 1564 2305 1612 est:
2339 1558 2708 1617 Multitudinis
2735 1558 3062 1612 credentium
3091 1565 3206 1613 erat
3231 1575 3325 1612 cor
3349 1576 3512 1612 unum

1897 1655 1947 1706 et
1963 1653 2156 1705 anima
2185 1667 2296 1705 una
2319 1651 2462 1720 (Act.
2501 1666 2552 1703 IV
2583 1693 2594 1704 .
2640 1651 2699 1703 In
2733 1656 2943 1703 turture
2973 1656 3175 1712 autem,
3219 1667 3339 1720 qua!
3367 1662 3513 1705 amat

1829 1781 1875 1848 Β
1899 1741 2357 1812 singularitatem,
2381 1741 2739 1795 sacerdotalis
2759 1755 3010 1810 personae
3037 1740 3304 1794 debemus
3333 1740 3512 1794 admi-

1937 1847 1947 1848 κ
1995 1831 2005 1840 -
2412 1828 2450 1848 ,ε
2500 1836 2677 1848 .-μη
2730 1844 2840 1848 ---μ
3125 1828 3212 1848 ε..-
3244 1827 3480 1848 ,,,ιε.,,ε,

1903 1831 2010 1886 rari
2042 1829 2385 1904 dignitatem,
2409 1828 2454 1882 si
2499 1836 2685 1882 tamen
2723 1844 2846 1883 cum
2873 1844 3093 1898 passere
3125 1828 3218 1882 illo
3240 1827 3508 1893 solitario,

1901 1917 2343 1989 contemplativa:
2374 1917 2497 1973 vitae
2558 1917 2906 1972 dulcedinem
2949 1917 3116 1972 corde
3148 1927 3512 1988 prosequatur

1900 2007 2170 2080 perfecto,
2223 2007 2294 2062 de
2329 2023 2438 2078 quo
2495 2005 2759 2078 scriptum
2810 2013 2921 2061 est:
2967 2009 3162 2060 Factus
3199 2021 3318 2060 sum
3371 2008 3508 2060 sicut

1887 2116 2082 2173 passer
2129 2101 2414 2156 solitarius
2462 2101 2525 2154 in
2577 2104 2706 2154 tecto
2727 2099 2892 2165 (Psal.
2950 2101 3041 2165 cr).
3075 2098 3182 2152 Sed
3214 2097 3345 2168 quia
3384 2106 3504 2152 tur-

1893 2203 2045 2250 tures
2102 2202 2157 2248 et
2199 2191 2470 2248 columbae
2529 2190 2766 2262 duplicis
2836 2189 3178 2261 poenitentiae
3236 2189 3502 2261 gemitum

1897 2284 2125 2343 habent.
2155 2297 2266 2338 non
2296 2282 2600 2356 incongrue
2641 2279 2854 2336 duabus
2884 2280 2971 2334 his
2998 2279 3254 2350 personis
3283 2277 3503 2332 assimi-

1895 2374 1994 2429 lari
2043 2373 2258 2441 valent;
2315 2373 2362 2428 si
2389 2382 2574 2428 tamen
2625 2387 2749 2426 cum
2808 2371 2918 2424 Axa
2969 2368 3084 2424 filia
3141 2368 3341 2438 Caleph
3405 2382 3502 2437 pro

178 2477 272 2532 Dei
309 2475 448 2531 alter
485 2476 658 2530 altero
695 2474 846 2530 nulla
877 2475 1042 2531 debet
1076 2476 1286 2532 ratione
1315 2492 1526 2532 carere.
1564 2476 1793 2548 [lignum

1899 2463 2116 2519 duobus
2146 2463 2654 2538 irriguisduplicem
2680 2461 2828 2516 hunc
2855 2459 3119 2534 gemitum
3155 2457 3411 2524 habeant,
3443 2466 3505 2511 ut

175 2567 387 2638 quippe
417 2571 502 2620 est
543 2570 622 2630 ut,
662 2563 806 2620 sicut
844 2563 900 2618 in
931 2562 1206 2620 sacriﬁcio
1247 2564 1578 2632 Conditoris,
1629 2581 1793 2636 capra

1895 2563 1950 2611 et
1978 2563 2203 2627 peccata
2233 2553 2506 2625 praeterita
2534 2551 2796 2617 deﬂeant,
2827 2560 2882 2604 et
2937 2548 3116 2603 futura
3141 2553 3499 2618 praecaveant.

171 2636 376 2726 pariter
406 2652 720 2708 immolatur
745 2659 800 2707 et
828 2668 1001 2727 agna;
1027 2652 1108 2708 sic
1135 2653 1282 2709 inter
1303 2659 1598 2726 utrumque
1653 2653 1792 2710 fides
1892 2645 2044 2700 Sicut
2081 2644 2244 2700 enim‘
2269 2643 2326 2697 in
2364 2643 2584 2698 duobus
2611 2639 2918 2696 turturibus
2969 2646 3064 2692 aut
3112 2637 3278 2727 pullis
3304 2636 3505 2727 duplex

169 2724 382 2818 integra
413 2749 468 2798 et
495 2742 735 2798 charitas
751 2742 824 2798 sit
849 2724 1084 2816 magna;
1117 2743 1402 2816 quoniam,
1443 2724 1650 2800 licetin
1683 2745 1780 2800 Ec-
1890 2734 2002 2788 οθο
2034 2730 2396 2787 deferendum
2438 2737 2521 2784 εει
2551 2744 2774 2796 manus:
2830 2727 3055 2798 quando
3100 2725 3210 2781 (Ῐυο
3248 2724 3383 2818 llum
3421 2739 3507 2798 "el

165 2816 334 2892 clesia
363 2835 454 2890 Dei
480 2835 550 2890 ab
572 2835 805 2891 invicem
830 2836 942 2890 sint
961 2835 1157 2891 ordine
1184 2843 1240 2892 et
1267 2837 1536 2911 dignitate
1567 2838 1782 2911 disjun-

1895 2829 1993 2883 luo
2033 2831 2274 2881 turtures
2323 2821 2649 2889 offeruntur,
2681 2828 2736 2876 et
2786 2837 2897 2877 non
2922 2821 3116 2889 iunus;
3157 2818 3238 2872 sic
3287 2816 3506 2873 insimul

167 2929 262 2993 cti,
300 2927 357 2982 in
386 2941 573 2982 amore
615 2933 799 2982 tamen
827 2927 1138 2982 Divinitatis
1167 2942 1389 2998 semper
1428 2928 1634 2984 debent
1663 2943 1783 2984 esse
1885 2921 1996 2974 ἀυο
2028 2917 2194 2972 iidem
2227 2914 2508 2986 Ρτίιιοίρεε
2537 2923 2692 2969 lem?
2715 2914 2772 2968 ίη
2801 2911 3130 2968 δεονίθοίυῐη
3162 2919 3223 2998 el,
3248 2911 3510 2998 ¹¹ο¹⁰⁰ἒ¹υ·

169 3017 472 3086 conjuncti.
504 3017 657 3072 Sicut
681 3016 829 3071 enim
859 3032 1002 3072 unus
1043 3031 1141 3087 per
1166 2997 1398 3072 activam
1431 3017 1594 3072 vitam
1625 3017 1698 3073 ita
1725 3033 1787 3073 se
1888 3015 2032 3063 stum
2056 3003 2272 3060 Domini
2297 3003 2387 3074 pia
2406 3018 2466 3058 se
2487 3002 2694 3058 debent
2725 3001 3024 3057 devotione
3053 2997 3370 3054 transferre.
3398 2997 3506 3052 Sed

174 3109 394 3166 cunctis
422 3110 561 3165 solet
577 3109 842 3165 exhibere
863 3109 1125 3165 devotum
1157 3115 1216 3164 ut
1235 3125 1334 3180 pro
1363 3124 1554 3165 amore
1587 3108 1789 3166 Condi-

1891 3107 1946 3154 et
1975 3096 2124 3152 aliud
2155 3095 2338 3150 adhuc
2369 3095 2672 3151 notandum
2704 3103 2790 3150 est
2817 3094 2902 3149 his
2931 3091 3242 3148 turturibus
3267 3089 3504 3156 duobus,

171 3198 308 3257 toris
324 3199 700 3256 esurientibus
715 3201 917 3256 tribuat
935 3201 1144 3268 cibum,
1159 3162 1550 3256 etsitientibus
1563 3209 1786 3272 potum;

1895 3186 2038 3258 quod
2068 3199 2175 3240 non
2215 3183 2516 3258 incongrue
2549 3182 2712 3236 etiam
2745 3183 2877 3236 viris
2909 3181 3029 3236 istis
3053 3180 3352 3236 convenire
3375 3195 3506 3250 pos-

171 3291 252 3346 sic
281 3291 422 3348 alius
453 3306 552 3362 per
567 3291 1052 3362 contemplativam
1083 3292 1248 3347 vitam
1279 3291 1420 3346 nihil
1451 3291 1602 3346 aliud
1626 3292 1792 3365 debet

169 3395 450 3445 exercere,
483 3377 590 3434 nisi
622 3385 702 3444 ut,
743 3393 842 3448 pro
881 3379 1090 3434 unitate
1130 3378 1408 3443 Ecclesiae,
1447 3378 1792 3434 orationibus

167 3478 224 3524 et
247 3467 478 3538 jejuniis
506 3465 610 3521 soli
643 3465 753 3521 Deo
781 3465 960 3520 valeat
990 3465 1280 3522 inhaerere.
1315 3467 1371 3522 Si
1404 3467 1554 3522 enim
1588 3467 1792 3522 utrius-

169 3571 278 3627 que
309 3554 365 3608 in
419 3554 529 3608 Deo
577 3552 780 3607 ﬁducia
809 3559 896 3608 est
948 3570 1168 3628 magna,
1225 3570 1335 3610 non
1392 3554 1665 3610 immerito
1712 3553 1794 3608 eis

170 3659 336 3714 capra
365 3649 718 3711 comparatur
747 3649 802 3698 et
829 3657 1004 3716 agna;
1057 3640 1105 3696 si
1134 3657 1266 3697 vero
1309 3643 1365 3697 in
1403 3641 1485 3696 eis
1523 3656 1682 3696 mens
1709 3651 1794 3696 est

173 3735 365 3800 libera,
405 3741 461 3788 et
488 3748 616 3789 caro
669 3734 904 3805 captiva,
956 3749 1066 3790 non
1105 3735 1413 3810 incongrue
1453 3733 1562 3788 illis
1617 3733 1794 3789 activa

167 3827 278 3882 vita
307 3825 581 3880 similatur
609 3835 664 3881 et
696 3826 1138 3898 contemplativa.
1170 3826 1322 3882 Unde
1363 3832 1420 3881 ut
1449 3823 1593 3881 unus
1616 3824 1672 3880 in
1698 3840 1792 3881 oc-

170 3917 459 3974 casionem
475 3934 632 3990 agnae
656 3917 996 3974 materialem
1023 3918 1266 3992 gladium
1284 3917 1584 3974 fortissime
1614 3921 1793 3972 va'eat

176 4012 532 4087 distringere,
567 4013 706 4068 alius
735 4029 866 4070 vero
896 4030 996 4085 pro
1045 4013 1424 4070 immolatione
1472 4028 1652 4084 capra;
1681 4013 1767 4084 spi

178 4101 361 4158 rituali
373 4102 560 4176 gladio
575 4103 961 4173 potentissime
974 4119 1034 4158 se
1047 4103 1221 4175 possit
1233 4103 1548 4177 accingere,
1561 4101 1788 4173 dignum

175 4203 282 4265 est,
332 4204 392 4252 ut
421 4213 519 4268 per
545 4197 904 4254 sacerdotalis
941 4214 1008 4253 ac
1046 4198 1212 4272 regiae
1265 4197 1549 4270 dignitatis
1600 4195 1791 4251 obser-

173 4289 412 4345 vantiam
495 4304 705 4345 sacram
766 4289 822 4344 in
888 4288 1219 4346 sacriﬁcium
1297 4288 1605 4346 Conditoris
1647 4303 1792 4342 unus

175 4375 369 4434 offerat
396 4393 616 4452 agnam,
649 4384 704 4433 et
734 4377 876 4434 alius
904 4393 1146 4450 capram.

1891 3275 1962 3330 sit
2010 3273 2300 3328 ambobus.
2363 3272 2499 3338 Quia
2546 3273 2695 3326 enim
2735 3279 2912 3327 turtur
2949 3270 3157 3324 amisso
3197 3268 3506 3341 conjugalis

1893 3369 2104 3440 copulas
2135 3368 2438 3435 consortio,
2462 3382 2562 3438 pro
2583 3374 2746 3421 cantu
2777 3366 3040 3440 gemitum
3071 3365 3255 3430 habet,
3289 3364 3507 3418 duobus

1893 3457 1980 3512 his
2005 3456 2136 3512 viris
2164 3471 2274 3512 non
2317 3455 2595 3510 immerito
2635 3454 2910 3525 coaequari
2940 3453 3104 3518 valet,
3137 3451 3396 3524 quoniam
3427 3451 3508 3505 di-

1892 3566 2061 3624 gnum
2095 3556 2179 3603 est
2208 3555 2268 3602 ut
2291 3548 2360 3614 si,
2390 3564 2489 3619 per
2519 3545 2742 3618 aliquod
2787 3544 3174 3610 infortunium,
3207 3543 3344 3598 alter
3375 3559 3503 3613 per-

1895 3641 2099 3696 diderit
2122 3641 2377 3706 alterum,
2401 3655 2513 3694 non
2536 3647 2754 3694 cantum
2779 3637 2910 3691 inde
2931 3631 3136 3692 debent
3153 3635 3378 3701 habere,
3407 3635 3504 3690 sed

1893 3733 2180 3808 gemitum.
2213 3731 2365 3786 Scire
2391 3730 2593 3786 etenim
2624 3729 2830 3783 debent
2857 3729 2988 3801 quia
3011 3735 3142 3783 tunc
3178 3742 3307 3782 vere
3339 3726 3393 3780 in
3425 3726 3506 3781 eis

1893 3824 2131 3879 charitas
2186 3823 2278 3878 illa
2307 3832 2577 3890 versatur,
2623 3821 2691 3875 de
2737 3837 2846 3892 qua
2874 3821 3082 3875 dictum
3124 3829 3234 3874 est:
3284 3820 3506 3874 Dilectio

1889 3916 2135 3985 proximi
2161 3914 2365 3968 malum
2394 3928 2504 3967 non
2546 3910 3003 3982 operatur(Rom.
3054 3910 3192 3980 xm),
3240 3909 3284 3964 si
3315 3908 3506 3964 frater-

1893 4024 2023 4063 num
2056 4007 2192 4062 illud
2245 4006 2667 4063 contubernium
2717 4005 2800 4059 eis
2868 4020 3217 4076 nequaquam
3251 4004 3504 4060 videatur

1894 4099 2266 4170 importunum
2299 4098 2369 4152 de
2399 4114 2509 4168 quo
2539 4097 2808 4168 scriptum
2849 4106 2964 4152 est:
3015 4099 3148 4151 Ecce
3197 4111 3363 4166 quam
3403 4095 3502 4150 bo-

1876 4204 2041 4253 num,
2080 4192 2129 4242 et
2184 4204 2348 4257 quam
2371 4187 2677 4256 jucundum
2707 4187 2958 4241 habitare
2998 4187 3200 4252 fratres
3251 4187 3310 4238 in
3337 4199 3505 4238 unum

1894 4277 2062 4346 (Psat.
2095 4277 2315 4345 cxxxn).
2350 4274 2555 4330 Taliter
2585 4274 2748 4345 igitur
2804 4290 2900 4344 pro
2933 4272 3250 4343 expiatione
3306 4287 3504 4342 corpo-

1892 4381 2034 4432 rum,
2066 4372 2120 4419 ct
2142 4363 2489 4435 respectione
2511 4363 2818 4417 animarum
2847 4361 2956 4415 duo
2988 4360 3040 4414 hi
3073 4359 3175 4414 viri
3206 4360 3346 4414 duos
3369 4358 3503 4414 olfe-

249 4465 408 4537 Ergo,
431 4447 576 4520 sicut
595 4464 839 4520 evidenti
873 4447 1082 4522 ratione
1106 4466 1220 4538 jam
1253 4465 1482 4521 relatum
1513 4471 1598 4520 est
1624 4463 1788 4520 nobis

1895 4463 2010 4508 rant
2049 4461 2305 4518 turtures,
2362 4458 2456 4506 aut
2523 4451 2661 4505 duos
2719 4449 2904 4520 pullos
2961 4447 3366 4512 columbarum,
3431 4447 3500 4514 si,

173 4553 410 4624 qualiter
438 4553 494 4606 in
527 4553 611 4607 his
639 4553 858 4608 duobus
881 4553 1014 4610 viris
1043 4570 1186 4630 agna
1211 4561 1450 4624 etcapra
1481 4552 1787 4608 mactanda:

173 4641 350 4697 sintin
373 4639 703 4697 sacrificium
721 4641 1063 4708 Conditoris;
1087 4641 1164 4698 ita
1176 4657 1323 4696 nunc
1337 4640 1686 4696 referendum
1703 4645 1788 4693 est

173 4732 350 4800 vobis,
373 4732 564 4804 paucis
615 4733 869 4788 versibus
921 4741 976 4788 et
1015 4733 1202 4789 verbis
1237 4731 1638 4804 compluribus,
1669 4746 1798 4802 qua.

175 4825 300 4880 liter
337 4824 504 4880 iidem
543 4824 655 4882 duo
700 4825 802 4880 viri
834 4825 1054 4883 duobus
1083 4826 1303 4882 valeant
1340 4823 1650 4896 comparari
1683 4833 1795 4881 tur-

1396 5395 1744 5406 —______—

1889 4545 2056 4600 totius
2085 4543 2306 4599 malitiae
2345 4557 2565 4598 veneno
2622 4557 2654 4595 a
2707 4539 2970 4596 cordibus
3017 4555 3210 4593 eorum
3252 4537 3501 4593 funditus

1887 4637 2176 4704 exhausto,
2215 4651 2338 4690 cum
2380 4635 2523 4688 alter
2575 4631 2802 4688 alterius
2839 4631 3138 4687 destitutus
3170 4637 3251 4685 est
3280 4629 3502 4699 solatio,

1899 4723 2101 4779 luctum
2142 4723 2245 4778 sibi
2280 4723 2484 4778 faciunt
2503 4737 2770 4776 amarum.
