3920 6054
390 232 524 291 1011
1377 215 1741 274 BERENGOSI
1785 214 1938 268 ΑΒΒΑ

2222 208 2434 263 1ΛΧΙΜΙ
2477 206 2738 261 TREVIR.
3600 196 3770 253 1012

397 366 3745 414 W—

1187 535 2128 649 BERENGOSI
2237 526 2939 636 ABBATIS

1598 812 2544 958 SERMONES

1435 1089 1773 1156 (Bibliotheca
1801 1087 2050 1147 Patrum,
2094 1091 2225 1135 tom.
2254 1080 2367 1145 XII,
2401 1094 2526 1152 pag.
2565 1077 2714 1143 376.)

1876 1304 2264 1321 #—

945 1504 1163 1559 SERMO
1185 1502 1455 1559 PRIMUS.
2047 1498 2101 1566 Α
2126 1494 2323 1554 xxv"):
2359 1489 2517 1543 aliter
2547 1502 2666 1551 eos,
2698 1485 2791 1556 qui
2832 1489 3113 1538 mutantur
3154 1482 3214 1536 in
3254 1480 3474 1543 melius,
3521 1480 3592 1533 de
3632 1479 3765 1549 qui—

2128 1586 2229 1639 bus
2255 1580 2593 1636 hiedicitur:
2622 1582 2756 1632 Deus
2778 1576 3028 1644 repulisti
3045 1589 3162 1638 nos,
3188 1578 3237 1626 et
3264 1572 3607 1626 demtnwisti
3639 1586 3764 1623 nos.

912 1696 961 1732 IN
996 1693 1185 1731 NATALI
1214 1690 1521 1730 MARTYRUM-
2131 1679 2255 1733 Illos
2285 1676 2431 1731 enim
2462 1672 2727 1729 destruxit
2758 1672 2823 1724 ad
2858 1670 3097 1734 ruinam,
3131 1683 3242 1723 non
3275 1668 3340 1720 ad
3375 1665 3760 1721 resurrectio-

535 1831 541 1837 .
577 1830 585 1837 .
652 1830 663 1837 .
796 1829 805 1837 .
875 1828 883 1836 .
1098 1829 1132 1837 __
1414 1824 1451 1837 ..
1489 1825 1525 1837 ,.
1677 1826 1688 1837 ,
1730 1822 1743 1837 ,
1810 1825 1821 1837 ,
1882 1836 1886 1837 ν
2132 1786 2295 1836 nem;
2328 1768 2462 1822 istos
2490 1781 2618 1819 vero
2658 1763 2726 1818 ad
2759 1760 3177 1825 correctionem,
3223 1774 3335 1813 non
3373 1758 3442 1812 ad
3475 1756 3764 1828 perditio-

452 1832 507 1883 In
533 1824 1626 1900 itludpsalmiLvm:Deus,repulistinos
1644 1822 2032 1876 etdcstrumisti
2338 1858 2464 1912 mos
2516 1862 2575 1909 ut
2606 1854 2660 1906 in
2708 1851 2908 1905 melius
2954 1865 3064 1904 non
3102 1822 3417 1903 minentur.
3478 1822 3632 1901 istos
3710 1853 3769 1898 ut

1093 1913 1186 1920 ---η
1251 1902 1331 1920 ,η
1557 1899 1576 1911 ο
2264 1901 2276 1912 .
2471 1897 2484 1920 ,
3403 1889 3418 1910 ,
3642 1887 3657 1906 ,

1092 1913 1208 1963 ποθ’
1248 1902 1352 1950 em'
2129 1950 2471 2005 aediﬁcentur
2492 1951 2546 1999 et
2576 1949 2864 1999 sanentur.
2887 1940 3018 1994 Illos
3044 1939 3336 2003 destruxit,
3358 1942 3419 1989 ut
3440 1951 3566 1989 cum
3591 1935 3765 1989 Saulo

487 2050 622 2114 Quia
661 2049 925 2104 Dominus
957 2054 1143 2103 noster
1188 2047 1349 2102 Iesus
1373 2046 1636 2110 Christus,
1676 2044 2025 2098 dilectissimi
2127 2040 2459 2109 dejiciantur
2497 2037 2643 2106 (Act.
2676 2035 2773 2100 ix),
2806 2032 2958 2095 istos,
2996 2035 3052 2082 ut
3074 2042 3197 2081 cum
3233 2023 3435 2078 Davide
3466 2023 3765 2097 erigantur

416 2140 628 2201 fratres,
662 2145 862 2193 nostra:
894 2138 1074 2191 carnis
1109 2134 1354 2206 suscepit
1388 2133 1786 2199 inﬁrmitatem,
1814 2141 1876 2186 ut
1917 2132 2025 2185 ini-
2127 2133 2203 2197 (II
2227 2132 2358 2196 Reg.
2402 2127 2506 2195 ιιι).
2555 2122 2701 2189 Illos,
2742 2128 2801 2176 ut
2854 2135 2975 2174 cum
3038 2130 3205 2170 uxore
3264 2112 3396 2168 Loth
3447 2110 3765 2180 respiciant

416 2231 540 2285 mici
568 2247 597 2284 τι
629 2230 789 2285 nobis
827 2228 1125 2299 expelleret
1166 2232 1517 2296 potestatem,
1549 2223 1867 2293 prephetica
1905 2222 2028 2276 sine
2128 2226 2305 2283 retro;
2360 2217 2496 2270 istos
2533 2219 2593 2267 ut
2653 2210 2721 2264 ad
2776 2203 3161 2279 paenitentiam
3221 2206 3569 2255 revertantur
3631 2214 3762 2253 cum

416 2326 584 2381 dubio
617 2331 844 2380 testatur
899 2294 1095 2386 oratio,
1128 2294 1249 2393 quae
1301 2320 1503 2391 saepius
1547 2320 1688 2372 lecta
1742 2325 1824 2372 est
1880 2318 2025 2386 apud
2129 2315 2309 2369 Petro.
2338 2311 2451 2367 Tali
2476 2309 2683 2381 quippe
2715 2304 2903 2369 modo,
2966 2308 3021 2356 et
3068 2300 3171 2353 hos
3195 2295 3578 2352 sanctissimos
3609 2294 3765 2348 viros

417 2436 534 2480 vos,
568 2435 754 2487 quam,
790 2417 844 2469 in
886 2422 1014 2485 typo
1044 2386 1315 2479 ﬁde-lium,
1357 2386 1523 2466 David
1554 2410 1681 2465 olim
1712 2409 2023 2480 proferens:
2132 2405 2333 2476 repulit
2355 2412 2410 2458 et
2438 2398 2727 2464 destruxit,
2755 2395 2979 2467 quando
3004 2409 3105 2464 per
3134 2390 3263 2445 ﬁdei
3298 2390 3506 2454 lumen,
3542 2394 3601 2441 et
3631 2386 3769 2440 cha-

419 2515 575 2575 Deus,
637 2508 836 2579 inquit,
877 2508 1131 2577 repulisti
1167 2521 1261 2561 nos
1317 2510 1364 2559 et
1412 2504 1736 2559 destrumisti
1779 2517 1891 2555 nos,
1930 2500 2032 2553 Per
2132 2496 2308 2552 ritatis
2341 2495 2549 2567 ignem,
2582 2490 2664 2544 eis
2687 2488 2993 2543 clementer
3021 2482 3221 2547 illuxit,
3244 2489 3519 2552 quatenus
3551 2478 3765 2531 divina:

418 2572 571 2657 hunc
593 2572 800 2672 quippe
825 2572 1029 2662 David,
1063 2596 1157 2668 qui
1218 2598 1271 2651 in
1303 2596 1458 2649 libris
1507 2596 1716 2667 Regum
1767 2593 2032 2663 plurimas
2133 2588 2449 2646 dilectionis
2505 2586 2632 2660 igne
2671 2580 2953 2646 succensi,
3007 2583 3276 2649 perpetuo
3336 2574 3416 2627 illi
3468 2572 3769 2626 adhaerent

421 2691 678 2766 regiones
704 2688 854 2744 caule
871 2694 926 2742 et
942 2686 1200 2741 incendio
1228 2684 1537 2740 debellasse
1575 2664 1847 2747 narratur,
1872 2696 2034 2735 verus
2135 2678 2269 2753 igni,
2297 2678 2390 2748 qui
2415 2676 2582 2731 nullis
2604 2689 2844 2746 unquam
2874 2667 3276 2726 tentationibus
3306 2665 3514 2737 poterit
3542 2664 3760 2719 exstin-

421 2756 514 2835 ιιιὲ
541 2776 874 2833 manufortis
902 2776 1063 2830 .Iesus
1088 2774 1330 2829 Christus
1361 2772 1626 2827 Dominus
1643 2775 1831 2824 noster
1860 2768 2028 2838 spiri-
2053 2760 2104 2826 Β
2127 2771 2220 2843 gui
2246 2769 2462 2840 (Matth.
2495 2769 2683 2832 xxvii).
2745 2762 2965 2834 Repulit
3022 2761 3182 2816 etiam
3217 2774 3337 2823 eos,
3398 2762 3452 2811 et
3484 2756 3765 2809 destruxit

421 2871 641 2925 tualiter
669 2868 939 2941 signatur,
987 2866 1080 2936 qui
1117 2865 1169 2918 in
1211 2865 1358 2917 hunc
1388 2860 1654 2915 mundum
1684 2858 1936 2924 veniens,
1968 2866 2028 2911 ut
2127 2862 2292 2931 (Psal.
2327 2859 2459 2929 xvi),
2493 2858 2715 2929 quando
2749 2856 2819 2910 de
2849 2851 3097 2909 tenebris
3124 2851 3192 2905 ad
3238 2850 3440 2912 lucem,
3479 2847 3549 2900 de
3577 2855 3763 2901 morte

419 2963 590 3016 tilium
633 2978 663 3014 a
711 2967 864 3030 patre
895 2966 952 3013 et
990 2975 1187 3012 nurum
1236 2973 1265 3011 a
1303 2972 1464 3011 socru
1512 2953 1805 3018 divideret,
1847 2951 2028 3006 attulit
2129 2954 2194 3008 ad
2226 2953 2411 3018 vitam,
2469 2966 2567 3004 sua
2622 2964 2718 3004 eos
2763 2948 2967 3018 pietate
3010 2942 3264 3005 reduxit;
3319 2947 3604 3011 quatenus
3662 2954 3765 3009 per

421 3055 603 3127 ignem
648 3067 758 3122 quo
781 3051 1128 3113 incenderet,
1160 3056 1216 3103 et
1254 3049 1519 3121 gladium,
1551 3062 1660 3117 quo
1706 3044 1981 3100 occideret
2011 3062 2024 3109 ;
2132 3048 2308 3116 ipsum
2343 3044 2648 3098 liberentur
2676 3042 2745 3095 ab
2770 3039 2988 3093 inferno
3019 3035 3212 3091 mortis
3250 3041 3493 3096 aeternae,
3524 3030 3625 3102 qui
3661 3047 3761 3101 per

420 3149 480 3198 ut
507 3159 631 3211 cum
661 3142 715 3196 in
745 3140 1008 3197 cordibus
1039 3137 1307 3205 ﬁdelium,
1351 3152 1459 3192 non
1512 3136 1676 3199 ferro,
1736 3135 1833 3189 sed
1862 3132 2029 3188 verbo
2132 3136 2484 3205 prophetam:
2518 3136 2648 3198 Ero,
2685 3129 2880 3201 inquit,
2909 3142 3053 3181 mors
3083 3131 3202 3190 tua,
3231 3140 3261 3178 ο
3285 3137 3462 3187 mors;
3494 3136 3584 3174 ero
3611 3136 3765 3175 mor-

420 3248 530 3287 non
561 3232 767 3303 gladio,
825 3230 922 3283 sed
977 3229 1173 3299 spiritu
1222 3228 1475 3282 vitiorum
1533 3226 1739 3281 faceret
1792 3232 2028 3296 stragem
2131 3243 2222 3282 sus
2252 3226 2633 3294 tuus,infcrne
2659 3224 2865 3290 (ibid.).
2900 3218 3144 3291 Repulit,
3178 3219 3426 3288 inquam,
3458 3228 3557 3268 eos
3577 3220 3637 3266 et
3663 3212 3764 3267 de-

422 3338 519 3392 ΡΟΓ
540 3321 744 3375 amoris
773 3319 979 3391 ignem,
1009 3318 1074 3372 ad
1107 3316 1343 3391 geminat
1357 3314 1675 3369 dilectionis
1691 3328 1786 3368 00$
1814 3328 2034 3368 Γθνοοτι·
2132 3320 2349 3386 struxit,
2377 3317 2602 3390 quando
2641 3316 2697 3370 in
2725 3316 2806 3369 eis
2834 3312 3136 3368 miriﬁcans
3154 3306 3566 3364 misericordias
3610 3322 3764 3370 suas,

419 3420 504 3469 ret
531 3427 876 3484 compagem.
905 3411 1027 3465 Haec
1052 3409 1220 3483 igitur
1240 3407 1492 3463 vitiorum
1521 3415 1755 3480 strages,
1784 3412 1839 3461 et
1857 3405 2031 3462 virtu-
2132 3412 2433 3468 secundum
2460 3409 2655 3463 Isaiam
2682 3426 2693 3460 :
2719 3407 2885 3472 Dclet,
2906 3403 3088 3475 inquit
3108 3403 3442 3471 ,iniquitatcs
3462 3404 3587 3453 tuas
3606 3397 3762 3467 (Isaz',

417 3515 531 3563 tum
573 3507 747 3562 series
788 3507 841 3561 in
882 3506 969 3559 his
1015 3503 1379 3559 sanctissimis
1427 3501 1758 3573 martyribus
1813 3502 2027 3569 Christi,
2132 3504 2332 3572 xxxivl)
2391 3509 2665 3573 quatenus
2725 3498 2819 3569 [in]
2864 3495 3155 3567 praesentis
3201 3491 3456 3547 Ecclesia:
3489 3504 3755 3560 pressura

420 3616 651 3674 quorum
694 3598 859 3654 hodie
890 3597 1027 3651 festa
1056 3596 1308 3659 colimus,
1350 3593 1751 3665 perfectissime
1793 3594 2023 3658 claruit;
2129 3612 2195 3651 eo
2226 3594 2439 3649 facilior
2471 3593 2577 3646 illis
2615 3606 2713 3660 pro
2746 3589 2956 3643 Christo
3013 3586 3195 3641 omnis
3236 3583 3518 3637 videretur
3576 3578 3763 3644 labor,

419 3695 661 3767 quando,
700 3693 885 3747 divina
915 3691 1217 3760 inspirante
1236 3689 1431 3761 gratia,
1475 3688 1714 3742 mundus
1744 3696 1798 3742 et
1825 3703 2025 3743 coucu-
2130 3705 2239 3761 quo
2265 3688 2528 3765 continuo
2557 3685 2935 3758 subjungens:
2976 3684 3317 3736 Peccatorum
3375 3682 3614 3740 tuorum,
3676 3674 3763 3726 in-

420 3784 691 3855 piscentia
721 3784 842 3852 ejus
864 3782 918 3834 in
959 3781 1040 3834 eis
1071 3778 1320 3834 funditus
1349 3777 1579 3837 exaruit,
1624 3777 1696 3830 ita
1727 3784 1805 3841 ut,
1830 3794 1966 3847 pecc

2212 3786 2269 3853 it,
2301 3801 2407 3840 non
2446 3782 2771 3837 recordabar
2804 3778 3009 3843 (Ezech.
3069 3774 3247 3843 xvm).
3298 3769 3519 3841 Repulit
3565 3782 3667 3823 eos
3703 3775 3760 3822 et

418 3873 490 3926 tis
541 3870 799 3925 omnibus
888 3869 943 3921 in
1022 3868 1102 3921 eis
1155 3865 1481 3931 destructis,
1567 3880 1675 3919 non
1755 3866 1964 3919 immeri

2205 3877 2422 3936 struxit.
2451 3874 2673 3946 quando
2706 3872 2773 3927 ab
2816 3871 2899 3926 eis
2934 3869 3077 3924 sicut
3105 3867 3330 3925 nubem.
3364 3877 3587 3919 omnem
3614 3860 3753 3915 abs-

421 3960 607 4013 dicere
663 3957 878 4028 possint
920 3955 1065 4008 inter
1139 3954 1305 4008 alios:
1394 3957 1531 4008 Deus
1595 3956 1847 4023 repulistt'
1910 3972 1969 4010 nc

2215 3970 2253 4025 it
2294 3968 2661 4048 iniquitatem,
2687 3970 2882 4034 aptans
2913 3976 3009 4017 eos
3028 3958 3180 4015 omni
3209 3958 3381 4020 bono,
3412 3962 3473 4009 ut
3501 3952 3753 4009 facerent

419 4054 469 4102 9‘
519 4048 869 4150 ξῖῗείναετίδξί.
900 4043 1155 4150 ποδυιρυί
1186 4041 1333 4150 (inim
1380 4043 1435 4096 in
1482 4042 1676 4150 Primi?
1705 4044 2099 4150 Pm'cmibusc
2129 4062 2250 4129 ejus
2302 4040 2660 4115 voluntatem.
2722 4054 2945 4125 Repulit
2987 4060 3041 4107 et
3099 4047 3368 4105 destruxit
3404 4061 3501 4101 eos
3554 4044 3753 4099 Christi

422 4138 623 4194 "05mg
670 4137 873 4207 Γ⁰Ρί¹¹⁸ί
926 4143 1054 4189 sum
1118 4152 1146 4187 "
1200 4135 1311 4189 Deo
1393 4148 1492 4205 Pro
1555 4133 1779 4188 traduce
1862 4150 2025 4205 POmO
2055 4133 2099 4150 ν
2128 4153 2365 4208 charitas
2410 4151 2631 4211 invicta,
2688 4146 2910 4218 quando
2952 4141 3347 4211 convivi/icavit
3385 4151 3480 4192 eos
3509 4151 3631 4191 cum
3657 4138 3752 4190 illa

421 4236 573 4306 (Gen.
608 4234 711 4305 ni),
752 4233 850 4287 hos
901 4232 953 4284 in
1012 4231 1161 4304 ligno
1206 4230 1384 4284 crucis
1418 4239 1613 4299 postea
1656 4229 1818 4283 traxit
1870 4229 1969 4282 ad:

2202 4243 2345 4296 iloss.
2379 4240 2459 4309 ιι),
2500 4239 2770 4292 damnans
2800 4234 2882 4288 cis
2919 4232 3105 4288 omnia
3147 4229 3364 4284 delicta.
3403 4224 3629 4296 Repulit
3654 4239 3750 4279 eos

419 4330 565 4384 idem
634 4328 777 4382 Deus
840 4333 896 4380 θί
970 4326 1153 4379 homo-
1216 4324 1278 4377 Et
1344 4322 1469 4377 ideo
1520 4322 1611 4392 Ρίῖι
1665 4321 1909 4392 reImmo
1976 4328 2029 4375 οἱ
2133 4342 2187 4390 et
2212 4328 2741 4402 destruxit,quando
2771 4320 3361 4381 utimmarcessibilem
3391 4316 3746 4371 v'itaaaiternze

419 4427 648 4493 paterna
700 4417 1015 4484 destructio,
1078 4432 1200 4490 quze
1260 4416 1340 4469 sic
1366 4415 1646 4470 hominem
1701 4413 1922 4483 repellit
1972 4422 2031 4468 ut
2132 4425 2484 4497 perciperent
2532 4434 2791 4476 coronam
2852 4417 2901 4485 (Ι
2957 4418 3098 4470 Petr.
3138 4415 3206 4480 ι).
3269 4406 3742 4465 conversationem

419 4516 673 4573 revocet;
748 4509 827 4563 sic
879 4505 1193 4571 mortiﬁcat,
1261 4512 1320 4559 ut
1373 4502 1646 4566 viviﬁcet;
1716 4501 1796 4555 sic
1847 4502 1967 4555 hum

2193 4526 2273 4573 ter
2300 4522 2495 4588 gentes
2522 4513 2834 4567 habuerunt
2858 4508 3083 4571 bonam,
3117 4510 3391 4576 quatenus
3429 4497 3730 4555 conﬁrmati

419 4602 532 4665 liat,
590 4608 648 4655 ut
696 4600 916 4662 cxaltet;
964 4598 1045 4652 sic
1099 4596 1362 4662 destruit,
1404 4602 1462 4649 ut
1517 4591 1837 4648 remdiﬁcet.
1889 4593 2031 4647 Talis
2129 4627 2227 4682 per
2255 4608 2481 4664 verbum
2515 4606 2609 4660 Dei
2649 4602 2757 4657 vivi
2799 4608 2852 4655 ei
2884 4597 3284 4671 permanentis,
3317 4594 3685 4647 liberarentur
3712 4607 3741 4643 ξι

419 4693 627 4763 quippe
653 4690 951 4746 destructio
987 4690 1155 4744 corda
1182 4688 1426 4742 ﬁdelium
1459 4695 1513 4741 et
1539 4684 1832 4740 virtutibus
1853 4685 1967 4739 (10οι

2187 4719 2260 4757 »οε
2288 4697 2670 4771 exprobrantis
2698 4702 2751 4749 et
2780 4690 3152 4763 ohloquentis.
3181 4685 3402 4757 Repulit
3429 4699 3527 4738 eos
3558 4688 3615 4736 et
3644 4682 3735 4736 de-

420 4794 519 4847 rat,
554 4792 608 4838 et
629 4801 657 4838 a
680 4784 828 4838 vitiis
860 4789 1074 4855 purgat,
1108 4783 1176 4835 de
1207 4798 1315 4852 qua
1356 4781 1585 4835 dicitur:
1621 4779 1881 4849 Nunquid
1935 4796 1965 4848 q

2185 4794 2323 4848 ruxit
2362 4790 2584 4863 quando
2634 4785 3015 4857 unusquisque
3066 4796 3256 4837 eorum
3311 4777 3503 4832 dolore
3554 4773 3733 4828 cordis

416 4879 613 4932 domuit
639 4893 745 4931 non
775 4875 1001 4944 adﬁciet
1026 4879 1086 4928 ut
1123 4871 1424 4941 resurgat?
1455 4871 1618 4942 (Psal.
1653 4873 1760 4940 XL.)
1794 4870 1919 4924 Haec
1943 4885 1964 4923 ε

2193 4886 2461 4940 trinsecus
2509 4887 2706 4943 tactus,
2766 4893 2874 4932 non
2917 4875 3094 4930 solum
3150 4870 3368 4926 auditor
3397 4865 3578 4931 verbi,
3644 4865 3736 4920 sed

419 4973 512 5027 illa
564 4971 887 5036 destructio,
950 4985 1049 5038 per
1103 4983 1265 5039 quam
1305 4967 1449 5020 Deus
1512 4965 1611 5019 hos
1653 4963 1961 5018 sanctissim

2189 4974 2291 5029 iam
2326 4972 2497 5027 factor
2526 4978 2608 5024 est
2639 4968 2831 5022 factus.
2862 4964 2961 5029 Qui
2993 4961 3212 5034 quoties
3237 4958 3447 5013 vultum
3479 4954 3736 5009 nativita-

416 5063 564 5117 viros
593 5059 884 5125 destruxit,
916 5064 977 5112 ut
1025 5056 1273 5122 Saulum,
1324 5062 1383 5109 ut
1427 5054 1481 5108 in
1522 5053 1721 5107 melius
1772 5058 1964 5106 mutari

2192 5077 2342 5117 ssuze
2375 5059 2573 5113 divina:
2603 5056 2744 5130 legis
2781 5050 3153 5109 consideravit
3179 5049 3235 5102 in
3271 5043 3524 5117 speculo,
3582 5042 3740 5096 toties

420 5166 475 5211 ut
519 5156 765 5211 Paulum.
822 5154 947 5218 Qui,
990 5151 1092 5206 etsi
1126 5152 1181 5205 in
1244 5151 1420 5220 primo
1453 5148 1626 5203 aetatis
1670 5148 1826 5209 ﬂore,
1874 5148 2028 5219 quasi
2133 5149 2542 5205 immaculatum
2576 5162 2633 5201 se
2681 5142 2979 5199 custodivit
3008 5140 3076 5193 ab
3106 5140 3211 5193 hoc
3240 5134 3464 5191 saeculo.
3523 5131 3743 5202 Repulit

415 5267 578 5306 mane
632 5250 866 5316 alicujus
919 5247 1164 5312 malitiae,
1231 5245 1470 5316 przedam
1554 5242 1848 5297 comedere
1904 5259 2027 5296 cum
2132 5257 2228 5295 eos
2256 5246 2310 5294 et
2337 5236 2628 5299 destruxit,
2663 5232 2883 5305 quando
2928 5229 3155 5300 spiritus
3194 5222 3527 5294 disciplinac,
3552 5220 3644 5291 qui
3670 5218 3741 5274 ef-

417 5343 580 5397 Saulo
616 5361 631 5395 :
681 5350 872 5412 postea
913 5348 1094 5394 tamen
1154 5307 1556 5408 inlprzesentis
1596 5335 1717 5388 vitae
1773 5351 2026 5405 vespere,
2132 5328 2267 5403 fugit
2306 5326 2562 5390 ﬁctum,a
2592 5321 2854 5378 cordibus
2892 5318 3109 5373 illorum
3138 5311 3429 5386 quodlibet
3470 5307 3739 5376 exstirpa-

421 5430 681 5498 proximis
723 5430 837 5483 suis
887 5428 1061 5499 spolia
1091 5426 1339 5482 veritatis
1388 5425 1625 5479 divisere
1663 5439 1785 5477 cum
1837 5396 2221 5499 Paulonvitv
2256 5416 2550 5477 delictum;
2609 5416 2879 5482 quatenus
2934 5423 2963 5460 a
3021 5404 3290 5458 malorum
3344 5396 3737 5472 cogitationum

422 5463 681 5498 ιιιυΛιιιιιδ
725 5463 837 5483 aura
889 5463 1061 5499 δνυιιιι
1101 5463 1339 5482 νωιιιιιισ
1388 5463 1625 5479 ιιιῐιουιν
1663 5463 1785 5477 νυ...
1837 5463 2023 5478 .υ.,..ν.
2141 5463 2205 5472 ..ν
2259 5463 2548 5477 ην-η-..ηη
2620 5463 2663 5482 τ
3413 5463 3445 5472 υ

419 5515 526 5567 Sed
557 5522 739 5570 tamen
771 5517 926 5571 aliter
952 5516 1223 5570 dextruxit
1275 5530 1371 5570 eos
1410 5514 1553 5568 Deus
1602 5512 1669 5566 de
1704 5511 1908 5582 quibus
1940 5511 2023 5565 di-
2046 5463 2103 5532 D
2128 5527 2194 5566 eo
2226 5507 2547 5582 diligentius
2573 5521 2632 5559 se
2663 5501 3007 5557 custodirent
3031 5496 3253 5561 affectu,
3299 5506 3409 5564 quo
3451 5489 3598 5544 idem
3630 5488 3739 5558 spi-

422 5601 586 5653 citur:
650 5606 894 5658 Destrucs
957 5621 1039 5657 cos
1094 5609 1143 5658 et
1202 5619 1306 5656 non
1356 5592 1648 5671 mdiﬁcabis
1704 5578 1785 5655 eos
1860 5602 2023 5669 (Psat.
2127 5599 2263 5654 ritus
2330 5578 2576 5651 veritatis
2633 5590 2812 5645 aufert
2884 5602 2943 5642 se
3015 5604 3045 5639 a
3114 5578 3551 5657 cogitationibus
3620 5592 3738 5647 quae
