3912 6044
169 251 311 309 1013

1653 253 2021 310 SERMONES.

3365 255 3502 310 1014

166 379 298 430 sunt
353 374 477 430 sine
559 374 866 430 intellectu.
919 373 1144 446 Repulit
1217 391 1312 431 eos
1387 385 1442 431 et
1496 377 1786 444 destruxit,
1815 380 2052 449 ANooit
2091 367 2360 432 Dominus
2385 379 2496 431 dies
2544 377 3016 432 immaculatorum
3063 379 3230 447 (Psal.
3293 380 3499 446 xxxvi).

166 465 390 539 quando
454 466 840 538 unusquisque
920 466 1140 522 illorum
1211 468 1463 524 recolens
1519 469 1666 540 apud
1729 485 1789 524 se

165 558 314 630 quod
369 556 562 633 lingua
637 557 1010 628 imprudentis
1079 559 1371 614 subversio
1422 566 1512 614 est
1571 559 1788 630 ipsius,

161 649 440 720 applicare
519 664 580 704 se
635 648 818 705 noluit
878 649 1272 720 imprudentiae
1347 651 1532 716 illius;
1583 659 1785 722 quate-

166 759 272 799 nus
302 759 401 816 per
442 741 625 815 ipsum
687 743 776 799 cui
833 743 1018 800 omnis
1057 744 1430 820 linguatorum
1485 747 1791 802 scurrilitas

101 857 108 859 -
165 839 251 888 est
279 847 502 904 semper
521 847 710 901 exosa,
741 831 1075 888 liberaretur
1104 850 1135 889 a
1155 834 1320 890 labiis
1355 835 1564 907 iniquis
1592 842 1648 891 et
1673 835 1789 890 lin-

165 937 274 996 gua
301 920 516 978 dolosa.
547 919 772 993 Repulit
794 935 891 978 eos
923 927 978 977 et
1005 921 1298 988 destruxit,
1331 925 1554 996 quando
1582 925 1784 996 repleti

167 1012 350 1070 fructu
364 1013 618 1082 justitia,
647 1011 861 1084 epulari
882 1013 1165 1070 noluerint
1193 1017 1252 1069 in
1275 1016 1538 1082 fermento
1565 1018 1790 1072 malitias

165 1108 218 1159 et
245 1105 522 1174 nequitiae,
550 1103 664 1168 sed,
683 1109 1002 1174 contempto
1029 1103 1214 1174 potius
1232 1103 1787 1176 cibofalsitatis,epu-

167 1191 262 1247 lati
295 1199 424 1248 sunt
449 1193 512 1246 in
536 1194 744 1262 azymis
770 1193 1104 1248 sinceritatis
1133 1197 1183 1247 et
1203 1195 1452 1248 veritatis
1482 1193 1530 1264 (Ι
1560 1194 1680 1248 Cor.
1711 1195 1788 1248 ν.)

165 1283 390 1355 Repulit
414 1297 512 1338 eos
524 1291 580 1338 et
609 1281 902 1349 destruxit,
927 1284 1152 1354 quando
1169 1292 1231 1338 ut
1257 1285 1710 1356 apprehenderet
1729 1285 1782 1339 in

169 1371 252 1426 eis
289 1371 554 1427 messium
587 1369 897 1426 divinarum
936 1371 1130 1426 tritura
1179 1371 1538 1439 vindemiam,
1579 1372 1785 1444 Spiritu

163 1471 357 1520 sancto
411 1465 708 1520 noluerunt
773 1464 978 1520 inferre
1053 1465 1483 1536 blasphemiam;
1547 1467 1786 1522 scientes

159 1553 422 1610 videlicet
451 1553 582 1626 quia
609 1553 834 1624 spiritus
897 1553 1086 1628 gloriae
1140 1555 1233 1610 Dei
1265 1571 1396 1611 vere
1452 1555 1508 1610 in
1560 1556 1655 1611 illo
1694 1572 1781 1612 re-

124 1645 423 1718 .quiescit,
455 1646 550 1717 qui
593 1644 886 1700 Christiani
928 1645 1167 1701 nominis
1222 1663 1423 1703 nomen
1483 1664 1594 1703 non
1649 1664 1780 1704 eru-

167 1737 365 1794 bescit.
402 1738 622 1808 Repulit
676 1752 773 1792 eos
801 1744 856 1792 et
903 1737 1193 1804 destruxit,
1245 1739 1466 1810 quando
1510 1725 1637 1794 'odio
1686 1741 1783 1794 ha-

165 1831 368 1885 bentes
397 1845 602 1885 omnem
628 1832 775 1884 viam
802 1831 1118 1900 iniquitatis
1172 1833 1339 1896 (Psal.
1392 1831 1594 1902 cxvm),
1642 1831 1784 1885 viam

170 1919 356 1989 potius
383 1918 604 1990 elegere
635 1918 914 1982 veritatis;
947 1917 1029 1972 illi
1055 1917 1316 1974 videlicet
1346 1920 1470 1974 sine
1501 1919 1783 1974 intermis-

165 2011 323 2066 sione
349 2011 724 2082 supplicantes
766 2010 951 2065 verbis
995 2019 1050 2065 et
1080 2026 1158 2076 re,
1209 2012 1276 2065 ad
1321 2027 1485 2083 quem
1536 2011 1782 2068 Psalmo-

162 2105 436 2176 graphus:
463 2105 644 2170 Viam,
677 2102 879 2174 inquit,
908 2105 1220 2173 iniquitatis
1240 2119 1419 2159 amove
1437 2120 1471 2158 a
1489 2120 1568 2158 me
1600 2105 1787 2174 (ibid).

166 2195 395 2266 Repulit
423 2209 519 2251 eos
549 2202 604 2250 et
655 2195 947 2264 destruxit,
980 2195 1202 2267 quando
1241 2196 1385 2250 utin
1433 2197 1515 2251 eis
1545 2196 1785 2252 caelestis

162 2287 452 2358 sapientiae
477 2286 857 2358 requiesceret
905 2287 1214 2354 thesaurus,
1251 2287 1406 2357 juxta
1445 2295 1780 2359 praeceptum

159 2375 499 2432 Salomonis:
563 2376 682 2430 Non
740 2391 800 2430 se
839 2375 1176 2431 extollebant
1230 2377 1284 2430 in
1351 2377 1781 2448 cogitationibus

161 2465 362 2520 animae
421 2482 556 2531 suae,
604 2466 753 2522 velut
824 2467 1136 2534 thesaurus,
1201 2483 1272 2522 ne
1335 2467 1473 2522 forte
1533 2468 1778 2523 illidere-

161 2566 254 2613 tur
315 2558 490 2613 virtus
549 2557 767 2613 illorum
816 2572 915 2628 per
974 2557 1262 2613 stultitiam
1321 2560 1504 2627 (Eccli.
1570 2561 1664 2626 vi),
1736 2561 1780 2613 si

161 2659 348 2700 amare
420 2645 772 2718 iniquitatem
842 2652 898 2700 et
971 2645 1156 2700 odisse
1222 2646 1545 2702 viderentur
1619 2647 1780 2717 justi-

157 2737 314 2793 tiam.
368 2736 590 2807 Repulit
652 2752 750 2792 eos
833 2744 887 2792 et
973 2737 1266 2805 destruxit,
1333 2739 1557 2810 quando
1611 2755 1784 2794 unus.

159 2827 399 2900 quisque
466 2828 682 2884 illorum
769 2843 869 2898 per
949 2829 1152 2883 divinae
1232 2829 1518 2884 charitatis
1569 2829 1784 2884 illectus

155 2939 426 2992 amorem,
487 2924 627 2979 dans
670 2925 924 2995 pauperi,
993 2939 1103 2980 non
1153 2924 1350 2995 recipit
1407 2929 1778 2994 peccatorem,

156 3016 344 3073 sciens
373 3017 640 3088 quoniam
664 3016 757 3089 qui
788 3015 1131 3072 benefecerit
1150 3018 1323 3086 justo,
1356 3016 1784 3073 invenietretri-
1809 3053 1856 3122 (η

156 3106 172 3122 ι
238 3107 297 3122 ,ιγ
366 3121 373 3122 ,
482 3112 490 3122 ι
576 3105 797 3122 τιγηοκ,
907 3106 940 3122 n
1065 3105 1119 3122 ιο.
1241 3121 1253 3122 γ
1401 3113 1411 3122 .
1503 3106 1517 3122 ι
1566 3114 1601 3122 κ.
1718 3105 1751 3122 οι
1843 3097 1856 3118 Α

1893 470 2113 541 Repulit
2141 486 2239 525 eos
2263 476 2317 524 et
2346 469 2636 536 destruxit,
2669 469 2892 541 quando
2931 470 3216 538 cujusdam
3241 467 3367 523 'viri
3405 486 3502 525 sa-

1891 562 2094 632 pientis
2149 562 2495 616 observando
2525 561 2802 628 mandata,
2843 561 2999 632 quasi
3033 577 3065 614 a
3111 560 3250 616 facie
3293 561 3502 616 colubri

1890 651 2080 729 fugere
2122 660 2365 725 peccata,
2409 669 2478 708 ne
2510 651 2730 708 illorum
2764 667 2864 722 per
2898 651 3082 706 omnia
3139 660 3508 722 sequerentur

1889 757 2104 800 errores
2143 743 2212 798 de
2249 742 2450 814 quibus
2495 741 2758 811 scriptum
2797 749 2908 795 est:
2937 739 3194 795 Gladium
3243 743 3506 809 euagina-

1888 842 2018 893 rimt
2044 841 2347 907 peccatores
2381 833 2584 906 (Ibid).
2611 835 2735 890 Huic
2773 841 2858 889 est
2891 833 2983 888 illa
3009 833 3331 900 destructio,
3365 835 3501 890 dile-

1889 925 2117 981 ctissimi
2145 924 2364 988 fratres,
2397 939 2500 994 per
2529 939 2692 994 quam
2724 929 2994 992 martyres
3023 921 3110 976 isti
3143 922 3502 988 sanctissimi,

1889 1016 2034 1070 inter
2069 1014 2276 1069 electos
2323 1021 2382 1067 et
2418 1011 2774 1068 circumcisos
2819 1009 3078 1065 destructi
3129 1019 3256 1064 sunt
3298 1017 3502 1081 patres,

1889 1102 2110 1175 quando
2166 1117 2265 1172 per
2293 1108 2622 1156 armaturam
2679 1099 2774 1154 Dei
2819 1098 2997 1153 induti
3047 1099 3273 1168 jusdtiaa
3312 1100 3502 1168 armis,

1887 1188 2192 1245 circumcisi
2251 1195 2382 1243 sunt
2423 1187 2845 1243 circumcisione
2899 1202 3009 1242 non
3054 1189 3387 1254 manufacta,
3447 1189 3502 1242 in

1889 1281 2262 1352 expoliatione
2293 1279 2540 1350 corporis
2570 1278 2772 1334 carnis.
2809 1279 2870 1333 Et
2898 1278 3026 1333 ideo
3049 1279 3177 1349 quia
3209 1279 3397 1332 nullus
3416 1280 3502 1333 vi-

1888 1374 2086 1430 tiorum
2129 1380 2440 1428 nostrorum
2496 1377 2679 1440 potest
2712 1369 2978 1440 repellere
3009 1371 3197 1432 chaos,
3253 1371 3360 1425 nisi
3415 1372 3502 1425 cui

1885 1481 1985 1535 pro
2012 1464 2308 1534 gratiarum
2349 1463 2562 1518 actione
2593 1462 2824 1516 dicitur:
2869 1465 3006 1517 Deus
3038 1463 3291 1532 repulisti
3320 1478 3416 1518 nos
3454 1468 3504 1518 et

1881 1559 2206 1612 destruxisti
2222 1572 2338 1623 nos,
2367 1555 2573 1610 idcirco
2587 1555 2860 1625 prOpbeta
2877 1561 3300 1610 enumeraturus
3319 1555 3501 1608 adhuc

1886 1651 1942 1699 et
1971 1645 2077 1700 alia
2101 1643 2372 1698 beneficia
2405 1643 2809 1714 Redemptoris,
2841 1643 3104 1698 continuo
3125 1643 3498 1698 subinferens.

1886 1741 2066 1794 Iratus
2085 1755 2162 1804 es,
2213 1737 2410 1808 inquit,
2445 1742 2494 1790 et
2523 1739 2773 1792 misertus
2812 1753 2866 1792 es
2897 1739 3053 1792 nobis
3108 1738 3146 1792 0
3177 1738 3256 1792 ira
3287 1737 3498 1791 miseri-

1888 1843 2010 1882 cors
2049 1833 2103 1882 et
2141 1825 2374 1880 salubris
2414 1824 2722 1897 indignatio
2771 1841 2868 1895 per
2920 1841 3083 1896 quam
3126 1825 3402 1880 fructuosa
3442 1825 3502 1881 fit

1886 1921 2066 1974 omnis
2092 1918 2428 1974 infructuosa
2455 1919 2816 1974 conversatio.
2836 1919 2874 1974 Ο
2893 1911 2972 1973 ira
3006 1919 3342 1984 misericors,
3377 1936 3499 1991 qua:

1885 2011 1966 2065 sic
2010 2010 2264 2064 irascitur
2310 2017 2370 2063 ut
2411 2007 2722 2072 subveniat,
2769 2009 2850 2062 sic
2901 2007 3144 2062 minatur
3180 2016 3240 2060 ut
3291 2016 3496 2078 parcat,

1886 2099 1966 2154 sic
2016 2097 2194 2152 aufert
2247 2104 2309 2151 ut
2359 2095 2632 2158 restituat,
2684 2095 2763 2148 sic
2823 2093 2990 2148 tradit
3039 2101 3098 2148 ut
3151 2094 3376 2165 eripiat,
3418 2095 3498 2150 sic

1886 2186 2124 2242 destruit
2147 2193 2208 2240 ut
2251 2184 2480 2246 muniat,
2524 2183 2602 2238 sic
2657 2183 2846 2250 abjicit
2888 2193 2948 2236 ut
2979 2183 3227 2253 recipiat.
3261 2183 3298 2237 Ο
3330 2199 3493 2254 quam

1883 2277 2120 2334 salubris
2152 2276 2474 2348 indignatio,
2520 2291 2642 2346 qua!
2675 2275 2756 2328 sic
2793 2274 2987 2328 avertit
3039 2281 3096 2327 ut
3135 2274 3384 2343 recipiat,
3417 2275 3497 2330 sic

1883 2372 2088 2428 claudit
2112 2379 2170 2426 ut
2197 2371 2434 2442 aperiat,
2485 2369 2562 2424 sic
2589 2369 2757 2441 exigit
2794 2377 2852 2422 ut
2905 2368 3163 2425 dimittat.
3197 2369 3276 2422 sic
3307 2368 3496 2434 dejicit

1882 2470 1940 2516 ut
1963 2463 2157 2536 erigat,
2191 2461 2268 2514 sic
2298 2459 2478 2530 perdit
2507 2465 2566 2512 ut
2587 2457 2849 2529 requirat,
2890 2457 2971 2512 sic
3000 2457 3200 2512 amittit
3225 2464 3284 2512 ut
3313 2465 3500 2512 custo-

1883 2555 2012 2609 diat.
2050 2553 2156 2608 Sed
2189 2567 2310 2624 quae
2365 2551 2438 2605 sit
2465 2551 2581 2606 haec
2611 2551 2690 2603 ira
2737 2549 2816 2602 vel
2861 2548 3192 2624 indignatio,
3228 2549 3497 2619 PrOplicta

1883 2649 2110 2698 testatur
2147 2641 2427 2714 egregius,
2479 2640 2573 2710 qui
2618 2650 2906 2709 utramque
2968 2637 3252 2692 evidenter
3317 2639 3498 2708 expri-

1885 2747 2069 2786 mens:
2101 2733 2213 2796 Ira,
2246 2729 2444 2801 inquit,
2487 2731 2545 2782 in
2593 2728 2976 2795 indignatione
3025 2727 3164 2795 ejus,
3201 2732 3251 2780 et
3289 2729 3404 2781 vita
3440 2729 3500 2780 in.

1884 2825 2156 2878 voluntate
2183 2822 2299 2891 ejus
2329 2821 2502 2890 (Psal.
2545 2819 2712 2890 xxxx).
2752 2817 2914 2881 Quasi
2957 2818 3104 2872 enim
3148 2817 3225 2870 ira
3269 2818 3320 2870 in
3356 2817 3496 2872 indi-

1884 2916 2144 2991 gnatione
2191 2915 2311 2982 ejus
2340 2918 2606 2978 versatur,
2641 2911 2863 2984 quando
2895 2911 3082 2981 impiis
3124 2918 3178 2964 et
3221 2911 3500 2966 sceleratis

1883 3009 1962 3062 sic
1991 3007 2246 3062 irascitur
2273 3014 2334 3060 ut
2371 3021 2482 3060 non
2513 3005 2859 3059 misereatur.
2905 3003 3019 3058 Non
3063 3003 3194 3073 quia
3221 3003 3379 3057 irasci
3413 3005 3495 3057 vel

155 3106 440 3161 butionem
482 3112 528 3160 'a
576 3105 834 3162 Domino.
907 3105 1125 3176 Repulit
1197 3121 1294 3161 eos
1362 3113 1418 3160 ct
1486 3105 1776 3170 destruxit,
1809 3090 1858 3122 υ
1879 3097 2012 3150 iram
2051 3096 2253 3150 habere
2301 3093 2574 3152 credatur.
2626 3091 2722 3146 sed
2777 3091 2907 3162 quia
2949 3090 3189 3156 objectio
3249 3090 3369 3156 ejus
3407 3091 3492 3144 vel

159 3195 384 3267 quando
439 3195 571 3252 odio
620 3195 890 3250 habentes
933 3210 1156 3250 omnem
1197 3203 1472 3264 raptorem
1505 3202 1559 3248 et
1611 3193 1774 3248 bilin-

161 3300 351 3360 guem,
407 3285 464 3340 in
529 3283 730 3353 seipsis
805 3282 973 3337 totius
1048 3283 1408 3338 detractionis
1460 3299 1523 3336 ac
1580 3279 1778 3336 furoris

157 3376 540 3432 exstinxerunt
583 3373 788 3447 ignem,
845 3372 1084 3428 scientes
1145 3371 1408 3426 videlicet
1455 3373 1584 3444 quia
1637 3371 1781 3426 sicut

157 3467 414 3526 confusio
431 3474 488 3522 et
517 3465 844 3536 poenitentia
872 3474 957 3520 est
995 3481 1164 3536 super
1202 3464 1402 3532 furem,
1433 3465 1508 3518 ita
1539 3465 1779 3519 etdevo'

159 3563 302 3618 ratio
326 3561 571 3633 pessima
612 3575 781 3630 super
819 3559 1154 3634 bilinguem.
1192 3559 1412 3630 Repulit
1450 3575 1547 3614 eos
1577 3567 1632 3614 et
1685 3560 1777 3613 de-

156 3649 380 3716 struxit,
409 3649 632 3720 quando
657 3648 1014 3720 possessione
1054 3649 1290 3714 virtutis,
1344 3655 1399 3702 et
1428 3647 1776 3718 depositione

161 3743 385 3799 malitiae
405 3745 623 3798 liberati
651 3761 686 3798 α
709 3748 948 3813 peccato,
989 3745 1134 3798 servi
1186 3743 1324 3810 facti
1376 3745 1504 3797 sunt
1544 3743 1780 3810 justitiw

161 3836 332 3900 (Rom.
364 3836 460 3902 vr),
503 3849 627 3888 cum
669 3833 878 3904 populo
906 3831 1117 3888 scilicet
1147 3831 1241 3886 illo
1273 3831 1496 3904 gloriari
1529 3831 1782 3886 nolentes

161 3922 218 3975 in
240 3922 515 3988 malititia,
544 3921 615 3976 de
660 3937 770 3994 quo
801 3921 1004 3976 David:
1039 3922 1240 3987 Labor,
1282 3920 1484 3990 inquit,
1517 3923 1572 3974 in
1611 3921 1783 3976 medio

165 4011 307 4080 ejus,
363 4016 414 4066 et
449 4011 727 4080 injustitia
779 4013 948 4082 (Psal.
988 4011 1112 4079 Liv).
1161 4010 1380 4081 Repulit
1419 4025 1514 4066 eos
1569 4015 1623 4064 et
1687 4011 1786 4064 de-

161 4103 378 4168 struxit,
420 4102 646 4172 quando
667 4101 723 4156 in
745 4102 1006 4156 cordibus
1036 4117 1226 4156 eorum
1256 4117 1440 4157 sermo
1471 4101 1564 4156 ille
1594 4101 1786 4156 fructi-

167 4188 352 4244 ﬁcavit
383 4190 662 4264 egregius,
693 4191 763 4244 de
803 4205 914 4261 quo
951 4190 1271 4260 Apostolus:
1326 4193 1443 4247 Non
1471 4196 1674 4258 regnet,
1708 4190 1787 4244 in-

1882 3187 2187 3261 indignatio
2239 3188 2482 3240 humano
2533 3199 2685 3238 more
2729 3183 2809 3236 ira
2887 3182 3200 3236 vocabatur.
3254 3182 3314 3234 Et
3372 3181 3497 3236 ideo

1881 3279 2021 3334 sicut
2049 3279 2131 3332 ira
2161 3279 2215 3332 in
2241 3277 2624 3351 indignatione
2651 3275 2790 3343 'ejus
2817 3290 2966 3328 mors
3013 3281 3097 3326 e~t
3123 3281 3496 3344 peccatorum,

1884 3371 1958 3426 ita
1985 3377 2040 3425 et
2071 3371 2122 3424 in
2155 3371 2436 3424 voluntate
2477 3368 2596 3435 ejus
2629 3367 2740 3420 vita
2761 3382 2883 3420 esse
2915 3364 3158 3418 creditur
3197 3379 3498 3417 converso-

1883 3479 1998 3517 rnm
2031 3461 2290 3534 quoniam
2329 3460 2397 3514 ad
2435 3461 2540 3514 hoc
2594 3473 2690 3512 eos
2722 3457 2815 3528 qui
2862 3461 3258 3510 convertuntur
3307 3455 3375 3508 ad
3408 3470 3502 3508 cor

1880 3551 2132 3606 bumiliat
2161 3559 2214 3604 et
2260 3548 2540 3612 sublimat,
2571 3546 2700 3618 quia
2741 3561 2852 3600 non
2884 3545 3000 3598 vult
3027 3550 3258 3598 mortem
3310 3559 3504 3612 pecca-

1881 3647 2034 3711 toris,
2065 3646 2164 3700 sed
2195 3651 2256 3698 ut
2293 3651 2645 3698 convertatur
2695 3648 2750 3694 et
2799 3639 2962 3693 vivat.
3009 3637 3114 3691 Sed
3149 3645 3334 3692 tamen
3387 3637 3504 3692 haec

1882 3735 1962 3788 ira
1985 3735 2078 3790 Dei
2137 3741 2192 3790 et
2222 3734 2330 3788 alio
2358 3731 2522 3788 modo
2549 3730 2697 3798 justa
2719 3729 2841 3797 ejus
2863 3727 3106 3781 vindicta
3129 3724 3354 3789 dicitur,
3376 3739 3500 3793 quae

1885 3823 2141 3894 praesenti
2168 3821 2372 3877 saeculo
2401 3833 2750 3890 nequaquam
2786 3814 3084 3886 perficitur,
3109 3813 3206 3866 sed
3239 3813 3293 3866 in
3317 3813 3502 3866 futuro

1887 3915 2072 3986 potius
2110 3915 2231 3969 sine
2262 3909 2643 3967 misericordia
2702 3910 2756 3962 in
2788 3924 2884 3963 eos
2931 3907 3022 3978 qui
3065 3903 3498 3960 misericordiam

1887 4019 1999 4060 non
2029 4002 2279 4058 fecerunt
2320 3999 2640 4072 plenissime
2686 3994 3024 4067 perﬁcietur,
3057 3992 3278 4063 quando
3317 3991 3372 4044 in
3398 3991 3503 4044 im-

1886 4095 1992 4166 piis
2030 4103 2084 4149 et
2138 4092 2520 4164 peccatoribus
2577 4087 2901 4160 sanguinem
2949 4099 3232 4139 servorum
3275 4098 3499 4137 suorum

1886 4185 2200 4240 ulciscetur.
2233 4182 2384 4236 Sicut
2405 4179 2554 4235 enim
2584 4185 2710 4231 tunc
2761 4177 2815 4229 in
2855 4174 2980 4228 filiis
3011 4171 3219 4226 diaboli
3259 4171 3504 4226 coalestis

163 4281 302 4352 quit,
324 4261 612 4352 peccatum
640 4283 699 4336 in
726 4283 899 4336 uestro
914 4282 1135 4334 mortali
1166 4295 1404 4350 corpore,
1436 4285 1494 4334 ut
1511 4279 1776 4334 obediatis
1805 4345 1843 4352 __
1876 4269 1972 4330 irae
1997 4274 2267 4343 judicium
2302 4270 2623 4342 implebitur
2647 4281 2972 4337 supernum,
2999 4263 3222 4334 quando
3251 4261 3490 4315 audituri

161 4345 608 4439 concupiscentiis
659 4370 776 4440 ejus
817 4369 989 4439 (Rom.
1033 4369 1126 4437 vi).
1185 4345 1409 4438 Repulit
1463 4383 1560 4422 eos
1589 4374 1645 4422 et
1672 4367 1780 4444 lde-
1803 4345 1856 4413 D
1882 4373 2009 4418 sunt
2032 4363 2184 4434 impii
2211 4379 2223 4414 :
2259 4361 2520 4416 Discedite
2547 4375 2581 4410 a
2607 4373 2710 4422 me,
2733 4354 3032 4416 maledicti,
3055 4353 3114 4404 in
3142 4353 3320 4444 ignem
3343 4355 3499 4444 teter-

159 4462 380 4528 struxit,
400 4461 621 4533 quando
647 4466 869 4515 terrena
889 4475 954 4514 ex
977 4458 1195 4532 integro
1222 4457 1544 4512 deserentes
1567 4471 1778 4521 curam,

167 4551 459 4624 pecuniam
499 4567 652 4606 suam
696 4566 808 4606 non
839 4551 1116 4605 dederunt
1164 4548 1233 4602 ad
1264 4563 1507 4614 usuram,
1558 4564 1628 4602 ne
1659 4547 1782 4618 quis

167 4648 385 4704 illorum
414 4646 593 4717 plebis
619 4645 770 4699 illius
801 4659 1019 4716 pmnam
1065 4644 1338 4698 incideret
1373 4641 1544 4708 solus,
1577 4641 1649 4696 de
1676 4657 1784 4711 qua

166 4735 370 4792 David:
413 4737 537 4791 Non
573 4722 800 4800 defecit,
841 4733 1041 4804 inquit,
1075 4733 1141 4787 de
1165 4733 1360 4801 plateis
1397 4731 1516 4799 ejus
1544 4744 1712 4783 usura
1734 4733 1784 4782 et

167 4829 322 4885 dolus
369 4826 540 4896 (Psal.
583 4825 708 4895 Liv).
743 4823 968 4894 Repulit
996 4839 1093 4878 eos
1143 4831 1200 4878 et
1233 4821 1530 4887 destruxit,
1563 4818 1785 4889 quando

169 4921 480 4978 recolentes
509 4918 656 4990 apud
686 4933 747 4972 se
780 4917 926 4988 quod
963 4917 1146 4972 omnis
1174 4921 1430 4987 peccator
1457 4921 1540 4968 est
1567 4913 1788 4967 invidus

169 5024 225 5069 et
249 5013 534 5087 bilinguis,
571 5009 982 5066 communicare
1007 5008 1274 5064 nolebant
1301 5007 1570 5079 Operibus
1596 5021 1786 5060 eorum

172 5108 440 5181 indignis,
485 5121 554 5161 ne
613 5103 900 5176 perfidiam
957 5091 1173 5158 illor'um
1214 5103 1404 5174 lingua
1445 5101 1792 5156 imitarentur

175 5216 477 5264 venenosa,
505 5199 574 5252 de
615 5197 818 5269 quibus
845 5196 1151 5266 Propheta:
1183 5197 1373 5250 Loculi
1405 5201 1547 5259 sunt,
1589 5191 1786 5263 inquit,

173 5295 458 5349 adversum
485 5307 568 5345 me
600 5291 791 5358 lingua
815 5290 1005 5344 dolosa
1036 5287 1208 5357 (Psal.
1241 5285 1412 5356 cvm).
1439 5285 1658 5354 Repulit
1695 5299 1791 5338 eos

177 5391 233 5440 et
271 5383 543 5439 destruxit
579 5383 802 5454 quando
854 5382 909 5436 in
949 5381 1136 5437 divina
1177 5395 1298 5436 cum
1337 5378 1448 5432 illis
1497 5365 1791 5432 conversa-

180 5475 380 5528 bantur
407 5471 643 5536 tlieoria,
667 5471 868 5542 quibus
896 5469 1127 5524 dicitur:
1161 5471 1314 5524 Beati
1343 5467 1682 5521 immaculati
1735 5469 1792 5520 in

177 5567 269 5618 via
296 5563 467 5633 (Psal.
501 5560 708 5630 cxvrn),
740 5567 800 5614 ut
840 5561 983 5614 inter
1027 5559 1156 5614 illos
1211 5557 1547 5629 quandoque
1581 5571 1795 5612 merce-

186 5654 310 5708 dem
343 5649 697 5721 perciperent
734 5648 1006 5712 laborum,
1037 5648 1108 5702 de
1141 5647 1346 5717 quibus
1376 5645 1642 5715 scriptum
1672 5654 1792 5700 est:

1880 4473 2008 4512 num
2063 4455 2276 4523 (Matth.
2334 4469 2477 4518 XXV),
2541 4452 2613 4504 ita
2682 4450 2736 4502 in
2795 4447 2990 4502 electis
3049 4453 3103 4499 et
3179 4443 3342 4510 justis
3397 4442 3505 4496 im-

1886 4549 2022 4620 pleri
2052 4549 2218 4602 debet
2247 4543 2627 4600 misericordia
2675 4540 2790 4603 Dei,
2833 4537 3056 4610 quando
3097 4535 3337 4590 audituri
3375 4543 3504 4589 sunt

1880 4641 2052 4709 justi:
2118 4643 2320 4703 Venite,
2383 4636 2642 4691 benedicti
2688 4633 2870 4686 Patris
2934 4631 3038 4684 mei
3093 4627 3299 4698 (Ibid).
3359 4626 3506 4681 lianc

1887 4733 2052 4806 igitur
2079 4745 2268 4785 vocem
2321 4727 2438 4782 Filii
2484 4727 2600 4788 Dei,
2651 4731 2918 4794 martyres
2953 4722 3039 4775 isti
3094 4719 3398 4774 beatissimi
3441 4719 3481 4773 N

1888 4839 1998 4880 non
2017 4821 2292 4875 immerito
2328 4818 2664 4890 quandoque
2691 4831 2813 4871 cum
2847 4813 3039 4868 electis
3060 4812 3269 4866 debent
3289 4811 3500 4872 audire,

1889 4915 1982 4986 qui
2040 4915 2092 4967 in
2135 4913 2272 4982 ipsis
2327 4911 2457 4966 olim
2497 4952 2510 4974 ,
2570 4925 2691 4980 quae
2753 4907 2840 4962 vel
2900 4914 3105 4978 quanta
3163 4905 3232 4959 sit
3287 4905 3362 4956 ira
3418 4903 3502 4956 vel

1893 5005 2274 5062 misericordia
2324 5003 2539 5058 Domini
2595 5001 2851 5056 solebant
2902 4999 3048 5052 bene
3100 4997 3334 5050 vivendo
3373 5009 3504 5046 sen-

1892 5100 2022 5160 tire;
2083 5113 2204 5168 quae
2267 5095 2433 5150 David
2503 5093 2664 5148 nobis
2706 5092 2762 5145 in
2819 5089 3132 5159 exemplum
3190 5099 3510 5157 proponens

1891 5193 2094 5248 divinae
2133 5190 2538 5246 miserationis:
2593 5190 2774 5243 Iratus
2829 5201 2902 5245 es,
2973 5183 3171 5253 inquit,
3223 5186 3271 5234 et
3321 5182 3510 5233 miser-

1891 5289 1976 5338 tus
2033 5297 2084 5336 es
2137 5281 2290 5334 nobis
2345 5279 2527 5347 (Psal.
2581 5276 2784 5345 xxxnx).
2831 5272 2993 5336 Quasi
3025 5271 3172 5326 enim
3219 5270 3390 5322 iratus
3428 5274 3510 5320 est

1893 5371 2022 5426 huic
2075 5368 2450 5423 sacratissimo
2505 5371 2800 5436 martyrum
2871 5361 3061 5424 choro,
3115 5357 3334 5429 quoties
3389 5371 3510 5410 car-

1893 5462 1982 5516 nis
2013 5459 2332 5515 intirmitate
2362 5456 2638 5528 peccavit;
2671 5455 2951 5513 misertus,
3012 5450 3234 5520 quando
3265 5449 3508 5518 seipsum

1896 5551 2154 5621 lacrymis
2187 5549 2526 5618 pumitentia:
2571 5555 2691 5618 post
2735 5543 2941 5616 flagitia
2973 5541 3275 5596 inundavit.
3305 5539 3510 5601 Iratus,

1897 5643 2120 5714 quando
2151 5640 2579 5711 superstitiones
2599 5639 2773 5692 totius
2797 5635 3000 5690 erroris
3030 5636 3083 5687 in
3112 5650 3178 5687 eo
3201 5631 3507 5693 destruxit;
