3920 6054
370 170 510 223 1015

1349 160 1709 217 DERENGOSI
1753 157 2021 228 ABBATIS
2061 158 2112 210 S.
2162 156 2396 212 MAXIM!
2437 158 2704 214 TREVIR.

3547 167 3724 223 1016

369 297 646 360 misertus,
678 295 899 365 quando
949 293 1000 347 ei
1054 293 1239 347 lumen
1282 309 1424 347 verae
1464 290 1594 345 ﬁdei
1627 295 1681 343 et
1734 286 1980 343 veritatis
2001 291 2056 357 Α
2083 285 2153 340 de
2193 300 2304 356 quo
2346 285 2647 341 Salomon:
2696 289 2824 354 Iter,
2863 287 3064 359 inquit,
3103 290 3321 346 devium
3367 292 3595 349 deducit
3636 297 3726 351 ad

371 387 564 442 illuxit.
605 386 778 439 Iratus
803 393 887 438 est
921 384 970 438 ei
1014 384 1177 438 etiam
1214 385 1374 447 Deus,
1408 384 1452 437 si
1504 381 1724 453 quando
1774 381 1832 433 in
1871 393 1980 432 uno

369 480 643 545 praecepto
666 473 949 528 charitatis
970 473 1269 542 offendens,
1296 474 1476 539 factus
1504 476 1581 527 est
1603 472 1840 525 omnium
1861 483 1981 522 reus

368 568 501 641 (Jac.
530 571 589 641 ιι)
615 585 628 635 ;
651 568 912 623 misertus
937 570 1159 640 quando
1182 569 1362 623 eidem
1413 567 1671 623 studebat
1697 565 1980 621 adhaerere

369 661 643 728 charitati,
660 677 783 732 quae
803 676 908 715 non
929 661 1129 728 gaudet
1148 677 1312 731 super
1340 663 1654 730 iniquitate,
1685 657 1982 726 congaudet

369 762 545 811 autem
572 757 795 811 veritati
833 757 879 822 (Ι
915 757 1033 813 Cor.
1076 760 1214 823 xui).
1270 757 1465 823 Iratus,
1497 755 1542 809 si
1600 754 1843 826 quando,
1876 768 1982 824 pu-

371 847 520 917 pillis
583 861 693 901 non
768 854 885 900 erat
941 845 1278 911 misericors,
1332 852 1394 900 ut
1448 851 1646 917 pater;
1698 843 1979 905 misertus,

371 936 592 1010 quando
624 936 1018 991 misericordia:
1047 936 1313 1008 operibus
1361 936 1617 991 misertus
1656 941 1740 990 est
1791 949 1981 989 eorum

370 1027 548 1101 magis
580 1042 746 1098 quam
778 1034 974 1080 mater.
1010 1026 1206 1089 Iratus,
1247 1026 1292 1080 si
1333 1025 1577 1096 quando,
1619 1023 1766 1095 quod
1820 1022 1980 1085 absit,

371 1138 467 1178 ore
507 1120 804 1191 praeferens
830 1118 1143 1187 falsitatem,
1176 1120 1340 1175 corde
1360 1135 1469 1175 non
1500 1116 1739 1172 habebat
1783 1116 1982 1171 verita-

373 1213 481 1261 tem
506 1225 520 1271 ;
554 1207 832 1273 misertus,
855 1207 1079 1278 quando
1101 1207 1486 1262 conventicula
1507 1205 1795 1261 declinans
1821 1204 1983 1258 falla-

372 1296 543 1363 cium,
581 1296 845 1350 adversus
877 1294 1096 1350 fratrem
1136 1311 1294 1350 suum
1336 1294 1511 1349 noluit
1539 1310 1723 1348 amare
1757 1292 1981 1346 menda-

374 1391 537 1445 cium.
577 1392 766 1453 lratus,
800 1390 1093 1461 siquando
1132 1389 1316 1445 animo
1358 1389 1577 1444 fervens
1612 1389 1982 1454 contentioso,

374 1489 562 1536 contra
598 1486 935 1551 praeceptum
993 1479 1323 1545 Salomonis,
1357 1495 1479 1533 cum
1526 1479 1643 1533 viro
1686 1477 1987 1531 ambulavit

375 1574 581 1629 furioso
613 1576 771 1646 (Prov
818 1573 988 1642 xxv);
1031 1573 1308 1638 misertus,
1342 1572 1564 1643 quando
1611 1570 1881 1626 obediens
1907 1570 1989 1624 ei-

377 1664 501 1718 dem
547 1664 665 1719 viro
696 1662 931 1719 facundo
973 1663 1150 1718 noluit
1208 1680 1329 1719 esse
1373 1664 1584 1719 amicus
1623 1662 1832 1717 homini
1887 1663 1987 1717 ira-
2012 1704 2064 1771 Β

376 1755 581 1811 cundo.
616 1755 790 1809 Iratus
819 1754 862 1808 si
896 1754 1117 1824 quando
1149 1753 1540 1809 misericordias
1580 1752 1844 1823 operibus
1880 1767 1986 1807 nec

376 1849 486 1903 Deo
525 1846 815 1902 amabilem
867 1863 969 1902 nec
997 1846 1411 1921 congregationi
1442 1863 1747 1918 pauperum
1774 1863 1832 1902 se
1855 1846 1985 1901 fecit

376 1938 649 1994 affabilem
673 1956 686 2004 ;
711 1939 993 2004 misertus,
1017 1939 1240 2010 quando
1271 1955 1367 2009 per
1391 1954 1633 1995 amorem
1652 1939 1758 1995 vivi
1786 1946 1841 1993 et
1864 1955 1985 2010 per-

376 2029 653 2085 manentis
686 2028 837 2083 verbi
881 2029 1132 2084 liberavit
1179 2046 1302 2085 eum
1345 2030 1439 2100 qui
1491 2031 1745 2099 injuriam
1794 2046 1984 2100 passus

377 2128 480 2188 est,
505 2122 577 2191 de
598 2138 761 2176 manu
786 2122 1032 2193 superbi.
1068 2124 1240 2178 Iratus
1284 2123 1329 2176 si
1361 2123 1581 2195 quando
1608 2124 1988 2179 innocentium

378 2210 690 2281 despiciens
716 2218 943 2277 sortem,
986 2226 1095 2266 non
1125 2212 1268 2267 eruit
1297 2227 1394 2267 eos
1423 2213 1516 2283 qui
1547 2211 1891 2267 ducebantur
1921 2212 1988 2266 ad

377 2305 642 2366 mortem;
675 2300 954 2367 misertus,
987 2301 1209 2371 quando
1242 2318 1339 2371 per
1368 2302 1532 2358 bona:
1558 2302 1794 2358 actionis
1825 2303 1989 2358 meri-

378 2398 487 2445 tum
528 2389 669 2445 eruit
708 2406 805 2444 eos
834 2390 929 2461 qui
962 2390 1325 2445 trahebantur
1354 2390 1422 2445 ad
1456 2392 1754 2447 interitum.
1792 2395 1982 2456 Iratus,

377 2478 419 2532 si
447 2478 693 2549 quando,
720 2489 1064 2551 postponens
1085 2480 1415 2536 sententiam
1441 2481 1770 2550 Salomonis,
1804 2483 1984 2554 proxi-

376 2570 481 2624 mis
503 2571 618 2626 suis
645 2571 884 2627 reddidit
915 2572 1057 2626 mala
1087 2588 1186 2643 pro
1217 2573 1378 2628 bonis
1399 2577 1569 2644 (Prov.
1602 2580 1763 2645 xvu);
1792 2577 1988 2631 miser—

377 2667 486 2728 tus,
525 2662 749 2733 quando
783 2668 1117 2733 przeceptum
1169 2665 1532 2734 apostolicum
1587 2667 1754 2722 corde
1804 2683 1989 2737 prose-

375 2765 551 2820 quens
590 2750 815 2819 invicto,
847 2766 957 2807 non
998 2752 1241 2807 reddidit
1286 2754 1488 2808 malum
1550 2771 1649 2825 pro
1694 2757 1858 2823 malo,
1900 2758 1987 2812 vel

376 2842 730 2897 maledictum
787 2857 888 2913 pro
945 2843 1239 2899 maledicto
1279 2847 1329 2911 (I
1376 2848 1518 2901 Petr.
1578 2848 1657 2916 ιι).
1705 2848 1899 2914 Iratus,
1941 2848 1985 2903 si

373 2934 594 3003 quando
625 2933 845 2988 illorum
886 2934 1127 2989 imitatus
1156 2944 1243 2989 est
1294 2937 1619 3007 nequitiam,
1662 2940 1731 2993 de
1760 2932 1987 3011 quibus

374 3024 644 3094 scriptum
724 3032 844 3079 est:
917 3025 984 3080 Os
1065 3029 1348 3082 stultorum
1431 3030 1617 3084 ebullit
1698 3034 1989 3089 stultitiam

374 3114 551 3180 (Prov.
586 3114 711 3185 xv);
755 3113 1033 3183 misertus,
1085 3116 1306 3186 quando
1364 3117 1581 3173 illorum
1622 3127 1850 3176 secutus
1907 3129 1990 3177 est

372 3201 699 3271 sapientiam
728 3202 798 3257 de
831 3202 1034 3274 quibus
1064 3204 1330 3275 scriptum
1356 3213 1474 3261 est:
1512 3207 1731 3277 Lingua
1769 3213 1989 3281 sapien-

374 3291 506 3343 tium
530 3295 683 3344 ornat
733 3293 1015 3346 scientiam
1041 3292 1219 3363 (ibid)
1251 3294 1445 3360 Iratus,
1487 3295 1533 3350 si
1566 3297 1787 3368 quando
1842 3300 1986 3356 obli-

374 3390 460 3435 tus
488 3379 823 3437 infirmitatis
849 3382 1122 3452 humanas,
1158 3385 1406 3440 misereri
1448 3388 1626 3442 noluit
1654 3390 1705 3444 ei
1735 3392 1829 3462 qui
1862 3408 1988 3467 ege-

374 3473 464 3527 bat
512 3488 687 3543 pane;
729 3473 989 3529 misertus
1032 3477 1254 3546 quando
1294 3477 1374 3532 illi
1406 3480 1655 3549 proximo
1700 3481 1987 3541 dimiserat

373 3580 571 3634 panem
604 3581 789 3635 suum,
821 3566 889 3622 de
940 3583 1051 3638 quo
1094 3568 1331 3623 Veritas:
1364 3571 1579 3639 Frange
1626 3571 1823 3644 inquit,
1863 3591 1985 3631 esu-

370 3654 534 3709 rienti
569 3672 768 3725 panem
805 3661 956 3713 tuum
994 3659 1123 3730 (Isa.
1167 3659 1335 3731 mu).
1382 3660 1576 3726 Iratus,
1633 3662 1678 3716 si
1737 3665 1980 3734 quando,

370 3748 518 3817 quod
540 3748 713 3817 absit,
742 3750 878 3805 lucri
912 3751 1228 3821 temporalis
1267 3762 1509 3821 exactor,
1550 3756 1793 3812 cmlestis
1830 3759 1980 3815 verbi

370 3836 542 3891 factus
570 3844 653 3892 est
682 3838 922 3906 auditor,
950 3848 1005 3893 et
1035 3855 1146 3894 non
1177 3840 1376 3907 factor;
1426 3843 1706 3911 misertus,
1734 3849 1977 3918 quando,

371 3944 471 3983 nec
492 3930 807 4004 margaritas
837 3931 932 3985 Dei
967 3934 1170 4001 porcis,
1204 3950 1388 4005 neque
1427 3937 1661 3993 canibus
1690 3940 1828 3994 dans
1852 3957 1980 3996 sau-

368 4025 514 4072 ctum
547 4016 720 4072 factor
755 4028 871 4073 erat
909 4019 1085 4087 verbi,
1128 4030 1183 4075 et
1211 4036 1318 4077 non
1351 4024 1570 4079 auditor
1603 4032 1831 4085 tantum.
1869 4030 1979 4085 Ira-

342 4111 479 4178 ~tus,
533 4109 579 4164 si
632 4111 856 4181 quando
907 4111 1223 4168 divitiarum
1275 4115 1487 4170 illarum
1538 4117 1844 4176 delectatus
1896 4134 1982 4180 est

367 4198 644 4264 onere,de
672 4199 878 4270 quibus
907 4200 1173 4270 scriptum
1215 4210 1330 4258 est:
1363 4206 1582 4260 Divitiae
1628 4210 1680 4262 si
1719 4210 1974 4277 afﬂuant,

362 4295 525 4350 nolite
567 4310 659 4350 cor
695 4310 962 4365 apponere
999 4298 1167 4365 (Psal.
1224 4298 1357 4369 in);
1418 4299 1696 4369 misertus,
1754 4304 1975 4374 quando

363 4386 517 4442 dives
548 4385 676 4455 ﬁde,
704 4395 760 4443 et
787 4403 998 4459 pauper
1020 4404 1208 4457 sensu,
1234 4391 1491 4461 parvulus
1516 4401 1634 4447 erat
1662 4394 1888 4459 malitia,
1922 4405 1976 4451 et

361 4478 639 4549 perfectus
666 4496 854 4535 sensu.
899 4480 1091 4549 Iratus,
1147 4483 1193 4535 si
1234 4484 1455 4555 quando
1503 4485 1766 4541 adversus
1810 4490 1976 4544 verba

361 4584 651 4638 pravorum
684 4569 936 4637 inermis,
992 4579 1181 4625 contra
1208 4582 1543 4644 praeceptum
1579 4576 1842 4646 Apostoli,
1885 4594 1978 4633 se-

359 4657 558 4712 ductus
601 4664 688 4711 est
756 4658 1015 4713 inanibus
1049 4660 1235 4714 verbis
1276 4662 1493 4732 (Ephes.
1538 4665 1647 4734 III);
1701 4665 1977 4730 misertus,

357 4748 601 4821 quando,
633 4765 733 4820 per
764 4750 938 4805 divini
970 4752 1246 4808 sermonis
1278 4753 1715 4825 incomparabile
1746 4758 1979 4849 donum,

358 4838 541 4912 decipi
577 4855 688 4896 non
720 4841 900 4912 potuit
943 4843 999 4897 in
1035 4844 1375 4900 sublimitate
1406 4862 1748 4907 sermonum.
1789 4838 1982 4921 Iratus,

355 4933 400 4986 si
431 4933 654 5004 quando
685 4935 1029 5005 pauperibus
1056 4935 1111 4989 in
1136 4935 1409 4993 hilaritate
1443 4939 1690 4994 misereri
1722 4943 1899 4998 noluit
1928 4949 1984 5000 et

358 5037 458 5075 sua
488 5021 571 5077 eis
602 5022 893 5092 partiendo
922 5039 1033 5079 non
1067 5024 1381 5097 condoluit;
1437 5028 1721 5095 misertus,
1756 5032 1979 5102 quando

357 5126 455 5165 sua
478 5128 579 5183 pro
611 5112 827 5168 Christo
868 5113 1224 5176 distribuens,
1289 5132 1499 5173 nomen
1527 5134 1685 5173 suum
1741 5120 1795 5174 in
1836 5122 1976 5180 libro

356 5204 479 5260 vitae
509 5221 630 5260 cum
658 5206 765 5260 illis
783 5206 990 5277 optavit
1013 5207 1240 5275 ascribi,
1266 5210 1358 5280 qui
1377 5210 1447 5266 de
1473 5227 1597 5279 suo,
1621 5213 1769 5283 quod
1804 5214 1975 5270 habe-

356 5292 509 5361 bant,
553 5296 824 5361 miserunt
876 5304 1059 5368 partes
1092 5298 1191 5365 eis,
1247 5300 1339 5370 qui
1388 5316 1498 5355 non
1529 5314 1976 5373 praeparaverunt

357 5380 484 5435 sibi.
535 5382 730 5450 Iratus,
778 5385 821 5439 si
852 5386 1073 5455 quando
1114 5386 1169 5439 in
1210 5386 1411 5442 itinere
1467 5389 1686 5445 illorum
1742 5391 1863 5458 ivit,
1904 5392 1975 5448 de

359 5469 559 5537 quibus
583 5474 847 5543 scriptum
878 5485 989 5530 est:
1014 5482 1122 5531 Iter
1144 5480 1443 5547 impiorum
1468 5482 1677 5548 peribit
1708 5484 1868 5551 (Psal.
1900 5485 1970 5555 1);

360 5557 636 5627 misertus,
666 5565 886 5632 quando
918 5566 1130 5622 itineris
1164 5568 1311 5623 illius
1341 5569 1716 5628 declinaverat
1740 5580 1968 5641 sortem,

2012 2977 2061 3045 C

2080 378 2303 428 mortem
2343 376 2516 440 (Prov.
2550 373 2683 442 xm).
2736 374 2896 430 Unde
2935 376 3067 447 quia
3114 378 3241 434 talis
3299 379 3401 448 ira,
3454 388 3743 454 tantaque

2080 465 2461 521 misericordia
2519 465 2815 535 Creatoris,
2855 466 3127 524 beneficia
3187 470 3732 528 solummodo'sunt

2081 556 2285 612 divinae
2316 557 2677 632 dignationis,
2722 559 2927 616 idcirco
2954 576 3061 616 vox
3102 569 3402 634 martyrum
3440 564 3743 636 immotis-

2081 650 2220 704 sima
2253 665 2364 705 non
2425 651 2702 708 immerito
2733 660 2789 707 et
2844 668 2969 707 cum
3009 653 3254 709 Ecclesia
3312 655 3477 711 dicit:
3534 659 3738 713 Iratus

2081 758 2154 809 es,
2186 746 2235 797 et
2263 744 2515 797 misertus
2546 759 2598 798 es
2626 745 2796 798 nobis.
2840 743 2878 799 Ο
2907 745 2987 799 ira
3025 744 3361 814 misericors,
3396 754 3454 803 et
3492 749 3730 804 incom-

2082 829 2345 901 parabilis
2379 830 2786 899 misericordia,
2841 848 2966 904 qum
3008 833 3076 888 ab
3115 835 3380 890 omnibus
3418 836 3575 893 vitiis
3624 837 3738 892 hu—

2085 942 2245 981 mana
2265 942 2486 997 semper
2520 929 2785 983 emundat
2822 930 3159 1000 praecordial
3192 948 3290 1002 per
3316 948 3486 1004 quam
3506 949 3727 1004 pecca-

2087 1021 2173 1069 tor
2212 1014 2474 1070 invitatur
2503 1017 2572 1070 ad
2599 1017 2840 1085 veniam,
2873 1019 3056 1089 justus
3086 1020 3153 1074 ad
3184 1021 3371 1089 vitam,
3410 1033 3631 1095 martyr
3659 1024 3736 1077 ad

2087 1103 2346 1173 palmam,
2402 1104 2687 1161 confessor
2728 1107 2798 1161 ad
2830 1107 3098 1181 gloriam!
3132 1109 3253 1164 Non
3287 1111 3436 1165 enim
3486 1112 3738 1166 misere-

2086 1199 2195 1257 tur,
2247 1192 2352 1246 nisi
2412 1192 2700 1261 irascatur,
2734 1195 2829 1266 qui
2872 1195 2943 1250 ob
2983 1198 3091 1252 hoc
3139 1198 3293 1269 prius
3349 1198 3635 1258 irascitur.
3669 1210 3738 1254 ut

2086 1290 2278 1353 postea
2308 1284 2658 1342 misereatur.
2695 1286 2973 1341 Prasvenit
3002 1289 3149 1343 enim
3186 1290 3288 1357 ira,
3344 1302 3409 1345 ut
3454 1302 3739 1363 sequatur

2087 1378 2494 1443 misericordia;
2530 1381 2797 1451 praevenit
2828 1382 3090 1452 lacryma,
3131 1392 3189 1438 ut
3221 1392 3489 1456 sequatur
3527 1388 3733 1451 venia;

2089 1469 2361 1537 praevenit
2396 1470 2544 1540 ι)ωηὶ
2562 1472 2753 1537 tentia,
2788 1480 2848 1527 ut
2877 1481 3145 1544 sequatur
3174 1474 3553 1549 indulgentia;
3583 1494 3739 1548 prae-

2088 1565 2241 1620 venit
2283 1567 2620 1634 humiliatio,
2674 1576 2736 1623 ut
2784 1580 3053 1642 sequatur
3107 1573 3396 1639 exaltatio;
3452 1576 3739 1645 praevenit

2089 1654 2389 1723 confessio,
2431 1665 2491 1713 ut
2509 1666 2772 1729 sequatur
2799 1661 3095 1727 remissio;
3158 1665 3425 1732 praevenit
3464 1666 3717 1727 vocatio.

2087 1750 2146 1798 ut
2173 1757 2439 1816 sequatur
2457 1745 2818 1815 justiﬁcatio;
2852 1750 3115 1820 prmvenit
3138 1750 3488 1821 justiﬁcatio,
3530 1760 3596 1808 ut
3625 1771 3719 1808 se-

2083 1846 2282 1910 quatur
2301 1841 2648 1913 gloriticatio.
2679 1843 2817 1908 Quos
2847 1846 2988 1899 enim
3024 1837 3236 1900 vocavit
3260 1847 3353 1901 hos
3410 1853 3461 1902 et
3494 1849 3715 1918 justiﬁ-

2083 1933 2265 1997 cavit;
2347 1936 2398 1986 et
2461 1948 2593 2002 quos
2662 1934 2993 2004 justiﬁcavit
3056 1937 3178 1992 illos
3250 1942 3300 1992 et
3376 1940 3732 2008 glori/ﬁcari:

2084 2024 2260 2104 (Item.
2302 2024 2438 2095 VIII).
2475 2024 2536 2079 Et
2590 2025 2738 2092 ideo,
2772 2027 2867 2097 qui
2907 2035 3164 2097 peccator
3220 2038 3322 2096 est,
3363 2037 3489 2104 agat
3538 2033 3730 2102 ι)ωηί-

2093 2098 2340 2179 tentiam,
2382 2119 2441 2167 ut
2464 2111 2835 2183 justiﬁcetur;
2872 2116 2966 2187 qui
3014 2132 3144 2174 vero
3178 2118 3381 2189 justus,
3399 2098 3719 2188 'justitiam

2091 2203 2271 2258 adhuc
2316 2211 2592 2272 exerceat,
2624 2211 2681 2259 ut
2716 2204 3079 2278 gloriﬁcatur.
3134 2208 3424 2265 Praemissa
3465 2228 3719 2284 namque

2091 2307 2242 2361 purae
2297 2292 2664 2348 confessionis
2714 2294 2959 2350 efﬁcacia
3022 2297 3227 2354 occidit
3284 2308 3601 2370 peccatum,
3668 2310 3723 2356 et

2088 2379 2267 2435 oritur
2325 2380 2521 2454 gratia,
2563 2388 2803 2454 tuncque
2852 2393 3110 2453 peccator
3164 2386 3400 2457 quilibet
3457 2404 3559 2459 per
3615 2390 3727 2444 hoc

2090 2484 2241 2523 mare
2283 2485 2542 2550 magnum
2593 2477 2648 2524 et
2707 2471 3014 2542 spatiosum
3071 2474 3331 2547 navigare
3384 2475 3612 2533 videtur
3665 2478 3722 2532 in

2089 2568 2271 2631 portu,
2305 2562 2527 2632 quando
2553 2571 2681 2618 ante
2711 2565 2905 2620 oculos
2934 2566 3054 2635 Dei,
3083 2575 3140 2623 et
3164 2578 3447 2638 peccatum
3477 2571 3604 2640 ejus
3630 2580 3717 2626 est

2090 2654 2147 2708 in
2167 2670 2389 2722 occasu,
2423 2664 2479 2710 et
2513 2657 2708 2730 gratia,
2739 2674 2849 2730 qua
2880 2659 3163 2728 liberatur,
3197 2662 3252 2716 in
3283 2670 3428 2719 ortu.
3471 2664 3565 2720 Sic
3611 2666 3719 2740 igi-

2092 2757 2177 2802 tur
2201 2748 2328 2803 dum
2358 2757 2647 2820 peccatum
2687 2751 2908 2817 cadere,
2944 2754 3010 2821 'Iet
3037 2756 3211 2827 gratia
3246 2755 3301 2810 in
3355 2757 3523 2812 nobis
3583 2761 3718 2813 oriri

2089 2837 2328 2906 videtur,
2362 2839 2518 2909 quasi
2573 2840 2718 2895 Deus
2768 2841 2930 2897 nobis
2993 2844 3246 2900 irascitur
3300 2854 3355 2901 et
3392 2847 3715 2913 miseretur,

2091 2930 2239 2999 quia,
2282 2930 2425 2985 sicut
2475 2940 2599 3001 post
2635 2939 2859 2987 ventum
2912 2935 3166 3007 sequitur
3208 2937 3412 3007 pluvia,
3442 2939 3549 2994 fsic
3589 2951 3719 3011 post

2093 3016 2227 3071 iram
2260 3018 2511 3090 sequitur
2551 3020 2930 3077 misericordia
2992 3022 3098 3079 Per
3123 3026 3282 3094 cujus
3311 3027 3719 3085 misericordiae

2090 3124 2260 3179 opera
2285 3116 2554 3181 martyres
2586 3111 2676 3166 isti
2728 3113 3061 3169 sanctissimi
3109 3114 3334 3171 liberari
3373 3133 3432 3172 se
3472 3119 3718 3189 postula~

2089 3206 2287 3254 verunt
2316 3216 2347 3254 a
2392 3199 2559 3254 totius
2591 3201 2855 3273 nequitia:
2891 3203 3058 3271 malo,
3109 3204 3180 3259 de
3220 3205 3423 3277 quibus
3448 3207 3709 3263 Psalmo-

2088 3288 2370 3361 graphus:
2425 3290 2825 3345 Misericordia:
2882 3294 3099 3347 Domini
3155 3295 3217 3349 in
3261 3299 3521 3351 aeternum
3568 3312 3711 3351 can-

2088 3380 2209 3433 tabo
2261 3381 2429 3447 (Psal.
2489 3382 2771 3453 Lxxxvm).
2818 3382 2948 3448 Qum
3003 3384 3170 3439 etiam
3219 3385 3350 3440 alibi
3396 3387 3719 3443 evidentius

2087 3467 2268 3521 adhuc
2293 3467 2610 3537 exprimens
2637 3468 2783 3524 idem
2841 3469 3050 3526 Psaltes
3081 3472 3371 3547 egregius:
3403 3475 3716 3530 Miseratio-

2084 3575 2197 3626 nes,
2213 3559 2409 3631 inquit,
2432 3560 2549 3630 ejus
2573 3577 2747 3633 supra
2771 3567 2952 3619 omnia
2971 3580 3134 3636 opera
3173 3581 3289 3635 ejus
3310 3566 3472 3637 (Psal.
3505 3577 3687 3638 cxuv)

2087 3650 2149 3705 Et
2174 3651 2367 3707 merito
2408 3653 2633 3725 quidem
2664 3654 3048 3711 misericordia
3077 3658 3294 3714 Domini
3340 3675 3511 3731 super
3538 3676 3707 3715 omne

2083 3758 2223 3812 opus
2248 3743 2550 3812 extollitur,
2594 3760 2692 3816 per
2722 3763 2883 3818 quam
2916 3763 3106 3804 servus
3152 3749 3291 3804 liber
3320 3749 3579 3820 efﬁcitur,
3602 3753 3707 3809 de-

2082 3831 2212 3885 bilis
2242 3832 2492 3906 erigitur,
2546 3834 2771 3889 humilis
2809 3836 3095 3906 exaltatur,
3138 3840 3410 3909 superbus
3441 3841 3703 3898 humilia-

2082 3928 2192 3988 tur,
2221 3921 2423 3976 surdus
2465 3922 2638 3990 audit,
2691 3934 2874 3980 mutus
2904 3925 3167 3998 loquitur,
3200 3928 3429 3985 claudus
3456 3939 3706 4000 curatur,

2082 4015 2336 4071 inﬁrmus
2368 4022 2613 4083 sanatur,
2648 4034 2826 4075 caecus
2857 4020 3217 4090 illuminatur,
3248 4022 3499 4095 Ieprosus
3540 4042 3705 4081 mun-

2081 4112 2261 4181 datur,
2293 4117 2545 4167 mortuus
2571 4112 2885 4178 suscitatur,
2935 4129 3083 4169 mare
3137 4115 3381 4183 sedatur,
3411 4132 3709 4187 possessus

2079 4220 2111 4256 a
2139 4203 2389 4258 daemone
2420 4202 2708 4259 liberatur.
2740 4204 2865 4259 Haec
2913 4214 2997 4260 est
3026 4204 3121 4260 illa
3150 4207 3553 4276 misericordia,
3606 4227 3709 4281 per

2082 4312 2243 4367 quam
2273 4296 2418 4350 idem
2452 4302 2752 4367 martyrum
2795 4313 2927 4370 grex
2956 4298 3026 4354 ab
3061 4300 3322 4355 omnibus
3368 4300 3519 4357 vitiis
3543 4318 3705 4358 mun-

2081 4386 2240 4443 datus
2269 4396 2354 4443 est
2383 4406 2414 4444 a
2444 4390 2586 4457 Deo;
2615 4391 2710 4462 qui
2753 4391 2822 4447 de
2846 4408 2907 4447 se
2937 4409 3037 4463 per
3072 4393 3403 4464 Prophetam
3428 4394 3702 4467 loquens:

2079 4478 2529 4548 Misericordiam,
2565 4481 2762 4552 inquit,
2821 4498 2995 4538 meam
3033 4498 3145 4539 non
3192 4484 3510 4555 dispergam
3542 4486 3616 4541 ab
3643 4504 3703 4542 eo

2080 4569 2241 4641 (Psal.
2287 4572 2555 4640 Lxxxvui).
2598 4571 2701 4625 Per
2730 4586 2892 4643 quem
2944 4589 3090 4627 nunc
3118 4573 3284 4628 etiam
3330 4591 3361 4628 a
3392 4577 3693 4645 praesentis

2081 4660 2266 4715 saeculi
2300 4668 2459 4716 nocte
2490 4660 2785 4717 translatus
2816 4678 2847 4715 a
2879 4662 2990 4717 Deo
3028 4663 3082 4717 in
3113 4662 3345 4735 gloriam
3376 4679 3556 4733 suam,
3586 4680 3696 4722 non

2085 4753 2359 4808 immerito
2383 4753 2432 4807 ei
2485 4753 2668 4808 dicere
2698 4758 2911 4825 potest:
2974 4755 3246 4809 Emaltabo
3272 4770 3432 4810 mane
3480 4759 3696 4812 miseri-

2086 4843 2331 4898 cordiam
2358 4846 2507 4896 tuam
2536 4841 2694 4911 (Psal.
2729 4843 2857 4909 ως).
2912 4841 2992 4895 Ad
3039 4843 3182 4897 hanc
3230 4843 3435 4915 quippe
3482 4844 3703 4901 miseri-

2085 4934 2328 4990 cordiam
2353 4946 2701 5004 nequaquam
2728 4939 2917 5002 posset
2947 4931 3324 5003 perveniendo
3342 4933 3552 5001 venire,
3595 4935 3700 4989 nisi

2082 5022 2229 5094 quod
2261 5022 2415 5092 prius
2438 5020 2869 5077 commotionem
2903 5020 3148 5077 scelestis
3175 5028 3434 5092 expertus
3472 5028 3557 5077 est
3582 5023 3694 5079 irae.

2082 5118 2210 5182 Quae
2270 5124 2558 5188 postquam
2598 5116 2652 5169 in
2691 5114 2861 5171 corde
2905 5115 3079 5187 ipsius
3129 5115 3396 5172 vitiorum
3450 5117 3695 5173 omnium

2078 5207 2367 5263 sedaverat
2413 5213 2627 5279 stagna,
2703 5206 2885 5261 statim
2955 5223 3056 5277 per
3120 5206 3556 5264 misericordiam
3602 5208 3694 5264 Dei

2076 5301 2217 5357 facta
2241 5307 2327 5355 est
2362 5298 2733 5371 tranquillitas
2776 5315 2995 5373 magna.
3027 5300 3136 5356 Sed
3181 5316 3305 5373 quae
3353 5300 3425 5356 sit
3479 5301 3558 5356 ira
3611 5304 3695 5357 vel

2078 5392 2458 5448 misericordia
2504 5391 2745 5447 caelestis
2782 5407 2966 5446 sermo
3016 5392 3376 5465 propheticus
3406 5402 3493 5448 est
3520 5395 3693 5450 testis.

2076 5484 2245 5548 Quem
2280 5482 2326 5537 si
2361 5482 2430 5536 ad
2463 5481 2787 5537 memoriam
2819 5481 3117 5554 diligenter
3156 5482 3533 5540 revocaveris:
3565 5485 3693 5541 Cum

2071 5578 2249 5630 iratus
2281 5614 2296 5640 ,
2357 5572 2587 5644 inquit,
2640 5575 2815 5639 fueris
2882 5575 3266 5630 misericordia
3319 5575 3692 5631 recordaberis
