3912 6044
243 223 387 278 1017

1740 233 2102 290 SERMONES.

3448 238 3588 296 1018

239 352 469 408 (Habeo.
499 354 600 424 ιιι).
635 355 695 410 ln
723 353 806 408 his
825 353 993 430 igitur
1023 354 1206 410 verbis
1235 358 1539 414 cavendum
1563 368 1646 415 est
1677 359 1858 428 nobis,
1889 369 1935 432 Α
1965 371 2075 429 tur,
2099 363 2194 435 qui
2233 379 2358 419 cum
2399 363 2558 419 Patre
2586 371 2642 420 et
2671 364 2880 436 Spiritu
2908 375 3100 422 sancto
3149 365 3283 422 vivit
3319 371 3374 420 et
3395 380 3566 440 regna

236 443 586 499 dilectissimi
619 445 834 512 fratres,
873 461 941 500 ne
973 445 1054 500 sic
1079 445 1356 512 oblivisci,
1398 450 1485 504 vel
1515 450 1595 506 sic
1623 450 1862 507 oblivio-

234 554 329 592 sus
357 554 389 592 a
425 539 586 595 nobis
617 539 762 595 Deus
790 556 914 595 esse
958 547 1201 612 putetur,
1237 549 1316 608 ut,
1350 543 1491 600 sicut
1521 545 1708 612 homo,
1735 556 1863 617 post

238 629 371 685 iram
415 630 815 688 misericordia
869 635 1208 702 recordetur,
1257 637 1354 692 sed
1405 635 1550 693 sicut
1595 639 1665 693 ad
1724 640 1857 695 iram

237 720 359 787 ejus
381 720 633 778 turbatus
656 730 738 778 est
763 723 906 780 idem
941 727 1213 798 propheta
1238 727 1506 784 mirabilis
1537 731 1763 801 quando
1791 731 1860 786 ad

239 824 388 873 eum,
427 825 552 864 rum
586 813 789 878 iratus,
813 811 1014 885 inquit,
1047 817 1243 883 fueris,
1260 817 1653 873 misericordia
1677 834 1858 874 recor-

237 902 472 965 daberis,
517 903 590 958 ita
619 911 675 959 et
700 919 801 960 nos
838 906 1075 962 humano
1103 923 1279 973 more,
1309 909 1466 981 quasi
1497 909 1734 966 oblitum
1763 927 1858 968 no-

237 991 335 1046 stri
376 993 776 1050 misericordia
807 995 902 1051 Dei
937 1013 1061 1052 cum
1098 998 1529 1073 Psalmographo
1555 1000 1856 1058 clamemus

235 1080 415 1135 verbis
461 1089 515 1136 et
552 1098 644 1136 re:
684 1084 764 1141 Ne
802 1085 1141 1142 obliviscaris
1202 1103 1351 1144 voces
1401 1093 1753 1159 quarentium
1807 1096 1856 1146 te

235 1176 395 1232 lPsal.
457 1191 653 1238 LXXIII).
710 1178 872 1242 Quasi
919 1180 1066 1235 enim
1110 1183 1396 1253 postiram
1457 1183 1853 1240 misericordia

236 1265 574 1334 recordatur,
607 1267 698 1338 qui
731 1267 860 1322 dum
909 1269 1186 1337 irascitur,
1217 1287 1327 1327 non
1367 1272 1548 1326 statim
1595 1275 1849 1344 percutit,

234 1356 332 1409 sed
366 1356 624 1422 minatur,
661 1363 740 1423 ut,
784 1355 914 1411 dum
974 1358 1054 1413 ira
1083 1359 1205 1428 ejus
1242 1361 1481 1415 humana
1513 1360 1718 1416 fuerint
1745 1370 1852 1417 tur—

237 1444 361 1498 bata
417 1444 738 1515 praecordia,
792 1461 904 1500 non
947 1447 1386 1504 misericordiam
1442 1449 1543 1515 ira,
1588 1452 1686 1506 sed
1720 1451 1852 1506 iram

239 1538 422 1609 potius
457 1538 710 1594 excludat
738 1540 1134 1597 misericordia.
1192 1544 1304 1607 Qua
1351 1543 1422 1598 de
1454 1561 1513 1599 re
1541 1561 1609 1600 ne
1643 1545 1854 1600 homini

235 1631 379 1684 Deus
411 1631 464 1684 in
496 1631 784 1700 praesentis
814 1631 1068 1687 Ecclesia
1099 1633 1367 1690 irascatur
1397 1637 1585 1702 domo,
1623 1637 1851 1711 dignum

1964 450 2020 504 in
2065 451 2266 508 sacula
2289 453 2618 508 saeculorum
2675 458 2870 508 Amen.

2609 561 2830 617 SERMO
2875 563 2939 618 ll.

2551 650 2618 688 DE
2642 650 2976 690 ιΑιιτγιιιιιυε

1965 723 2097 778 Item
2153 724 2208 778 in
2250 723 2385 779 illud
2452 725 2646 799 psalmi
2705 743 2824 780 Liv:
2876 730 3018 783 Deus
3064 730 3319 799 repulisti
3360 745 3480 796 nos,
3533 734 3584 784 et

2519 797 2846 853 destrumisti
2899 814 3014 854 nos.

2029 901 2297 966 Quoniam
2331 903 2386 957 in
2425 905 2604 961 altero
2653 921 2930 969 sermone.
2980 907 3323 963 dilectissimi
3365 909 3580 976 fratres,

1959 999 2140 1060 prout,
2198 994 2462 1068 largiente
2497 996 2752 1062 Domino,
2787 999 3086 1068 potuimus,
3131 1016 3256 1072 qua
3286 1000 3369 1054 vel
3407 1001 3586 1072 qualis

1957 1079 2034 1135 ira
2067 1082 2151 1136 vel
2173 1083 2557 1140 misericordia
2587 1086 2682 1140 Dei
2702 1087 2791 1150 sit,
2827 1085 3176 1144 sufﬁcienter
3195 1089 3576 1160 exposuimus,

1957 1181 2122 1228 restat
2161 1181 2219 1229 ut
2247 1175 2351 1230 sub
2383 1186 2511 1247 typo
2543 1178 2636 1233 SS.
2674 1185 2994 1250 martyrum.
3027 1180 3092 1236 N.
3133 1196 3370 1252 quorum
3413 1181 3578 1236 hodie

1953 1263 2221 1319 solemnia
2259 1265 2513 1332 colimus,
2569 1267 2754 1339 aliqua
2785 1269 2853 1323 de
2911 1269 2994 1324 his
3023 1286 3146 1340 qua
3171 1277 3483 1342 sequuntur
3508 1271 3576 1324 ad

1954 1358 2274 1414 memoriam
2315 1360 2665 1428 reducamus,
2723 1363 2871 1419 unde
2927 1363 3110 1434 priora
3174 1364 3576 1434 posterioribus

1955 1447 2346 1502 commendare
2395 1447 2682 1504 valeamus
2763 1450 3056 1522 Postquam
3100 1451 3249 1506 enim
3306 1452 3579 1522 Propheta

1955 1533 2222 1590 describit
2251 1535 2490 1607 qualiter
2512 1537 2832 1611 unigenitus
2855 1540 2950 1596 Dei
2981 1540 3167 1606 Filius,
3199 1541 3270 1595 ad
3293 1541 3576 1596 destruen-

1958 1621 2084 1676 dam
2115 1622 2491 1680 inﬁrmitatem
2521 1627 2776 1683 humana
2804 1629 3266 1694 conversationis,
3297 1632 3476 1684 iratus
3501 1634 3578 1685 est

497 1686 510 1700 .
723 1686 728 1687 7
869 1686 872 1687 7
1049 1686 1058 1687 7
1401 1686 1585 1702 -ν---νι
1629 1686 1846 1711 η-ο---η-

234 1729 316 1774 est
349 1729 406 1776 ut
429 1737 529 1792 per
563 1721 1000 1777 misericordiam
1030 1723 1124 1777 Dei
1156 1723 1427 1781 sibimetsi
1463 1726 1614 1796 prius
1645 1727 1846 1782 irasca-

1956 1719 2006 1768 et
2033 1717 2288 1770 misertus
2341 1721 2419 1771 est
2476 1719 2651 1785 nobis,
2711 1719 2974 1775 continuo
3021 1719 3302 1774 declarare
3361 1721 3574 1787 volens,

236 1817 321 1864 tur
351 1811 546 1879 homo;
589 1810 660 1865 de
701 1811 992 1882 praeteritis
1013 1812 1226 1867 scilicet
1266 1815 1512 1884 peccatis
1537 1816 1858 1886 prophetica

234 1899 324 1954 illa
353 1899 582 1954 studens
619 1900 1000 1964 admonitione
1043 1917 1282 1968 cessare,
1339 1902 1395 1956 ir.
1452 1919 1563 1974 qua
1609 1903 1854 1960 dicitur:

227 1995 557 2058 Irascimini,
589 1998 638 2047 et
664 1993 829 2048 nolite
864 2009 1085 2064 peccare
1117 1995 1266 2065 (Psal
1319 1995 1411 2066 iv).
1447 1996 1523 2048 Ad
1553 1996 1661 2052 hoc
1691 2013 1854 2051 nam-

229 2097 338 2153 que
395 2079 659 2135 cohibere
687 2096 746 2135 se
787 2081 956 2136 debet
998 2098 1029 2136 a
1089 2081 1326 2136 carnalis
1377 2085 1854 2154 concupiscentia

231 2170 398 2238 curis,
448 2180 508 2224 ut
559 2169 702 2224 sicut
729 2170 1021 2241 praeteritis
1067 2170 1323 2226 irascitur
1353 2172 1625 2241 peccatis,
1662 2173 1735 2228 ita
1769 2189 1854 2229 ca-

231 2275 356 2321 veat
385 2266 456 2321 de
484 2265 702 2333 futuris,
742 2283 812 2321 ne
841 2265 1189 2322 defensionis
1231 2267 1380 2323 illius
1411 2268 1628 2340 culpam
1661 2270 1853 2326 videa-

232 2364 320 2410 tur
370 2357 574 2423 subire,
633 2358 702 2412 de
757 2373 866 2429 qua
909 2357 1238 2429 Apostolus:
1308 2361 1428 2416 Non
1476 2363 1847 2430 vosmetipsos,

232 2446 431 2517 inquit,
472 2447 836 2515 defendentes,
867 2447 1194 2515 charisslmi,
1225 2449 1315 2502 sed
1368 2449 1495 2504 date
1535 2450 1705 2504 locum
1753 2452 1850 2505 ira

229 2536 398 2603 (Rom.
427 2539 542 2607 xu).
575 2536 665 2591 Sic
705 2535 870 2610 igitur
899 2553 1011 2608 pra
1039 2537 1254 2592 catcris
1292 2537 1374 2592 ira
1407 2538 1554 2593 illius
1607 2539 1850 2611 prephe-

231 2624 338 2680 tica
364 2640 498 2680 voce
539 2625 814 2693 laudatur,
849 2625 942 2697 qui
975 2634 1265 2698 postquam
1318 2627 1593 2695 irascitur,
1636 2629 1848 2684 miseri-

226 2715 430 2770 cordia
460 2715 798 2770 recordatur.
844 2715 997 2770 Unde
1049 2716 1179 2786 quia
1211 2715 1335 2770 talis
1381 2717 1460 2770 ira
1491 2723 1546 2770 et
1589 2717 1711 2772 talis
1742 2718 1842 2772 mi-

226 2807 527 2863 sericordia
567 2807 771 2862 iudicia
799 2815 928 2862 sunt
970 2807 1171 2862 divina
1211 2808 1548 2883 dignationis
1591 2819 1646 2864 et
1677 2810 1847 2864 mise-

229 2896 478 2964 rationis,
527 2896 734 2952 idcirco
780 2897 862 2952 vir
902 2897 1004 2953 iste
1054 2897 1456 2966 sanctissimus,
1508 2898 1663 2970 quasi
1721 2915 1846 2954 cum

1959 1807 2108 1877 quod
2137 1822 2235 1877 pro
2268 1815 2608 1864 terrenorum
2647 1811 2824 1866 salute
2874 1813 3306 1866 calceamentum
3339 1827 3454 1866 sua
3494 1811 3578 1865 in-

1959 1899 2296 1954 carnationis
2327 1901 2576 1956 extendit
2623 1902 2678 1956 in
2732 1903 3060 1960 ldumaam:
3096 1905 3459 1962 Commovisti.
3488 1903 3576 1958 in-

1961 1990 2102 2062 quit,
2144 1997 2364 2059 terram,
2423 1997 2474 2047 et
2513 1995 2850 2049 conturbasti
2896 2011 3014 2050 eam
3042 1997 3202 2060 (Psal.
3249 1997 3378 2064 1.1x).
3425 1993 3578 2050 Com-

1962 2081 2132 2136 movit
2162 2084 2310 2136 enim
2345 2090 2401 2138 et
2429 2084 2780 2140 conturbavit
2809 2093 3032 2150 terram,
3066 2086 3122 2140 id
3153 2093 3239 2142 est
3265 2087 3432 2142 corda
3465 2094 3572 2142 ter-

1956 2178 2601 2245 renorum,subauditur,
2630 2181 2977 2236 conscientia
2999 2191 3372 2251 peccatorum,
3405 2196 3576 2252 quan-

1952 2271 2024 2327 do
2051 2272 2120 2327 ad
2158 2288 2258 2328 eos
2305 2289 2404 2345 per
2461 2275 2848 2350 Evangelium:
2891 2278 3014 2335 Nisi
3058 2279 3319 2344 conversi,
3373 2276 3572 2348 inquit,

1948 2364 2190 2430 fueritis,
2205 2370 2256 2419 et
2279 2367 2601 2435 efficiamini
2622 2370 2762 2423 sicut
2785 2369 3032 2438 parvuli.
3068 2384 3175 2422 non
3203 2369 3488 2423 intrabilis
3517 2370 3577 2423 in

1948 2470 2166 2522 regnum
2195 2458 2443 2512 calorum
2475 2458 2692 2528 (Matth.
2751 2461 2920 2529 xvm).
2965 2452 3072 2514 Sed
3125 2460 3216 2514 hic
3275 2459 3329 2513 in
3380 2458 3578 2528 primis

1948 2543 2084 2598 illud
2114 2559 2216 2601 nos
2231 2553 2450 2615 Oportet
2477 2547 2830 2602 considerare
2859 2547 3005 2620 quod
3039 2547 3190 2602 aliud
3217 2555 3302 2602 est
3334 2561 3580 2603 commo-

1947 2651 2074 2692 vere
2113 2636 2264 2692 aliud
2297 2637 2651 2704 conturbare,
2693 2639 2916 2710 quando
2947 2640 3058 2695 duo
3109 2641 3226 2695 hac
3264 2639 3433 2695 verba
3463 2639 3570 2693 du-

1949 2725 2147 2796 plicem
2171 2727 2375 2780 habent
2401 2726 2893 2798 significationem,
2929 2744 3025 2798 pro
3057 2743 3125 2783 eo
3174 2727 3388 2783 scilicet
3418 2726 3568 2798 quod

1947 2817 2245 2872 commotio
2279 2817 2512 2889 parturit
2563 2819 2854 2892 gemitum,
2897 2817 3251 2874 conturbatio
3290 2818 3564 2873 dolorem.

1949 2909 2134 2974 Qualis
2163 2917 2345 2964 autem
2378 2909 2485 2964 ista
2516 2910 2814 2965 commotio
2845 2910 2936 2976 sit,
2971 2912 3239 2966 monstrat
3265 2909 3573 2980 Scriptura,

230 2991 447 3047 caeteris
468 2988 731 3047 ﬁdelibus
758 2993 965 3066 gratias
985 3009 1157 3068 agens
1186 2993 1582 3048 misericordia
1616 2993 1850 3049 Redem-
1875 3003 1924 3070 Ο
1950 3005 1996 3059 si
2019 3004 2284 3076 quaeritis,
2316 3004 2410 3059 ubi
2445 3004 2606 3060 dicit;
2661 3007 2792 3063 Cum
2821 3009 3177 3074 jngemueris,
3213 3007 3398 3061 εαιυιιε
3443 3008 3568 3061 eris,

231 3084 422 3156 ptoris,
456 3100 566 3140 non
598 3083 875 3140 immerito
907 3085 1070 3140 dicit:
1103 3087 1291 3140 Iratus
1331 3101 1406 3150 es,
1433 3092 1480 3139 et
1510 3089 1766 3141 misertus
1794 3102 1848 3142 es

226 3174 399 3228 nobis.
452 3173 649 3228 Verum
690 3173 820 3245 quia
875 3173 1101 3246 longum
1161 3174 1328 3230 nimis
1355 3183 1460 3241 cst,
1499 3174 1846 3230 dilectissimi

229 3266 442 3334 fratres,
493 3266 540 3320 si
599 3274 769 3322 totum
827 3266 975 3320 hunc
1015 3266 1286 3337 psalmum
1342 3267 1610 3321 hodierna
1649 3267 1739 3321 die
1788 3266 1844 3321 in

225 3373 395 3411 unum
427 3371 739 3411 sermonem
769 3355 1099 3426 exponendo
1131 3361 1502 3422 coarctemus,
1524 3354 1733 3410 bonum
1761 3363 1847 3412 est

224 3454 280 3501 ut
317 3447 599 3518 hucusque
630 3445 690 3499 in
747 3445 914 3500 alium
949 3444 1096 3499 diem
1137 3454 1338 3499 catera
1369 3445 1606 3500 dicenda
1650 3461 1842 3501 serve-

223 3555 365 3605 mus,
399 3547 458 3593 ut
499 3545 552 3592 et
593 3545 724 3593 tunc
771 3537 827 3591 in
854 3537 1111 3590 manibus
1142 3536 1348 3592 nostris
1394 3536 1604 3608 aliquid
1645 3536 1846 3593 habea-

221 3645 360 3697 mus,
391 3629 536 3683 unde
564 3627 836 3684 conditori
870 3635 1059 3682 nostro
1085 3628 1196 3682 Deo
1231 3643 1454 3698 semper
1482 3628 1690 3702 gratias
1711 3645 1842 3704 aga-

227 3740 370 3780 mus.
403 3724 468 3779 Ut
507 3723 654 3778 enim
689 3722 757 3779 de
785 3722 1048 3794 prasenti
1079 3722 1290 3794 psalmo
1336 3726 1716 3796 unusquisque
1745 3726 1844 3780 ha-

223 3817 371 3882 beat,
405 3816 550 3870 unde
582 3816 784 3871 divinae
833 3815 1058 3871 lectioni
1101 3815 1325 3870 assidue
1383 3825 1558 3881 vacat,
1585 3818 1841 3873 eumdem

223 3909 490 3980 psalmum
525 3908 580 3962 in
613 3917 850 3980 quatuor
877 3917 1062 3980 partes
1083 3909 1332 3964 dividere
1359 3909 1560 3979 placet,
1589 3919 1648 3964 ut
1668 3909 1762 3982 qui
1785 3910 1842 3964 in

226 4009 306 4056 tot
346 4010 641 4074 martyrum
675 3999 1063 4056 festivitatibus
1105 4001 1174 4056 de
1223 4000 1306 4055 eis
1333 4000 1498 4056 silere
1541 4001 1840 4070 voluerint,

226 4091 377 4163 loqui
413 4090 574 4146 faciat
604 4106 789 4146 sermo
823 4091 917 4162 qui
955 4099 1114 4146 tacet.
1149 4091 1300 4146 Unde
1331 4091 1462 4163 quia
1489 4098 1710 4162 tempus
1727 4091 1842 4162 jam

225 4185 477 4239 imminet
541 4199 652 4255 quo
724 4199 1037 4239 sermonem
1114 4185 1277 4239 istum
1337 4184 1403 4239 ad
1479 4183 1647 4240 ﬁnem
1741 4185 1844 4240 du-

1948 3095 2133 3162 Qualis
2161 3112 2292 3152 vero
2321 3096 2424 3150 ista
2451 3096 2803 3153 conturbatio
2834 3097 2926 3164 sit,
2949 3097 3224 3154 sententia
3260 3097 3574 3152 declaratur

1948 3185 2004 3240 in
2057 3203 2143 3248 ea.
2185 3185 2240 3241 in
2297 3202 2408 3257 qua
2454 3186 2944 3262 Psalmographus:
3006 3188 3176 3249 Sana,
3220 3186 3421 3258 inquit,
3464 3200 3568 3252 me,

1946 3277 2190 3344 Domine,
2214 3277 2471 3345 quoniam
2494 3277 2816 3331 conturbata
2833 3280 2961 3331 sunt
2988 3291 3110 3330 ossa
3138 3291 3255 3330 mea
3281 3276 3445 3345 (Psal.
3471 3279 3566 3342 v1).

1950 3365 2052 3420 Per
2081 3365 2224 3420 hanc
2261 3365 2470 3437 quippe
2509 3366 2944 3422 commOtionem
2975 3373 3030 3420 et
3066 3365 3568 3431 conturbationem,

1945 3456 2244 3512 commovit
2279 3462 2333 3511 et
2359 3456 2709 3512 contdrbavit
2750 3457 3012 3512 Dominus
3051 3457 3217 3513 corda
3247 3466 3568 3512 sanctorum

1939 3551 2212 3616 justorum
2246 3548 2472 3620 quando
2501 3548 2568 3602 ad
2597 3563 2695 3604 eos
2735 3564 2834 3619 per
2879 3549 3248 3620 prephetam:
3285 3549 3566 3604 Pamiten-

1943 3639 2097 3700 tiam,
2127 3637 2329 3709 inquit,
2353 3639 2536 3705 agite;
2563 3639 3031 3708 appropinquabit
3047 3640 3184 3692 enim
3208 3653 3438 3706 regnum
3463 3653 3567 3692 οω-

1943 3727 2117 3781 lorum
2147 3725 2360 3797 (Matth.
2403 3742 2507 3792 ιιι),
2540 3741 2610 3781 ne
2639 3725 2900 3798 indignos
2928 3743 2989 3782 se
3028 3726 3202 3781 divisa
3254 3726 3565 3783 salvatione

1943 3816 2211 3876 viderent,
2249 3816 2294 3870 si
2321 3817 2428 3871 hoc
2448 3816 2637 3872 audito
2667 3832 2774 3872 non
2807 3825 3161 3873 moverentur
3185 3823 3240 3872 et
3261 3831 3372 3871 non
3408 3817 3566 3872 time-

1945 3908 2302 3964 rent.Taliter
2329 3908 2492 3963 etiam
2527 3917 2740 3964 mentes
2772 3908 3014 3979 ipsorum
3072 3907 3411 3964 conturbata
3440 3917 3570 3963 sunt

1943 4007 1997 4055 et
2023 4009 2334 4067 commota,
2362 3999 2458 4054 ubi
2481 4000 2646 4055 Isaias
2668 4001 2737 4055 ad
2787 4016 2884 4055 eos
2905 4009 2961 4056 et
2983 4015 3116 4056 nos:
3145 4002 3457 4063 Lavamini,
3479 3999 3569 4054 in-

1945 4091 2084 4164 quit,
2111 4093 2306 4146 mundi
2333 4097 2493 4147 estote
2539 4091 2670 4162 (13a.
2725 4091 2808 4162 ιι),
2857 4099 3134 4163 quatenus
3185 4091 3255 4145 de
3297 4091 3563 4146 cordibus

1946 4180 2193 4251 ipsorum
2235 4188 2291 4235 et
2321 4181 2526 4236 nostris
2577 4180 2820 4236 caelestis
2865 4181 3014 4234 illius
3053 4179 3252 4234 lavacri
3301 4178 3568 4250 spiritalis

225 4290 436 4338 camus,
475 4273 703 4346 dignum
753 4281 835 4326 est
884 4280 941 4327 ut
971 4275 1290 4328 eorumdem
1353 4282 1653 4346 martyrum
1688 4273 1842 4329 Chri-
1871 4273 2010 4346 nad
2067 4274 2236 4329 Deum
2293 4275 2621 4329 ascenderet
2659 4273 2887 4340 clamor,
2940 4274 3009 4327 de
3050 4287 3160 4344 quo
3214 4271 3563 4346 Psalmogra-

224 4366 290 4419 sti
347 4365 601 4436 prasidia
650 4365 771 4420 sine
848 4364 1262 4421 intermissione
1319 4383 1652 4437 quaramus,
1711 4383 1842 4440 qua-

227 4464 407 4522 tenus,
473 4456 683 4510 ineritis
743 4457 985 4527 ipsorum
1049 4457 1542 4525 intercedentibus,
1603 4458 1842 4514 charitas

225 4547 316 4601 illa
343 4564 464 4619 qua
491 4547 743 4602 universa
773 4550 1056 4620 c00pcriat
1079 4549 1278 4604 delicta
1304 4565 1480 4621 usque
1513 4550 1569 4604 in
1595 4549 1762 4606 ﬁnem
1783 4551 1840 4604 in

224 4639 387 4694 nobis
411 4651 603 4714 regnet
623 4639 844 4704 invicta,
869 4641 937 4694 de
953 4657 1061 4711 qua
1091 4642 1409 4711 Apostolus:
1439 4644 1612 4706 Finis,
1639 4643 1838 4714 inquit,

217 4734 481 4803 pracepti
507 4738 584 4787 est
614 4732 876 4798 charitas,
917 4735 980 4787 de
1002 4737 1331 4789 conscientia
1359 4735 1496 4790 bona
1524 4739 1574 4788 et
1599 4735 1707 4804 fide
1733 4751 1840 4790 non

221 4829 351 4896 ficta
387 4827 433 4891 (Ι
459 4827 596 4879 Tim.
631 4827 664 4890 ι)
722 4824 828 4879 Sed
855 4826 1110 4897 quoniam
1145 4827 1327 4882 nullus
1351 4827 1405 4881 in
1437 4825 1684 4896 ejusdem
1719 4843 1842 4899 per-

224 4917 376 4972 fecta
410 4916 694 4971 cliaritatis
735 4917 936 4970 versari
979 4917 1179 4988 poterit
1216 4917 1460 4985 ofﬁcina,
1509 4918 1613 4973 nisi
1646 4919 1740 4990 qui
1774 4921 1843 4974 ab

225 5011 448 5066 homine
487 5012 654 5076 malo,
687 5011 741 5065 id
790 5017 873 5066 est
911 5012 1152 5082 aseipso
1193 5012 1344 5082 prius
1382 5013 1635 5084 repulsus
1675 5013 1842 5070 fuerit

221 5100 594 5155 destructione
635 5100 841 5167 divina,
907 5099 1114 5156 idcirco
1170 5101 1443 5157 orandum
1504 5109 1591 5158 est
1655 5103 1838 5172 nobis,

221 5189 569 5246 dilectissimi
612 5192 826 5260 fratres,
872 5199 932 5248 ut
964 5193 1058 5265 qui
1093 5193 1286 5248 electis
1314 5193 1430 5248 suis
1471 5195 1718 5266 quotidie
1749 5195 1841 5267 pic

223 5278 479 5334 irascitur
515 5286 569 5334 et
618 5279 936 5346 miseretur,
970 5287 1076 5336 tam
1130 5283 1436 5336 clementer
1461 5289 1516 5338 et
1543 5291 1650 5338 tam
1684 5283 1845 5339 beni-

219 5381 330 5441 gne
362 5367 522 5422 nobis
553 5366 714 5424 irasci
741 5375 796 5424 et
829 5369 1077 5424 misereri
1097 5369 1378 5442 dignetur,
1411 5376 1470 5424 ut
1498 5379 1552 5426 et
1577 5387 1679 5427 nos
1715 5389 1840 5428 cum

219 5459 430 5514 eisdem
471 5459 666 5514 Christi
719 5462 1056 5533 martyribus
1087 5463 1255 5536 digne
1312 5462 1419 5517 sibi
1447 5463 1685 5519 clamare
1726 5481 1842 5536 pos-

220 5548 395 5602 simus
429 5549 672 5618 elogium
707 5549 842 5604 illud
877 5551 1210 5621 praplietica
1243 5551 1622 5620 jubilationis:
1661 5554 1843 5614 Iratus

233 5655 282 5690 es
322 5641 370 5692 et
401 5641 648 5693 misertus
677 5655 730 5693 es
766 5640 939 5697 nobis.
987 5640 1141 5706 Quod
1181 5641 1300 5714 ipse
1341 5649 1607 5714 prastare
1637 5643 1839 5717 digne-

1871 4323 1922 4390 Ι)

1943 4365 2115 4436 phus:
2149 4365 2376 4420 Lavabis
2405 4380 2503 4429 me,
2546 4363 2746 4435 inquit,
2798 4368 2848 4418 et
2871 4378 3036 4433 super
3063 4367 3238 4417 nivem
3263 4363 3562 4417 dealbabor

1939 4457 2106 4528 (Psal.
2129 4460 2220 4525 L.).
2251 4455 2557 4512 Commovit
2577 4457 2742 4510 etiam
2771 4470 2868 4510 eos
2897 4465 2950 4510 et
2977 4453 3348 4519 conturbavit,
3377 4469 3561 4526 quan-

1939 4549 2010 4605 do
2057 4549 2139 4604 eis
2177 4549 2324 4603 inter
2361 4548 2528 4602 alios:
2595 4548 2716 4604 Nisi
2769 4549 3010 4602 conversi
3055 4547 3297 4614 fueritis,
3355 4545 3556 4618 inquit,

1936 4639 2184 4706 gladium
2211 4653 2368 4691 suum
2417 4637 2656 4690 uibrauit
2695 4635 2863 4706 (Psal.
2894 4639 3010 4702 vn),
3042 4635 3248 4706 quique
3307 4650 3376 4690 ne
3421 4651 3557 4690 con-

1939 4730 2210 4786 versionis
2239 4745 2354 4784 sua
2383 4728 2690 4783 remedium
2721 4728 2806 4783 vel
2846 4729 2914 4783 ad
2947 4729 3136 4784 horam
3169 4727 3396 4800 quidem
3440 4727 3557 4784 vel-

1944 4828 2066 4876 tent
2092 4819 2310 4876 differre
2343 4819 2603 4891 pusillum
2628 4820 2892 4877 continuo
2915 4819 3306 4876 subinferens:
3337 4822 3556 4886 Arcum,

1946 4911 2148 4984 inquit,
2170 4927 2326 4966 suum
2363 4913 2586 4966 tetendit
2613 4916 2663 4966 et
2681 4915 2904 4982 paravit
2930 4913 3086 4968 illum
3108 4911 3307 4981 (ibid).
3334 4912 3398 4965 ln
3423 4909 3553 4982 qui-

1941 5001 2046 5055 bus
2089 5000 2292 5066 verbis,
2325 5000 2665 5055 dilectissimi
2716 5001 2931 5069 fratres,
2991 5001 3224 5072 abyssus
3254 4998 3556 5054 divinitatis

1941 5101 2025 5146 est
2055 5091 2244 5146 multa.
2275 5091 2536 5162 quoniam
2569 5091 2712 5147 sicut
2741 5108 2841 5162 per
2864 5093 3109 5168 gladium
3149 5101 3340 5162 aperta
3362 5090 3463 5154 ira,
3484 5090 3558 5145 ita

1944 5198 2044 5254 per
2073 5199 2258 5238 arcum
2294 5199 2478 5258 pugna
2499 5183 2752 5258 signatur
2788 5184 3021 5241 occulta.
3051 5184 3164 5240 Hoc
3189 5183 3358 5257 igitur
3402 5181 3556 5240 verbi

1945 5280 2188 5336 calestis
2219 5279 2405 5355 gladio
2437 5279 2760 5335 earumdem
2817 5289 3112 5352 martyrum
3152 5279 3374 5334 animus
3401 5294 3561 5348 super

1943 5374 2140 5440 femur,
2165 5377 2311 5428 tuum
2331 5375 2698 5442 potentissime
2727 5373 2900 5443 (Psal.
2929 5371 3098 5442 xuv),
3127 5370 3229 5426 fuit
3257 5369 3556 5436 accinctus,

1943 5462 2166 5534 quando
2194 5479 2295 5534 per
2332 5461 2513 5533 ipsum
2561 5468 2618 5516 et
2648 5469 3026 5532 persecutores
3069 5459 3201 5516 foris
3252 5467 3308 5515 et
3359 5457 3560 5514 diabo-

1943 5553 2052 5607 lum
2094 5552 2376 5608 devicerat
2405 5549 2575 5616 intus,
2608 5557 2669 5606 ut
2696 5550 2866 5626 gladii
2897 5549 3047 5606 illius
3075 5547 3382 5605 contrarios
3419 5562 3554 5602 eva-

1941 5645 2106 5702 sisset
2131 5657 2367 5709 errores,
2395 5641 2466 5697 de
2497 5658 2607 5714 quo
2639 5643 2906 5713 scriptum
2937 5651 3020 5696 est
3043 5659 3056 5696 :
3081 5639 3338 5696 Gladium
3372 5644 3557 5706 euagi-
