3920 6054
365 211 504 267 1019
1338 229 1704 287 BERENGOSI
1749 235 1962 290 ABBAT

2070 238 2104 290 S
2170 241 2411 298 ΜΛΧΙΜΙ
2450 236 2714 295 TREVIR.
3554 245 3713 302 1020

363 344 631 441 noverunt
665 348 963 410 peccatores
1018 346 1181 441 (Psal.
1239 355 1449 425 xxxvi).
1496 356 1751 414 Tetendit
1809 361 1976 416 etiam
2002 371 2051 437 Α
2078 382 2217 439 gens
2246 369 2339 424 illa
2365 369 2642 441 quondam
2692 366 2954 422 caecitatis
2993 382 3253 438 percussa
3295 376 3379 424 est
3416 370 3702 426 deformi-

364 428 744 532 arcum'bunc,
778 446 877 501 per
913 449 1075 532 quem
1107 437 1313 494 Novum
1373 442 1784 502 Testamentum
1815 465 1979 506 voca-
2002 428 2051 437 η
2078 428 2208 527 tate,
2245 475 2344 531 pro
2385 428 2509 532 .qua
2566 459 2779 514 Eliseus
2809 458 2877 512 ad
2941 458 3263 514 Dominum:
3321 466 3559 529 Percute,
3608 464 3707 517 ob-

364 527 450 571 tur
480 519 741 622 etYetus,
774 527 999 622 quando
1028 528 1083 582 in
1113 531 1232 622 lege
1253 535 1474 622 Domini
1497 542 1866 598 meditabatur
1885 545 1977 601 die
2075 519 2259 616 secro;
2301 519 2501 621 inquit,
2553 553 2794 611 Domine,
2840 553 3048 617 gentem
3100 552 3239 606 hanc
3293 519 3556 607 comitate,
3602 555 3709 619 (IV

361 613 979 712 nocteﬂinquietus,
1039 632 1107 671 ne
1170 619 1374 678 infidus
1429 635 1808 696 percuteretur
1846 648 1975 688 arcu
2076 639 2204 705 Reg.
2260 613 2798 709 vi).-Contritiones
2858 652 3049 693 eorum
3108 640 3343 705 sanavit,
3402 640 3497 712 qui
3559 657 3704 710 quos

363 696 510 753 illius
539 700 788 774 maligni,
822 704 891 760 de
925 724 1035 778 quo
1074 712 1335 784 scriptum
1381 725 1493 773 est:
1542 722 1752 777 Arcum
1793 731 1972 780 conte-

296 830 307 841 .
360 794 469 855 ret,
533 796 583 846 et
633 796 935 865 confringet
989 817 1167 870 arma,
1226 810 1275 860 et
1330 816 1492 865 ’scuta
1538 815 1805 869 comburet
1855 820 1974 885 igni

361 886 527 974 (Psal.
560 889 707 956 XLV).
766 889 967 947 Taliter
1014 897 1223 968 quippe
1266 910 1530 974 martyres
1585 906 1675 962 isti
1736 912 1970 966 sanctis-

360 972 485 1026 simi
525 974 711 1030 verbis
765 980 1004 1036 caelestis
1050 985 1235 1057 gladio
1286 972 1545 1048 commoti
1576 1002 1703 1049 sunt
1755 1005 1809 1051 et
1837 1014 1973 1053 con-

361 1064 582 1132 turbati,
611 1070 833 1138 quando
880 1071 935 1126 in
995 1077 1292 1133 novitatem
1324 1082 1447 1138 vitae
1485 1100 1516 1138 a
1565 1094 1791 1156 paterna
1846 1100 1973 1146 sunt

359 1163 626 1214 vetustate
661 1164 931 1232 translati,
965 1184 1063 1237 pro
1109 1171 1419 1230 simulacris
1458 1178 1719 1235 videlicet
1761 1185 1968 1249 multis,

359 1255 414 1303 et
444 1249 681 1320 lapideis
704 1255 957 1312 colentes
989 1276 1159 1316 unum
1218 1266 1389 1323 Deum
1437 1276 1493 1324 et
1523 1271 1838 1343 Dominum,
1876 1278 1969 1348 qui

359 1358 458 1411 per
478 1344 841 1416 Prophetam:
873 1353 1203 1425 Simulacra,
1236 1360 1436 1432 inquit,
1478 1369 1737 1433 gentium,
1769 1344 1970 1438 argen-

356 1441 468 1536 tnum
493 1444 543 1494 et
561 1456 774 1536 aurum,
799 1458 962 1513 opera
993 1464 1250 1506 manuum
1281 1454 1557 1513 hominum
1597 1460 1766 1530 (Psal.
1801 1467 1965 1536 cxxn).

363 1525 628 1584 Commoti
661 1530 822 1585 etiam
850 1543 980 1591 sunt
1018 1553 1048 1591 a
1081 1540 1309 1608 malitia,
1346 1552 1406 1599 ut
1449 1562 1558 1617 non
1593 1525 1974 1608 dominaretur

358 1618 440 1672 eis
486 1621 666 1675 omnis
714 1623 1002 1694 injustitia,
1042 1633 1265 1701 quando
1311 1642 1369 1690 ut
1396 1639 1637 1696 caelestis
1688 1643 1810 1698 vitae
1857 1645 1968 1702 Deo

2068 733 2280 785 vocavit
2307 732 2400 786 ho:
2443 735 2491 785 et
2527 732 2859 800 justiﬁcavit
2896 730 3065 801 (Rom.
3100 742 3243 799 VIII);
3294 733 3557 804 quoniam
3594 752 3705 805 per

2071 819 2253 889 ipsum
2281 820 2406 874 etin
2437 820 2555 890 ipso
2583 819 2830 875 mundati
2857 828 2986 876 sunt
3019 821 3088 876 ab
3132 822 3285 877 omni
3316 823 3479 878 sorde
3522 824 3706 880 vitio-

2072 926 2214 975 rum,
2238 913 2336 981 qui
2361 915 2522 966 sanat
2536 914 2792 968 contritas
2821 914 2997 975 corde,
3027 917 3076 968 et
3108 915 3302 983 alligat
3338 919 3700 971 contritiones

2073 1018 2252 1058 eorum
2271 1005 2438 1071 (Psal.
2472 1004 2669 1075 CXLVI).
2696 1005 2849 1060 Unde
2878 1007 3008 1076 quia
3031 1007 3239 1062 sanatis
3264 1009 3707 1065 contritionibus

2071 1100 2410 1159 sanctorum,
2439 1110 2540 1164 per
2567 1096 2765 1151 multas
2818 1097 3192 1151 tribulationes
3230 1112 3316 1153 eos
3363 1103 3569 1168 oportet
3614 1100 3701 1152 in-

2072 1186 2219 1235 trare
2245 1183 2305 1235 in
2330 1197 2557 1250 regnum
2584 1184 2836 1238 calorum
2865 1185 3012 1252 (Act.
3054 1185 3186 1255 xiv),
3211 1185 3417 1241 idcirco
3440 1188 3699 1257 prophe-

2073 1274 2127 1323 ta
2152 1269 2441 1326 declarans
2472 1281 2675 1344 quanta
2700 1274 2847 1344 passi
2878 1274 2991 1329 sint
3020 1274 3077 1328 in
3111 1276 3398 1345 praesentis
3428 1276 3696 1331 Ecclesia:

2072 1374 2350 1429 pressura,
2383 1361 2644 1417 continuo
2683 1362 3063 1418 subinferens:
3121 1365 3438 1431 Ostendisti,
3481 1365 3697 1437 inquit,

2065 1458 2267 1526 populo
2328 1457 2473 1511 dura
2513 1460 2674 1529 (Psal.
2746 1460 2872 1530 1.1x).
2943 1460 3160 1515 Sanctis
3221 1462 3428 1532 quippe
3481 1470 3700 1533 marty-

2075 1549 2400 1621 ribusjdura
2446 1552 2883 1607 ostendebantur
2907 1569 2939 1607 a
2975 1554 3106 1618 Deo,
3138 1554 3361 1625 quando
3393 1556 3448 1608 in
3490 1571 3695 1626 perse-

2071 1638 2408 1705 cutionibus,
2452 1656 2589 1711 quas
2614 1642 2840 1711 pertulit
2895 1642 3159 1708 Ecclesia,
3219 1644 3355 1698 dura
3386 1652 3442 1699 et
3477 1644 3695 1698 imma-

359 1706 530 1807 digne
568 1712 918 1782 perciperent
962 1716 1301 1791 alimoniam,
1333 1741 1522 1795 pacem
1555 1745 1678 1784 cum
1711 1733 1969 1790 omnibus
1991 1706 2044 1762 Β
2073 1732 2303 1787 nissima
2337 1739 2613 1787 tormenta
2643 1733 2994 1803 patiebantur
3027 1751 3125 1805 pro
3157 1750 3258 1791 eo:
3312 1736 3555 1808 ideoque
3598 1753 3699 1792 eos

360 1798 533 1897 secuti
553 1807 765 1897 suntet
794 1806 1236 1865 sanctimoniam.
1290 1813 1555 1872 Commoti
1591 1828 1720 1875 sunt
1751 1828 1806 1877 et
1834 1839 1972 1879 con-
2073 1824 2392 1894 apostolicis
2421 1824 2555 1878 viris
2607 1840 2717 1881 non
2769 1825 3041 1881 immerito
3085 1825 3558 1897 comparabimus,
3625 1826 3697 1882 de

361 1889 562 1943 turbati
596 1894 810 1962 quoties
837 1896 905 1950 ab
934 1899 1014 1953 eis
1044 1903 1496 1970 pravitatisillius
1521 1920 1604 1966 est
1643 1913 1729 1968 via
1768 1915 1969 1987 despe-

365 1986 473 2074 cta,
506 1982 576 2036 de
606 2000 714 2055 qua
745 1985 1034 2043 Salomon:
1063 1996 1179 2059 Est,
1217 1996 1416 2067 inquit,
1456 2004 1548 2056 via
1586 2020 1705 2074 quia
1758 1982 1973 2065 videtur

365 2072 669 2169 hominibus
719 2082 867 2132 recta
893 2081 1064 2145 (Prov.
1099 2088 1232 2156 xiv),
1277 2088 1331 2142 in
1365 2072 1613 2160 ejusdem
1646 2097 1747 2152 vite
1792 2103 1969 2169 pessi-

365 2174 507 2214 mam
558 2161 872 2222 inciderent
907 2177 1133 2239 sortem,
1191 2175 1261 2230 de
1301 2195 1408 2250 qua
1448 2161 1829 2258 subjungitur:
1868 2192 1976 2246 No-

2074 1915 2277 1987 quibus
2307 1916 2623 1985 Apostolus:
2684 1918 2746 1973 Si
2774 1920 3149 1987 compatimur,
3196 1918 3397 1989 inquit,
3454 1923 3506 1973 et
3563 1934 3702 1974 con-

2074 2010 2421 2075 regnabimus
2477 2011 2648 2075 (Rom.
2703 2010 2842 2075 vm).
2893 2008 3033 2063 Dura
3087 2008 3252 2063 etiam
3304 2023 3404 2079 pro
3471 2007 3696 2064 Christo

2073 2097 2220 2168 passi
2274 2105 2402 2153 sunt
2431 2098 2598 2152 iidem
2657 2097 2711 2153 S.
2752 2097 3005 2153 Ecclesiae
3063 2097 3181 2164 ﬁlii,
3212 2098 3435 2170 quando
3462 2108 3692 2170 aposto-

2078 2188 2255 2243 lorum
2282 2188 2519 2262 vestigia
2536 2189 2737 2253 secuti,
2793 2188 2949 2242 ibant
2977 2187 3270 2254 gaudentes
3319 2203 3355 2242 a
3404 2194 3696 2258 conspectu

364 2259 584 2356 υίξδὶῖηα
623 2263 739 2356 ejus
769 2265 1038 2322 deducunt
1070 2272 1146 2325 ad
1171 2279 1394 2331 mortem
1425 2278 1626 2350 (ibid.).
1663 2282 1978 2342 Commovet
2077 2282 2294 2336 concilii
2322 2259 2464 2351 (Act.
2490 2283 2564 2349 v),
2589 2279 2830 2336 scientes
2849 2280 3129 2347 videlicet,
3160 2295 3219 2334 se
3249 2295 3316 2336 eo
3355 2281 3531 2356 magis
3554 2281 3700 2336 divi-

364 2350 529 2405 etiam
557 2359 611 2407 et
635 2352 940 2423 iconturbat
989 2364 1238 2433 quotidie
1295 2376 1492 2426 terram
1556 2375 1808 2431 humanae
1838 2394 1971 2434 con-

364 2442 635 2540 scientiae,
666 2447 757 2501 ubi
789 2448 938 2505 dicit.
996 2454 1160 2523 Agite
1212 2460 1423 2525 fructus
1478 2466 1667 2533 dignos
1708 2475 1973 2540 paeniten-

364 2535 453 2632 tiai
508 2535 790 2632 (Luc._v).
842 2556 911 2595 ne
965 2547 1286 2616 prophetica
1363 2552 1452 2608 illa
1501 2535 1972 2632 transgrediamur

364 2626 568 2727 edicta,
599 2630 802 2700 quibus
825 2635 1062 2693 dicitur:
1100 2642 1451 2704 Ptenitemini
1475 2657 1523 2706 ct
1575 2626 1967 2727 convertimini,

362 2720 424 2770 ut
476 2717 757 2775 deleantur
810 2730 990 2783 vestra
1042 2732 1239 2788 delicta
1275 2736 1421 2805 (Act.
1470 2758 1538 2798 Vl.
1587 2717 1971 2804 Commovetur

362 2805 522 2859 etiam
555 2809 803 2879 quidem,
845 2830 955 2870 non
998 2817 1054 2871 in
1101 2826 1582 2896 resurrectionem,
1626 2834 1723 2888 sed
1766 2835 1820 2889 in
1852 2838 1969 2891 rui-

364 2899 614 2993 nam,-de
640 2917 749 2993 qua
777 2903 1070 2963 Salomon:
1119 2915 1364 2984 Egestas,
1407 2919 1605 2991 inquit,
1638 2929 1687 2978 et
1738 2928 1972 2993 ignomi-

2074 2388 2157 2428 nae
2188 2372 2486 2445 placituros
2516 2373 2725 2444 pietati,
2757 2388 2866 2445 quo
2899 2373 3061 2439 digni
3105 2374 3214 2427 sint
3262 2374 3440 2428 habiti
3460 2388 3563 2443 pro
3594 2390 3695 2429 no-

2071 2471 2351 2524 mineJesu
2375 2470 2745 2523 contumeliam
2774 2471 2895 2538 pati
2925 2468 3123 2538 (ibid).
3161 2467 3252 2522 Sic
3273 2468 3443 2539 igitur
3474 2471 3690 2539 p0pulo

2071 2577 2173 2617 suo
2199 2561 2336 2615 dura
2383 2559 2642 2623 ostendit,
2700 2560 2921 2631 quando
2969 2560 3050 2613 eis
3103 2559 3535 2629 praecedentium
3590 2561 3695 2614 Pa-

2072 2658 2214 2705 trum
2241 2651 2493 2721 exempla
2541 2650 2850 2720 prtetendit,
2884 2658 3157 2721 quatenus
3183 2648 3542 2704 erudirentur
3567 2667 3690 2704 ver-

2071 2740 2157 2795 bis
2194 2740 2511 2811 apostolicae
2532 2740 2807 2807 lectionis,
2830 2740 2959 2812 quia
2981 2756 3092 2795 non
3118 2744 3240 2795 sunt
3258 2740 3694 2809 condignwpas-

2072 2834 2247 2887 siones
2303 2832 2470 2901 hujus
2523 2835 2793 2902 temporis.
2845 2833 2918 2886 ad
2946 2834 3195 2900 futuram
3246 2833 3502 2900 gloriam,
3569 2849 3694 2902 qua:

2072 2926 2399 2980 revelabitur
2449 2928 2509 2979 in
2554 2926 2708 2980 nobis
2740 2925 2911 2995 (Rom.
2973 2926 3103 2996 vui).
3140 2925 3246 2981 Sed
3282 2936 3338 2980 et
3377 2925 3485 2981 alio
3525 2926 3696 2981 modo

358 2987 456 3038 nia
473 2989 532 3091 ei
683 2992 1257 3091 deserit-disciplinam
1304 2987 1500 3076 (Prov:
1530 2987 1668 3079 xui).
1711 2987 1968 3074 Cdmmo-
1997 3067 2042 3091 η
2071 3019 2207 3072 dura
2245 3018 2487 3073 ostendit
2507 3017 2714 3088 p0pulo
2743 2987 2864 3086 suo,
2894 3018 2989 3074 ubi
3031 2987 3336 3091 unicuique
3385 3036 3485 3090 per
3513 3020 3693 3074 Evan-

637 3079 647 3089 ,
1051 3067 1054 3068 ⁷
1310 3067 1317 3076 '
1633 3067 1642 3079 ¹
1724 3067 1927 3074 ""“""
2075 3067 2207 3072 _""‘
2251 3067 2708 3088 """""l"l""
2743 3067 2864 3086 '_"
2899 3067 2989 3074 ""'
3037 3067 3334 3091 "“"'"'1"'
3387 3067 3473 3090 r"
3513 3067 3661 3074 _'""

362 3082 559 3185 ven-tur
575 3085 1018 3185 etiamquidem,
1052 3106 1162 3146 non
1214 3094 1267 3148 in
1302 3098 1537 3169 ruinam,
1568 3105 1667 3158 sed
1699 3106 1753 3160 in
1785 3124 1968 3165 resur-
1995 3067 2044 3136 Ο
2067 3111 2276 3185 gelium
2322 3111 2585 3183 loquens:
2655 3113 2881 3180 Diliges,
2939 3112 3135 3184 inquit,
3197 3115 3487 3168 Dominum
3526 3115 3694 3167 Deum

705 3172 1085 3275 nihilominus,
1119 3185 1187 3275 de
1234 3188 1439 3258 quibus
1495 3193 1798 3266 PrOpheta:
1853 3204 1969 3275 ΑΡ-
2067 3172 2220 3255 tuum
2246 3215 2312 3253 em
2342 3172 2473 3273 toto
2504 3200 2659 3254 corde
2701 3172 2791 3253 tuo
2840 3172 3056 3271 (Mattii.
3109 3172 3260 3272 xxn).
3316 3202 3378 3256 Et
3423 3202 3689 3273 quoniam

355 3258 699 3362 Τίνθλῗηάίίξζ
727 3263 927 3362 influit:
959 3270 1330 3362 disciplinam,
1361 3282 1413 3334 si
1439 3286 1661 3352 quando
1689 3258 1967 3362 irascatur
2068 3290 2125 3344 in
2154 3290 2257 3345 hac
2287 3267 2405 3345 sola
2436 3290 2735 3345 dilectione
2795 3258 2979 3345 nullus
3011 3291 3176 3347 homo
3236 3258 3517 3362 perfectius
3551 3308 3693 3348 con-

355 3349 613 3437 Dominus
643 3351 809 3422 (Psal.
848 3357 925 3428 η).
960 3358 1114 3416 Unde
1142 3365 1272 3436 quia
1318 3349 1497 3426 ﬁdelis
1552 3376 1734 3433 anima
1784 3360 1962 3437 sanari

357 3435 539 3529 digna
566 3455 681 3495 non
735 3451 836 3509 est,
887 3447 990 3502 nisi
1046 3467 1167 3522 quae
1207 3472 1306 3525 per
1343 3459 1485 3516 hanc
1527 3469 1962 3529 commotionem

357 3524 581 3619 diabolo
616 3529 899 3619 incognita
953 3548 1010 3593 et
1060 3541 1169 3598 Deo
1210 3524 1350 3603 nota
1407 3558 1511 3618 est,
1570 3554 1774 3614 idcirco

356 3614 522 3721 pheta
550 3618 927 3679 subinferens:
960 3629 1128 3697 Sana,
1172 3632 1371 3706 inquit,
1430 3614 1776 3701 contritiones
1821 3614 1959 3721 ejus,

351 3710 485 3778 quia
520 3723 784 3770 commota
810 3721 887 3772 est
915 3719 1079 3788 (Psal.
1140 3728 1266 3797 LIX).
1308 3729 1525 3787 Sciebat
1552 3737 1701 3791 enim
1744 3710 1960 3800 vir'iste

354 3802 775 3904 probatissimus
797 3811 925 3881 quia
964 3830 1310 3890 nequaquam
1345 3836 1530 3893 posset
1556 3829 1726 3902 digne
1755 3838 1956 3904 sanari,

352 3907 459 4000 nisi
493 3902 643 3961 prius
666 3902 813 3968 apud
854 3918 914 3958 se
946 3905 1093 3961 intus
1125 3913 1465 3979 pwnitentiae
1492 3929 1799 3978 mereretur
1817 3902 1960 4000 aqua

350 3985 579 4080 turbari,
606 3989 841 4065 ideoque
865 4014 964 4068 pro
983 4005 1235 4074 exemplo
1262 4008 1585 4080 languidum
1610 4016 1762 4072 illum
1785 3985 1956 4078 evan-

349 4078 587 4151 gelicum
622 4096 754 4184 ante
793 4093 983 4148 oculos
1028 4100 1228 4154 mentis
1267 4100 1496 4161 fortasse
1546 4109 1806 4181 habebat,
1860 4120 1955 4189 qui

348 4176 473 4275 post
504 4173 802 4275 motionem
843 4196 1000 4253 aquae
1030 4201 1197 4242 sanus
1228 4188 1414 4248 fiebat.
1468 4196 1592 4253 Haec
1622 4173 1803 4275 igitur.
1826 4173 1961 4263 edn-

350 4260 497 4362 tritio
523 4260 803 4322 fortiorem
855 4270 911 4324 in
948 4272 1159 4332 Christo
1194 4288 1508 4339 sanctorum
1542 4260 1844 4362 martyrum
1866 4260 1959 4351 er-

2067 3387 2195 3447 stat,
2228 3380 2332 3434 nisi
2384 3388 2441 3434 et
2464 3379 2627 3433 aliam
2687 3379 2870 3435 adhuc
2896 3380 3099 3436 habeat
3128 3398 3292 3453 quam
3333 3383 3385 3435 in
3409 3384 3696 3453 sequenti-

2065 3472 2171 3527 bus
2201 3472 2562 3541 demonstrat,
2608 3472 2815 3529 idcirco
2838 3473 3127 3530 declarans
3175 3482 3382 3546 quanta
3418 3474 3689 3530 charitate

2065 3561 2291 3616 tendere
2320 3577 2379 3615 se
2406 3560 2608 3616 debeat
2632 3562 2770 3616 alter
2798 3562 2866 3616 ad
2901 3562 3154 3627 alterum,
3187 3562 3453 3618 continuo
3487 3565 3686 3618 subin-

2064 3649 2288 3705 ferens:
2339 3652 2564 3719 Diliges,
2614 3650 2814 3722 inquit,
2862 3654 3174 3720 proximum
3206 3656 3358 3707 tuum
3411 3656 3553 3707 sicut
3615 3661 3695 3708 te-

2060 3748 2240 3814 ipsum
2262 3745 2466 3817 (ibid).
2519 3745 2645 3801 Haec
2686 3746 2854 3820 igitur
2901 3746 3013 3800 duo
3065 3753 3340 3817 praecepta
3369 3747 3683 3818 charitatis,

2060 3838 2119 3890 in
2141 3837 2337 3906 quibus
2366 3841 2478 3892 tota
2517 3838 2605 3892 lea:
2630 3838 2826 3909 pendet
2856 3843 2905 3893 et
2949 3842 3229 3909 propheta:
3259 3840 3464 3911 (ibid.),
3499 3855 3597 3895 vos
3631 3841 3687 3894 in

2059 3927 2239 3996 vobis,
2295 3928 2638 3983 dilectissimi
2700 3929 2916 3995 fratres,
2971 3931 3305 4001 quantocius
3375 3931 3684 4001 adimplere

2059 4020 2299 4087 studete,
2340 4020 2531 4092 sicque
2570 4021 2951 4093 unusquisque
2989 4028 3227 4077 vestrum
3289 4023 3436 4094 apud
3493 4039 3551 4078 se
3599 4023 3683 4078 fa-

2058 4110 2165 4165 cile
2206 4110 2506 4181 perpendit
2558 4127 2723 4182 quam
2775 4112 2912 4167 dura
2960 4122 3090 4167 sunt
3156 4130 3279 4185 qua;
3322 4115 3594 4185 praecipit,
3629 4123 3685 4169 et

2064 4218 2230 4274 quam
2278 4203 2415 4257 dura
2471 4218 2594 4274 quae
2644 4204 2905 4259 ostendit.
2960 4204 3056 4260 llle
3133 4206 3304 4269 enim,
3350 4206 3495 4260 sicut
3533 4209 3685 4262 arbi—

2061 4302 2207 4363 tror,
2286 4295 2622 4366 quaerendus
2692 4304 2775 4351 est
2847 4298 2900 4351 in
2989 4313 3219 4354 numero
3299 4301 3623 4371 angelorum
3662 4345 3676 4363 ,

348 4354 791 4459 (filia‘tqn‘entem,
822 4366 877 4414 et
911 4362 1263 4459 .debilitatem
1322 4375 1529 4430 mundo
1586 4354 1704 4435 Deo
1737 4398 2031 4459 semper“
2061 4354 2249 4440 etnon
2280 4354 2591 4452 hominum,
2637 4386 2731 4457 qui
2770 4387 2864 4447 ita,
2904 4387 3048 4441 sicut
3077 4388 3331 4458 praecipit
3372 4354 3675 4459 Dominus,

349 4440 592 4551 Ceddidit
612 4448 911 4551 valentem,
938 4456 1023 4551 de
1072 4475 1181 4529 qua
1208 4461 1400 4532 David,
1430 4468 1588 4536 cujus
1618 4486 1802 4529 sermo
1973 4440 2034 4507 D
2059 4478 2236 4532 valeat
2256 4477 2486 4551 diligere
2522 4440 2837 4543 Dominum,
2879 4488 2972 4533 aut
2993 4440 3092 4550 qui
3119 4480 3209 4534 tali
3240 4440 3473 4536 lectione
3504 4482 3570 4536 ad
3596 4440 3677 4537 al:

771 4548 1309 4646 cpftiitum,inquit,
1359 4562 1407 4610 et
1437 4559 1777 4619 humiliatum
1814 4570 1955 4626 Deus
2059 4579 2232 4628 terum
2291 4532 2481 4628 teridat
2545 4574 2928 4643 semetipsum,
2994 4532 3054 4627 111
3110 4574 3302 4646 diligat
3361 4577 3670 4646 proximum

343 4636 458 4718 non
480 4625 737 4695 despicies
789 4631 956 4701 (Psal.
1014 4639 1089 4705 ι).
1144 4640 1316 4710 Sana,
1350 4646 1547 4718 inquit.
1583 4649 1706 4707 Haec
1749 4666 1835 4712 est
1860 4625 1954 4712 illa

343 4714 567 4782 sanitas,
609 4718 952 4782 dilectissimi
984 4747 1146 4801 quam
1190 4714 1651 4814 Psalmoéraphus
1681 4746 1810 4801 olim
1847 4748 1949 4804 im-

343 4818 597 4900 precatus
643 4824 725 4873 est
762 4819 888 4888 sibi,
923 4828 1143 4895 quando
1175 4846 1473 4890 conversus
1528 4839 1595 4893 ad
1627 4841 1946 4900 Dominum:

340 4898 507 5001 Sana,
556 4902 753 4978 inquit,
806 4916 1046 4973 animam
1098 4937 1290 4991 meam,
1356 4929 1507 4996 quia,
1566 4938 1789 5001 peccavi
1852 4938 1956 4992 tibi

340 4991 503 5096 (Psal..
550 5000 653 5065 XL).
712 5002 833 5061 Haec
885 5016 969 5064 est
1016 5011 1108 5067 illa
1165 4991 1383 5072 sanitas
1427 4991 1526 5091 per
1566 4991 1744 5096 -quam
1803 4991 1951 5085 idem

339 5083 605 5186 Dominus
651 5102 839 5151 noster
913 5105 1125 5159 sanavit
1189 5110 1549 5169 contritiones
1601 5083 1948 5190 sanctorum,

466 5195 566 5248 Per
612 5183 1180 5279 Oseeprophetam:
1230 5201 1467 5271 Sanabo,
1514 5206 1714 5279 inquit.
1761 5183 1950 5268 centri;

336 5267 504 5322 tiones
545 5286 725 5329 eorum
768 5277 903 5350 (Ose.
954 5288 1087 5354 xiv),
1142 5304 1213 5344 ne
1266 5291 1358 5346 illa
1401 5267 1729 5354 contritione
1768 5310 1950 5359 conte-

335 5363 578 5455 rentura
616 5364 728 5455 Deo
760 5369 1161 5446 indesinenter,
1195 5381 1264 5437 de
1300 5401 1409 5455 qua
1458 5387 1758 5446 Jeremias:
1810 5396 1943 5451 Con-

334 5446 601 5551 trifamest,
633 5454 833 5551 inquit,
864 5466 1019 5533 virgo
1041 5469 1162 5536 ﬁlia
1176 5446 1364 5542 populi
1390 5480 1494 5531 mei
1512 5481 1682 5548 plaga
1703 5446 1943 5551 pessima

334 5531 656 5625 vehementer
690 5548 817 5612 (Jer.
862 5531 971 5625 xxv)

2056 4678 2215 4717 suum
2251 4664 2395 4718 sicut
2427 4663 2693 4733 seipsum.
2728 4663 2789 4716 Et
2817 4663 2945 4718 ideo
2972 4662 3355 4734 unusquisque
3389 4664 3543 4718 testis
3593 4674 3676 4720 est

2052 4751 2155 4806 sibi
2173 4753 2321 4823 quod
2355 4751 2541 4806 nullus
2566 4758 2660 4806 aut
2685 4752 2767 4807 vix
2788 4752 2935 4807 ullus
2966 4752 3168 4824 poterit
3189 4752 3422 4822 reperiri
3456 4754 3550 4824 qui
3579 4755 3671 4807 alii

2053 4851 2159 4898 tam
2196 4844 2339 4899 bene
2388 4844 2576 4914 cupiat
2604 4859 2767 4915 quam
2796 4843 2924 4898 sibi.
2960 4844 3156 4899 Verum
3208 4860 3278 4898 ne
3310 4860 3411 4899 nos
3460 4845 3669 4900 diutius

2055 4933 2253 5006 prioris
2280 4933 2570 4988 sententiae
2610 4933 2869 4988 deserant
2888 4933 3039 5002 jura,
3070 4933 3322 4988 Ezechiae
3351 4934 3519 4989 etiam
3551 4936 3667 5007 regi

2053 5027 2317 5082 Dominus
2369 5025 2650 5096 quondam
2695 5025 2992 5080 ostendere
3055 5025 3316 5099 dignatus
3371 5033 3453 5081 est
3500 5026 3661 5093 dura,

2051 5115 2272 5188 quando
2308 5130 2432 5169 cum
2456 5114 2510 5168 in
2550 5113 2903 5169 multitudine
2933 5113 3251 5169 divitiarum
3288 5131 3515 5170 suarum
3543 5117 3664 5190 glo-

2051 5209 2304 5273 riaretur,
2336 5214 2397 5260 ut
2417 5205 2602 5262 dives:
2641 5209 2890 5276 Dispone,
2914 5206 3117 5278 inquit,
3174 5207 3488 5262 domuituw
3534 5212 3668 5278 quia
3717 5198 3728 5208 ’

2048 5302 2295 5356 morieris
2325 5304 2405 5367 tu,
2426 5304 2477 5354 et
2501 5314 2612 5354 non
2636 5301 2781 5354 vives
2812 5301 2965 5367 (Isai.
2986 5300 3229 5369 xxxvm).
3256 5300 3320 5354 Et
3339 5315 3466 5355 ecce
3499 5316 3663 5371 quam

2048 5394 2245 5449 durum
2277 5392 2383 5447 sibi
2416 5398 2751 5462 praeceptum
2777 5390 2926 5445 istud
2979 5391 3278 5455 videretur,
3312 5392 3430 5462 ipse
3473 5391 3665 5446 deela-

2047 5482 2202 5545 ravit,
2263 5480 2485 5553 quando
2539 5495 2839 5535 conversus
2868 5480 2936 5535 ad
2981 5481 3270 5551 parietem,
3317 5481 3665 5536 amarissime

980 5595 991 5609 .
1027 5557 1221 5613 Adhuc
1251 5561 1414 5616 etiam
1448 5580 1547 5634 per
1577 5567 1758 5637 ipsum
1790 5580 1843 5627 et
1871 5574 1938 5627 ab
2040 5576 2275 5646 ploravit
2310 5575 2520 5645 (ibid.);
2554 5575 2767 5646 sicque,
2799 5574 2928 5629 dum
2958 5592 3058 5646 per
3100 5575 3370 5646 longioris
3408 5574 3533 5629 vitae
3564 5575 3658 5630 de-

334 5632 455 5685 lPso
506 5635 864 5697 contritiones
920 5661 1110 5705 eorum
1161 5662 1289 5708 sunt
1347 5663 1568 5723 sanatze,
1623 5676 1722 5730 per
1766 5680 1931 5733 quem
2035 5632 2302 5723 siderium
2334 5667 2638 5723 subitanete
2681 5666 2874 5723 mortis
2903 5667 3111 5738 cupivit
3142 5667 3378 5723 evadere
3428 5673 3662 5722 sortem»
