3920 6054
283 261 419 318 1021

1766 263 2132 318 SERMONES.

3471 263 3620 318 1022

281 403 444 458 quam
472 387 714 443 libenter
744 388 972 454 viveret,
1001 391 1316 461 exemplum
1371 391 1525 447 dedit
1575 391 1897 462 unicuique,
1923 396 1970 463 Α
2003 391 2115 459 dat,
2147 407 2249 463 per
2278 392 2427 464 quod
2485 389 2825 465 significatur
2870 391 3016 462 quod
3057 391 3200 446 sicut
3239 391 3424 446 multae
3465 408 3616 447 man-

280 483 374 554 qui
397 481 622 551 vivit,et
649 485 862 540 videbit
903 493 1155 540 mortem.
1187 486 1300 540 Tali
1354 487 1520 540 etiam
1576 487 1740 542 modo
1798 502 1898 558 pa-

276 574 530 629 triarchae
563 589 662 628 suo
695 573 958 630 Dominus
989 581 1180 630 noster
1231 575 1362 630 olim
1401 576 1535 629 dura
1580 575 1901 630 monstravit

277 662 502 734 quando
532 661 810 716 Abraham
862 677 1079 718 servum
1117 677 1278 718 suum
1333 663 1620 734 probando
1644 663 1895 730 tentavit,

277 760 333 806 et
367 751 630 807 tentando
684 751 935 822 probavit
960 751 1054 806 ubi
1108 753 1163 806 in
1214 752 1492 826 Unigeniti
1553 752 1639 807 sui
1691 751 1893 827 figura;

279 843 429 898 Isaac
450 842 622 898 lilium
679 844 729 897 ei
759 843 1088 913 praecipiens
1133 844 1346 900 occidi:
1405 845 1550 913 Offer
1595 844 1750 912 mihi,
1809 845 1892 898 in-

276 937 418 1006 quit,
446 937 604 991 illum
632 951 798 1006 super
830 953 997 991 unum
1030 940 1296 992 montium
1331 952 1485 1006 quem
1525 941 1894 992 monstravere

275 1034 378 1086 tibi
411 1034 563 1101 (Gen.
605 1035 754 1103 xxii).
800 1033 862 1086 Et
890 1047 1018 1088 ecce
1049 1048 1211 1104 quam
1243 1049 1499 1103 asperum
1527 1041 1582 1086 et
1609 1047 1773 1104 quam
1791 1031 1894 1086 du-

273 1144 391 1182 rum
421 1127 562 1184 foret
590 1128 732 1183 istud
760 1136 1094 1200 praeceptum
1120 1129 1272 1184 solus
1294 1128 1386 1183 ille
1409 1129 1513 1184 scit
1537 1129 1631 1199 qui
1671 1129 1891 1184 unicum

273 1217 439 1271 habet
481 1216 676 1283 lilium,
707 1225 763 1272 et
811 1218 956 1272 hunc
983 1217 1264 1272 dilectum.
1309 1217 1418 1272 Sed
1458 1225 1514 1272 et
1553 1217 1682 1272 filiis
1721 1217 1894 1272 Zebe-

271 1307 376 1362 diei
417 1309 682 1364 Dominus
744 1315 927 1365 noster
945 1291 1139 1364 taliter
1167 1309 1426 1382 dignatus
1467 1319 1550 1364 est
1601 1310 1892 1365 ostendere

271 1397 432 1464 dura,
464 1399 688 1468 quando
713 1399 794 1453 eis
833 1399 982 1468 quod
1019 1399 1232 1470 passuri
1264 1406 1450 1453 essent
1488 1415 1587 1469 pro
1617 1400 1737 1470 ipso
1765 1415 1892 1470 pas—

272 1490 447 1544 sionis
505 1506 618 1545 suae
647 1491 1086 1561 praemonstravit
1124 1490 1320 1566 ﬁgura,
1378 1491 1471 1546 ubi
1512 1492 1579 1546 ad
1609 1507 1727 1558 eos,
1754 1491 1893 1547 sicut

267 1581 590 1656 evangelica
636 1581 876 1638 lectione
942 1583 1146 1652 saepius
1213 1583 1443 1637 audistis
1503 1590 1558 1637 et
1617 1583 1886 1637 audietis:

268 1675 517 1740 Calicem,
549 1674 745 1746 inquit,
803 1690 976 1728 meum
1015 1675 1204 1729 bibetis
1251 1675 1471 1744 (Matth.
1535 1678 1644 1742 xx).
1685 1674 1886 1730 Taliter

267 1764 432 1834 igitur
461 1765 602 1820 Deus
641 1774 696 1820 et
727 1765 990 1821 Dominus
1025 1773 1230 1833 noster,
1261 1768 1355 1837 qui
1391 1782 1491 1838 pro
1521 1767 1682 1822 nobis
1712 1765 1883 1822 caelos

264 1854 546 1908 inclinavit
572 1860 628 1909 et
657 1855 966 1923 descendit,
999 1856 1206 1910 sanctis
1234 1857 1564 1926 martyribus
1606 1855 1721 1910 suis
1743 1857 1882 1910 dura

261 1946 526 2014 ostendit,
565 1947 788 2018 quando
819 1949 901 2002 eis
937 1949 1248 2019 praedicens
1283 1949 1414 2020 quid
1447 1949 1662 2018 passuri
1695 1957 1882 2003 essent

263 2041 490 2106 propter
519 2051 683 2092 eum:
716 2039 913 2104 Eritis,
952 2038 1157 2110 inquit,
1211 2039 1338 2094 odio
1365 2041 1609 2094 omnibus
1663 2046 1886 2110 propter

261 2144 444 2182 nomen
473 2144 648 2183 meum
681 2131 896 2194 (Matth.
948 2133 1018 2194 χ).
1055 2131 1207 2184 Unde
1245 2131 1374 2203 quia
1405 2138 1528 2202 post
1565 2131 1765 2187 multas
1796 2134 1885 2188 tri-

260 2215 592 2282 bulationes,
626 2217 826 2288 quibus
844 2218 1006 2274 homo
1030 2220 1431 2290 persecutionis
1456 2221 1710 2276 humanae
1734 2221 1880 2275 mal-

263 2304 348 2359 leo
377 2305 648 2373 tunditur,
678 2321 826 2376 sape
857 2321 1111 2361 reversus
1141 2307 1208 2362 ad
1243 2323 1324 2370 se,
1352 2307 1583 2362 internae
1611 2323 1883 2378 compun-

259 2393 458 2450 ctionis
513 2394 690 2464 gratia
743 2394 1116 2466 perfunditur,
1169 2397 1376 2452 idcirco
1415 2397 1882 2472 Psalmographus

259 2485 543 2556 praemissa
559 2487 669 2555 jam
693 2487 1012 2543 ostensione
1042 2487 1430 2554 tribulationis,
1462 2489 1727 2544 continuo
1753 2489 1881 2543 sub-

258 2575 534 2630 inferens:
589 2579 797 2632 Potasti
833 2592 972 2644 nos,
1039 2579 1260 2650 inquit,
1313 2581 1440 2634 vino
1515 2582 1880 2649 compunctio-

254 2669 339 2722 nis
389 2667 558 2737 (Psat.
611 2672 741 2736 LIX).
800 2669 912 2724 Hoc
949 2677 1032 2724 est
1094 2671 1350 2740 poculum
1394 2671 1527 2725 illud
1581 2671 1878 2736 charitatis,

262 2760 410 2832 quod
444 2759 792 2815 beatissimos
823 2767 1088 2832 martyres
1120 2762 1256 2817 istos
1277 2763 1532 2833 perduxit
1561 2763 1628 2817 ad
1659 2779 1882 2818 consor-

260 2849 396 2904 tium
421 2848 663 2916 deitatis,
708 2856 996 2920 postquam
1027 2865 1224 2905 omnes
1250 2851 1507 2906 vitiorum
1538 2850 1786 2905 ﬂammas
1820 2852 1873 2906 in

256 2953 446 2992 eorum
489 2937 657 2994 corde
689 2944 937 3008 repertas
979 2937 1130 3010 [non]
1188 2939 1300 2992 vini
1333 2939 1513 3010 cepia.
1563 2937 1661 2994 sed
1721 2955 1875 2994 com-

256 3026 581 3096 punctionis
607 3026 870 3081 exstinxit
899 3026 1136 3082 ubertas.
1181 3027 1290 3082 Sed
1311 3037 1366 3082 et
1398 3027 1702 3095 Psalmista,
1732 3045 1874 3099 prae-

255 3117 451 3173 videns
477 3118 608 3190 quia
638 3126 800 3188 potus
825 3117 928 3174 iste
961 3133 1071 3174 non
1101 3119 1234 3187 oris,
1266 3120 1363 3174 sed
1397 3119 1617 3188 mentis,
1647 3127 1702 3175 et
1733 3118 1873 3176 fide-

260 3211 406 3266 libus
441 3213 644 3279 suavis,
693 3221 747 3268 et
787 3213 1037 3284 reprobis
1066 3229 1284 3268 amarus
1322 3223 1432 3284 est,
1459 3216 1630 3282 calix,
1675 3215 1870 3286 inquit,

249 3320 396 3360 meus
432 3306 728 3372 inebrians,
774 3321 938 3376 quam
961 3307 1261 3375 praeclarus
1289 3313 1363 3362 est
1411 3309 1577 3376 (Psal.
1611 3311 1762 3374 xxu).
1800 3306 1870 3359 Ex

252 3397 356 3452 hoc
387 3395 553 3470 igitur
584 3395 755 3451 calice
807 3396 942 3451 illud
997 3397 1198 3452 divina:
1245 3398 1526 3452 charitatis
1570 3397 1872 3454 effunditur

251 3485 531 3556 poculum,
564 3501 686 3540 cum
719 3501 829 3558 quo
869 3485 1114 3540 Christus
1166 3486 1221 3540 in
1262 3486 1531 3560 sanguine
1587 3503 1686 3542 suo
1727 3487 1871 3543 Chri-

249 3577 486 3632 stianum
525 3576 629 3631 sibi
665 3577 1007 3648 comparavit
1056 3578 1323 3650 populum
1357 3578 1504 3650 quod
1538 3578 1778 3634 Ecclesia
1812 3580 1868 3634 in

248 3668 486 3724 Canticis
513 3669 716 3724 dilecto
743 3685 843 3724 suo
877 3671 1180 3741 propinans
1219 3671 1274 3724 in
1308 3670 1484 3745 figura
1514 3679 1865 3727 sanctorum:

249 3763 388 3816 Dabo
415 3763 536 3829 tibi,
565 3761 760 3834 inquit,
779 3763 1029 3832 poculum
1058 3780 1126 3818 ea:
1153 3766 1279 3819 vino
1296 3765 1529 3832 condito,
1547 3769 1597 3819 et
1626 3771 1865 3820 mustum

247 3853 516 3906 malorum
553 3855 908 3920 granatorum
961 3867 1197 3907 meorum
1253 3853 1428 3923 (Cant.
1490 3853 1624 3923 vm).
1670 3853 1860 3908 Vinum

243 3947 452 4014 quippe
477 3943 598 3998 sine
619 3943 844 3999 alterius
865 3945 947 4000 rei
967 3945 1375 4012 commistione,
1401 3945 1623 4002 dilectio
1643 3946 1860 4001 estsine

241 4034 632 4100 simulatione;
660 4035 847 4091 vinum
875 4052 1006 4092 vero
1037 4037 1342 4105 conditum,
1373 4037 1598 4094 dilectio
1625 4048 1708 4094 est
1733 4055 1855 4094 cum

243 4127 586 4198 Operatione.
611 4128 804 4183 Vinum
837 4145 968 4203 ergo
993 4146 1102 4186 non
1131 4131 1388 4202 simplex,
1412 4132 1512 4187 sed
1541 4133 1703 4189 bonis
1729 4149 1862 4205 Ope-

245 4215 398 4270 ribus
435 4224 490 4271 et
528 4217 735 4271 sanctis
788 4218 1069 4273 conditum
1110 4220 1428 4288 virtutibus,
1470 4223 1671 4277 divinis
1716 4241 1858 4294 prae-

243 4302 409 4374 cipue
437 4305 655 4376 placere
685 4305 902 4361 videtur
939 4307 1242 4364 obtutibus.
1275 4310 1428 4374 Quod
1471 4313 1524 4366 in
1561 4313 1857 4385 Evangelio

1909 1717 1959 1786 Β

1999 482 2187 538 siones
2215 489 2344 538 sunt
2365 483 2420 538 in
2454 497 2627 556 regno
2655 482 2942 548 caglorum,
2963 482 3037 536 ita
3068 489 3126 536 et
3153 483 3208 536 in
3237 483 3496 552 prmsenti
3523 483 3616 536 Ec-

1999 575 2166 629 clesia
2200 575 2386 629 multae
2443 581 2570 630 sunt
2598 573 2983 628 tribulationes
3017 573 3311 641 justorum.
3371 573 3472 628 Per
3512 574 3616 629 hoc

1999 680 2128 720 vero
2160 666 2308 736 quod
2337 665 2538 719 malum
2569 663 2832 718 Punicum
2857 663 3222 736 sanguineum
3256 663 3425 718 habet
3455 664 3612 718 colo-

1998 771 2134 820 rem,
2167 770 2280 810 non
2317 754 2483 810 modo
2527 762 2827 824 martyrum
2859 752 3082 820 Christi,
3113 753 3210 808 sed
3243 754 3408 808 etiam
3438 753 3614 824 ipsum

1998 846 2340 902 Dominicum
2380 847 2598 901 videtur
2624 847 2866 916 typicare
2893 860 3168 914 cruorem,
3198 845 3291 916 qui
3316 845 3522 900 idcirco
3548 845 3617 898 ab

1999 933 2241 989 Ecclesia
2281 934 2337 988 in
2369 935 2604 990 Canticis
2634 933 2902 989 candidus
2927 933 3129 988 dicitur
3153 942 3208 989 et
3248 932 3610 1000 rubicundus,

1997 1035 2056 1083 ut
2085 1044 2150 1083 ex
2197 1029 2541 1096 innocentia,
2583 1044 2746 1100 quam
2795 1029 2963 1083 habet
2992 1028 3262 1083 candidus
3305 1035 3361 1083 et
3387 1045 3451 1083 ex
3484 1045 3609 1098 pas-

1996 1116 2174 1184 sione,
2197 1132 2358 1188 quam
2384 1117 2634 1187 pertulit,
2664 1116 3358 1190 intelligaturrubicundus
3411 1117 3466 1170 [n
3500 1133 3608 1187 qua

1997 1207 2255 1278 passione
2286 1207 2536 1262 salutifer
2560 1208 2654 1263 ille
2671 1207 2812 1262 calix
2839 1207 3048 1263 effusus
3067 1215 3150 1263 est
3176 1223 3274 1278 pro
3301 1206 3483 1273 nobis,
3508 1223 3606 1276 per

1994 1314 2157 1370 quem
2206 1300 2296 1354 isti
2361 1306 2627 1370 martyres
2692 1289 3031 1356 invictissimi
3085 1300 3256 1370 potati
3309 1309 3438 1354 sunt
3477 1299 3604 1354 vino

1993 1390 2463 1460 compunctionis,
2503 1406 2667 1462 quem
2712 1391 2767 1444 in
2799 1391 3034 1446 Canticis
3055 1391 3392 1445 canticorum
3421 1397 3606 1444 trans-

1994 1476 2176 1532 ferens
2207 1478 2262 1532 in
2303 1494 2364 1534 se
2393 1479 2566 1533 virtus
2605 1478 2892 1532 Altissimi:
2937 1481 3129 1540 Bibite,
3167 1475 3368 1550 inquit,
3415 1481 3600 1545 amici,

1991 1573 2040 1623 et
2077 1571 2451 1636 inebriamini,
2481 1571 2793 1626 charissimi
2846 1569 3028 1640 (Cant.
3080 1576 3153 1636 v).
3189 1571 3262 1624 Ex
3302 1572 3406 1626 hoc
3437 1570 3603 1644 igitur

1987 1663 2188 1734 poculo
2219 1657 2496 1716 charitatis
2515 1677 2624 1716 non
2646 1661 2874 1732 indigne
2903 1661 3044 1716 bibit
3065 1662 3316 1734 quisquis
3337 1677 3448 1717 non
3471 1663 3598 1728 sibi,

1985 1749 2085 1804 sed
2116 1749 2226 1802 Deo
2253 1748 2405 1816 vivit,
2434 1749 2713 1820 particeps
2743 1749 3002 1805 videlicet
3023 1749 3196 1805 factus
3228 1750 3377 1804 illius
3405 1751 3601 1804 saluti-

1984 1839 2112 1894 ferte
2151 1839 2446 1910 potationis
2501 1841 2572 1894 de
2625 1857 2730 1911 qua
2780 1840 3009 1895 dicitur:
3084 1845 3284 1897 Potasti
3327 1857 3422 1896 nos
3473 1845 3599 1897 vino

1983 1929 2405 1996 compunctionis
2438 1927 2604 1996 (Psal.
2647 1930 2774 1995 LIX).
2809 1929 2869 1984 Et
2906 1929 3050 1983 bene
3082 1929 3304 2000 quidem
3330 1945 3602 2000 compun-

1985 2017 2186 2074 ctionis
2223 2019 2455 2074 internae
2504 2019 2634 2074 vino
2691 2028 2910 2090 potatur
2939 2022 3030 2093 qui
3065 2038 3162 2092 pro
3209 2023 3448 2092 peccatis
3485 2023 3600 2078 suis

1986 2107 2132 2177 apud
2151 2123 2209 2162 se
2241 2109 2390 2162 intus
2410 2109 2468 2162 in
2490 2117 2676 2163 mente
2704 2111 3038 2177 stimulatur,
3063 2111 3325 2181 quoniam
3357 2112 3597 2182 perfecte

1985 2195 2223 2252 abluitur
2249 2197 2597 2253 immunditia
2624 2199 2828 2265 sordis,
2860 2215 3026 2270 quam
3059 2200 3262 2270 saepius
3292 2201 3485 2256 laverit
3514 2201 3596 2255 la-

1984 2305 2168 2360 cryma
2196 2289 2396 2345 cordis.
2432 2290 2551 2346 Non
2585 2291 2733 2345 enim
2765 2291 3015 2362 sequitur
3044 2293 3354 2362 peremptio
3385 2292 3593 2358 furens,

1985 2384 2077 2438 ubi
2117 2385 2233 2439 haec
2272 2384 2550 2440 medicina
2580 2386 2928 2456 praecesserit
2956 2401 3141 2441 urens.
3175 2385 3300 2441 Haec
3339 2393 3422 2441 est
3447 2403 3597 2441 nam-

1985 2488 2094 2544 que
2123 2473 2476 2544 compunctio
2508 2473 2600 2528 illa
2626 2473 3052 2540 reconciliatrix,
3077 2491 3177 2544 per
3197 2491 3360 2546 quam
3392 2491 3597 2530 recon-

1983 2562 2164 2618 ciliata
2192 2569 2275 2617 est
2291 2563 2404 2618 Deo
2425 2561 2590 2618 Maria
2619 2563 2916 2635 peccatrix,
2949 2565 3192 2635 quando,
3222 2581 3321 2635 per
3329 2565 3594 2634 judicium

1982 2651 2286 2707 divinitatis
2311 2652 2608 2718 occultum,
2637 2653 2872 2708 demissa
2909 2658 3034 2708 sunt
3072 2656 3122 2706 ei
3146 2659 3369 2723 peccata
3396 2657 3593 2723 multa,

1980 2747 2239 2814 quoniam
2265 2746 2463 2799 dilexit
2489 2745 2720 2800 multum
2759 2746 2911 2813 (Luc.
2939 2747 3058 2814 vn).
3092 2745 3198 2800 Sed
3229 2755 3282 2800 et
3309 2747 3474 2801 David
3497 2764 3596 2819 pa-

1981 2835 2218 2891 triarcha
2255 2837 2504 2891 sentiens
2559 2851 2620 2891 se
2674 2836 2806 2890 olim
2848 2837 3089 2891 divinam
3129 2836 3425 2892 offendisse
3475 2837 3592 2893 cle-

1977 2929 2265 2996 mentiam,
2293 2927 2422 2982 vino
2462 2927 2906 2998 compunctionis
2960 2927 3119 2982 istius
3162 2943 3460 2982 conversus
3509 2937 3592 2983 est

1975 3019 2043 3073 ad
2066 3019 2446 3091 paenitentiam
2471 3037 2483 3073 :
2520 3019 2742 3090 quando
2764 3035 2864 3090 per
2895 3019 3167 3074 internam
3199 3019 3591 3090 aspirationem

1974 3131 2380 3190 recognoscens
2411 3115 2756 3188 iniquitatem
2785 3131 2972 3170 suam:
3003 3117 3254 3171 Miserere
3273 3118 3391 3178 mei,
3424 3119 3586 3180 Deus,

1973 3206 2172 3278 inquit,
2199 3206 2488 3260 secundum
2509 3222 2766 3274 magnam
2787 3205 3215 3260 misericordiam
3239 3211 3389 3260 tuam
3417 3206 3584 3276 (Psal.

1973 3297 2040 3360 1.).
2070 3293 2184 3350 Tali
2214 3294 2380 3348 etiam
2411 3295 2842 3364 compunctione
2871 3295 3067 3350 beatus
3123 3293 3314 3349 Petrus
3341 3294 3584 3365 seipsum

1973 3392 2172 3446 meruit
2185 3391 2508 3462 paenitendo
2523 3391 2764 3458 turbare,
2779 3392 3002 3462 quando
3021 3406 3118 3460 pro
3132 3391 3274 3444 trina
3292 3389 3585 3463 negatione

1971 3483 2208 3552 Domini,
2241 3499 2492 3538 reversus
2531 3483 2601 3538 ad
2628 3499 2710 3550 se,
2753 3482 2903 3537 flevit
2932 3499 3138 3549 amare,
3178 3483 3271 3554 qui
3315 3485 3466 3554 prius
3499 3485 3582 3539 in-

1971 3583 2194 3632 cusatus
2219 3577 2287 3630 ab
2317 3575 2518 3631 ancilla
2572 3575 2718 3647 quod
2753 3591 2898 3630 unus
2948 3592 3011 3630 ex
3046 3576 3141 3630 Dei
3190 3583 3337 3630 esset
3365 3577 3580 3646 amicis,

1971 3669 2256 3740 respondit
2283 3669 2333 3724 ei
2364 3669 2586 3723 dicens:
2618 3669 2808 3724 Nescio
2825 3667 2966 3737 quid
2996 3667 3135 3721 dicis
3165 3668 3376 3736 (Matth.
3411 3673 3580 3738 xxvr).

1965 3761 2055 3816 Sic
2083 3768 2138 3816 et
2168 3762 2256 3817 isti
2283 3767 2553 3831 martyres
2585 3759 2801 3827 Christi,
2862 3758 3064 3814 divinae
3108 3775 3207 3829 per
3237 3759 3425 3815 omnia
3475 3777 3580 3816 cu-

1965 3853 2182 3924 pientes
2206 3851 2426 3923 placere
2457 3850 2665 3920 pietati,
2712 3867 2810 3921 per
2847 3850 3118 3904 internam
3156 3849 3576 3920 inspirationem

1960 3945 2200 4010 Domini,
2231 3945 2362 4000 vino
2401 3944 2846 4014 compunctionis
2884 3943 3042 3998 istius
3096 3950 3224 3998 sunt
3270 3944 3578 4016 saepissime

1961 4040 2154 4112 potati,
2187 4038 2408 4111 quando
2441 4053 2550 4093 non
2583 4036 2762 4092 solum
2808 4054 2950 4108 pane
2983 4039 3344 4110 lacrymarum
3386 4054 3483 4094 eos
3523 4039 3575 4094 in

1961 4129 2250 4201 praesentis
2280 4129 2404 4183 vitae
2425 4127 2632 4183 cibavit
2651 4143 2928 4199 pressura,
2945 4128 3044 4184 sed
3071 4129 3236 4183 etiam
3266 4134 3454 4200 potum
3481 4128 3580 4184 dc—

1961 4223 2041 4277 dit
2063 4222 2145 4278 eis
2174 4221 2504 4292 inlacrymis
2524 4221 2579 4274 in
2609 4236 2884 4276 mensura.
2919 4221 3072 4275 Unde
3111 4229 3172 4274 ut
3202 4227 3256 4274 et
3283 4236 3404 4287 nos,
3435 4221 3576 4277 dile-

1960 4312 2187 4370 ctissimi
2211 4312 2426 4377 fratres,
2459 4325 2582 4366 cum
2623 4310 2832 4364 eisdem
2861 4311 3192 4380 martyribus
3210 4310 3432 4375 Christi,
3462 4312 3572 4367 Deo

243 4395 454 4451 Veritas
479 4396 743 4464 ostendit,
767 4413 890 4452 cum
920 4398 1027 4454 ait:
1058 4400 1119 4456 Si
1147 4404 1286 4471 quis,
1319 4403 1504 4472 diligit
1529 4421 1629 4470 me,
1661 4421 1856 4462 sermo-
1886 4393 1940 4462 ἱ)
1959 4404 2190 4477 gloriam
2223 4403 2436 4466 demus,
2470 4398 2903 4454 misericordiam
2923 4399 3044 4467 ejus
3063 4397 3350 4452 humiliter
3376 4398 3577 4468 implo-

238 4508 357 4547 nem
385 4510 560 4549 meum
595 4495 832 4550 servabit
863 4496 1036 4563 (Joan.
1081 4499 1205 4561 xiv).
1242 4497 1302 4552 Et
1331 4499 1474 4554 bene
1503 4501 1726 4572 quidem
1759 4502 1854 4557 Ec-

238 4585 405 4639 clesia
431 4599 530 4656 pro
561 4585 742 4641 nimiae
773 4587 1090 4644 dilectionis
1126 4589 1322 4646 affectu
1366 4607 1476 4647 non
1506 4592 1653 4648 aliud
1677 4595 1854 4666 quod-

235 4675 371 4730 libet
392 4677 674 4747 poculum,
701 4679 800 4733 sed
832 4687 1070 4736 mustum
1104 4697 1205 4737 suo
1237 4683 1447 4754 praebet
1477 4684 1704 4751 dilecto,
1724 4688 1853 4757 quia

236 4778 500 4822 mustum.
535 4769 1157 4826 cum-ferventissimum
1200 4780 1304 4838 est,
1357 4791 1641 4846 nunquam
1690 4793 1720 4829 a
1749 4793 1850 4832 suo

233 4856 413 4912 calore
435 4857 700 4928 probatur
751 4858 1010 4926 deﬁcere,
1058 4861 1375 4933 priusquam
1418 4863 1588 4918 nimio
1637 4864 1849 4921 fervore

232 4962 334 5004 suo
364 4964 584 5004 omnem
618 4950 1024 5006 immunditiam
1047 4970 1080 5008 a
1105 4969 1165 5007 se
1197 4953 1413 5009 videtur
1441 4955 1664 5025 ejicere.
1695 4957 1850 5012 Unde

231 5053 332 5109 per
349 5039 452 5094 hoc
468 5048 710 5096 mustum
733 5042 1003 5098 malorum
1027 5051 1375 5115 granatorum
1403 5061 1513 5101 non
1546 5047 1848 5123 incongrue

230 5127 480 5201 signatur
511 5126 668 5184 fortis
695 5129 917 5186 dilectio
947 5138 1286 5198 sanctorum,
1318 5133 1436 5203 qui,
1493 5133 1549 5188 in
1589 5135 1850 5204 passione

230 5231 330 5269 sua
359 5215 429 5270 ab
460 5217 610 5270 omni
643 5218 900 5274 vitiorum
926 5219 1093 5274 sorde
1115 5219 1384 5284 mundati,
1415 5229 1518 5276 tam
1554 5222 1846 5279 ferventis-

227 5303 366 5358 sima
405 5305 709 5361 dilectione
749 5307 919 5362 Deum
959 5307 1291 5363 videbantur
1335 5325 1541 5377 amare,
1573 5320 1632 5367 ut
1666 5329 1846 5384 neque

229 5407 398 5458 mors,
441 5410 626 5466 neque
667 5395 950 5452 tribulatio
982 5396 1168 5468 aliqua
1213 5404 1400 5468 posset
1428 5413 1526 5454 eos
1575 5415 1605 5454 a
1651 5399 1848 5458 Christi

228 5480 493 5537 charitate
533 5497 810 5553 separare.
843 5483 1042 5538 Malum
1083 5491 1262 5539 autem
1284 5485 1571 5555 Punicum,
1601 5490 1750 5561 quod
1791 5491 1844 5546 in

225 5569 405 5626 Africa
435 5573 732 5643 plurimum
774 5573 1041 5642 abundat,
1094 5576 1298 5631 idcirco
1326 5577 1528 5632 malum
1558 5587 1844 5655 granatum

224 5657 449 5729 dicitur,
481 5662 610 5733 quia
627 5661 797 5718 multa
832 5671 1181 5736 granatorum
1212 5667 1606 5724 numerositate
1639 5669 1842 5724 redun-

1954 4512 2160 4564 remus,
2192 4502 2273 4561 ut,
2313 4492 2442 4564 quia
2471 4504 2580 4544 una
2619 4504 2745 4544 cum
2786 4488 2942 4544 Patre
2999 4495 3054 4543 et
3108 4488 3317 4560 Spiritu
3369 4488 3572 4546 Sancto

1955 4584 2371 4652 unusidemque
2391 4593 2616 4649 semper
2644 4578 2843 4632 mansit
2861 4585 2917 4631 et
2942 4583 3148 4643 manet,
3177 4575 3568 4632 contritionem

1955 4681 2194 4730 nostram
2235 4670 2308 4724 ita
2337 4665 2767 4722 clementissima
2796 4664 3153 4720 miseratione
3177 4663 3288 4733 jam
3321 4671 3477 4720 sanet
3505 4673 3567 4722 ut

1954 4762 2047 4832 qui
2077 4759 2284 4814 sanctis
2309 4755 2422 4810 suis
2449 4754 2504 4807 in
2534 4753 2789 4824 praesenti
2823 4753 3026 4809 saeculo
3049 4769 3147 4824 per
3173 4754 3371 4810 multas
3393 4753 3567 4810 tribu-

1953 4850 2186 4904 lationes
2214 4844 2457 4901 ostendit
2486 4842 2642 4908 dura,
2674 4842 2887 4898 meritis
2927 4859 3117 4899 eorum
3160 4843 3562 4900 intercedenti-

1952 4942 2080 5009 bus,
2113 4949 2168 4995 et
2199 4938 2384 5005 nobis,
2414 4937 2580 4992 etiam
2634 4953 2758 4992 cum
2799 4937 2881 4992 eis
2910 4946 3099 5010 potum
3155 4939 3362 4994 tribuat
3391 4940 3445 4992 in
3483 4939 3562 4994 la-

1951 5033 2149 5104 crymis
2189 5033 2242 5086 in
2296 5047 2576 5097 mensura,
2628 5037 2900 5102 quatenus
2957 5031 3144 5086 divina
3201 5030 3563 5102 inspiratione

1950 5128 2285 5198 compuncti,
2321 5127 2489 5200 digne
2511 5143 2632 5180 cum
2656 5127 2740 5181 eis
2769 5137 2988 5182 cantare
3023 5125 3302 5197 possimus
3319 5125 3561 5197 elogium

1949 5216 2085 5271 illud
2127 5217 2463 5288 prophetica;
2499 5215 2876 5296 jubilationis:
2911 5219 3117 5292 Potasti
3151 5231 3246 5271 nos
3276 5217 3400 5270 vino
3425 5232 3564 5271 com-

1944 5309 2272 5377 punctionis.
2305 5306 2459 5370 Quod
2509 5305 2626 5376 ipse
2669 5315 2925 5375 praestare
2974 5305 3252 5377 dignetur,
3299 5303 3391 5376 qui
3438 5320 3562 5359 cum

1950 5397 2108 5453 Patre
2139 5405 2194 5454 et
2217 5397 2423 5468 Spiritu
2449 5398 2651 5454 Sancto
2682 5397 2812 5452 vivit
2843 5404 2898 5450 et
2919 5404 3113 5468 regnat
3137 5396 3194 5450 in
3224 5395 3428 5452 saecula
3457 5413 3561 5451 sa?-

1950 5489 2223 5545 culorum.
2256 5490 2445 5544 Amen.
