3920 6054
371 198 505 252 1023

1003 340 1221 396 SERMO
1268 344 1354 399 111.

873 445 940 482 DE
961 485 970 494 .
990 447 1095 486 ἰ]Νο
1128 447 1482 492 CONFESSORE.

373 528 450 610 De.
474 546 541 612 eo
573 535 718 612 quod
753 552 867 612 per
913 537 1097 612 legem
1123 541 1303 597 simila
1337 545 1386 597 ill
1429 546 1757 603 sacriﬁcium
1801 551 1982 606 offerri

431 600 695 685 jubetur,
713 600 904 685 ubi‘de
944 600 1009 662 ea
1040 611 1281 685 dicitur:
1315 617 1376 670 In
1405 600 1698 685 sartagine
1716 622 1826 675 oleo
1862 639 1983 676 con-

435 688 623 741 spersa
660 679 937 743 frigetur;
987 681 1171 749 offeret
1233 702 1348 740 eam
1397 679 1632 743 calidam
1671 693 1728 744 in
1765 695 1979 749 odorem

434 749 810 829 suavissimam
842 751 1064 806 Domino
1093 757 1364 831 sacerdos,
1398 763 1496 828 qui
1531 764 1682 828 patri
1708 763 1833 831 jure
1860 781 1985 819 suc-

435 820 672 903 gesserjt,
714 825 764 873 et
822 826 934 876 tota
990 828 1315 882 cremabitur
1355 820 1430 884 in
1483 820 1654 886 al‘tari
1708 820 1852 903 (Leu.
1906 853 1978 898 Vl,

433 999 686 1068 Semper,
729 1001 1070 1060 dilectissimi
1127 1007 1339 1072 fratres,
1376 1012 1557 1069 ﬁdelis
1606 1017 1840 1088 quilibet
1881 1035 1980 1089 per

361 1103 530 1142 sacrae
562 1091 813 1148 lectionis
833 1096 1140 1154 aediﬁcatur
1166 1100 1539 1167 historiam,si
1561 1108 1804 1179 antiqua:
1837 1108 1977 1182 legis

361 1193 632 1254 prarcepta
675 1190 879 1258 saepius
921 1193 1202 1250 reduxerit
1242 1198 1308 1251 ad
1341 1203 1685 1268 memoriam,
1717 1205 1974 1273 quoniam

352 1269 580 1337 justitiaa
611 1273 844 1331 fructum
879 1279 1235 1338 affectuosius
1269 1286 1397 1342 inde
1448 1290 1616 1359 capit,
1659 1291 1702 1344 si
1740 1293 1886 1362 quod
1918 1293 1973 1346 in

356 1364 442 1416 his
474 1369 769 1425 carnaliter
797 1373 929 1445 legit
959 1376 1284 1446 Spiritalitcr
1313 1383 1475 1453 sapit.
1521 1385 1755 1441 Proinde
1791 1389 1972 1442 chari-

355 1456 448 1510 tati
491 1465 684 1515 vestra:
733 1479 842 1518 non
897 1468 1126 1522 multum
1167 1471 1366 1527 obesse
1401 1485 1674 1545 putamus,
1706 1480 1750 1532 si
1799 1495 1860 1534 ex
1893 1481 1974 1534 di-

352 1549 528 1602 versis
557 1553 824 1621 regalium
867 1558 1258 1616 sacrificiorum
1290 1567 1612 1637 generibus,
1647 1569 1735 1624 hic
1764 1571 1832 1625 de
1857 1571 1973 1641 plu-

1341 216 1698 274 BERENGOSI
1741 222 2017 277 ABBATIS
2058 225 2396 283 S.‘MAXlMl
2437 231 2701 287 TREVIR.

3575 247 3740 302 1024

2006 360 2055 426 Α
2083 358 2416 426 expressisse
2444 361 2740 416 medullam
2814 364 2949 430 Quia
2979 383 3109 424 vero
3159 385 3258 438 per
3286 369 3468 425 oleum
3527 373 3720 428 mise—

2088 450 2336 506 ricordiaa
2387 453 2439 506 in
2499 466 2798 525 conspectu
2843 459 3058 514 Domini
3100 463 3256 533 quasi
3289 464 3513 520 lucerna
3560 483 3730 521 scm-

2087 560 2187 614 per
2214 547 2442 602 ardebat
2471 556 2524 602 et
2555 550 2793 617 lucebat,
2850 553 3031 608 oleum
3063 555 3279 623 similar,
3309 558 3364 610 id
3405 567 3489 614 est
3516 561 3723 616 chari-

2087 645 2251 692 tatcm
2322 641 2713 697 misericordias
2758 643 2878 700 sine
2945 647 3354 704 intermissione
3404 651 3710 708 miscebat.

2088 727 2358 784 Recolens
2379 732 2526 785 enim
2558 735 2703 803 apud
2732 751 2793 789 se
2825 737 2956 807 quid
2989 737 3042 791 in
3075 738 3199 813 lege
3222 740 3540 808 jubebatur,
3574 760 3724 799 con-

2084 817 2284 884 spersit
2334 818 2456 874 oleo
2481 819 2736 888 similam,
2779 839 2901 894 quae
2943 825 2996 879 in
3030 828 3304 901 sartagine
3333 845 3361 882 a
3393 831 3584 885 cordis
3619 849 3725 888 co-

2083 904 2376 974 quebatur,
2425 910 2647 978 quando
2689 927 2790 981 per
2827 913 3128 983 spiritualis
3172 918 3278 971 zeli
3334 918 3716 975 afﬁictionem

2080 1007 2268 1050 contra
2327 1000 2698 1069 proximorum
2759 1003 2890 1058 vitia
2941 1006 2995 1059 in
3036 1010 3319 1083 sartagine
3378 1014 3587 1067 mentis
3637 1015 3722 1068 ita

2079 1090 2296 1145 solebat
2326 1093 2707 1161 exardescere,
2751 1103 2809 1151 ut
2851 1105 3034 1152 tamen
3065 1097 3143 1168 {ex
3184 1102 3448 1171 Operibus
3482 1105 3716 1160 miseri-

2085 1187 2305 1252 cordiae,
2339 1188 2394 1241 in
2429 1199 2728 1260 conspectu
2763 1193 2978 1247 Domini
3031 1210 3139 1249 non
3172 1195 3354 1252 minus
3385 1198 3584 1254 ardere
3627 1202 3716 1255 vi-

2086 1276 2310 1331 deretur
2339 1287 2391 1331 et
2419 1278 2744 1335 clarescere.
2787 1282 2943 1336 Unde
2992 1283 3120 1354 quia
3160 1285 3237 1339 nil
3262 1285 3436 1354 juvat,
3479 1289 3527 1342 si
3574 1291 3710 1360 quis

2077 1372 2252 1427 zelum
2287 1375 2636 1428 rectitudinis
2658 1376 2857 1432 habeat
2892 1377 2946 1431 in
2976 1380 3184 1447 animo,
3217 1380 3321 1435 nisi
3355 1399 3454 1452 per
3486 1385 3712 1440 amoris

2079 1466 2261 1538 ignem
2300 1466 2460 1522 bonae
2491 1469 2725 1523 actionis
2757 1471 3084 1527 reclarescat
3128 1489 3193 1528 ex
3223 1476 3440 1544 merito,
3482 1477 3704 1534 idcirco

2075 1558 2160 1611 lex
2192 1559 2413 1629 antiqua
2445 1560 2813 1633 subjungens:
2840 1563 3058 1633 Oﬂ'eret,
3083 1565 3284 1637 inquit,
3311 1583 3428 1622 eam
3455 1571 3704 1625 calidam

350 1635 506 1691 ribus
537 1656 710 1708 pauca
742 1644 1011 1709 dicamus,
1063 1650 1266 1719 quibus
1297 1635 1546 1723 βοηιίῑεχ
1587 1657 1689 1712 iste
1716 1635 1973 1714 sacratis-
2000 1678 2046 1743 Β
2074 1649 2132 1700 in
2185 1647 2396 1701 odorem
2443 1653 2822 1743 suavissimum
2871 1655 3111 1708 Domino.
3172 1654 3362 1710 Simila
3420 1674 3694 1729 namque,

352 1725 523 1780 simus
546 1729 605 1780 N.
631 1732 788 1800 cujus
819 1734 986 1789 hodie
1006 1735 1143 1792 festa
1172 1741 1538 1810 celebramus,
1563 1745 1618 1799 in
1653 1749 1966 1818 exemplum
2000 1725 2045 1743 υ
2071 1753 2193 1810 (1"?B
2233 1738 2357 1792 01θο
2386 1755 2684 1808 conspersa
2730 1741 2785 1796 in
2826 1745 3104 1818 sartagine
3137 1745 3387 1818 frigell",
3413 1749 3599 1803 calida
3628 1750 3685 1803 Ῐῐι

351 1812 540 1885 Moysi,
601 1818 731 1873 iram
789 1823 1027 1890 Domini,
1080 1842 1193 1882 suae
1238 1845 1576 1904 suorumque
1615 1835 1962 1892 subditorum

347 1909 549 1978 saepius
582 1911 789 1980 placuit
821 1917 1128 1975 animabus.
1162 1921 1290 1977 Cum
1327 1926 1471 1980 enim
1505 1944 1604 1982 sua
1625 1945 1963 2003 suorumque

346 1996 714 2064 subjectm'um
749 2003 877 2058 vitia
905 2006 1084 2065 adhuc
1115 2019 1301 2066 essent
1333 2013 1386 2067 in
1412 2017 1595 2072 radice
1623 2025 1833 2085 tenera,
1865 2039 1964 2092 per

344 2084 560 2141 diversa
595 2089 854 2161 legalium
889 2097 1286 2154 sacriﬁciorum
1343 2105 1556 2159 curavit
1613 2123 1839 2180 genera,
1891 2111 1960 2164 de

344 2173 546 2243 quibus
574 2176 705 2232 illud
759 2182 922 2237 nobis
971 2186 1058 2241 hic
1098 2189 1373 2259 imprimis
1401 2208 1690 2250 occurrere
1719 2197 1956 2265 videtur,

343 2265 434 2318 ubi
470 2284 570 2337 per
608 2271 784 2346 legem
815 2275 995 2332 simila
1027 2279 1082 2333 in
1127 2282 1456 2339 sacriﬁcium
1491 2285 1678 2341 oﬁ‘erri
1707 2289 1952 2358 jubetur,

342 2354 479 2420 Quae
509 2363 767 2430 quoniam
803 2367 919 2420 sola
953 2383 1061 2422 non
1097 2379 1273 2441 potest
1308 2375 1584 2431 hominem
1617 2377 1795 2433 facere
1829 2398 1956 2450 per-

342 2442 564 2512 fectum,
589 2451 770 2504 oleum
797 2453 902 2507 sibi
923 2455 1078 2523 juxta
1102 2458 1240 2531 legis
1271 2464 1514 2534 antiqua:
1543 2467 1711 2521 debet
1736 2469 1953 2524 misceri

342 2547 698 2608 praeceptum,
735 2543 829 2597 ubi
861 2548 1172 2605 utalterum
1209 2554 1363 2608 alteri
1391 2555 1519 2610 ﬁdei
1561 2560 1758 2616 unitati
1785 2562 1958 2618 socie-

339 2633 447 2686 tur,
492 2629 549 2679 in
603 2635 904 2700 sartagine,
960 2638 1159 2709 inquit,
1205 2644 1314 2697 oleo
1352 2660 1656 2715 conspersa,
1697 2652 1954 2718 frigetur.

337 2714 485 2769 Sicut
517 2718 662 2772 enim
699 2737 796 2791 per
826 2726 1065 2782 similam
1117 2733 1385 2788 munditia
1407 2714 1554 2804 vitae,
1584 2714 1952 2808 etiperoleum

336 2822 478 2876 opus
545 2811 940 2871 misericordiae
990 2820 1272 2896 ﬁguratur,
1323 2825 1395 2880 ita
1437 2845 1535 2897 per
1595 2833 1946 2906 sartaginem,

335 2917 458 2970 qua:
471 2904 540 2958 de
555 2904 676 2961 forti
699 2909 841 2966 ferro
853 2913 1112 2983 efficitur,
1131 2920 1436 2988 spiritualis
1454 2924 1554 2977 zeli
1576 2904 1950 2982 fortisfrixura

2067 1827 2292 1882 odorem
2334 1829 2720 1886 suavissimum
2773 1833 3006 1888 Domino
3063 1835 3244 1890 offerri
3273 1837 3526 1907 jubetur,
3560 1841 3702 1909 quia

2067 1919 2175 1973 nisi
2208 1919 2263 1973 in
2295 1920 2480 1975 animo
2511 1921 2752 1977 doctoris
2785 1923 2936 1978 zelus
2972 1925 3176 1980 habeat
3201 1943 3469 1992 amorem,
3505 1930 3704 1984 simila

2067 2026 2175 2065 non
2208 2012 2428 2066 videtur
2477 2013 2678 2068 habere
2727 2015 2983 2070 calorem.
3049 2017 3200 2072 Unde
3253 2020 3515 2075 sacerdos
3585 2021 3692 2077 iste

2064 2103 2346 2174 piissimus
2397 2103 2484 2169 N.,
2536 2105 2631 2173 qui
2665 2105 2718 2159 in
2754 2114 2976 2176 pectore
3030 2111 3231 2165 mentis
3273 2127 3390 2166 sum
3445 2120 3696 2184 quatuor

2059 2193 2319 2246 virtutum
2351 2193 2589 2265 insignia
2620 2197 2868 2268 gerebat,
2912 2214 3008 2268 per
3050 2200 3224 2256 sancti
3257 2201 3359 2256 zeli
3417 2203 3683 2258 ardorem

2061 2288 2297 2342 similam
2338 2289 2478 2343 hanc
2513 2290 2746 2344 calidam
2781 2291 2834 2345 in
2866 2292 3095 2348 odorem
3141 2296 3533 2352 suavissimum
3577 2299 3690 2354 Do-

2062 2379 2212 2434 mino
2243 2381 2448 2451 saepius
2477 2381 2761 2443 offerebat.
2783 2385 3005 2454 quando
3030 2402 3126 2456 per
3151 2387 3354 2442 divinae
3390 2389 3685 2445 charitatis

2059 2469 2264 2542 ignem,
2297 2486 2422 2525 cum
2473 2485 2582 2542 quo
2632 2489 2661 2524 a
2714 2472 3089 2542 proximorum
3143 2476 3406 2530 cordibus
3450 2478 3684 2532 malitire

2060 2560 2230 2633 frigus
2269 2561 2517 2626 abduxit,
2563 2562 2679 2631 ipse
2722 2563 2774 2615 in
2822 2573 3118 2634 conspectu
3151 2565 3244 2620 Dei
3277 2567 3687 2638 omnipotentis

2058 2671 2279 2726 semper
2307 2656 2438 2709 arsit
2467 2662 2522 2709 et
2552 2655 2750 2710 illuxit.
2796 2656 2987 2712 Adhuc
3026 2657 3190 2712 etiam
3239 2658 3474 2713 similam
3511 2660 3682 2725 hanc,

2060 2762 2370 2818 perquam,
2402 2752 2463 2800 ut
2516 2747 2774 2814 diximus,
2834 2749 3034 2802 mentis
3090 2749 3360 2804 munditia
3401 2750 3678 2819 signatur,

2057 2836 2288 2890 calidam
2343 2835 2399 2889 in
2431 2835 2656 2890 odorem
2711 2836 3094 2890 suavissimum
3135 2837 3368 2893 Domino
3408 2838 3682 2894 obtulisse

2053 2926 2332 2996 probatur,
2367 2925 2590 2994 quando
2626 2941 2694 2978 ne
2738 2925 2792 2978 in
2833 2925 2998 2979 corde
3028 2941 3127 2980 suo
3159 2926 3353 2980 eadem
3395 2927 3582 2981 simila
3611 2927 3679 2981 ﬁ-

335 2988 600 3061 signatur.
646 2996 756 3051 Hoc
781 3000 963 3054 sciens
1018 3005 1100 3058 vir
1124 3006 1227 3061 iste
1259 3009 1640 3067 sanctissimus
1667 3030 1761 3069 cor
1790 3031 1948 3072 suum
1977 3025 2026 3093 ρ
2049 3014 2141 3072 dei
2194 3013 2471 3068 amitteret
2499 3013 2736 3068 calorem
2821 3030 2916 3084 per
2953 3015 3217 3084 spiritalis
3247 3016 3346 3069 zeli
3389 3018 3679 3072 rectitudi-

333 3081 665 3153 sartaginem
705 3086 961 3154 faciebat,
988 3092 1040 3145 in
1073 3110 1181 3164 quo
1223 3113 1322 3166 per
1348 3098 1522 3153 zelum
1552 3101 1781 3169 justitia:
1814 3123 1948 3162 con-

333 3174 412 3220 tra
442 3171 814 3237 proximorum
858 3179 988 3235 vitia
1049 3182 1263 3239 fortiter
1296 3188 1544 3256 ardebat,
1587 3193 1807 3262 quando
1847 3212 1945 3266 pro

331 3255 548 3313 delictis
577 3267 877 3321 errantium
915 3271 1164 3339 ejusdem
1217 3276 1578 3334 districtionis
1619 3280 1672 3334 ill
1713 3298 1779 3338 eo
1819 3301 1945 3339 suc-

329 3364 528 3405 census
570 3365 650 3409 cst
679 3356 848 3427 furor,
881 3361 950 3416 de
982 3380 1092 3435 quo
1131 3368 1464 3438 Apostolus:
1507 3373 1637 3438 Quis
1669 3377 1942 3431 scandali-

328 3448 503 3535 zatur,
539 3445 739 3518 inquit,
767 3456 817 3506 et
863 3470 955 3522 ego
981 3474 1087 3511 non
1125 3465 1302 3516 uror?
1330 3465 1401 3532 (II
1451 3463 1570 3519 Cor.
1615 3468 1710 3535 XI.)
1739 3467 1942 3530 Quam-

327 3532 407 3586 vis
465 3535 611 3589 enim
662 3538 718 3592 in
773 3544 1049 3616 sartagine
1081 3549 1261 3602 cordis
1317 3551 1404 3606 sui
1445 3552 1601 3608 valde
1659 3555 1941 3614 videretur

326 3624 578 3690 cruciari,
631 3631 850 3700 quoties
882 3633 1130 3692 inﬁrmos
1175 3656 1421 3713 quosque
1457 3644 1680 3702 videbat
1733 3659 1938 3704 aeterna

326 3714 607 3785 deserere,
648 3729 701 3775 ct
747 3724 914 3779 rebus
967 3733 1364 3800 temporalibus
1421 3736 1704 3806 delectari,
1747 3748 1936 3797 contra

325 3807 454 3863 vitia
481 3817 662 3866 tamen
710 3817 1079 3884 proximorum
1123 3822 1197 3876 ita
1245 3840 1468 3896 semper
1519 3830 1786 3900 spiritalis
1834 3836 1935 3890 zeli

325 3904 652 3970 temperavit
683 3906 933 3962 ardorem
958 3920 1016 3965 ut
1046 3921 1196 3968 extra
1226 3918 1506 3986 patientiw
1538 3922 1768 3979 limitem
1795 3943 1938 3981 nun-

323 4002 486 4055 quam
519 3997 613 4044 aut
643 4008 764 4047 raro
806 4012 1054 4069 przeceps
1095 4013 1378 4072 raperetur
1407 4007 1461 4061 in
1496 4008 1754 4067 furorem.
1783 4016 1933 4070 Scie-

323 4080 416 4134 bat
444 4097 683 4155 namque
717 4089 862 4158 quod
910 4094 1278 4165 omnipotenti
1319 4100 1428 4156 Deo
1471 4105 1681 4160 nullum
1722 4110 1934 4163 sacriﬁ-

323 4173 466 4227 cium
493 4183 597 4230 tam
629 4189 840 4249 gratum
872 4191 954 4239 est
994 4193 1048 4240 et
1072 4197 1176 4241 tam
1205 4190 1431 4247 charum
1464 4199 1930 4266 quemadmodum

321 4276 404 4321 est
433 4269 583 4344 zelus
605 4272 936 4333 animarum.
979 4279 1130 4335 Unde
1159 4291 1212 4338 et
1243 4284 1703 4362 Psalmographus
1734 4294 1836 4350 hac
1875 4295 1928 4350 in

2049 3126 2172 3165 nem
2226 3107 2465 3182 geminae
2499 3107 2812 3162 dilectionis
2861 3109 2915 3162 in
2973 3125 3032 3162 se
3063 3110 3347 3165 suscitavit
3399 3127 3670 3166 amorem.

2048 3200 2158 3253 Sed
2188 3206 2242 3252 et
2281 3196 2388 3252 alio
2427 3197 2609 3250 adhuc
2640 3197 2803 3252 modo
2835 3198 3072 3251 similam
3103 3199 3246 3253 hanc
3275 3199 3509 3253 calidam
3555 3200 3669 3254 Deo

2047 3291 2100 3343 in
2123 3290 2346 3344 odorem
2372 3287 2761 3342 suavissimum
2797 3289 3081 3356 oﬁerebat,
3117 3290 3340 3360 quando
3371 3306 3465 3360 pro
3512 3306 3668 3346 com-

2047 3379 2303 3450 passione
2332 3376 2724 3446 proximorum,
2759 3377 2944 3431 oleum
2975 3378 3193 3442 similae,
3229 3379 3281 3432 id
3311 3387 3394 3434 est
3425 3380 3664 3435 charita-

2044 3474 2150 3520 tem
2207 3466 2600 3521 misericordiae
2651 3467 2935 3534 miscebat,
2998 3485 3065 3522 ne
3121 3469 3423 3525 Dominicis
3460 3471 3668 3526 ovibus

2043 3555 2226 3609 minus
2254 3555 2420 3628 digne
2448 3563 2730 3625 putaretur
2782 3573 3044 3627 praeesse,
3101 3559 3148 3613 si
3199 3577 3264 3613 ex
3322 3560 3666 3632 negligentia

2040 3647 2292 3717 pastoris.
2345 3646 2575 3701 alterum
2634 3648 2793 3702 alteri
2819 3649 3101 3704 videretur
3131 3651 3344 3707 deesse.
3399 3653 3477 3707 Ne
3510 3655 3661 3709 enim

2038 3739 2268 3794 alterum
2303 3740 2457 3794 alteri
2501 3740 2554 3793 in
2614 3740 2798 3812 aliquo
2854 3742 3048 3798 deesse
3105 3744 3378 3809 videatur,
3428 3746 3661 3820 dignum

2037 3842 2119 3889 est
2174 3835 2316 3888 utin
2357 3834 2619 3889 cordibus
2670 3837 2978 3901 doctorum,
3032 3839 3264 3895 alterum
3321 3842 3478 3896 alteri
3537 3844 3662 3898 sine

2038 3929 2452 3983 intermissione
2511 3930 2825 3997 misceatur,
2884 3935 3145 4002 quoniam
3207 3936 3314 3990 tale
3383 3944 3467 3991 est
3516 3954 3663 4009 opus

2038 4021 2328 4092 quodlibet
2353 4021 2566 4092 absque
2587 4022 2990 4090 misericordia,
3033 4027 3213 4097 qualis
3244 4027 3364 4082 sine
3402 4028 3527 4084 oleo
3561 4029 3654 4084 lu-

2035 4133 2220 4172 cerna.
2258 4118 2466 4172 ldcirco
2505 4118 2588 4172 vir
2617 4119 2720 4174 iste
2759 4121 3178 4190 probatissimus
3212 4123 3472 4179 frixuram
3519 4142 3650 4182 cor-

2035 4206 2142 4273 dis,
2173 4223 2338 4278 quam
2367 4207 2669 4278 spiritualis
2708 4211 2859 4266 zelus
2915 4214 3134 4288 agebat,
3196 4232 3327 4290 erga
3373 4219 3654 4287 proximos

2031 4312 2162 4352 suos
2183 4297 2306 4352 oleo
2332 4298 2538 4353 laetitiae
2560 4316 2782 4371 semper
2813 4309 3121 4372 temperare
3153 4306 3388 4373 solebat,
3423 4311 3651 4380 quando

320 4379 376 4416 re
403 4366 613 4422 veritati
656 4370 1030 4428 testimonium
1077 4379 1379 4447 perhibens
1406 4383 1474 4437 de
1503 4401 1590 4438 se:
1631 4389 1802 4454 Zelus,
1837 4390 1925 4443 in-
1951 4403 2001 4469 ι)
2029 4385 2280 4454 ejusdem
2311 4386 2413 4440 20ίὶ
2453 4386 2668 4443 ΓεθΝοΓο
2720 4407 3038 4459 succensus:
3083 4402 3137 4448 εἰ
3169 4396 3302 4450 Vilia
3363 4397 3650 4469 subjecto-

317 4453 453 4522 quit,
512 4457 700 4513 domus
775 4468 880 4517 tuae
921 4468 1150 4522 comedit
1185 4487 1266 4524 me
1330 4475 1496 4540 (Psal.
1547 4480 1750 4548 vaul).
1791 4453 1922 4536 Sed

317 4543 457 4598 hanc
494 4549 756 4618 spiritalis
791 4555 894 4608 zeli
920 4556 1176 4614 frixuram
1207 4562 1350 4618 Deus
1379 4567 1732 4638 omnipotens
1760 4588 1922 4642 quam

312 4642 594 4705 gratanter
621 4642 873 4712 accipiat,
909 4649 1101 4704 eadem
1147 4652 1230 4707 lex
1271 4657 1716 4717 manifestissime
1761 4663 1925 4719 nobis

311 4725 539 4795 indicat,
571 4732 662 4786 ubi
695 4751 794 4804 per
821 4737 993 4808 ipsam
1043 4743 1223 4800 simila
1273 4747 1329 4802 in
1368 4750 1697 4808 sacriﬁcium
1740 4754 1919 4811 offerri

304 4814 552 4884 jubetur,
602 4821 671 4876 de
728 4842 833 4896 qua
870 4831 1140 4901 scriptum
1197 4845 1312 4892 est:
1353 4842 1416 4895 In
1469 4848 1749 4912 sartagine
1812 4848 1920 4902 oleo

307 4923 590 4980 conspersa
617 4916 872 4984 frigetur.
901 4921 1045 4976 Nihil
1078 4927 1227 4981 aliud
1254 4937 1338 4985 est
1367 4941 1548 4988 autem
1595 4938 1709 4992 haec
1741 4939 1920 4994 simila

307 4998 361 5051 in
397 5003 694 5076 sartagine,
750 5008 854 5062 nisi
887 5012 1090 5066 munda
1123 5031 1279 5071 mens
1315 5019 1451 5087 justi
1484 5039 1515 5075 a
1552 5023 1804 5080 vitiorum
1836 5027 1920 5082 ni-

304 5089 557 5159 gredine,
601 5093 858 5148 virtutum
915 5100 1204 5156 candidata
1262 5105 1597 5182 similagine,
1641 5129 1763 5184 quae
1822 5131 1920 5184 per

303 5180 568 5249 spiritalis
630 5186 730 5240 zeli
789 5188 1263 5260 sollicitudinem,
1332 5180 1472 5256 oleo'
1515 5180 1911 5263 misericordiae

300 5273 430 5324 tunc
457 5272 623 5342 digne
655 5291 951 5347 conspersa
979 5297 1100 5335 esse
1125 5286 1402 5353 probatur,
1438 5306 1564 5345 cum
1595 5294 1731 5348 alter
1751 5297 1910 5352 alteri

301 5359 355 5412 in
388 5362 650 5419 charitate
679 5369 935 5426 sociatur.
975 5371 1216 5430 Proinde
1251 5380 1380 5448 quia
1421 5385 1624 5436 munda
1649 5402 1806 5442 meus
1826 5405 1915 5444 sa-

299 5449 537 5504 cerdotis
594 5453 753 5508 istius
806 5461 1158 5516 sacratissimi
1219 5467 1604 5539 principalium
1656 5476 1910 5532 vitiorum

303 5532 355 5584 in
385 5551 442 5586 se
467 5541 732 5595 maculam
774 5546 1011 5602 habebat
1040 5553 1266 5618 nullam,
1310 5571 1419 5610 non
1455 5560 1738 5618 immerito
1769 5565 1918 5639 lega-

305 5623 368 5677 lis
403 5625 564 5695 hujus
593 5631 787 5688 similze
845 5655 1034 5706 puram
1077 5645 1460 5720 sinceramque
1493 5653 1548 5706 ill
1599 5671 1657 5708 se
1708 5658 1920 5715 videtur

2029 4489 2145 4527 rum
2191 4489 2418 4528 suorum
2456 4474 2814 4532 districtionis
2859 4481 3044 4554 gladio
3103 4484 3379 4546 mactavit,
3440 4494 3495 4540 et
3548 4504 3652 4557 per

2023 4564 2304 4619 charitatis
2330 4582 2570 4622 amorem
2605 4570 2849 4635 eosdem,
2892 4589 3032 4643 quos
3082 4574 3299 4646 insequi
3328 4577 3647 4645 videbatur,

2023 4655 2240 4711 amavit.
2288 4657 2439 4712 Unde
2479 4666 2538 4712 ut
2570 4659 2810 4714 sciamus
2847 4663 2980 4732 quid
3012 4663 3080 4717 de
3106 4666 3299 4720 eadem
3335 4668 3516 4723 simila
3557 4669 3644 4726 lex

2025 4747 2185 4802 nobis
2237 4749 2421 4804 adhuc
2465 4751 2781 4806 faciendum
2814 4755 3082 4827 suggerit,
3138 4758 3402 4814 continuo
3441 4761 3642 4816 subin-

2023 4837 2236 4893 ferens:
2298 4840 2490 4910 Offert,
2561 4840 2758 4913 inquit,
2819 4859 2935 4898 eam
2989 4848 3258 4913 sacerdos,
3327 4853 3424 4918 qui
3485 4858 3646 4920 patri

2013 4928 2140 4996 jure
2196 4933 2526 4986 successerit.
2578 4931 2673 4986 llle
2731 4949 2971 5004 namque
3014 4937 3276 4992 sacerdos
3332 4939 3472 5009 patri
3514 4940 3640 5008 jure

2023 5023 2289 5088 succedit,
2324 5024 2418 5094 qui
2452 5025 2555 5079 hoc
2606 5041 2773 5096 Opere
2809 5033 3043 5083 testatur
3073 5030 3220 5102 quod
3253 5032 3450 5098 credit,
3485 5050 3635 5105 quo-

2020 5116 2165 5170 niam
2225 5117 2317 5188 qui
2370 5117 2425 5170 in
2481 5119 2706 5174 servitio
2773 5120 3108 5190 Conditoris,
3165 5123 3274 5180 ﬁde
3333 5133 3388 5180 et
3460 5143 3635 5198 opere

2016 5209 2315 5265 immobilis
2375 5221 2610 5280 constat,

2015 5315 2137 5353 esse
2195 5300 2553 5356 demonstrat.
2617 5305 2711 5358 [lle
2769 5306 2934 5360 etiam
2989 5309 3248 5365 sacerdos
3307 5311 3447 5381 patri
3505 5329 3635 5370 suc-

2014 5388 2163 5442 cedit
2220 5390 2345 5457 jure
2373 5434 2384 5455 ,

2016 5476 2180 5531 modo
2259 5478 2462 5534 divina:

2701 5217 2900 5270 summi
2950 5219 3256 5275 sacerdotis
3313 5236 3371 5275 se
3459 5221 3635 5279 ﬁlium

2469 5393 2562 5464 qui
2644 5393 2699 5447 in
2783 5395 2968 5466 seipso
3040 5398 3273 5454 formam
3350 5402 3628 5472 quodam-

2554 5481 2797 5538 imitatur
2878 5496 3133 5552 naturai,
3215 5497 3274 5542 ut
3352 5491 3446 5562 qui
3545 5500 3635 5547 est

2022 5571 2091 5624 de
2120 5578 2262 5626 terra
2289 5578 2588 5640 terrestris,
2623 5576 2738 5631 ﬁeri
2775 5581 2992 5636 studeat
3023 5591 3075 5636 et
3108 5584 3175 5638 de
3207 5584 3341 5639 caalo
3366 5586 3625 5642 caelestis.

2021 5663 2111 5719 Sic
2137 5673 2191 5721 et
2235 5666 2336 5722 iste
2367 5672 2623 5726 sacerdos
2664 5672 2858 5728 Christi
2901 5676 3259 5744 dignissimus
3305 5680 3362 5732 N.
3413 5681 3631 5750 pontifi-
