3912 6044
202 262 338 318 1025

1674 251 2038 308 SERMONES.

3385 255 3521 309 1026

197 397 331 452 calis
370 393 537 450 ofﬁcii
570 393 680 447 Deo
707 392 874 466 digne
901 389 1294 462 prosequendo
1329 389 1635 460 negotium,
1668 388 1804 459 patri
1833 394 1883 459 Α
1911 389 2015 444 tics
2038 407 2136 460 per
2164 390 2516 445 dilectionem
2555 388 2812 459 proximi,
2853 388 3117 442 virtutum
3155 389 3354 442 scalam
3397 407 3518 444 cum

199 507 300 545 suo
332 489 546 544 scilicet
584 487 820 552 Christo,
844 486 968 553 jure
1014 485 1279 540 successit
1309 485 1364 539 in
1396 483 1804 546 sacerdotium;

198 579 418 650 quando
453 592 609 631 mens
651 577 770 644 ejus
801 576 857 629 in
889 590 1077 630 amore
1117 574 1316 628 summi
1350 571 1629 627 Pontiﬁcis
1659 571 1808 625 illius

200 676 317 725 erat
344 670 576 734 intenta,
608 667 701 738 qui
729 683 829 737 per
853 667 1140 735 proprium
1188 666 1506 731 sanguinem
1562 664 1814 716 introivit

197 763 353 818 semel
378 765 436 816 in
465 765 673 826 sancta,
686 764 886 814 eterna
896 760 1252 828 redemptione
1273 760 1495 811 inventa
1509 757 1696 823 (Hebr.
1713 755 1808 824 ix).

201 855 340 910 Patri
368 869 467 908 suo
492 852 618 921 jure
653 851 988 906 successisse
1021 849 1308 921 probatur,
1337 849 1432 921 qui
1472 848 1623 919 quod
1649 847 1815 902 corde

196 942 453 1006 credidit,
485 956 654 1010 opere
692 939 995 994 testabatur
1021 956 1034 1002 ;
1066 937 1291 1008 quando
1319 951 1418 1007 pro
1443 951 1632 990 amore
1664 934 1816 988 illius

200 1033 270 1084 de
297 1029 495 1083 virtute
523 1026 619 1081 ivit
651 1027 705 1080 in
734 1027 1012 1092 virtutem,
1043 1041 1140 1095 per
1192 1040 1357 1096 quem
1387 1025 1544 1078 corde
1575 1023 1818 1078 creditur

199 1119 274 1172 ad
312 1118 614 1186 justitiam,
670 1131 760 1170 ore
807 1120 985 1169 autem
1024 1118 1085 1183 ﬁt
1141 1116 1402 1180 confessio
1471 1114 1545 1168 ad
1597 1114 1820 1167 salutem

201 1215 370 1280 (Rom.
395 1211 469 1282 χ).
510 1211 652 1264 Patri
711 1225 810 1264 suo
836 1209 960 1277 jure
1001 1209 1289 1274 successit,
1343 1209 1435 1279 qui
1470 1209 1523 1262 in
1557 1207 1820 1262 interiore

203 1303 426 1358 homine
483 1317 582 1357 suo
636 1301 864 1356 formam
912 1300 1324 1371 quodammodo
1368 1297 1669 1353 divinitatis
1727 1314 1823 1352 ex-

205 1393 430 1464 pressit;
475 1392 696 1464 quando
727 1391 793 1445 ad
827 1393 932 1446 hoc
953 1391 1388 1464 cogitationibus
1415 1390 1572 1445 malis
1605 1397 1661 1445 et
1693 1404 1822 1461 cpe-

202 1482 352 1535 ribus
383 1479 719 1534 renuntiavit
758 1479 1005 1542 incestis,
1044 1486 1104 1533 ut
1130 1481 1224 1550 qui
1259 1479 1491 1549 portavit
1521 1477 1820 1551 imaginem

201 1568 432 1633 terreni,
466 1575 710 1638 portaret
761 1574 817 1622 et
861 1567 1159 1642 imaginem
1208 1567 1469 1622 caelestis.
1528 1567 1670 1621 Patri
1711 1581 1813 1620 suo

1909 477 2121 551 angelis
2138 478 2609 534 descendentibus
2624 477 2944 540 descendit;
2970 477 3351 532 holocaustum
3367 496 3520 543 vero,

1911 569 2132 638 quando
2163 585 2261 640 per
2303 568 2656 646 dilectionem
2703 567 2794 620 Dei
2855 566 3106 620 eamdem
3148 567 3347 621 scalam
3398 585 3520 622 cum

1914 656 2126 728 angelis
2147 655 2577 712 ascendentibus
2601 655 2864 710 ascendit.
2899 654 3236 709 Sacriﬁcium
3257 655 3357 711 fuit
3378 674 3522 728 quo-

1917 747 2021 803 ties
2053 749 2349 803 Dominicaa
2383 747 2782 803 lncarnationis
2815 748 2984 817 pedes
3023 763 3143 802 cum
3192 749 3356 803 Maria
3388 766 3523 820 pec-

1917 839 2118 895 catrice
2176 839 2430 911 lacrymis
2497 839 2834 910 paenitentiae
2917 839 3076 904 lavit;
3145 841 3523 897 holocaustum

1917 944 2046 983 vero
2095 929 2313 1000 quoties
2354 928 2486 983 boni
2528 929 2711 998 operis
2768 935 3051 1000 unguento
3109 939 3273 999 caput
3326 931 3529 986 mentis

1918 1017 2092 1088 ipsius
2132 1018 2437 1071 divinitatis
2500 1034 2719 1071 summa
2764 1018 2980 1072 levavit.
3047 1019 3383 1074 Sacriﬁcium
3431 1021 3530 1075 fuit

1921 1106 2140 1178 quando
2170 1107 2224 1160 in
2267 1107 2557 1176 praesentis
2587 1106 2708 1160 vitae
2740 1123 2903 1160 cursu
2941 1123 2971 1160 a
3019 1109 3402 1178 temporalium
3445 1126 3530 1162 rc—

1922 1212 2039 1250 rum
2073 1212 2280 1257 amore,
2313 1196 2469 1268 quasi
2501 1212 2623 1250 cum
2673 1197 2840 1251 Jacob
2887 1197 2940 1250 in
3002 1198 3197 1253 itinere
3226 1199 3487 1254 dormivit
3515 1219 3529 1264 ;

1925 1291 2303 1347 holocaustum
2351 1307 2503 1359 vero,
2537 1293 2782 1363 quando,
2824 1293 3081 1348 virtutum
3124 1297 3283 1350 scalm
3312 1312 3432 1350 cum
3467 1313 3532 1351 eo

1922 1385 2163 1454 desuper
2203 1383 2444 1450 innixus,
2489 1400 2587 1454 per
2622 1385 3102 1454 contemplationis
3160 1388 3403 1458 speciem
3465 1390 3531 1443 ad

1923 1476 2031 1531 alta
2065 1476 2333 1530 transivit.
2376 1475 2712 1531 Sacriﬁcium
2753 1476 2872 1543 fuit,
2929 1479 3151 1548 quando
3183 1480 3386 1550 populo
3441 1481 3532 1536 Dei

1918 1573 2196 1636 praecepta
2228 1564 2367 1636 legis
2411 1565 2771 1620 historialiter
2815 1567 3170 1630 annuntians,
3204 1570 3359 1638 quasi
3411 1585 3531 1624 cum

196 1658 319 1726 jure
342 1657 627 1720 successit,
661 1657 752 1728 qui
787 1656 841 1709 in
864 1656 1029 1710 corde
1058 1655 1204 1711 bono
1227 1656 1530 1727 etOptimo,
1563 1672 1669 1711 nec
1700 1656 1813 1710 vir-
1844 1692 1892 1758 Β
1922 1658 2103 1729 Moyse
2120 1658 2188 1712 de
2212 1665 2397 1713 monte
2420 1659 2740 1723 descendit;
2774 1660 3153 1715 holocaustum
3187 1677 3339 1729 vero,
3361 1680 3536 1734 quan-

203 1749 414 1804 tutibus
443 1765 686 1820 unquam
715 1748 949 1816 obstitit,
993 1763 1094 1803 nec
1134 1748 1284 1802 vitiis
1341 1750 1540 1813 cessit;
1592 1749 1814 1820 quando

203 1841 475 1896 nobilitati
509 1841 734 1904 mentis,
767 1856 874 1910 qua
905 1839 961 1893 in
991 1838 1200 1895 Christo
1226 1841 1376 1896 visus
1403 1846 1486 1894 est
1517 1839 1820 1906 nobilitari,

205 1946 435 2001 operum
467 1944 692 1984 suorum
726 1929 1072 2004 ignobilitate
1120 1929 1436 1984 nullatenus
1472 1930 1688 1984 volebat
1718 1929 1826 1982 dis-

202 2019 482 2075 cordando
506 2018 778 2073 rcluctari.
824 2018 915 2073 Sic
960 2027 1015 2074 et
1045 2034 1167 2081 nos,
1201 2019 1547 2073 dilectissimi
1609 2018 1823 2084 fratres,

204 2113 260 2164 in
291 2110 604 2180 exemplum
635 2110 736 2163 viri
790 2109 948 2164 istius
1000 2111 1382 2174 sacratissimi,
1444 2112 1548 2165 hoc
1606 2125 1828 2180 semper

204 2203 554 2258 elaboremus
597 2202 902 2270 insomnes,
932 2209 992 2257 ut
1021 2202 1114 2256 ﬁlii
1170 2203 1520 2257 nominemur
1569 2209 1623 2257 et
1651 2203 1826 2257 simus

204 2291 374 2354 illius,
421 2291 516 2362 qui
561 2290 664 2344 ait:
717 2293 830 2358 Ego
877 2291 1041 2345 dimi:
1099 2294 1188 2346 Dii
1216 2294 1340 2346 estis
1379 2296 1430 2345 et
1468 2293 1575 2362 filii
1610 2292 1829 2346 Ecceelsi

205 2399 384 2438 omnes
414 2383 583 2449 (Psal.
618 2387 824 2448 LXXXI);
868 2398 935 2436 ne
991 2383 1147 2454 regni
1205 2383 1448 2438 caelestis
1505 2383 1828 2438 exhaeredes

211 2472 266 2525 in
308 2479 608 2541 conspectu
643 2470 842 2524 summi
869 2469 1074 2538 judicis
1111 2470 1445 2542 quandoque
1478 2470 1830 2526 inveniamur

214 2562 313 2628 rei,
345 2562 438 2632 qui
469 2563 614 2616 hunc
653 2560 1065 2616 sanctissimum
1111 2561 1286 2616 virum
1327 2563 1603 2617 transtulit
1656 2563 1714 2616 in
1761 2562 1829 2616 li-

213 2650 480 2705 bertatem
503 2649 690 2724 gloria
723 2648 963 2704 ﬁliorum
995 2649 1113 2704 Dei.
1148 2650 1201 2703 Si
1231 2650 1403 2712 enim,
1436 2651 1557 2719 ejus
1579 2651 1832 2721 exempla

211 2745 533 2811 sequentes,
582 2738 732 2809 quod
762 2739 970 2794 bonum
1003 2745 1086 2792 est
1126 2738 1363 2794 invicem
1397 2739 1650 2794 volumus
1687 2740 1833 2794 bene

211 2832 492 2906 operando
531 2833 750 2899 sectari,
784 2832 962 2887 simila
1002 2832 1096 2886 illa
1138 2833 1279 2907 legis
1341 2832 1396 2887 in
1436 2833 1592 2888 altari
1653 2833 1835 2888 cordis

215 2929 328 2976 tota
359 2921 641 2976 videretur
657 2922 912 2985 cremari,
944 2921 1012 2976 de
1034 2938 1142 2993 qua
1169 2921 1362 2976 eadem
1393 2923 1480 2977 lex
1505 2922 1832 2993 praecipien-

1925 1751 1995 1805 do
2045 1767 2110 1804 ea
2139 1750 2465 1821 spiritaliter
2521 1751 2826 1817 excutiens,
2869 1753 3024 1823 quasi
3065 1769 3188 1807 cum
3249 1754 3430 1826 Moyse
3484 1757 3537 1810 in

1927 1848 2170 1897 montem
2223 1842 2492 1896 ascendit.
2530 1842 2868 1897 Sacriﬁcium
2922 1843 3040 1906 fuit,
3094 1845 3316 1914 quando
3349 1847 3538 1901 humi-

1928 1934 2065 1988 liora
2083 1933 2175 1987 Dei
2197 1933 2457 1988 mandata
2481 1934 2655 1988 turbae
2677 1935 2905 1988 daturus
2937 1935 3198 2004 pedestri,
3231 1938 3385 2008 quasi
3415 1955 3538 1993 cum

1924 2022 2054 2076 Jesu
2085 2021 2434 2076 descendens
2461 2023 2529 2076 de
2564 2029 2774 2088 monte,
2803 2023 2954 2078 stetit
2983 2024 3037 2077 in
3063 2023 3183 2080 loco
3212 2028 3540 2097 campestri;

1927 2114 2311 2170 holocaustum
2344 2130 2473 2169 vero
2497 2115 2720 2185 quando
2759 2115 3131 2185 subjectorum
3163 2117 3450 2185 cordibus,
3479 2136 3542 2174 ex

1929 2220 1997 2258 eo
2029 2205 2174 2275 quod
2209 2203 2453 2274 pontifex
2484 2211 2620 2270 erat,
2663 2205 2731 2258 ad
2771 2221 3046 2258 summum
3102 2206 3418 2276 pontiﬁcem
3472 2208 3545 2262 fa-

1930 2294 2084 2348 ciens
2114 2301 2362 2364 pontem,
2395 2293 2552 2364 quasi
2574 2309 2697 2348 cum
2730 2293 2879 2359 Jesu,
2904 2293 3104 2348 videns
3135 2295 3321 2350 turbas
3351 2312 3543 2351 ascen-

1931 2382 2010 2436 dit
2061 2381 2115 2436 in
2183 2388 2446 2437 montem.
2508 2380 2846 2436 Sacriﬁcium
2908 2383 3028 2449 fuit,
3085 2387 3308 2456 quando
3384 2388 3544 2458 quid-

1931 2472 2063 2544 quid
2095 2472 2148 2525 in
2189 2480 2373 2526 mente
2430 2488 2529 2526 sua
2560 2473 2818 2528 vitiosum
2853 2489 2974 2527 esse
3025 2474 3417 2545 deprehendit,
3457 2495 3544 2534 sa-

1931 2562 2253 2617 cerdotibus
2283 2561 2502 2628 Christi,
2521 2562 2675 2630 juxta
2700 2573 3033 2633 praeceptum
3058 2565 3326 2632 veritatis,
3361 2579 3549 2624 osten-

1933 2653 2049 2717 dit;
2082 2655 2464 2709 holocaustum
2496 2669 2651 2719 vero,
2680 2654 2903 2725 quando
2933 2672 3043 2725 pne
3077 2657 3364 2713 nobilitate
3397 2677 3550 2715 men-

1935 2747 2022 2810 tis,
2085 2762 2246 2818 quam
2288 2761 2351 2800 ex
2389 2747 2709 2818 cognitione
2763 2747 3064 2802 divinitatis
3115 2749 3276 2803 traxit
3329 2752 3550 2820 eximia,

1933 2839 2194 2893 virtutum
2227 2838 2328 2891 alis
2365 2837 2435 2891 de
2468 2837 2592 2891 imis
2630 2853 2850 2907 semper
2899 2837 3100 2893 volavit
3151 2839 3220 2893 ad
3269 2841 3547 2896 sublimia.

1937 2926 2274 2982 Sacriﬁcium
2325 2926 2445 2992 fuit,
2497 2925 2720 2998 quando
2781 2926 3106 2980 renuntians
3174 2930 3398 2998 saeculo,
3453 2931 3554 2985 sed

218 3013 291 3070 do
317 3013 698 3068 subinterens:
739 3016 811 3068 Et
854 3019 985 3080 tota,
1034 3014 1233 3085 inquit,
1278 3015 1606 3068 cremabitu-r
1646 3017 1708 3068 in
1748 3015 1834 3068 al-
1859 3043 1908 3110 Ο
1937 3016 2180 3071 nondum
2216 3015 2461 3086 perfecte
2491 3015 2781 3069 adhaerens
2818 3013 3072 3078 Domino,
3113 3017 3269 3086 quasi
3310 3033 3431 3072 cum
3465 3020 3552 3074 Ja-

220 3105 531 3172 tari(Levit.
564 3104 657 3173 vi).
690 3103 795 3157 Per
825 3104 930 3158 hoc
973 3103 1145 3157 altare
1178 3102 1314 3157 nihil
1344 3103 1518 3172 aliud,
1542 3103 1646 3157 nisi
1681 3102 1831 3174 puri-

224 3199 306 3246 tas
334 3192 532 3247 mentis
562 3192 792 3264 intelligi
831 3191 1067 3257 videtur,
1110 3209 1232 3263 qua;
1266 3209 1374 3248 non
1406 3194 1585 3248 solum
1619 3193 1835 3248 sacriﬁ-

225 3289 394 3351 cium,
417 3286 516 3339 sed
549 3285 713 3339 etiam
748 3284 1130 3338 holocaustum
1156 3285 1266 3340 Deo
1299 3301 1422 3340 esse
1467 3286 1791 3356 perhibetur
1823 3304 1836 3350 ;

224 3372 273 3427 si
301 3381 485 3426 tamen
521 3387 615 3442 pro
655 3371 961 3426 animarum
1004 3372 1180 3425 salute
1221 3372 1293 3426 ita
1324 3373 1379 3426 in
1421 3389 1487 3426 ea
1533 3373 1688 3427 fortis
1740 3373 1843 3427 zeli

228 3463 433 3520 frixura
465 3464 751 3529 fervescat,
790 3473 853 3518 ut
889 3463 1284 3518 misericordiae
1326 3464 1498 3519 virtus
1532 3465 1587 3518 in
1638 3481 1703 3520 ea
1734 3481 1845 3520 non

232 3556 419 3610 minus
448 3555 638 3608 ardeat
667 3561 722 3606 et
750 3555 1033 3608 clarescat.
1067 3553 1241 3608 Aliter
1267 3554 1414 3608 enim
1442 3556 1847 3625 holocaustum,

234 3649 383 3719 quod
405 3647 571 3702 latine
595 3655 765 3702 totum
789 3647 1077 3702 incensum
1107 3648 1330 3714 dicitur,
1364 3648 1564 3704 anullo
1596 3647 1847 3704 ﬁdelium

235 3739 292 3792 in
317 3739 548 3793 veritate
577 3737 878 3808 perﬁcitur,
929 3737 1036 3792 nisi
1080 3755 1178 3809 per
1211 3755 1413 3794 amoris
1445 3739 1650 3812 ignem,
1686 3756 1850 3812 quem

236 3830 431 3904 legalis
485 3830 573 3884 ille
621 3830 765 3904 ignis
805 3829 1128 3900 spiritaliter
1162 3829 1380 3904 ﬁgurat,
1428 3846 1594 3886 omne
1637 3833 1850 3900 vitium,

237 3923 386 3994 quod
412 3923 466 3976 in
486 3922 652 3977 corde
683 3937 783 3976 suo
814 3921 954 3976 male
982 3923 1196 3992 strepit,
1229 3928 1438 3976 exurat.
1486 3922 1660 3988 Unde,
1703 3925 1853 3995 quia,

239 4011 298 4065 in
329 4019 634 4081 conspectu
664 4009 938 4072 Dei,sicut
962 4025 1132 4065 sacras
1155 4009 1447 4080 Scriptura:
1471 4016 1699 4064 testatur
1705 4010 1852 4080 judi-

240 4103 408 4168 cium,
467 4103 846 4157 holocaustum
903 4103 1081 4171 majus
1127 4108 1212 4156 est
1267 4118 1432 4172 quam
1487 4101 1857 4166 sacriﬁcium;

244 4193 372 4248 ideo
397 4207 627 4248 necesse
653 4197 738 4244 est
773 4197 832 4244 ut
868 4191 1259 4262 unusquisque
1290 4190 1539 4246 ﬁdelium
1569 4207 1668 4262 per
1690 4191 1862 4245 sacri-

249 4284 432 4340 ﬁcium
480 4282 658 4336 laudis
698 4281 831 4352 quid
862 4282 1061 4336 debeat
1093 4282 1202 4336 Deo
1233 4293 1288 4336 et
1320 4282 1454 4353 quid
1514 4282 1764 4353 proximo
1791 4282 1864 4337 ita

1939 3105 2042 3161 cob
2098 3105 2238 3176 pede
2293 3104 2476 3159 adhuc
2519 3103 2922 3158 claudicaverat
2968 3118 3114 3166 uno;
3173 3105 3553 3163 holocaustum

1941 3210 2092 3259 vero,
2126 3193 2351 3264 quando
2383 3193 2525 3247 alius
2582 3193 2632 3247 ei
2676 3207 2774 3262 pes
2826 3208 2894 3246 ex
2948 3207 3015 3247 eo
3069 3209 3236 3248 sanus
3269 3197 3556 3263 remansit,

1943 3287 2090 3358 quod
2121 3287 2177 3340 in
2226 3287 2412 3340 animo
2443 3287 2564 3353 ejus
2597 3285 2830 3339 transire
2872 3284 3163 3340 videbatur
3210 3301 3375 3341 omne
3409 3290 3558 3357 quod

1948 3375 2160 3429 transit.
2227 3373 2563 3429 Sacriﬁcium
2633 3373 2753 3437 fuit,
2824 3373 3048 3443 quando
3116 3375 3358 3429 militans
3425 3376 3559 3444 Deo,

1949 3466 2184 3540 negotiis
2233 3464 2592 3520 saecularibus
2649 3480 2994 3534 nequaquam
3029 3481 3089 3519 se
3131 3466 3453 3536 implicavit,
3506 3479 3564 3526 ut

1951 3553 2000 3607 ei
2060 3555 2320 3624 placeret,
2374 3552 2463 3607 cui
2525 3568 2584 3606 se
2635 3552 2924 3621 probavit;
2985 3553 3363 3610 holocaustum
3408 3574 3561 3626 vero,

1951 3647 2173 3718 quando
2205 3646 2404 3700 divina:
2458 3643 2909 3714 contemplationi
2964 3661 3186 3714 vacans,
3237 3655 3290 3702 et
3347 3650 3564 3720 placere

1956 3733 2290 3788 desideravit
2347 3731 2730 3794 nihilominus,
2789 3733 2858 3786 de
2916 3749 3026 3804 quo
3081 3735 3564 3810 Psalmographus:

1965 3828 2180 3891 Vacate,
2234 3825 2436 3895 inquit,
2468 3829 2517 3878 et
2541 3825 2738 3890 videte,
2763 3828 3016 3894 quoniam
3042 3843 3138 3894 ego
3162 3844 3280 3881 sum
3311 3832 3568 3885 Domi-nus

1958 3917 2295 3987 (Psal.x1.v).
2337 3915 2674 3971 Sacriﬁcium
2729 3915 2850 3980 fuit,
2903 3919 3145 3987 quando,
3208 3936 3317 3988 prae
3374 3920 3571 3977 timore

1959 4003 2217 4074 supplicii
2247 4003 2480 4071 deﬂens,
2514 4005 2670 4075 quasi
2715 4021 2837 4059 cum
2879 4008 2988 4058 Axa
3030 4005 3140 4060 ﬁlia
3188 4005 3410 4078 Caleph,
3446 4010 3574 4064 irri-

1961 4093 2373 4167 guumlaccepit
2402 4093 2670 4160 inferius;
2733 4094 3114 4149 holocaustum
3149 4113 3300 4163 vero,
3353 4101 3578 4170 quando

1964 4201 2064 4256 pro
2097 4185 2248 4258 regni
2290 4185 2530 4239 caelestis
2567 4201 2754 4240 amore
2817 4186 3136 4256 deplorans,
3191 4205 3312 4242 cum
3383 4193 3576 4245 eadem

1966 4282 2078 4335 Axa
2127 4279 2388 4354 irriguum
2433 4279 2677 4348 possedit
2704 4281 2964 4350 superius
3027 4281 3224 4336 Verum
3257 4284 3385 4353 quia
3424 4284 3584 4338 sufﬁ-

252 4375 548 4448 diligenter
585 4346 852 4435 attendat,
907 4379 966 4426 ut
1009 4388 1105 4443 per
1146 4346 1426 4427 charitatis
1480 4346 1661 4444 ignem
1695 4381 1861 4429 totam
1888 4346 1942 4413 D
1969 4369 2179 4424 cienter
2211 4346 2324 4436 jam
2357 4346 2559 4421 dictum
2587 4374 2668 4421 est
2706 4346 2804 4436 per
2833 4384 3002 4422 sacras
3034 4346 3290 4424 lectionis
3315 4371 3582 4440 judicium

255 4473 494 4520 mentem
537 4482 690 4518 suam
717 4465 772 4518 in
811 4480 995 4519 amore
1029 4463 1337 4519 Conditoris
1367 4466 1644 4520 incendat.
1673 4466 1860 4521 Sacri-

257 4553 442 4609 ﬁcium
470 4570 708 4624 namque
738 4551 915 4618 offert,
952 4554 1045 4623 qui
1081 4553 1402 4624 temporalia
1443 4555 1585 4608 bona
1616 4572 1738 4608 cum
1776 4556 1867 4610 Lia

259 4653 314 4700 et
345 4645 550 4699 Martha
590 4645 733 4698 bene
763 4643 1125 4698 ministrando
1156 4643 1321 4696 Deum
1368 4642 1571 4712 placat;
1607 4645 1865 4699 holocau-

258 4747 402 4792 stum
430 4751 583 4802 vero,
615 4736 712 4807 qui
757 4751 880 4789 cum
917 4735 1150 4791 Rachelc
1188 4743 1242 4789 et
1290 4735 1458 4788 Maria
1501 4735 1700 4790 divina:
1731 4752 1869 4791 con-

261 4829 605 4900 templationi
655 4829 914 4884 attentius
965 4837 1134 4883 vacat.
1193 4827 1530 4882 Sacriﬁcium
1565 4827 1741 4894 oﬁ'ert,
1779 4830 1875 4900 qui

264 4923 621 4978 historialiter
659 4923 792 4996 legit
822 4923 969 4993 quod
1029 4922 1181 4992 virga
1229 4921 1382 4974 arida
1420 4922 1699 4991 quondam
1746 4937 1878 4992 pro-

265 5016 390 5071 tulit
421 5015 608 5070 ﬁorem
635 5034 651 5078 ;
683 5014 1059 5069 holocaustum
1089 5028 1238 5078 vero,
1273 5014 1364 5083 qui
1399 5013 1718 5083 spiritaliter
1746 5031 1876 5068 cre-

266 5107 346 5161 dit
374 5107 520 5177 quod
575 5105 785 5159 innuba
815 5105 965 5178 virgo
995 5105 1212 5174 peperit
1241 5103 1603 5158 Salvatorem.
1661 5102 1882 5157 Sacriﬁ-

266 5195 409 5251 cium
443 5192 621 5261 otfert,
650 5194 744 5265 qui
776 5193 1056 5248 saecularis
1084 5191 1546 5261 concupiscentia
1577 5192 1729 5247 lucra
1755 5193 1884 5246 reli-

269 5285 390 5358 quit
415 5301 539 5340 cum
582 5285 861 5349 Matthaeo;
904 5283 1284 5339 holocaustum
1316 5297 1464 5348 vero,
1496 5282 1587 5352 qui
1620 5283 1880 5336 virtutum

271 5373 482 5429 meritis
510 5373 761 5427 arborem
802 5372 979 5428 crucis
1025 5371 1274 5426 ascendit
1305 5387 1429 5424 cum
1471 5371 1719 5426 Zachceo.
1777 5372 1880 5425 Sa-

272 5461 537 5519 criﬁcium
570 5462 736 5535 igitur
768 5473 822 5516 ct
851 5463 955 5516 iste
977 5462 1060 5516 vir
1089 5461 1467 5516 sanctissimus
1508 5459 1628 5528 fuit,
1663 5461 1884 5531 quando

273 5550 461 5604 divina
513 5549 984 5620 contemplatione
1042 5565 1366 5618 suspensus,
1423 5557 1591 5603 totam
1643 5558 1884 5604 mentem

275 5643 404 5717 igne
435 5641 608 5698 divini
655 5641 857 5698 amoris
901 5641 1181 5706 incendit;
1222 5639 1552 5696 sacriﬁcium
1595 5640 1714 5708 fuit,
1745 5657 1888 5712 quo-

1967 4458 2201 4529 qualiter
2238 4457 2319 4510 vir
2350 4458 2449 4509 iste
2483 4454 2785 4526 piissimus,
2822 4462 2876 4510 et
2918 4456 3300 4512 holocaustum
3336 4456 3503 4513 ﬁebat
3530 4468 3586 4514 et

1969 4549 2321 4608 sacriﬁcium.
2359 4555 2523 4603 restat
2563 4556 2620 4602 ut
2658 4549 2918 4619 quoniam
2963 4550 3116 4603 locus
3145 4561 3201 4604 et
3230 4560 3450 4622 tempus
3499 4553 3588 4608 hic

1971 4661 2030 4698 se
2098 4641 2298 4716 ingerit
2345 4650 2676 4711 opportune,
2746 4640 2989 4694 breviter
3040 4642 3283 4696 dicamus
3343 4645 3588 4714 qualiter

1977 4743 2269 4804 utrumque
2288 4733 2398 4786 Deo
2430 4748 2486 4784 se
2517 4731 2782 4786 offerebat
2810 4732 2864 4785 in
2897 4748 3219 4797 commune;
3255 4735 3586 4790 sacriﬁcium

1979 4838 2218 4893 namque
2256 4829 2310 4874 et
2339 4821 2716 4874 holocaustum
2763 4821 2960 4874 obtulit
3014 4821 3402 4894 Deo,_quando
3434 4841 3591 4879 reco-

1980 4914 2098 4968 lcns
2124 4912 2254 4982 quid
2287 4910 2516 4964 deberet
2543 4911 2650 4964 Deo
2690 4918 2743 4963 et
2794 4913 2924 4981 quid
2963 4914 3232 4982 proximo,
3268 4915 3447 4969 reddit
3473 4931 3595 4984 quce

1980 5011 2104 5060 sunt
2125 5006 2354 5060 Gwsaris
2373 5005 2589 5070 Caesari,
2608 5008 2655 5057 et
2675 5021 2794 5073 qua:
2810 5011 2936 5060 sunt
2957 5010 3055 5062 Dei
3076 5011 3178 5063 Deo
3201 5011 3414 5080 (Matth.
3442 5012 3592 5078 xxu).

1983 5093 2320 5149 Sacriﬁcium
2343 5101 2397 5146 et
2420 5091 2798 5147 holocaustum
2821 5098 2928 5149 lico
2960 5112 3080 5151 esse
3112 5099 3341 5168 cupivit,
3373 5099 3596 5169 quando

1985 5187 2040 5239 in
2073 5183 2486 5239 tabernaculum
2545 5183 2780 5250 Domini,
2813 5188 2968 5256 quasi
3010 5204 3133 5242 cum
3196 5189 3377 5260 Moyse
3403 5190 3596 5244 crebro

1987 5273 2203 5328 intravit
2237 5279 2289 5326 et
2316 5271 2484 5325 exivit
2540 5271 2881 5328 Sacriﬁcium
2913 5276 3160 5346 quidem,
3203 5278 3446 5348 quando,
3498 5295 3598 5348 pro

1985 5366 2300 5423 inﬁrmitate
2341 5364 2734 5434 proximorum,
2794 5367 2850 5420 in
2919 5369 3003 5422 his
3067 5385 3189 5439 quae
3245 5371 3431 5425 saeculi
3473 5382 3602 5428 sunt

1989 5457 2338 5514 laudabiliter
2355 5455 2553 5519 exivit;
2582 5458 2959 5514 holocaustum
2979 5475 3126 5520 vero.
3148 5463 3393 5532 quando,
3413 5462 3601 5518 divina

1989 5545 2453 5616 contemplatione
2512 5561 2838 5616 suspensus,
2905 5549 2959 5601 in
3013 5549 3096 5603 his
3146 5567 3268 5621 quae
3329 5552 3422 5606 Dei
3459 5560 3603 5624 [sunt

1991 5641 2271 5698 humiliter
2331 5639 2569 5695 intravit.
2631 5641 2972 5698 Sacriﬁcium
3055 5644 3444 5703 holocaustum
3487 5646 3595 5702 fuit
