3920 6054
389 240 526 295 1027

1365 230 1732 285 BERENGOSI
1774 230 2051 284 ABBATIS
2093 231 2147 284 S.
2193 230 2429 285 ΜΑΧΙΜΙ
2469 231 2733 285 TREVIR.

3588 229 3752 285 1028

389 368 612 439 quando
669 372 722 419 et
772 362 989 418 lumbos
1040 362 1243 415 mentis
1294 376 1409 415 sua
1464 360 1728 415 castitatis
1759 358 1998 435 habebat
2023 364 2074 431 Α
2102 360 2222 430 ipso
2245 375 2344 430 per
2390 359 2742 415 dilectionem
2774 359 3006 430 proximi
3038 360 3167 415 huic
3209 359 3371 432 legali
3418 358 3629 413 simila
3662 358 3749 410 sic

390 458 591 514 virtute
634 455 985 527 pracinctos;
1016 461 1071 508 et
1109 459 1292 507 tamen
1325 452 1443 522 ipse
1464 450 1737 506 bonorum
1769 466 1999 522 Operum

387 549 643 621 lampade
672 563 783 603 non
812 562 997 601 minus
1023 561 1207 601 coram
1257 545 1367 599 Deo
1408 543 1653 617 fulgebat
1695 543 1871 609 intus;
1912 559 2003 597 se-

387 660 567 718 quens
591 642 850 698 videlicet
877 640 936 694 in
977 641 1081 695 hoc
1104 639 1337 713 gratiam
1384 637 1715 694 vivificantis
1752 638 1999 708 spiritus,

387 745 441 793 et
470 752 583 792 non
614 732 921 791 occidentis
970 732 1189 797 littera,
1241 730 1370 785 dum
1422 736 1476 785 et
1528 729 1661 784 illud
1691 730 1862 785 voluit
1922 728 2003 783 fa-

388 848 535 897 cere,
568 837 623 885 et
656 828 801 883 istud
832 841 943 882 non
992 825 1270 882 omittere.
1306 824 1431 880 Hac
1465 824 1652 897 igitur,
1683 824 1877 879 fratres
1915 823 2002 876 di-

387 922 694 988 lectissimi,
721 936 843 993 qua
876 920 943 973 de
971 920 1075 974 hoc
1098 918 1448 974 sanctissimo
1476 917 1594 973 viro
1620 917 1733 986 jam
1767 914 2007 970 diximus

387 1016 701 1091 specialiter
729 1015 798 1069 ad
840 1013 1215 1084 nosmetipsos
1268 1012 1479 1068 referre
1510 1026 1805 1083 possumus
1832 1024 2005 1081 gene-

388 1111 605 1175 raliter;
638 1106 899 1179 quoniam
934 1105 979 1159 si
1008 1105 1292 1175 pramium
1346 1112 1571 1159 aterna
1627 1100 2010 1157 retributionis

389 1219 511 1258 cum
534 1216 600 1255 eo
620 1199 874 1269 cupimus
900 1195 1563 1268 participare,debemus,
1578 1194 1723 1250 sicut
1746 1193 1865 1264 ipse
1890 1208 2008 1247 am-

389 1291 615 1358 bulavit,
645 1296 701 1343 et
728 1303 831 1343 nos
859 1286 1166 1343 ambulare.
1227 1284 1381 1340 Unde
1432 1291 1491 1339 ut
1531 1283 1735 1354 priora,
1768 1296 1892 1352 qua
1921 1281 2005 1335 di-

390 1384 663 1446 misimus,
709 1380 895 1435 denuo
936 1385 1270 1447 repetamus,
1312 1375 1548 1430 similam
1602 1373 1908 1439 offerimus,
1963 1371 2009 1427 si

390 1475 721 1531 munditiam
751 1471 954 1526 mentis
986 1470 1042 1523 in
1075 1469 1244 1524 corde
1275 1483 1589 1532 servamus;
1613 1466 1830 1521 illorum
1862 1463 2011 1519 vide-

390 1570 518 1623 licet
556 1565 806 1635 exemplo
828 1564 896 1617 ab
928 1562 1079 1616 omni
1112 1559 1368 1615 vitiorum
1400 1559 1682 1613 cmundati
1717 1562 1903 1624 sorde,
1939 1558 2009 1612 de

388 1657 591 1731 quibus
630 1655 892 1723 scriptum
924 1658 1037 1705 est:
1080 1652 1235 1705 Beati
1260 1648 1458 1704 mundo
1490 1649 1647 1703 corde
1677 1649 1892 1715 (Matth.
1928 1651 1999 1715 v).

391 1746 529 1801 Huic
584 1751 768 1798 autem
823 1740 1020 1795 simila
1058 1740 1201 1793 bene
1259 1738 1440 1793 oleum
1503 1739 1821 1802 miscemus,
1884 1752 2007 1791 cum

392 1832 655 1905 proximis
707 1830 908 1885 nostris
955 1828 1238 1883 charitatis
1287 1834 1341 1882 et
1395 1826 1791 1881 misericordia
1840 1841 2010 1897 opera

392 1925 754 1987 exhibemus;
802 1920 1065 1992 quoniam
1111 1918 1479 1989 omnipotenti
1526 1919 1637 1973 Deo
1676 1916 2007 1973 sacriﬁcium

392 2023 640 2072 nostrum
695 2015 777 2069 sic
817 2013 1157 2084 permaxime
1198 2012 1400 2082 placet,
1432 2011 1476 2065 si
1527 2026 1650 2066 cum
1690 2011 2006 2077 severitate,

391 2120 553 2178 quam
585 2102 888 2175 spiritualis
906 2100 1056 2155 zelus
1076 2099 1319 2165 exhibet,
1350 2114 1547 2153 manus
1571 2114 1600 2152 a
1628 2098 2008 2154 misericordia

390 2212 501 2253 non
548 2203 725 2251 vacet.
775 2194 986 2249 Deinde
1028 2208 1159 2248 vero
1199 2190 1450 2247 eamdem
1486 2191 1748 2256 similam,
1778 2190 1921 2246 sicut
1950 2191 2007 2245 in

387 2291 510 2365 lege
531 2289 762 2358 jubebat
786 2287 1073 2353 Dominus,
1095 2286 1219 2342 oleo
1251 2286 1450 2342 latitia
1482 2299 1833 2356 conspersam
1860 2284 2007 2341 bene

389 2387 446 2441 in
476 2386 752 2461 sartagine
791 2385 1073 2456 ponimus,
1102 2385 1147 2439 si
1200 2400 1295 2439 cor
1329 2393 1578 2439 nostrum
1608 2400 1707 2454 per
1745 2382 2009 2454 spiritalis

386 2475 491 2531 zeli
523 2476 950 2530 destructionem
966 2517 979 2540 ,
1000 2489 1123 2545 qua
1151 2473 1207 2527 in
1230 2489 1361 2528 cura
1379 2472 1685 2527 animarum
1710 2470 2007 2543 perfectius

387 2570 742 2630 monstratur,
773 2578 880 2618 non
914 2562 1089 2617 solum
1124 2561 1481 2628 sacriﬁcium,
1510 2561 1607 2616 sed
1640 2562 1806 2616 etiam
1849 2562 2006 2616 holo—

389 2661 635 2708 caustum
690 2653 803 2707 Deo
829 2667 950 2706 esse
1008 2650 1288 2721 probatur.
1333 2651 1504 2715 Quam
1545 2651 1709 2706 etiam
1768 2650 2001 2706 calidam

388 2746 498 2801 Deo
528 2744 831 2811 offerimus,
862 2744 918 2798 in
946 2744 1172 2799 odorem
1211 2742 1514 2809 suavitatis,
1544 2758 1666 2798 cum
1707 2743 1858 2798 zelus
1908 2758 1996 2798 re-

385 2834 668 2892 ctitudinis
713 2849 957 2890 amorem
998 2833 1162 2887 habet
1216 2831 1518 2888 charitatis.
1557 2831 1825 2897 Quoniam
1875 2846 1999 2886 nos-

388 2923 491 2994 ipsi
513 2939 600 2991 ea,
617 2925 686 2978 de
707 2939 815 2995 qua
841 2922 1035 2977 eadem
1061 2921 1242 2975 simila
1267 2919 1515 2987 offertur,
1535 2926 1753 2993 sartago
1779 2936 1993 2986 sumus,

2102 448 2285 503 oleum
2318 448 2709 504 misericordia
2749 449 3079 503 misceamus
3106 458 3166 503 ut
3193 465 3293 518 per
3332 448 3719 503 dilectionem

2101 538 2197 594 Dei
2213 539 2462 598 eamdem
2483 539 2725 593 similam
2740 539 2973 594 calidam
2999 539 3053 592 in
3069 540 3292 595 odorem
3308 538 3746 594 suavissimum.

2102 633 2334 687 Domino
2349 631 2559 705 jugiter
2588 630 2789 687 offerre
2829 632 3129 696 valeamus,
3173 647 3265 695 ne,
3320 630 3525 703 frigore
3559 628 3749 685 totius

2102 719 2412 791 iniquitatis
2429 728 2486 775 et
2515 719 2739 774 malitia
2762 719 2958 790 pressi,
2991 720 3048 773 in
3065 735 3354 774 numerum
3380 728 3749 774 transeamus

2102 809 2345 876 illorum,
2386 809 2455 863 de
2487 808 2690 880 quibus
2729 808 2934 863 dictum
2969 815 3087 863 est:
3122 808 3443 876 Refrigcscet
3478 808 3749 860 charitas

2104 899 2395 954 multorum
2440 899 2653 968 (Matth.
2715 901 2888 967 xxiv).
2952 898 3107 962 Quod
3150 899 3269 969 ipse
3324 902 3588 967 prastare
3656 894 3746 948 di-

2107 996 2326 1062 gnetur,
2369 990 2464 1061 qui
2507 1005 2630 1045 cum
2688 989 2844 1044 Patre
2895 998 2950 1045 et
2988 989 3196 1059 Spiritu
3247 995 3436 1044 sancto
3494 987 3642 1043 vivit
3690 994 3749 1040 et

2107 1096 2306 1158 regnat
2336 1086 2392 1140 in
2427 1085 2626 1141 sacula
2651 1084 3003 1140 saeculorum.

2742 1216 2961 1273 SERMO
3004 1216 3090 1272 ιν.

2361 1329 2428 1367 DE
2466 1328 2572 1369 UNO
2598 1328 2940 1369 CONFESSORE
2965 1328 3144 1375 ATQUE
3169 1326 3465 1367 PONTIFICB.

2111 1425 2185 1479 De
2224 1440 2291 1479 eo
2319 1425 2466 1495 quod
2515 1425 2605 1479 lex
2651 1425 2930 1496 pracipit:
2980 1428 3131 1493 Ignis
3186 1429 3248 1480 in
3291 1426 3461 1479 altari
3516 1421 3746 1477 ardebit

2180 1512 2406 1566 semper,
2447 1513 2604 1566 quem
2651 1501 2859 1552 nutriet
2911 1498 3182 1562 sacerdos,
3235 1497 3532 1564 subjiciens
3570 1510 3744 1547 mane

2182 1568 2331 1635 ligna
2345 1583 2445 1636 per
2472 1569 2706 1637 singulos
2736 1570 2888 1633 dies;
2920 1574 2968 1622 et
2998 1571 3246 1638 imposito
3274 1568 3610 1629 holocausta,
3642 1567 3743 1618 de—

2178 1654 2337 1707 super
2369 1639 2605 1694 adolebit
2633 1641 2820 1709 adipes
2848 1642 3213 1709 paciﬁrorum.
3288 1641 3435 1707 Ignis
3476 1641 3581 1692 iste
3607 1652 3742 1706 per—

2173 1714 2366 1779 petuus
2404 1718 2499 1772 est,
2537 1713 2633 1781 qui
2660 1727 2940 1780 nunquam
2995 1712 3201 1779 deﬁciet
3250 1710 3314 1764 de
3365 1711 3545 1766 altari
3576 1710 3734 1776 (Leu.

2184 1798 2255 1847 Vl,
2297 1782 2386 1847 12,
2426 1783 2530 1851 13).

2181 1924 2317 1988 Quia
2354 1924 2621 1979 Dominus
2648 1923 2842 1979 Noster
2871 1923 3030 1978 Jesus
3059 1922 3327 1990 Christus,
3360 1921 3561 1976 fratres
3600 1920 3742 1975 cha-

2112 2014 2335 2082 rissimi,
2361 2030 2459 2085 per
2498 2014 2886 2084 pradicatores
2929 2012 3186 2068 Ecclesia
3219 2028 3420 2068 nomen
3452 2027 3625 2066 suum
3680 2013 3738 2065 in

2109 2106 2368 2179 gentibus
2409 2121 2475 2161 eo
2535 2113 2783 2177 tempore
2835 2105 3007 2161 voluit
3050 2105 3258 2178 ubique
3307 2104 3576 2173 distendi,
3620 2119 3737 2177 quo

2109 2210 2209 2267 pro
2255 2195 2598 2251 illustrandis
2656 2194 2901 2249 ﬁdelium
2967 2194 3271 2261 cordibus,
3322 2193 3508 2268 ignem
3564 2209 3736 2248 suum

2108 2288 2258 2343 misit
2306 2287 2361 2342 in
2432 2298 2659 2356 terram,
2716 2297 2771 2342 ct
2822 2286 2993 2343 voluit
3045 2287 3407 2342 vehementer
3453 2286 3735 2350 accendi;

2109 2380 2335 2455 dignum
2394 2379 2650 2435 duximus
2679 2387 2739 2435 ut
2768 2380 2823 2433 in
2874 2379 3165 2434 festivitate
3204 2377 3509 2434 sacerdotis
3567 2378 3735 2433 istius

2109 2468 2462 2523 sacratissimi
2512 2468 2597 2532 N.,
2658 2469 2816 2538 cujus
2880 2467 3046 2523 hodie
3111 2468 3382 2523 solemnia
3445 2467 3733 2532 colimus,

2105 2563 2301 2636 legalis
2381 2564 2531 2618 illius
2593 2564 2707 2638 igni
2768 2564 3349 2620 commemorationem
3430 2562 3731 2630 faciamus,

2105 2673 2293 2727 quem,
2349 2658 2496 2713 idem
2552 2657 2751 2713 Christi
2798 2658 3127 2729 pradicator
3187 2659 3445 2733 egregius
3499 2660 3730 2713 assidue

2103 2748 2383 2817 quondam
2407 2747 2463 2801 in
2491 2747 2867 2817 subjectorum
2890 2763 3115 2803 suorum
3140 2748 3389 2803 incendit
3406 2747 3731 2804 animabus.

2100 2833 2207 2889 Lex
2236 2835 2384 2889 enim
2429 2837 2655 2907 antiqua
2712 2836 2892 2907 typice
2952 2835 3115 2892 nobis
3147 2836 3277 2892 olim
3321 2837 3728 2907 pranuntians,

2100 2925 2335 2996 qualiter
2389 2926 2773 2999 unusquisque
2818 2927 3063 2982 ﬁdelium
3118 2927 3289 2982 divini
3333 2927 3542 2982 amoris
3592 2926 3726 2999 igne

384 3015 451 3080 si,
473 3031 587 3085 pra
617 3015 798 3069 calore
824 3014 1114 3079 virtutum,
1136 3012 1317 3066 omnis
1335 3011 1594 3067 vitiorum
1624 3028 1655 3066 a
1677 3011 1838 3067 nobis
1868 3027 1996 3068 eva-
2022 3037 2072 3108 ί]
2092 3019 2300 3095 jugiter
2342 3021 2537 3077 ardere
2564 3022 2829 3090 studebit,
2878 3023 2932 3076 in
2979 3024 3214 3094 quodam
3264 3022 3385 3078 loco
3432 3022 3565 3077 inde
3620 3039 3727 3078 nos

386 3101 572 3157 nucrit
599 3102 799 3156 fumus.
831 3098 1170 3155 Sacriﬁcium
1203 3108 1385 3155 autem
1416 3097 1721 3167 oﬁerimus,
1750 3100 1794 3155 si
1819 3102 2000 3156 carnis

388 3206 572 3246 curam
627 3191 682 3244 in
726 3188 1192 3260 concupiscentiis
1240 3204 1350 3244 non
1378 3188 1702 3257 fecerimus;
1736 3190 1997 3245 holocau-

387 3287 529 3336 stum
560 3296 711 3346 vero,
745 3281 791 3335 si
822 3286 991 3336 totam
1026 3279 1387 3335 intentionem
1431 3287 1671 3336 nostram
1725 3281 1780 3335 in
1812 3296 1998 3338 amore

388 3372 699 3429 Divinitatis
754 3372 1186 3428 incenderimus.
1221 3372 1557 3428 Sacriﬁcium
1618 3373 1781 3429 etiam
1812 3373 2000 3430 offeri-

385 3480 510 3521 mus
533 3466 605 3533 si,
636 3465 818 3521 ablato
847 3482 876 3519 a
912 3464 1075 3521 nobis
1093 3464 1363 3521 fermento
1396 3466 1618 3521 malitia
1637 3473 1693 3522 et
1716 3467 1997 3539 nequitia,

385 3560 441 3614 in
484 3576 578 3615 ara
624 3560 807 3616 cordis
845 3559 1018 3615 nostri
1074 3559 1446 3616 sacriﬁcamus
1504 3561 1615 3617 Deo
1669 3560 1998 3618 sacriﬁcium

382 3652 642 3721 iustitia;
686 3652 1068 3708 holocaustum
1108 3668 1261 3720 vero,
1303 3669 1450 3721 cum,
1494 3670 1592 3725 per
1649 3654 1783 3710 boni
1816 3654 2001 3724 cperis

387 3749 942 3814 consummationem,
968 3748 1044 3802 illi
1072 3749 1455 3805 desideramus
1476 3750 1529 3804 in
1553 3759 1823 3822 perpetua
1840 3757 1997 3807 ater-

388 3843 561 3898 nitatc
602 3842 895 3909 conscribi,
954 3842 1021 3897 ad
1070 3860 1233 3913 quem
1289 3844 1782 3919 Psalmographus:
1840 3848 2004 3902 Holo-

384 3936 592 3995 causta,
643 3931 843 4000 inquit,
873 3932 1169 3986 medullata
1199 3932 1422 4001 offeram
1471 3934 1574 3988 tibi
1622 3933 1790 4005 (Psal.
1853 3936 1998 4004 va).

388 4018 736 4075 Sacriﬁcium
763 4036 892 4075 vero
926 4028 980 4075 et
1000 4022 1382 4077 holocaustum
1432 4022 1713 4079 offerimus
1744 4025 2005 4080 immacu-

388 4111 578 4177 latum,
634 4111 681 4165 si
737 4126 832 4166 cor
887 4118 1131 4167 nostrum
1171 4113 1240 4167 ab
1270 4114 1527 4169 omnibus
1576 4114 1725 4169 vitiis
1779 4124 2001 4172 exutum

386 4208 561 4256 totum
592 4200 794 4254 divina
824 4200 1106 4256 charitatis
1137 4202 1301 4258 fuerit
1341 4202 1468 4278 igne
1501 4212 1831 4269 crematum;
1864 4222 2001 4277 qua-

385 4296 546 4344 tenus
599 4304 699 4359 per
727 4288 889 4345 bona
931 4291 1271 4360 Operationis
1323 4293 1610 4349 incensum
1658 4294 1819 4369 legali
1872 4295 2000 4350 huic

2102 3109 2413 3165 instruens:
2469 3113 2635 3179 Ignis,
2698 3111 2897 3183 inquit,
2944 3114 3003 3166 in
3032 3114 3201 3167 altari
3237 3126 3441 3181 semper
3480 3113 3720 3167 ardebit.

2100 3203 2404 3273 Statimque
2436 3204 2777 3278 prasignans
2826 3205 3062 3276 qualiter
3090 3221 3187 3276 pro
3218 3205 3415 3260 eodem
3450 3204 3583 3275 igne
3616 3221 3726 3259 nu-

2099 3294 2319 3351 triendo
2348 3297 2622 3352 sacerdoti
2670 3298 2871 3370 cuique
2910 3299 3221 3369 quotidiani
3266 3298 3513 3354 exercitii
3567 3297 3726 3352 nulla

2099 3383 2459 3439 concedenda
2479 3386 2762 3457 estquies:
2788 3388 2959 3453 Quam
2979 3390 3210 3457 nutriet,
3230 3387 3428 3458 inquit,
3444 3388 3723 3451 sacerdos,

2096 3475 2389 3546 subjiciens
2416 3493 2572 3532 mane
2598 3478 2753 3545 ligna
2785 3494 2885 3548 per
2908 3480 3148 3547 singulos
3172 3481 3307 3535 dies.
3349 3480 3561 3534 Deinde
3586 3495 3725 3534 vero

2102 3564 2390 3620 insinuans
2419 3566 2583 3637 quale
2634 3567 3016 3623 holocaustum
3066 3568 3177 3624 Deo
3226 3569 3480 3624 redolere
3517 3568 3726 3624 debeat

2102 3658 2158 3712 in
2176 3658 2433 3713 cordibus
2462 3658 2794 3714 electorum:
2828 3664 3101 3731 Imposito,
3162 3661 3361 3733 inquit,
3412 3662 3725 3718 holocausta

2102 3749 2332 3819 desuper
2384 3751 2622 3806 adolebit
2686 3752 2875 3822 adipes
2919 3755 3289 3823 paciﬁcorum.
3354 3752 3415 3808 Et
3451 3755 3721 3824 quoniam

2104 3840 2249 3895 idem
2284 3841 2430 3915 ignis
2458 3842 2514 3896 in
2546 3842 2702 3899 altari
2755 3844 2940 3899 cordis
2983 3845 3152 3901 nostri
3193 3860 3417 3917 semper
3445 3845 3617 3901 debet
3671 3856 3728 3902 et

2105 3936 2226 3991 sina
2280 3936 2591 3993 cessatione
2675 3940 2931 4008 cremari,
2989 3940 3253 3996 continuo
3335 3940 3723 3996 subinferens:

2102 4031 2251 4097 Ignis
2271 4033 2389 4093 iste,
2419 4028 2514 4097 ait,
2534 4035 2827 4100 perpetuus
2854 4037 2951 4099 est,
2984 4035 3082 4102 qui
3108 4048 3387 4103 nunquam
3417 4034 3630 4102 deﬁciet
3655 4034 3723 4089 dc

2102 4121 2290 4176 altari.
2322 4120 2493 4194 Igitur
2544 4127 2604 4176 ut
2632 4137 2698 4177 ea
2728 4139 2853 4194 qua
2910 4140 3058 4180 nunc
3090 4124 3443 4180 historialiter
3483 4126 3717 4181 recitata

2102 4219 2255 4281 sunt,
2279 4213 2661 4281 discutiamus,
2692 4221 2912 4287 tempus
2942 4225 3026 4272 est
3072 4225 3132 4273 ut
3181 4235 3282 4290 per
3310 4221 3428 4277 hac
3455 4229 3718 4293 quatuor,

2101 4321 2223 4377 qua
2253 4306 2661 4377 praposuimus,
2708 4308 2975 4365 solvendo
3037 4311 3347 4368 redeamus.
3405 4316 3577 4383 Ignis,
3624 4316 3717 4369 in-

384 4377 578 4479 gjmilae
628 4378 799 4479 digne
832 4379 1006 4479 possit
1035 4380 1365 4479 compar—ari,
1393 4382 1463 4437 de
1489 4398 1596 4479 qua
1637 4383 1874 4479 dicitur}
1930 4386 2000 4479 Iit
2022 4408 2075 4475 D
2101 4397 2242 4467 quit,
2270 4399 2329 4451 in
2375 4398 2544 4452 altari
2570 4414 2774 4469 semper
2804 4401 3032 4456 ardebit.
3087 4377 3717 4479 Cor’quippe'nostrum

385 4471 496 4521 tota
535 4468 863 4522 cremabitur
916 4472 971 4522 in
1002 4469 1190 4523 altari.
1239 4469 1389 4525 Tunc
1445 4471 1650 4542 quippe
1703 4472 1886 4526 simila
1944 4472 1999 4525 in

384 4555 541 4611 altari
577 4563 686 4610 tota
717 4562 1013 4623 crematur,
1053 4557 1097 4611 si
1152 4557 1296 4613 Deus
1323 4575 1355 4613 a
1394 4559 1558 4614 nobis
1588 4566 1700 4615 tota
1728 4568 1916 4616 mente
1947 4567 2001 4615 et

385 4659 501 4707 tota
530 4650 730 4707 virtute
760 4650 1052 4725 diligatur;
1098 4654 1172 4707 ita
1225 4659 1431 4722 tamen,
1474 4660 1533 4709 ut
1582 4670 1680 4726 per
1719 4656 1997 4710 internum

385 4742 490 4797 zeli
518 4742 821 4813 spiritualis
850 4744 1126 4814 ardorem,
1169 4746 1222 4799 in
1250 4747 1527 4820 sartagine
1558 4748 1743 4803 cordis
1800 4749 1997 4817 nostri,

382 4835 636 4890 fraterna
689 4836 855 4889 etiam
905 4837 1268 4892 correctionis
1317 4838 1679 4894 incendamus
1732 4856 1994 4896 amorem.

386 4922 485 4987 Qui
515 4923 663 4977 enim
711 4930 959 4978 errantes
990 4926 1268 4995 proximos
1320 4942 1451 4982 suos
1477 4927 1785 5003 corrigunt,
1840 4937 1895 4985 et
1921 4936 2000 4984 ta-

382 5028 510 5068 men
544 5012 598 5066 in
632 5011 751 5083 ipsa
782 5013 1126 5069 correctione
1180 5014 1521 5080 spiritualem
1551 5018 1729 5071 zelum
1781 5025 1997 5089 tempe—

382 5122 504 5160 rare
543 5105 760 5173 sciunt;
807 5105 863 5159 hi
895 5105 1154 5161 nimirum
1200 5107 1567 5178 omnipotenti
1597 5109 1708 5165 Deo
1742 5116 1795 5165 et
1824 5113 1994 5167 sacri-

383 5193 566 5249 ﬁcium
610 5200 664 5248 et
693 5194 1073 5248 holocaustum
1127 5194 1285 5250 ﬁunt.
1314 5195 1467 5251 Unde
1507 5199 1876 5253 necessarium
1912 5209 1995 5256 est

386 5284 570 5349 nobis,
590 5283 782 5339 fratres
813 5284 1145 5352 charissimi,
1179 5294 1237 5341 ut
1268 5286 1323 5341 in
1352 5288 1458 5343 hoc
1480 5289 1720 5363 maligno
1746 5298 1993 5361 tempore

382 5374 703 5449 suffragium
735 5391 1048 5445 quaramus
1078 5378 1381 5434 sacerdotis
1408 5379 1567 5434 istius
1596 5380 1986 5448 sacratissimi;

385 5469 657 5531 quatenus
697 5463 908 5519 meritis
966 5464 1140 5536 ipsius
1187 5482 1250 5522 ac
1306 5467 1565 5538 precibus
1597 5469 1689 5525 illo
1719 5471 1989 5541 spirituali

388 5546 506 5601 zelo
531 5548 739 5619 repleat
790 5568 891 5608 nos
928 5553 1070 5610 Deus
1099 5557 1167 5610 dc
1208 5570 1317 5626 quo
1364 5555 1628 5627 scriptum
1670 5567 1778 5613 est:
1817 5562 1987 5615 Tabe-

386 5649 527 5689 scere
553 5651 637 5689 me
652 5642 781 5704 fecit
810 5644 952 5697 zelus
982 5659 1126 5700 meus
1148 5644 1312 5714 (Psal.
1343 5649 1549 5714 cxvm),
1582 5652 1639 5701 ut
1664 5653 1717 5702 et
1739 5662 1839 5703 nos
1868 5664 1991 5705 cum

2101 4487 2268 4542 altare
2294 4495 2375 4543 est
2404 4488 2523 4555 Dei,
2565 4490 2609 4543 si
2645 4496 2827 4546 tamen
2862 4492 3071 4564 nosipsi
3104 4492 3201 4547 ﬁlii
3240 4493 3382 4550 lucis
3419 4512 3633 4561 sumus,
3665 4506 3719 4555 et

2098 4578 2301 4632 virtute
2331 4579 2632 4649 quadratis,
2660 4580 2793 4648 Deo,
2825 4581 2992 4655 digne
3022 4584 3079 4637 in
3110 4582 3274 4639 nobis
3296 4583 3477 4641 offerri
3496 4587 3716 4642 valeant

2099 4665 2247 4721 dona
2271 4673 2325 4722 et
2368 4666 2637 4723 sacriﬁcia
2668 4686 2767 4739 pro
2823 4671 3081 4741 peccatis.
3117 4672 3273 4728 Unde
3315 4682 3369 4728 et
3419 4674 3567 4748 ignis
3620 4676 3712 4732 ille

2098 4754 2291 4826 legalis
2312 4772 2422 4812 non
2457 4757 2731 4813 immerito
2755 4774 2976 4830 semper
3004 4759 3220 4815 ardebit
3251 4761 3305 4816 in
3337 4762 3519 4826 altari,
3545 4763 3600 4817 id
3633 4773 3716 4821 est

2101 4846 2158 4900 in
2203 4862 2295 4902 ara
2325 4849 2510 4903 cordis
2548 4850 2742 4919 nostri,
2785 4851 2987 4907 divina
3035 4854 3316 4909 charitatis
3357 4855 3521 4911 ardor
3550 4856 3717 4914 debet

2100 4937 2221 4991 sine
2276 4937 2687 4996 intermissione
2738 4942 3086 5009 cremari,ex
3140 4943 3233 4999 illo
3263 4943 3524 4999 videlicet
3549 4962 3712 5016 quem

2101 5028 2457 5099 pradiximus
2496 5031 2625 5104 igne
2654 5032 2764 5086 vim
2818 5048 3047 5104 semper
3091 5041 3421 5105 accepturus
3461 5036 3714 5105 ardendi,

2101 5132 2265 5187 quem
2292 5116 2558 5172 Dominus
2580 5120 2728 5174 misit
2768 5121 2823 5174 in
2851 5127 3048 5176 terram
3082 5131 3137 5177 et
3158 5123 3330 5178 voluit
3357 5124 3718 5181 vehementer

2094 5206 2323 5260 accendi
2349 5205 2496 5276 (Luc.
2526 5210 2635 5276 xu).
2663 5206 2756 5262 Cui
2785 5209 3045 5266 videlicet
3064 5211 3203 5284 igni,
3236 5228 3304 5266 ne
3338 5212 3394 5266 in
3423 5214 3707 5282 subjecto-

2096 5310 2214 5348 rum
2255 5311 2480 5350 suorum
2513 5298 2773 5352 cordibus
2803 5300 3102 5371 aliquando
3143 5302 3425 5357 videretur
3451 5302 3711 5374 deﬁcere,

2090 5382 2347 5439 sacerdos
2378 5384 2480 5441 iste
2527 5387 2934 5444 sacratissimus
2972 5406 3134 5445 mane
3158 5393 3283 5463 :per
3312 5392 3566 5467 singulos
3592 5394 3711 5450 dies

2093 5469 2263 5548 ligna,
2302 5471 2358 5526 id
2409 5481 2511 5541 est,
2569 5475 2924 5547 antiquorum
2970 5477 3189 5534 Patrum
3219 5479 3435 5535 solebat
3461 5483 3713 5554 exempla

2093 5561 2397 5632 subjicere;
2449 5573 2724 5636 quatenus
2783 5569 2837 5624 in
2881 5585 3073 5626 eorum
3132 5572 3395 5629 cordibus
3454 5574 3711 5631 vitiorum

2096 5654 2342 5711 omnium
2388 5659 2728 5716 torsionibus
2771 5662 2839 5717 ab
2880 5665 3075 5720 eodem
3140 5666 3255 5736 ipse
3306 5669 3588 5736 crematis,
3644 5670 3712 5723 ad
