3912 6044
239 213 379 270 1029

1717 210 2081 266 SERMONES.

3425 237 3562 292 1030

239 344 488 398 divinum
516 357 758 397 amorem
794 349 848 395 et
878 340 1006 394 ﬁdei
1040 357 1136 396 eos
1166 341 1309 413 ignis
1334 349 1389 395 et
1411 341 1622 411 lampas
1650 355 1850 396 accen-
1872 344 1928 411 Α
1954 340 2165 395 vocavit
2191 341 2261 394 ad
2289 341 2498 408 lucem;
2520 351 2578 400 ut
2600 347 2727 401 boni
2752 352 2940 419 operis
2982 353 3258 425 lampade,
3286 359 3354 413 ad
3382 361 3558 432 ipsum

239 433 394 486 deret
431 431 733 486 charitatis.
776 431 950 496 Unde,
975 446 1041 484 ne
1070 445 1168 500 pro
1191 430 1434 484 caecitate
1464 429 1647 485 cordis
1677 430 1850 485 nostri

233 521 414 588 justus
428 520 598 590 judex
619 520 674 574 in
697 519 878 574 futuro
897 519 1232 590 quandoque
1246 519 1456 587 judicio
1473 519 1622 587 juste
1640 534 1741 573 nos
1761 519 1852 572 da-

239 621 411 680 mnet,
444 614 672 688 dignum
697 621 782 668 est
806 621 866 669 ut
894 614 1280 685 unusquisque
1311 623 1582 680 nostrum,
1611 613 1852 668 dilectis-

239 707 363 760 simi
395 707 612 773 fratres,
645 706 1069 778 quibuscumque
1122 706 1266 761 valet
1292 706 1524 772 nisibus,
1557 722 1617 760 se
1665 706 1852 761 studio

237 796 873 863 charitatisinﬂammet;
900 797 972 851 ita
1001 797 1261 852 videlicet
1287 795 1581 851 conferens
1604 797 1658 850 in
1682 795 1848 851 corde

235 907 336 947 suo
359 891 688 964 evangelicae
715 892 1092 947 testimonium
1110 891 1376 955 veritatis,
1400 898 1459 946 ut
1486 892 1541 945 in
1560 909 1652 946 ara
1669 890 1851 946 cordis

234 984 319 1038 sui
379 999 659 1055 nunquam
715 983 936 1038 deficiat
993 983 1212 1036 ﬂamma
1251 982 1551 1037 charitatis.
1610 982 1842 1047 Quibus-

235 1077 358 1132 dam
388 1078 534 1132 enim
568 1079 750 1133 minus
804 1078 985 1132 adhuc
1011 1077 1065 1131 in
1105 1076 1370 1132 charitate
1399 1076 1658 1147 perfectis
1697 1090 1842 1145 saepe

235 1169 505 1242 contingit
533 1167 682 1240 quod
727 1169 784 1223 in
824 1167 1084 1223 cordibus
1136 1166 1581 1238 qualemcunque
1639 1166 1841 1220 divinae

231 1261 546 1317 dilectionis
576 1260 759 1334 ignem
796 1259 976 1314 semel
1027 1274 1319 1314 accensum
1353 1273 1459 1312 nox
1499 1257 1683 1328 aliqua
1713 1274 1844 1328 pra-

231 1351 414 1406 vitatis
451 1350 770 1421 exstinguit,
793 1349 985 1421 sicquc
1017 1348 1275 1419 paulatim
1319 1346 1606 1413 deﬁciens,
1642 1347 1696 1400 in
1755 1361 1845 1402 eo-

231 1457 349 1495 rum
377 1439 657 1494 mentibus
676 1438 938 1492 citissime
969 1438 1065 1493 tiet
1085 1438 1406 1499 exstinctus,
1432 1435 1558 1499 nisi,
1579 1435 1843 1491 adhibitis

231 1533 638 1604 Scripturarum
681 1531 970 1603 exemplis,
1019 1531 1165 1602 apud
1205 1533 1359 1602 ipsos
1385 1532 1634 1603 quotidie
1673 1548 1842 1603 repa-

1957 434 2096 488 lucis
2133 442 2419 498 auctorem
2471 437 2714 507 seipsum
2772 444 3150 511 praeviatorem
3199 464 3566 522 sequerentur

1954 535 2018 575 ac
2072 521 2290 588 ducem,
2348 525 2568 594 quando
2616 543 2714 596 per
2769 527 2898 585 fidei
2959 533 3138 605 ignem
3198 545 3252 592 et
3287 541 3566 599 charitatis

1955 608 2228 664 ﬂammam
2299 612 2379 666 sic
2434 613 2580 668 intus
2628 615 2959 690 sibimetipsi
3009 638 3228 696 semper
3280 634 3568 688 consuevit

1954 697 2172 767 ardere,
2205 706 2263 754 ut
2295 709 2476 755 tamen
2517 703 2786 772 proximis
2818 708 2935 762 suis
2965 725 3074 765 non
3105 714 3287 770 minus
3316 717 3446 774 foris
3467 737 3566 791 per

1953 788 2084 883 boni
2131 790 2318 860 operis
2361 792 2645 850 videretur
2684 799 2934 869 exempla
2975 801 3179 861 lucere.
3224 807 3397 877 Unde,
3438 788 3567 883 quia

1951 879 2046 934 tali
2088 882 2406 957 magisterio
2447 885 2691 954 seipsum
2719 887 2950 945 formam
2982 891 3126 950 bene
3158 901 3377 954 vrvendi
3413 879 3565 957 Chri-

1950 972 2017 1026 sti
2041 988 2262 1042 semper
2283 975 2502 1032 solebat
2522 978 2782 1035 exhibere
2812 983 3098 1053 ministris,
3135 988 3340 1047 idcirco
3378 993 3434 1046 in
3469 995 3558 1049 fu-

1945 1069 2086 1130 turo,
2120 1067 2488 1136 utcredimus,
2524 1069 2658 1124 nihil
2687 1087 2982 1130 commune
3011 1077 3298 1136 habiturus
3328 1092 3410 1140 est
3435 1101 3560 1142 cum

1943 1164 2210 1220 sinistris:
2273 1167 2372 1222 sed
2404 1169 2546 1223 inter
2587 1170 2710 1226 illos
2759 1175 2941 1242 potius
2985 1179 3398 1248 prtedicationis
3428 1203 3561 1258 apo-

1944 1256 2151 1311 stolicae
2188 1259 2338 1313 viros
2378 1267 2589 1329 partem
2632 1264 2966 1336 quandoque
2997 1269 3162 1325 debet
3201 1273 3403 1331 habere
3438 1256 3562 1335 cum

1945 1348 2202 1415 dexteris,
2237 1350 2440 1421 quibus
2479 1354 2797 1425 evangelica
2843 1357 2974 1412 olim
3023 1363 3248 1419 veritas:
3300 1368 3442 1437 Sint,
3478 1372 3560 1426 in-

1946 1443 2086 1513 quit,
2119 1445 2285 1500 lumbi
2320 1450 2488 1501 uestri
2510 1452 2814 1518 prcecincti,
2857 1459 2906 1507 et
2938 1456 3166 1512 lucernae
3216 1462 3465 1521 ardentes
3502 1470 3560 1523 in

1948 1534 2194 1587 manibus
2222 1537 2414 1590 vestris
2446 1535 2592 1606 (Luc.
2617 1538 2735 1610 xu).
2782 1541 2844 1595 Et
2874 1542 3001 1598 ideo
3034 1561 3260 1603 necesse
3291 1561 3380 1607 est
3419 1563 3477 1609 ut
3508 1566 3564 1611 et

230 1633 382 1681 retur
410 1627 575 1680 intus.
608 1625 717 1681 Hoc
737 1624 920 1680 sciens
961 1625 1044 1678 vir
1074 1625 1172 1679 iste
1230 1625 1627 1692 sanctissimus,
1660 1625 1844 1699 ignem
1873 1671 1923 1738 B
1949 1635 2028 1696 tu,
2070 1643 2103 1683 ο
2135 1629 2464 1698 Christiane,
2515 1632 2815 1706 diligenter
2853 1641 2998 1708 apud
3055 1647 3107 1696 te
3165 1644 3254 1699 die
3286 1656 3564 1724 noctuque

234 1719 376 1738 [μυ-
408 1733 511 1738 ..-μ
551 1717 722 1738 _-I_-_.
759 1716 810 1738 2..
850 1732 932 1738 -..Α
975 1716 1149 1738 ...ι-Δέ..
1179 1716 1258 1738 ---Ζ
1306 1717 1516 1738 ---2.1---
1549 1718 1818 1738 _-,.__A___£n
1949 1735 2151 1738 __-_;-,_
2175 1720 2252 1738 1,,
2399 1723 2452 1738 ι’.
2776 1727 2786 1738 1
2922 1730 2930 1738 .
2971 1730 2978 1738 .
3020 1731 3028 1738 .
3094 1733 3103 1738 .
3222 1735 3230 1738 .

234 1719 381 1772 hunc
408 1733 518 1772 non
549 1717 726 1773 solum
759 1716 815 1770 in
848 1732 938 1770 ara
969 1716 1151 1771 cordis
1177 1716 1261 1770 sui
1303 1717 1524 1772 assidue
1549 1718 1842 1789 reparavit,

229 1811 327 1865 sed
359 1810 526 1864 etiam
585 1809 642 1862 in
678 1807 941 1863 cordibus
989 1805 1233 1861 tideliurn
1275 1807 1550 1875 nutriens,
1594 1808 1844 1880 quotidie

229 1900 398 1971 ligna,
433 1898 486 1952 id
515 1907 598 1953 est
652 1896 1054 1967 Scripturarum
1093 1897 1408 1952 testimonia
1450 1898 1532 1952 eis
1559 1897 1845 1953 sufficien-

227 1996 437 2050 tissime
467 1993 825 2059 ministravit;
879 2000 1149 2064 quatenus
1179 1994 1354 2067 legale
1386 1993 1524 2048 illud
1565 1995 1839 2050 holocau-

229 2097 374 2143 stum
395 2089 506 2142 Deo
524 2086 799 2142 redoleret
827 2086 879 2138 in
921 2085 1184 2140 cordibus
1213 2086 1482 2156 ipsorum,
1509 2087 1578 2141 de
1611 2102 1721 2158 quo
1755 2087 1842 2141 lex

230 2181 459 2252 antiqua
499 2177 882 2234 subinferens:
939 2179 1210 2246 Imposito,
1277 2178 1476 2250 inquit,
1532 2179 1844 2234 holocausta

228 2272 457 2340 desuper
482 2269 714 2324 adolebit
743 2267 933 2337 adipes
968 2269 1336 2337 pacificorum.
1389 2267 1646 2339 Quisquis
1697 2268 1842 2322 enim

227 2362 370 2415 inter
401 2375 460 2413 se
492 2364 548 2413 et
593 2358 768 2411 Deum
795 2357 908 2411 vult
935 2356 1115 2411 facere
1147 2372 1360 2426 pacem,
1390 2357 1646 2427 primitus
1686 2357 1743 2412 in
1782 2374 1842 2413 se

229 2451 463 2527 geminae
501 2445 817 2502 dilectionis
843 2445 1170 2501 incensurus
1198 2453 1281 2500 est
1308 2447 1516 2500 facem:
1559 2448 1690 2519 quia
1713 2454 1844 2504 tunc

229 2546 340 2599 Deo
364 2543 530 2614 digne
570 2540 637 2593 de
663 2555 723 2593 se
753 2538 978 2593 odorem
1011 2536 1394 2591 suavissimum
1427 2538 1627 2604 reddit,
1662 2539 1708 2594 si
1740 2557 1841 2611 pro

229 2633 532 2689 dilectione
590 2631 685 2684 Dei
735 2638 789 2684 et
838 2629 1072 2696 proximi
1129 2627 1195 2681 ad
1237 2627 1468 2682 humilia
1521 2645 1757 2701 quicque
1783 2647 1844 2686 se

229 2726 412 2781 studio
440 2724 723 2780 charitatis
754 2722 1007 2778 inﬂectit.
1042 2721 1198 2776 Unde
1229 2727 1283 2775 et
1313 2721 1394 2775 vir
1424 2720 1526 2776 iste
1567 2724 1845 2778 sanctissi-

228 2836 370 2884 mus,
423 2824 735 2888 postquam,
796 2815 992 2870 eodem
1045 2813 1174 2888 igne
1227 2829 1548 2882 succensus,
1602 2815 1842 2869 animam

228 2907 385 2970 suam
424 2928 533 2967 non
563 2911 773 2967 viribus
821 2919 875 2965 et
906 2916 1196 2981 potestate,
1226 2909 1322 2964 sed
1369 2910 1604 2966 consilio
1647 2917 1700 2966 et
1731 2913 1845 2983 pie-

226 3017 333 3065 tate
365 3008 610 3082 regebat,
642 3005 1038 3080 cogitationum
1079 3021 1298 3060 suarum
1332 3007 1546 3060 interna
1576 3007 1836 3062 conside-

226 3121 376 3170 rans,
399 3102 641 3173 seipsum
673 3101 729 3154 in
762 3099 944 3154 cordis
970 3099 1352 3154 holocaustum
1384 3099 1624 3170 desuper
1654 3101 1835 3172 impo-

229 3197 426 3260 nebat;
450 3195 672 3266 quando
701 3193 756 3245 in
780 3193 963 3262 seipso
987 3192 1309 3262 spiritaliter
1331 3191 1658 3260 incendens,
1688 3196 1837 3264 quod

229 3287 312 3341 lex
339 3284 631 3340 carnaliter
664 3282 850 3350 jussit,
893 3296 1058 3336 omne
1096 3281 1311 3345 vitium,
1358 3281 1506 3351 quod
1546 3281 1600 3334 in
1628 3296 1686 3336 se
1725 3299 1842 3338 car-

227 3378 427 3434 naliter
451 3376 601 3442 vixit,
630 3373 952 3444 spiritaliter
980 3371 1219 3427 excussit
1277 3373 1340 3427 Ut
1369 3373 1514 3426 enim
1562 3389 1660 3444 per
1701 3375 1842 3432 hanc

227 3472 463 3528 hostiam
490 3470 633 3523 inter
662 3482 720 3521 se
750 3472 804 3520 et
843 3466 1010 3519 Deum
1045 3481 1235 3534 pacem
1269 3463 1495 3529 faciens,
1526 3465 1594 3519 ad
1627 3483 1834 3538 perpe-

227 3571 334 3619 tua:
364 3561 515 3633 pacis
555 3564 739 3630 posset
760 3555 1047 3627 pervenire
1077 3555 1453 3619 dulcedinem,
1485 3555 1837 3625 pacificorum

227 3651 469 3722 adipem,
529 3649 584 3703 id
614 3656 697 3703 est
728 3647 997 3701 internam
1037 3659 1192 3699 novre
1241 3645 1672 3700 conversationis
1728 3648 1839 3703 Deo

228 3741 444 3795 solebat
471 3737 696 3792 adolere
720 3733 1147 3809 pinguedinem;
1202 3733 1424 3804 quando
1454 3732 1510 3787 in
1540 3734 1708 3790 corde
1739 3753 1839 3794 suo

231 3828 472 3901 peccatis
511 3825 772 3882 omnibus
812 3823 1014 3879 divinae
1046 3822 1359 3877 dilectionis
1396 3823 1524 3897 igne
1555 3826 1837 3894 crematis,

231 3917 476 3988 seipsum
507 3915 709 3971 obtulit
747 3913 857 3968 Deo
882 3911 1210 3968 sacrilicium
1247 3911 1300 3965 in
1331 3912 1557 3967 odorem
1597 3915 1838 3970 suavita-

225 4008 310 4062 tis.
339 4008 398 4061 Et
425 4004 685 4077 quoniam
715 4003 964 4071 ejusdem
1007 4001 1210 4056 divinae
1255 4001 1536 4056 charitatis
1563 4018 1717 4059 amor
1756 4004 1839 4058 in-

223 4099 458 4155 visibilis
489 4097 542 4150 in
583 4093 842 4151 cordibus
891 4093 1191 4148 electorum
1239 4109 1460 4163 semper
1492 4097 1843 4165 permanebit

225 4182 714 4255 inexstinguibilis,
748 4181 952 4236 idcirco
1007 4181 1089 4234 vir
1119 4180 1264 4234 idem
1306 4179 1664 4237 beatissimus
1691 4185 1840 4253 ejus-

224 4280 348 4332 dem
389 4275 529 4350 legis
554 4291 619 4330 ea
667 4290 789 4345 qua:
837 4272 1022 4327 adhuc
1068 4279 1296 4337 restant,
1326 4274 1536 4328 studuit
1567 4284 1841 4347 praecepta

1949 1720 2262 1790 perpendas
2283 1723 2524 1792 qualiter
2571 1727 2826 1796 exemplo
2882 1730 2983 1783 viri
3019 1731 3178 1788 istius
3219 1735 3274 1789 in
3338 1745 3410 1804 te,
3464 1720 3563 1812 per

1949 1807 2350 1878 Scripturarum
2402 1811 2740 1881 testimonia,
2795 1815 2980 1888 ignem
3030 1819 3230 1877 divinae
3283 1807 3564 1886 charitatis

1947 1911 2168 1966 semper
2197 1898 2470 1952 accendas
2497 1917 2510 1952 :
2540 1900 2724 1954 sciens
2755 1902 3018 1961 videlicet
3047 1912 3194 1979 quod
3240 1918 3441 1971 summi
3471 1919 3562 1974 Sa-

1946 1987 2188 2042 cerdotis
2228 1989 2537 2044 membrum
2563 1991 2724 2047 aliter
2749 2009 2859 2049 non
2902 1995 3021 2066 fies,
3055 2000 3160 2054 nisi
3208 2005 3561 2078 antiquorum

1947 2075 2165 2173 Uatrum
2207 2078 2457 2149 exempla
2492 2080 2754 2148 subjicias
2807 2084 2909 2138 tibi
2957 2103 3121 2144 mane
3173 2108 3272 2162 per
3318 2075 3568 2173 singulos

1947 2161 2087 2217 dies.
2111 2163 2174 2219 Et
2200 2164 2348 2230 ideo,
2383 2173 2442 2220 ut
2471 2168 2724 2238 quotidie
2755 2170 2939 2228 valeas
2977 2175 3090 2232 Deo
3131 2161 3298 2253 digne
3337 2161 3565 2255 servire,

1947 2254 2002 2308 in
2035 2271 2128 2310 ara
2157 2257 2339 2312 cordis
2391 2258 2467 2312 tui
2498 2259 2700 2316 divina;
2732 2263 3014 2322 charitatis
3059 2268 3334 2329 ﬂammam
3395 2254 3568 2334 debes

1945 2347 2065 2402 sine
2105 2348 2519 2406 intermissione
2544 2353 2772 2423 nutrire,
2806 2373 2875 2412 ne
2915 2358 3162 2417 deterius
3201 2365 3298 2420 tibi
3331 2369 3567 2442 :aliquid

1946 2442 2076 2496 inde
2099 2443 2384 2516 contingat
2417 2446 2461 2500 si
2496 2447 2551 2501 in
2580 2449 2747 2502 corde
2772 2456 2865 2506 tuo
2897 2455 3126 2523 superni
3149 2459 3354 2514 amoris
3382 2461 3565 2533 ignem

1949 2550 2054 2590 nox
2077 2536 2310 2604 alicujus
2338 2539 2599 2594 czecitatis
2637 2542 2976 2616 exstinguat.
3007 2546 3103 2603 Hic
3125 2559 3209 2606 est
3249 2553 3397 2608 enim
3425 2556 3570 2627 ignis

1946 2627 2058 2691 ille,
2092 2645 2255 2698 quem
2292 2631 2521 2702 antiqua
2550 2632 2818 2690 Divinitas
2859 2654 2960 2708 per
3000 2642 3395 2710 praedicatores
3437 2665 3569 2706 suos

1945 2718 2074 2773 olim
2101 2719 2264 2774 latius
2290 2723 2510 2792 sparsit,
2544 2726 2766 2794 quando
2816 2728 2883 2782 ad
2912 2728 3376 2790 illuminationem
3429 2757 3569 2810 gen-

1945 2814 2081 2869 tium
2103 2815 2250 2890 ignis
2263 2816 2319 2870 in
2342 2827 2647 2889 conspectu
2661 2820 2781 2888 ejus
2793 2825 3014 2892 exarsit,
3033 2841 3133 2896 per
3143 2845 3307 2898 quem
3324 2835 3489 2888 corda
3503 2835 3568 2888 ti-

1946 2909 2152 2964 delium
2172 2927 2296 2966 cum
2311 2912 2646 2968 carbonibus
2668 2915 2777 2970 illis
2797 2918 2865 2971 ad
2887 2917 3053 2974 ﬁdem
3079 2922 3523 2984 incenderentur
3537 2949 3566 2985 a

1945 3002 2166 3070 Deo,de
2195 3004 2396 3076 quibus
2432 3006 2701 3078 PrOpheta
2733 3010 3115 3086 subjungens:
3150 3017 3446 3090 Carbones,
3472 3024 3558 3077 in-

1943 3096 2080 3166 quit,
2111 3101 2348 3153 succensi
2373 3105 2504 3154 sunt
2538 3102 2607 3155 ab
2627 3116 2683 3156 eo
2717 3103 2865 3172 (Psal
2942 3112 3090 3170 xvnl.
3125 3113 3376 3181 Apostoli
3408 3132 3564 3171 nam-

1942 3201 2390 3259 que,eorumque
2405 3205 2777 3259 successores,
2797 3195 2931 3265 quid
2951 3198 3098 3253 aliud
3113 3209 3292 3269 erant,
3310 3205 3418 3259 nisi
3443 3223 3565 3262 car-

1943 3276 2135 3343 bones,
2156 3277 2286 3331 dum
2306 3281 2731 3351 perexemplum
2761 3283 3111 3356 boniOperis,
3136 3299 3190 3344 et
3208 3291 3396 3348 lumen
3429 3313 3566 3365 ιιι-ωε

1943 3365 2254 3434 dicationis,
2274 3374 2328 3421 et
2344 3367 2704 3439 sibimetipsis
2716 3373 2985 3429 ardebant
3001 3377 3168 3446 intus,
3183 3388 3237 3434 et
3260 3382 3388 3436 aliis
3406 3384 3559 3441 foris.

1943 3453 2022 3507 Ad
2049 3455 2156 3509 hoc
2184 3455 2332 3509 enim
2363 3456 2529 3510 corda
2559 3456 2804 3514 ﬁdelium
2838 3462 2946 3517 illis
2985 3467 3230 3522 coelestis
3289 3473 3438 3527 verbi
3471 3491 3564 3529 sa—

1940 3541 2090 3631 gittis
2145 3542 2358 3610 potenti
2414 3543 2668 3599 solebant
2691 3546 2936 3614 jaculare
2988 3553 3188 3610 virtute
3231 3557 3300 3612 de
3361 3561 3562 3631 quibus

1940 3629 2368 3723 scriptumest:
2417 3631 2641 3723 Sagitta
2685 3639 2921 3704 potentis
2981 3647 3153 3697 acuta:
3191 3646 3358 3712 (Psal.
3379 3629 3558 3723 “cx1v).

1941 3729 2000 3774 ut
2029 3728 2085 3776 et
2135 3721 2240 3792 ipsi
2298 3722 2530 3778 desolati
2570 3741 2601 3778 a
2657 3727 2820 3792 vitiis,
2870 3739 2925 3784 et
2977 3737 3193 3809 purgati
3235 3755 3263 3792 a
3292 3721 3563 3810 peccatis,

1943 3812 2277 3869 carbonibus
2309 3814 2416 3868 illis
2447 3815 2883 3875 assimilarentur
2908 3823 2978 3879 de
3021 3827 3228 3896 quibus
3257 3830 3406 3886 idem
3437 3833 3567 3889 Pro-

1943 3906 2116 3977 pheta
2144 3907 2516 3980 subjungens:
2569 3913 2699 3969 Cum
2726 3916 3068 3986 carbonibus,
3102 3924 3304 3993 inquit,
3346 3927 3562 3983 desola-

1943 4003 2101 4055 toriis
2132 4002 2332 4072 (ibid).
2355 4003 2461 4058 Per
2485 4008 2755 4065 carbones
2785 4013 2994 4084 quippe
3028 4016 3394 4077 desolatorios
3433 4039 3568 4080 con-

1942 4089 2087 4143 versi
2116 4091 2350 4161 quilibet
2375 4095 2782 4167 exprimuntur,
2815 4101 2933 4171 qui,
2963 4105 3119 4174 quasi
3146 4121 3245 4176 per
3277 4119 3566 4179 peccatum

1943 4181 2097 4252 prius
2123 4185 2398 4274 exstincti,
2429 4195 2483 4241 et
2514 4204 2614 4258 per
2637 4190 2908 4258 justitiam
2944 4205 3134 4264 postea
3167 4205 3472 4274 reaccensi,
3502 4221 3567 4259 ex

1943 4273 2175 4328 mortuis
2230 4277 2497 4345 operibus
2537 4280 2604 4332 ad
2648 4279 2918 4336 Christum
2969 4295 3388 4357 convertuntur,
3433 4273 3569 4363 qua-

224 4369 446 4438 sectari,
475 4368 532 4422 in
563 4367 769 4439 quibus
796 4365 1018 4420 dicitur:
1083 4367 1232 4432 Ignis
1264 4366 1365 4420 iste
1421 4371 1498 4421 est
1521 4373 1841 4437 perpetuus,
1871 4359 1925 4426 D
1945 4369 2109 4417 tenus
2133 4364 2189 4417 in
2203 4364 2549 4422 desolatione
2574 4369 2832 4425 vitiorum
2862 4380 2916 4427 et
2947 4376 3272 4444 operatione
3303 4359 3565 4436 virtutum

225 4462 322 4529 qui
347 4473 631 4527 nunquam
655 4456 860 4525 deficiet
889 4456 950 4508 in
987 4455 1172 4509 altari.
1232 4453 1426 4509 Nullus
1467 4457 1614 4510 enim
1661 4458 1834 4513 Deum

225 4564 355 4604 vere
393 4545 656 4612 probatur
694 4559 904 4610 amare,
945 4542 1050 4596 nisi
1102 4557 1268 4613 quem
1311 4557 1492 4613 neque
1532 4545 1833 4613 tribulatio,

225 4652 406 4708 neque
435 4634 687 4707 angustia
727 4633 926 4703 poterit
967 4631 1035 4686 ab
1093 4632 1213 4700 ejus
1260 4631 1526 4686 charitate
1579 4649 1838 4704 separare

227 4730 400 4802 (Rom,
449 4727 597 4797 vin);
640 4724 902 4796 quoniam
947 4739 1100 4803 amor
1144 4723 1375 4778 internae
1419 4723 1738 4779 dilectionis
1786 4726 1843 4782 in

225 4837 414 4879 eorum
448 4819 729 4874 mentibus
760 4832 1038 4888 nunquam
1087 4816 1200 4871 otio
1234 4815 1491 4884 tabescit,
1542 4817 1597 4870 in
1642 4819 1845 4889 quibus

226 4911 295 4966 de
336 4910 425 4964 die
460 4909 515 4963 in
547 4907 694 4962 diem
739 4905 939 4961 divinae
966 4904 1248 4960 charitatis
1293 4904 1476 4959 fervor
1513 4920 1735 4977 semper
1761 4922 1845 4962 ac-

224 5002 438 5059 crescit.
493 5001 603 5056 Hoc
633 4998 818 5054 sciens
848 4997 1110 5052 sacerdos
1147 4997 1249 5052 iste
1291 4996 1510 5065 beatus,
1551 5013 1618 5052 eo
1668 4999 1843 5071 magis

224 5096 509 5168 magisque
533 5107 796 5164 prospera
823 5090 1016 5145 mundi
1040 5106 1138 5160 pro
1171 5088 1382 5144 Christo
1410 5090 1627 5146 solebat
1652 5092 1840 5162 despi-

224 5205 370 5256 cere,
403 5202 512 5260 quo
544 5185 804 5240 eumdum
868 5183 1065 5237 divinae
1117 5182 1401 5237 charitatis
1433 5181 1619 5258 ignem
1653 5185 1707 5239 in
1746 5201 1840 5239 ara

222 5276 404 5334 cordis
425 5275 508 5331 sui
550 5290 831 5346 nunquam
883 5289 1076 5344 passus
1106 5279 1189 5328 est
1229 5272 1503 5339 deiicere;
1563 5285 1840 5348 quatenus

222 5369 275 5422 in
311 5371 607 5438 perpetuas
633 5361 1063 5418 zeternitatesilli
1098 5379 1317 5434 semper
1351 5364 1663 5419 adhaereret
1703 5365 1840 5438 igni,

221 5459 314 5530 qui
354 5455 519 5511 nullis
563 5471 806 5525 unquam
841 5455 1238 5510 tentationibus
1293 5455 1496 5526 poterit
1545 5457 1840 5530 exstingui.

221 5552 330 5607 Sed
355 5557 409 5606 et
438 5566 538 5620 per
564 5548 819 5603 eumdem
856 5549 1136 5605 charitatis
1185 5550 1370 5622 ignem
1399 5565 1535 5606 oves
1564 5550 1670 5605 sibi
1697 5567 1847 5606 com-

227 5647 422 5700 missas
454 5644 520 5698 ad
564 5644 666 5699 hoc
697 5643 764 5697 de
815 5651 989 5699 morte
1019 5644 1086 5699 ad
1127 5645 1314 5711 vitam,
1358 5644 1427 5700 de
1482 5645 1729 5702 tenebris
1761 5662 1849 5702 rc-

1941 4467 2007 4506 ex
2039 4452 2226 4507 verbis
2253 4454 2572 4510 coelestibus
2610 4473 2833 4530 semper
2881 4462 3174 4520 addiscunt
3221 4469 3456 4537 qualiter
3502 4473 3570 4527 de

1941 4544 2188 4599 tenebris
2214 4546 2283 4600 ad
2313 4547 2515 4613 lucem,
2545 4548 2615 4603 de
2649 4561 2821 4606 morte
2849 4554 2918 4607 ad
2946 4555 3112 4610 vitam
3144 4559 3267 4613 sine
3291 4560 3570 4617 intermis-

1943 4634 2104 4689 sione
2161 4637 2512 4692 reviviscant.
2555 4639 2682 4704 Quae
2731 4644 3006 4698 sententia
3043 4646 3220 4702 virum
3283 4650 3444 4706 istum
3500 4653 3569 4708 de

1945 4742 2055 4798 quo
2077 4726 2362 4798 loquimur
2387 4744 2737 4802 nequaquam
2770 4734 3015 4804 delituit,
3047 4739 3176 4794 dum
3200 4758 3300 4812 per
3327 4745 3570 4800 caelestis

1945 4816 2103 4871 verbi
2134 4818 2454 4888 mysterium
2488 4819 2651 4875 bonis
2675 4823 2921 4879 moribus
2953 4835 3007 4881 et
3028 4829 3220 4898 probis
3239 4833 3456 4888 actibus
3483 4835 3567 4888 vi-

1950 4915 2058 4964 tam
2091 4925 2245 4964 suam
2268 4925 2490 4981 semper
2519 4912 2781 4983 instituit,
2811 4926 3085 4987 quatenus
3116 4921 3171 4975 in
3199 4925 3364 4979 corde
3396 4925 3569 4996 ipsius

1948 5000 2002 5054 in
2036 5001 2249 5056 incesto
2280 5011 2482 5069 castus,
2525 5012 2578 5058 et
2631 5022 2694 5058 ex
2737 5009 2954 5079 impuro
2985 5029 3177 5082 purus,
3218 5016 3376 5071 tieret
3417 5018 3571 5074 locus

1945 5095 2245 5164 desolatus,
2278 5106 2336 5153 ut
2391 5098 2449 5152 in
2481 5100 2848 5159 habitaculum
2888 5106 2984 5160 Dei
3042 5107 3096 5162 in
3127 5110 3331 5181 Spiritu
3374 5122 3569 5170 sancto

1943 5203 2166 5258 semper
2194 5196 2380 5259 posset
2411 5206 2533 5246 esse
2561 5201 2803 5263 paratus.
2849 5197 3004 5254 Unde
3038 5215 3148 5255 non
3193 5203 3471 5260 immerito
3503 5221 3568 5260 ex

1941 5277 2151 5332 eisdem
2179 5279 2514 5335 carbonibus
2554 5299 2696 5338 unus
2724 5294 2863 5354 erat,
2922 5288 3050 5344 dum
3082 5307 3180 5361 per
3211 5291 3343 5346 boni
3378 5295 3569 5364 Operis

1947 5371 2132 5424 lumen
2163 5371 2271 5424 sibi
2303 5378 2360 5426 et
2392 5373 2648 5430 Ecclesiae
2676 5377 2826 5433 intus
2865 5389 2920 5435 et
2960 5382 3095 5436 foris
3124 5400 3347 5456 semper
3373 5386 3568 5442 ardere

1945 5472 2000 5520 et
2024 5466 2210 5521 lucere
2239 5467 2482 5534 solebat;
2509 5471 2584 5526 ita
2614 5481 2675 5527 ut
2698 5474 2842 5530 lucet
2873 5477 2929 5530 in
2957 5493 3024 5533 eo
3049 5479 3250 5536 divinae
3281 5481 3570 5538 charitatis

1946 5558 2108 5614 ardor
2137 5575 2260 5614 raro
2307 5566 2400 5615 aut
2428 5577 2708 5634 nunquam
2749 5567 3031 5624 videretur
3088 5572 3412 5640 exstinctus,
3447 5591 3568 5630 om-

1950 5647 2035 5703 nis
2094 5656 2278 5706 tamen
2336 5651 2512 5724 gloria
2559 5654 2701 5721 ejus,
2763 5657 2918 5727 quasi
2969 5659 3144 5731 gloria
3186 5661 3312 5718 filia:
3352 5680 3565 5739 regum,
