3912 6044
332 190 460 247 1031

1301 178 1663 235 BERENGOSI
1706 178 1983 234 ABBATIS
2022 180 2078 235 S.
2122 180 2359 235 MAXIM]
2401 180 2670 236 TREVIB.

3512 183 3539 235 1
3550 180 3667 237 032

329 332 552 388 semper
574 321 721 369 esset
749 312 818 367 ab
847 311 995 365 intus
1039 309 1204 380 (Psat.
1252 318 1417 375 xuv).
1459 309 1565 362 Sed
1611 315 1666 362 et
1717 308 1827 362 duo
1858 307 1947 361 di-
1970 317 2022 381 Α
2048 308 2103 362 in
2127 324 2285 364 sacro
2298 308 2518 380 eloquio
2541 309 2649 365 duo
2665 315 2794 365 sunt
2820 309 2944 377 zeli,
2976 310 3127 365 zelus
3152 311 3363 366 scilicet
3392 312 3670 367 amaritu-

329 405 530 476 scipuli
549 403 630 457 illi
662 400 910 469 ejusdem
937 397 1140 453 divinae
1167 396 1450 452 charitatis
1472 396 1603 470 igne
1633 396 1790 468 quasi
1816 413 1941 452 car-

333 498 508 553 bones
560 493 848 557 ardebant,
902 490 996 561 qui
1042 498 1164 560 post
1218 489 1680 543 resurrectionem
1732 487 1946 543 Domini

333 606 455 645 cum
481 604 548 644 eo
577 603 635 643 se
668 586 817 658 loqui
845 592 899 639 et
930 584 1007 638 ire
1040 582 1382 650 nesciebant,
1413 583 1634 654 quando
1674 597 1798 636 sera
1825 596 1944 653 pae-

334 682 569 738 nitentia
625 679 933 735 recolentes
989 694 1049 733 se
1092 676 1303 733 locutos
1341 675 1510 732 fuisse
1548 693 1671 732 cum
1714 676 1942 731 Messia:

332 776 538 839 Nonne,
567 768 846 841 inquiunt,
878 783 969 822 cor
1018 771 1261 821 nostrum
1287 767 1487 821 ardens
1539 771 1660 821 erat
1683 770 1739 821 in
1774 767 1943 832 nobis,

333 881 452 920 cum
476 865 784 933 loqueretur
815 862 873 914 in
898 861 1045 913 via?
1095 861 1239 927 (Luc.
1284 858 1447 929 XXIV).
1491 858 1694 914 Taliter
1743 859 1950 930 quippe

334 958 465 1014 olim
494 953 691 1028 legifer
718 952 811 1006 ille
844 950 1079 1022 Moyses,
1140 950 1322 1005 taliter
1378 952 1557 1006 Aaron
1610 950 1838 1005 ardebat
1894 961 1950 1008 et

340 1045 594 1107 Phinees,
627 1042 719 1096 tali
752 1040 915 1095 etiam
957 1039 1123 1095 modo
1183 1039 1352 1093 David
1392 1038 1620 1093 ardebat
1657 1055 1779 1094 cum
1813 1038 1946 1105 Elia,

336 1134 804 1210 quemadmodum
834 1132 1001 1186 iidem
1034 1132 1142 1186 duo
1173 1131 1429 1202 discipuli
1457 1129 1659 1202 quibus
1688 1130 1947 1185 Dominus

336 1230 664 1304 loquebatur
706 1229 763 1282 in
792 1227 900 1283 via.
951 1226 1146 1282 Nonne
1177 1226 1324 1280 enim
1357 1225 1570 1296 Moyses
1608 1224 1737 1299 igne
1767 1223 1945 1279 chari-

336 1325 462 1379 tatis
491 1322 740 1387 ardebat,
773 1319 890 1391 qui,
914 1318 1011 1372 ira:
1038 1317 1135 1372 Dei
1159 1317 1444 1383 resistens,
1476 1326 1708 1371 mortem
1733 1317 1945 1371 caden-

341 1416 408 1471 tis
453 1413 643 1487 p0puli
681 1427 781 1466 sua
813 1419 985 1465 morte
1033 1414 1374 1464 commutare
1428 1408 1683 1475 volebat;
1725 1407 1948 1479 quando

338 1508 408 1562 ad
439 1504 752 1567 Dominum,
783 1509 844 1556 ut
871 1501 928 1554 in
967 1499 1108 1554 libro
1132 1498 1298 1554 Exodi
1327 1498 1531 1569 saepius
1552 1497 1737 1571 legere
1770 1498 1949 1568 potui-

339 1600 436 1655 sti:
471 1600 708 1663 Dimilte,
758 1594 958 1665 inquit,
998 1595 1094 1659 eis,
1126 1594 1264 1646 hanc
1301 1608 1519 1652 noscam,
1569 1592 1814 1661 alioquin
1839 1593 1953 1647 dele
1978 1620 2025 1687 Β

338 1708 422 1747 me
443 1691 508 1745 de
546 1689 704 1752 libro,
733 1701 889 1755 quem
919 1686 1240 1754 scripsisti?
1294 1684 1471 1738 Ἔα)οά
1524 1684 1714 1751 xxxu).
1759 1683 1953 1739 Nonne

342 1790 398 1837 et
426 1783 601 1835 Aaron
643 1776 890 1846 ejusdem
944 1774 1227 1829 charitatis
1275 1774 1403 1846 igne
1454 1790 1755 1829 succensus
1814 1780 1950 1839 erat,

342 1873 461 1946 qui,
486 1873 580 1926 ira;
607 1869 702 1924 Dei
728 1883 885 1939 aeque
939 1867 1216 1931 resistens,
1250 1866 1397 1921 inter
1434 1865 1680 1920 viventes
1723 1880 1778 1921 et
1807 1881 1953 1922 mor—

344 1975 468 2020 tuos
542 1948 881 2019 thuribulum
932 1957 1185 2012 sumebat
1233 1964 1507 2029 quatenus
1564 1957 1698 2012 iram
1751 1956 1953 2013 furoris

343 2060 464 2129 ejus
494 2052 751 2110 immensi
782 2050 932 2107 fumo
960 2050 1202 2122 placaret
1234 2048 1492 2105 incensi?
1524 2050 1715 2104 Nonne
1744 2056 1799 2105 et
1832 2050 1954 2103 Phi-

344 2168 480 2207 nees
505 2151 625 2205 zelo
651 2145 931 2203 charitatis
958 2143 1170 2199 fortiter
1197 2142 1449 2209 ardebat,
1481 2142 1576 2213 qui
1618 2141 1955 2197 luxuriantes

343 2238 674 2314 alienigenis
703 2235 758 2289 in
790 2235 911 2306 ipso
948 2232 1097 2289 coitu
1143 2230 1419 2285 trucidare
1444 2230 1680 2295 solebat,
1731 2231 1954 2302 quando

347 2328 658 2386 Israeliticae
684 2325 866 2397 plebis
896 2323 1118 2397 largiter
1143 2320 1479 2377 eﬂ'undendo
1509 2336 1779 2386 cruorem,
1811 2322 1953 2377 divi-

345 2438 476 2478 num
503 2421 577 2475 ita
600 2417 833 2490 placavit
871 2416 1110 2471 furorem
1130 2417 1158 2469 ?
1182 2414 1376 2469 Nonne
1416 2413 1577 2469 etiam
1606 2413 1750 2468 Elias
1788 2415 1954 2470 homo

344 2512 542 2567 similis
588 2509 752 2565 nobis
800 2514 855 2562 et
910 2504 1190 2577 passibilis
1220 2504 1277 2558 in
1334 2505 1500 2559 corde
1539 2519 1641 2559 suo
1682 2503 1952 2560 fervorem

345 2603 593 2673 ejusdem
623 2598 906 2656 cliaritatis
928 2597 1168 2652 habebat
1213 2595 1700 2670 inexstinguibilis,
1732 2595 1954 2667 quando

345 2692 513 2749 aridae
543 2688 751 2746 diutius
774 2697 933 2743 terrae
991 2686 1224 2740 imbrem
1258 2686 1327 2740 de
1383 2685 1700 2741 coelestibus
1758 2684 1955 2740 dolens

348 2801 472 2841 esse
501 2782 857 2847 subductum;
882 2778 1227 2835 orationibus
1277 2778 1393 2832 suis
1440 2786 1495 2832 et
1548 2777 1671 2833 coeli
1719 2777 1957 2832 obtinuit

347 2877 613 2949 pluviam,
641 2881 695 2930 et
722 2881 881 2929 teme
927 2872 1161 2927 fructum
1190 2869 1218 2924 ?
1248 2871 1439 2926 Nonne
1466 2876 1521 2925 et
1549 2870 1716 2926 David
1758 2871 1953 2926 eodem

2049 404 2217 471 dinis,
2247 410 2302 458 et
2331 405 2481 459 zelus
2509 405 2858 471 dilectionis;
2893 405 2965 459 ita
2996 406 3158 460 etiam
3191 407 3299 462 duo
3330 417 3458 463 sunt
3478 409 3661 479 ignes.

2053 492 2196 567 ignis
2226 494 2485 550 videlicet
2517 495 2718 551 furoris
2755 505 2810 550 et
2839 496 2985 568 ignis
3025 498 3246 552 amoris.
3272 499 3455 553 Zelum
3489 500 3663 571 quip-

2049 601 2120 656 pe
2143 586 2529 641 amaritudinis
2564 587 2763 642 mulier
2792 587 2885 642 illa
2917 588 3193 659 quondam
3214 589 3473 645 habuisse
3499 592 3664 647 vide-

2047 679 2230 752 batur,
2274 697 2396 752 quze
2443 681 2558 738 ﬁlio
2635 682 2884 737 mulieris
2933 683 3160 739 alterius
3220 684 3503 741 invidens:
3558 688 3667 742 Nec

2046 772 2200 838 mihi,
2243 772 2442 844 inquit,
2475 790 2567 828 nec
2596 776 2699 829 tibi
2723 777 2815 840 sit,
2838 777 2930 831 sed
2949 776 3233 832 dividatur
3262 777 3365 848 (ΙΙΙ
3387 781 3516 847 Reg.
3553 780 3642 849 ιιι)

2050 864 2232 920 Zelum
2286 873 2468 921 autem
2515 866 2830 922 dilectionis
2869 868 3329 940 Psalmographus
3377 869 3569 923 habuit
3613 870 3671 923 in

2055 971 2138 1022 se,
2191 957 2416 1027 quando
2465 973 2564 1028 pro
2627 957 2914 1030 iniquitate
2974 959 3288 1014 Judzeorum
3339 960 3671 1030 suspirans:

2050 1044 2223 1111 Zelus,
2254 1045 2452 1116 inquit,
2494 1047 2681 1101 domus
2704 1062 2830 1101 mea:
2856 1048 3080 1102 comedit
3131 1064 3213 1103 me
3242 1049 3408 1103 (Psal.
3452 1053 3667 1117 vaui).

2050 1132 2187 1198 Quia
2217 1150 2348 1204 ergo
2391 1135 2484 1206 qui
2541 1135 2650 1190 duo
2700 1136 2802 1190 zeli
2842 1143 2969 1192 sunt
3018 1137 3439 1207 perstrinximus
3494 1138 3673 1194 histo-

2049 1222 2275 1288 rialiter,
2342 1223 2417 1278 ita
2481 1231 2535 1279 et
2579 1225 2671 1295 qui
2714 1213 2837 1280 'duo
2882 1232 3010 1281 sunt
3055 1226 3213 1300 ignes
3256 1226 3672 1298 distinguamus

2050 1315 2358 1386 mqualiter.
2390 1316 2492 1380 Qui
2523 1317 2670 1371 enim
2703 1317 2873 1372 divini
2908 1318 3109 1374 furoris
3139 1319 3211 1374 sit
3244 1319 3408 1393 ignis,
3440 1320 3672 1390 plenius

2051 1406 2272 1463 edoceri
2308 1409 2543 1479 potestis
2577 1408 2643 1463 ab
2683 1424 2749 1464 eo
2790 1410 2882 1481 qui
2925 1426 3026 1482 per
3051 1411 3275 1483 Moysen
3306 1412 3671 1482 prephetam:

2052 1501 2220 1568 Ignis,
2267 1500 2469 1572 inquit,
2519 1517 2797 1556 succensus
2835 1508 2911 1557 est
2968 1505 3026 1557 in
3079 1504 3267 1571 furore
3312 1520 3421 1559 meo
3450 1504 3669 1573 (Jerem.

2051 1590 2156 1656 xv).
2189 1588 2323 1652 Quis
2343 1605 2473 1645 vero
2507 1590 2651 1664 ignis
2681 1590 2892 1646 amoris
2931 1592 3023 1659 sit,
3056 1608 3157 1663 per
3188 1593 3366 1667 legem
3397 1594 3541 1648 scire
3570 1611 3676 1648 va—

2054 1677 2198 1743 letis,
2253 1678 2349 1732 ubi
2404 1678 2473 1733 de
2529 1679 2806 1749 paschalis
2855 1680 2982 1754 agni
3036 1681 3377 1737 comestione
3425 1697 3528 1736 nos
3584 1683 3677 1736 in-

2053 1777 2299 1822 struens:
2333 1769 2393 1824 Si
2420 1769 2573 1838 quid,
2634 1767 2832 1839 inquit,
2895 1770 3105 1824 residui
3152 1772 3339 1837 fuerit,
3371 1773 3495 1838 igne
3529 1787 3678 1825 com-

2055 1864 2255 1918 buretis
2313 1863 2504 1935 (Exod.
2553 1865 2653 1934 xu)
2732 1864 2885 1919 Unde
2931 1864 3081 1919 utin
3134 1864 3396 1920 cordibus
3440 1864 3677 1929 nostris,

2052 1950 2397 2007 dilectissimi
2429 1950 2645 2018 fratres,
2691 1959 2747 2007 ct
2776 1967 2945 2006 unum
2978 1951 3162 2023 ignem
3214 1953 3591 2024 exstinguere,
3619 1959 3682 2006 et

2054 2050 2286 2105 alterum
2318 2049 2621 2104 incendere
2652 2050 2953 2118 valeamus,
3011 2051 3235 2125 dignum
3277 2058 3360 2106 est
3412 2060 3470 2106 ut
3505 2067 3678 2122 opem

2054 2138 2359 2192 sacerdotis
2388 2138 2549 2193 istius
2595 2139 2954 2194 sacratissimi
2984 2147 3098 2196 tota
3154 2147 3360 2208 mente,
3420 2148 3533 2196 tota
3563 2142 3673 2195 de-

2055 2227 2276 2284 votione
2305 2244 2649 2300 quaeramus;
2680 2236 2955 2300 quatenus
3001 2230 3212 2285 meritis
3237 2231 3413 2301 ipsius
3453 2247 3517 2285 ac
3546 2247 3681 2301 pre-

2055 2320 2213 2375 cibus
2241 2320 2315 2374 ita
2345 2320 2399 2374 in
2440 2320 2601 2375 nobis
2644 2320 2791 2396 ignis
2849 2321 3021 2376 divini
3078 2323 3450 2397 restinguatur
3497 2322 3679 2388 furor,

2058 2417 2116 2465 ut
2149 2410 2316 2465 corda
2372 2418 2563 2465 nostra
2610 2425 2832 2481 semper
2871 2411 3145 2466 illustrare
3209 2412 3469 2486 dignetur
3526 2413 3680 2488 ignis

2056 2502 2278 2558 amoris.
2315 2502 2374 2556 Et
2401 2502 2661 2573 quoniam
2690 2518 2803 2573 prm
2833 2502 2961 2577 igne
2994 2503 3193 2559 luroris
3237 2504 3452 2559 Domini
3494 2506 3684 2560 omnis

2055 2609 2182 2650 caro
2208 2594 2546 2665 quandoque
2569 2593 2835 2661 tabescet,
2869 2594 3116 2666 quando,
3144 2595 3212 2649 ad
3239 2595 3676 2649 discernendum

2056 2683 2234 2739 bonos
2262 2693 2315 2739 et
2344 2670 2543 2750 nialos,
2574 2687 2720 2753 ignis
2773 2689 2833 2739 in
2886 2692 3164 2755 conspectu
3191 2687 3308 2756 ejus
3359 2688 3677 2742 emardescet

2057 2776 2224 2847 (Psal.
2255 2779 2420 2843 xux),
2450 2777 2718 2831 orandum
2748 2785 2833 2831 est
2879 2776 3061 2840 nobis.
3105 2792 3175 2832 ne
3208 2787 3339 2833 tunc
3367 2778 3436 2832 ab
3468 2786 3678 2833 aeterno

2059 2868 2188 2942 igne
2224 2885 2348 2925 cum
2382 2870 2635 2941 reprobis
2681 2870 3012 2926 devoremur
3056 2877 3110 2926 et
3139 2871 3417 2942 malignis,
3449 2872 3680 2942 quando

348 2969 477 3043 igne
515 2965 799 3021 charitatis
829 2979 1122 3018 accensum
1159 2977 1281 3016 esse
1321 2961 1701 3034 cognovimus,
1744 2962 1861 3032 qui,
1902 2970 1960 3016 ut
1989 2976 2038 3044 ρ
2062 2962 2124 3014 in
2150 2963 2239 3015 ira
2277 2976 2378 3016 sua
2426 2960 2769 3016 conturbabit
2818 2976 2925 3029 eos,
2976 2968 3025 3016 et
3080 2962 3361 3017 devorabit
3396 2979 3480 3018 eos
3533 2966 3681 3030 ignis

348 3057 403 3110 in
431 3054 588 3110 libris
616 3054 824 3125 Regum
873 3051 1132 3123 legimus,
1174 3050 1391 3106 obicem
1446 3066 1505 3106 se
1546 3052 1823 3122 quondam
1858 3067 1959 3122 pro

316 3149 463 3204 .suis
491 3147 810 3219 opponebat
840 3145 1056 3209 ovibus,
1103 3145 1328 3216 quando
1368 3160 1466 3216 pro
1522 3145 1608 3199 his
1646 3161 1832 3212 orans,
1866 3146 1959 3218 qui

350 3241 548 3316 angelo
588 3239 840 3295 cmdente
900 3237 1210 3308 perierunt:
1266 3240 1380 3305 Ego
1432 3253 1571 3302 sum,
1617 3237 1816 3309 inquit,
1863 3241 1964 3309 qui

346 3337 565 3406 peccaui
591 3336 664 3401 (ΙΙ
689 3336 814 3401 Reg.
847 3331 1029 3401 XXIV);
1063 3331 1174 3398 isti,
1207 3330 1299 3403 qui
1353 3346 1487 3386 oves
1516 3336 1663 3398 sunt,
1706 3331 1838 3402 quid
1868 3331 1958 3386 fe-

350 3430 545 3481 cerunt
571 3423 600 3476 ?
626 3423 819 3478 Adhuc
847 3421 1011 3477 etiam
1044 3427 1099 3475 et
1118 3419 1270 3475 aliud
1301 3420 1622 3492 mysterium
1645 3421 1852 3492 grande
1883 3420 1962 3475 si-

349 3515 479 3570 mile
506 3514 592 3569 his
620 3513 873 3569 videmus
917 3512 973 3566 in
1014 3511 1248 3579 Joanne,
1294 3511 1387 3583 qui
1438 3513 1703 3582 pepulum
1764 3512 1858 3567 Dei
1892 3511 1962 3567 ad

348 3606 466 3661 vias
486 3604 635 3659 illius
665 3601 943 3673 quondam
977 3600 1033 3654 in
1060 3600 1280 3655 deserto
1304 3600 1595 3668 reducens,
1621 3601 1779 3669 juxta
1799 3602 1961 3657 testi-

350 3693 598 3750 monium
649 3690 961 3745 Divinitatis
1008 3690 1227 3744 lucerna
1277 3696 1392 3742 erat
1443 3690 1644 3744 ardens
1681 3694 1731 3744 et
1785 3690 1965 3744 lucens

353 3786 528 3856 (Joan.
564 3780 641 3852 v),
673 3779 895 3851 quando
924 3794 983 3833 se
1009 3778 1238 3851 dignum
1274 3777 1545 3832 exhibens
1574 3779 1641 3832 ad
1666 3795 1829 3849 quem
1862 3779 1964 3833 Ve-

354 3871 529 3928 ritatis
558 3867 714 3922 fieret
739 3882 942 3930 sermo,
974 3864 1200 3920 sibimet
1228 3864 1377 3920 intus
1413 3867 1545 3921 arsit
1575 3868 1875 3935 desiderio,
1910 3875 1965 3923 et

354 3963 477 4019 aliis
505 3960 745 4016 exterius
774 3957 913 4013 luxit
937 3956 1128 4012 verbo.
1172 3957 1309 4020 Quia
1337 3971 1469 4029 ergo
1496 3957 1836 4015 sufﬁcienter
1849 3961 1961 4028 jam

355 4047 761 4122 praelibavimus
801 4054 1008 4116 quanta
1070 4045 1308 4100 cbaritas
1374 4045 1538 4101 fuerit
1592 4047 1648 4101 in
1703 4049 1964 4105 cordibus

352 4140 571 4195 Patrum
597 4134 1047 4208 praecedentium,
1089 4141 1257 4189 restat
1287 4143 1347 4190 ut
1403 4136 1611 4208 aliquid
1664 4139 1844 4194 simile
1874 4156 1963 4195 re-

355 4230 595 4286 feramus
621 4242 686 4281 ex
710 4225 877 4280 Paulo
895 4224 1119 4280 doctore
1135 4225 1417 4297 gentium:
1442 4226 1562 4297 ipse
1585 4228 1731 4281 enim
1765 4229 1960 4284 eodem

354 4324 483 4398 igne
514 4318 814 4384 charitatis,
848 4333 958 4389 quo
980 4325 1035 4372 et
1062 4316 1189 4388 ipsi,
1215 4316 1432 4373 fortiter
1459 4320 1707 4384 ardebat,
1741 4323 1963 4394 quando

355 4430 454 4487 pro
495 4410 753 4467 fratribus
790 4407 905 4463 suis
961 4416 1016 4462 et
1046 4408 1165 4477 ipse
1194 4410 1487 4464 anathema
1529 4407 1647 4464 ﬁeri
1680 4412 1958 4482 cupiebat.

354 4503 452 4570 Qui
483 4508 538 4557 et
565 4502 620 4555 in
660 4498 769 4554 alio
798 4498 979 4553 adhuc
1008 4498 1130 4552 loco
1163 4513 1319 4568 aeque
1350 4498 1740 4554 demonstrans
1769 4508 1961 4572 quate-

353 4608 458 4648 nus
495 4591 550 4644 in
578 4603 644 4644 eo
694 4587 895 4641 divinae
918 4585 1202 4641 charitatis
1241 4586 1404 4642 fuerit
1444 4586 1656 4643 fervor:
1701 4588 1831 4655 Quis
1876 4591 1964 4643 in-

351 4684 630 4753 ﬁrmatur,
656 4676 854 4747 inquit,
880 4681 931 4732 et
957 4692 1049 4746 ego
1075 4693 1184 4733 non
1203 4680 1453 4748 inﬁrmor
1472 4678 1500 4731 τ
1528 4681 1653 4749 quis
1685 4680 1967 4735 scandati-

253 4761 266 4776 ’
352 4776 514 4829 satur
540 4775 589 4825 et
616 4784 709 4837 ego
767 4784 878 4824 non
914 4772 1089 4824 uror?
1127 4771 1200 4839 (II
1251 4771 1369 4826 Cor.
1421 4770 1526 4841 xi.)
1585 4770 1748 4843 Cujus
1801 4772 1962 4827 etiam

355 4862 639 4920 charitatis
676 4859 989 4930 exemplum
1017 4861 1198 4916 adhuc
1236 4861 1370 4916 inde
1413 4877 1705 4932 possumus
1737 4864 1964 4920 eviden-

355 4954 466 5010 tius
500 4951 666 5016 scire,
697 4948 844 5020 quod
881 4964 979 5020 pro
1028 4949 1206 5005 salute
1242 4950 1549 5006 Galatarum
1602 4954 1845 5026 seipsum
1879 4956 1966 5011 di-

353 5046 514 5103 cebat
542 5041 836 5115 parturire.
872 5041 1094 5113 quando
1121 5041 1192 5096 ad
1224 5042 1633 5099 reformandum
1675 5045 1731 5100 in
1760 5047 1841 5102 eis
1879 5048 1966 5103 di-

351 5136 739 5196 vinivirtutem
767 5133 999 5190 amoris:
1050 5135 1251 5202 Fitioli,
1292 5136 1489 5208 inquit,
1542 5143 1670 5207 mei,
1700 5157 1832 5210 quos
1863 5144 1965 5196 ite-

350 5248 472 5288 rum
513 5229 795 5301 periurio,
852 5226 1015 5282 donec
1073 5228 1319 5285 Christus
1366 5232 1629 5298 formetur
1691 5236 1753 5287 in
1816 5236 1965 5291 vobis

354 5323 552 5395 (Gatat.
585 5327 678 5382 ιν).
734 5315 887 5372 Unde
915 5317 1045 5389 quia
1073 5318 1261 5375 Patres
1290 5320 1459 5376 iidem
1516 5321 1821 5379 beatissimi
1854 5340 1964 5381 non

355 5414 474 5469 zelo
520 5408 925 5476 amaritudinis,
968 5410 1067 5464 sed
1097 5410 1216 5467 zelo
1258 5412 1477 5482 pietatis
1523 5414 1654 5470 talia
1693 5415 1964 5486 fecerunt,

356 5500 580 5574 quando
661 5498 717 5552 in
771 5497 1034 5554 cordibus
1086 5500 1460 5568 proximorum
1516 5503 1716 5560 divinae
1781 5506 1966 5561 chari-

358 5592 483 5649 tatis
512 5590 695 5662 ignem
751 5588 1138 5658 incenderunt,
1168 5592 1456 5649 sciendum
1488 5601 1572 5650 est
1609 5596 1782 5666 quod,
1823 5598 1965 5654 sicut

2062 3053 2225 3122 (Psal.
2270 3054 2383 3119 xxl;
2418 3052 2516 3107 sed
2559 3069 2659 3124 per
2699 3053 2850 3108 illum
2910 3053 3097 3124 potius
3151 3054 3351 3109 divinae
3396 3056 3681 3110 charitatis

2061 3142 2245 3214 ignem
2270 3143 2492 3198 liberari
2525 3160 2831 3199 mercamur
2869 3144 3019 3211 inde,
3054 3146 3148 3217 qui
3176 3146 3305 3201 olim
3348 3163 3519 3217 super
3549 3148 3681 3201 uni.

2061 3232 2310 3307 genitum
2342 3232 2437 3287 Dei
2468 3232 2662 3287 Filium
2688 3233 2740 3287 in
2775 3233 3056 3300 columba,
3089 3245 3144 3289 et
3175 3251 3348 3306 super
3368 3235 3685 3307 discipulos

2061 3324 2209 3378 venit
2232 3323 2287 3377 in
2316 3323 2463 3397 igne.
2489 3322 2643 3386 Quod
2667 3323 2785 3394 ipse
2808 3323 2973 3379 nobis
2995 3331 3255 3395 praestare
3274 3325 3557 3399 dignetur,
3584 3327 3681 3397 qui

2061 3428 2190 3467 cum
2220 3412 2376 3467 Patre
2402 3412 2458 3465 in
2490 3411 2696 3467 unitate
2722 3412 2970 3480 ejusdem
3003 3412 3241 3484 Spiritus
3270 3416 3443 3469 sancti
3472 3414 3607 3470 vivit
3630 3422 3686 3470 et

2063 3510 2257 3577 regnat
2286 3503 2342 3558 in
2369 3501 2571 3558 saecula
2600 3503 2951 3558 saeculorum.
2986 3504 3177 3558 Amen.

2708 3610 2929 3666 SERMO
2978 3611 3039 3665 V.

2208 3723 2261 3761 IV
2291 3721 2648 3762 DEDICATIONE
2675 3721 2939 3761 ECCLESLE
2966 3723 3145 3770 DEQUE
3180 3723 3536 3771 BELIQUIARUM

2678 3793 2847 3832 VENER
2853 3793 3008 3833 ATION
3015 3796 3045 3831 Ε
3052 3817 3063 3829 .

2137 3872 2363 3928 Gaudeo
2413 3880 2469 3928 et
2511 3873 2878 3929 exsultatione
2940 3874 3231 3946 multiplici
3282 3890 3377 3930 cor
3430 3882 3686 3931 nostrum

2063 3962 2366 4028 hilarescit,
2415 3962 2635 4034 quoties
2676 3962 2879 4018 festive
2917 3971 3232 4020 sanctorum
3283 3964 3417 4021 colit
3473 3982 3691 4023 memo-

2063 4055 2221 4122 riam,
2251 4054 2454 4127 quibus
2485 4055 2766 4109 annuatim
2799 4055 3030 4111 ecclesia
3080 4064 3267 4112 nostra
3315 4058 3553 4112 celebris
3582 4058 3691 4114 flo-

2065 4144 2248 4199 rescit.
2295 4141 2541 4198 Ecclesia
2574 4159 2815 4215 namque
2854 4152 3060 4210 nostra,
3103 4146 3530 4218 quamplurimis
3552 4164 3691 4202 san-

2064 4244 2273 4291 ctorum
2303 4235 2588 4290 solemniis
2614 4235 2926 4291 laetabunda
2956 4237 3228 4304 redditur,
3278 4238 3543 4310 varioque
3584 4240 3690 4293 de-

1982 4342 2193 4419 Dcore
2233 4327 2487 4398 speciosa
2525 4326 2787 4396 efﬁcitur,
2846 4335 2900 4383 et
2950 4328 3098 4384 velut
3153 4330 3435 4385 vernaudo
3487 4330 3688 4386 florida

2067 4420 2252 4491 specie
2274 4419 2612 4489 resplendet,
2637 4420 2961 4492 cunctisque
2991 4422 3351 4477 cernentibus
3381 4422 3508 4478 laeta
3539 4424 3687 4478 arri-

2064 4512 2174 4566 det.
2209 4512 2319 4567 Nec
2348 4511 2643 4578 immerito,
2673 4513 2825 4583 quia,
2868 4513 3085 4584 quoties
3119 4512 3332 4569 festivis
3360 4522 3680 4571 sanctorum

2064 4602 2330 4658 natalitiis
2361 4603 2550 4659 debito
2592 4606 2801 4659 honore
2829 4604 3145 4673 celebratis,
3198 4605 3254 4661 in
3303 4606 3535 4663 Domino
3565 4607 3684 4681 glo-

2067 4693 2292 4763 riamur,
2322 4694 2488 4750 toties
2543 4694 2788 4765 ipsorum
2832 4697 3093 4766 precibus
3126 4704 3186 4752 et
3228 4697 3441 4753 meritis
3482 4698 3681 4768 adjuti,

2066 4785 2217 4859 larga
2246 4786 2656 4842 benedictionis
2705 4788 2879 4861 gratia
2928 4786 3199 4844 Creatoris
3231 4790 3400 4845 nostri
3457 4790 3685 4862 perfun-

2067 4878 2270 4935 dimur.
2313 4880 2591 4952 Quidquid
2619 4881 2773 4936 enim
2817 4881 2995 4937 laudis
3047 4889 3101 4938 et
3134 4884 3361 4939 honoris
3410 4884 3681 4941 militibus

2065 4974 2214 5046 regis
2262 4973 2622 5043 impenditur,
2676 4980 2847 5030 totum
2893 4975 2960 5030 ad
3019 4975 3249 5051 gloriam
3300 4977 3466 5051 regis,
3526 4979 3682 5048 cujus

2064 5072 2283 5133 sceptro
2313 5064 2517 5119 milites
2538 5064 2790 5139 insigniti
2821 5073 2970 5134 sunt,
3002 5067 3267 5124 titulatur.
3298 5068 3407 5123 Nec
3426 5069 3681 5137 dubium,

2065 5153 2200 5226 quin
2231 5168 2328 5208 eos
2370 5169 2593 5226 semper
2621 5155 2922 5211 habeamus
2971 5157 3378 5227 patrocinantes
3410 5158 3465 5213 in
3504 5160 3680 5225 cmlis,

2066 5257 2297 5313 quorum
2322 5242 2675 5298 celebritates
2710 5244 2814 5315 piae
2846 5245 3158 5301 devotionis
3205 5248 3387 5304 studio
3440 5248 3683 5321 gerimus

2067 5335 2123 5389 in
2165 5334 2345 5389 terris.
2399 5334 2453 5388 Si
2495 5335 2643 5389 enim
2698 5344 2887 5392 noster
2934 5336 3188 5408 spiritus,
3227 5339 3459 5393 necdum
3501 5340 3680 5395 carnis

2066 5424 2295 5480 materia
2332 5432 2549 5493 exutus,
2595 5431 2651 5481 et
2703 5433 2887 5482 tamen
2928 5426 3244 5484 dilectionis
3290 5430 3528 5505 geminae
3582 5430 3683 5485 fer-

2066 5528 2196 5568 vore
2218 5513 2487 5569 interdum
2521 5514 2588 5568 ad
2627 5523 2770 5570 astra
2797 5515 3046 5583 libratus,
3092 5533 3288 5587 preces
3318 5518 3550 5575 Domino
3583 5535 3679 5590 pro

2067 5604 2183 5658 suis
2211 5604 2572 5660 dilectoribus
2620 5605 2811 5661 nititur
2836 5605 3146 5676 effundere,
3181 5609 3374 5680 utique
3404 5617 3678 5680 praestan-
