3920 6054
205 236 333 290 1033

1720 230 2086 284 SERMONES.

3379 225 3518 280 103i

199 362 304 415 tius
330 363 669 416 credendum
699 368 782 415 est
820 368 1132 415 sanctorum
1175 361 1406 424 animas,
1439 375 1666 414 summae
1707 359 1797 412 di-
1832 373 1878 436 Α
1913 357 2002 426 pio
2034 370 2220 410 amore
2260 355 2645 425 amplectimur
2700 353 2921 408 cineres
2961 361 3014 408 et
3042 368 3188 418 ossa,
3247 360 3302 408 et
3338 355 3516 426 angeli

197 451 450 504 lectionis
491 450 838 521 plenitudine
885 449 1124 504 fervidas
1171 449 1286 504 suis
1328 450 1382 502 in
1436 448 1801 504 solemnitati-

198 538 320 605 bus,
365 540 434 594 ad
473 541 558 594 sui
597 541 848 610 corporis
889 541 1120 613 pignora
1159 540 1410 595 foventes
1443 540 1805 604 descendere,

195 643 532 700 suorumque
565 645 662 700 pro
711 629 886 684 salute
918 628 1166 684 fidelium
1201 629 1568 696 intercedere,
1620 643 1685 682 ac
1711 627 1808 682 de-

195 715 322 770 bitae
350 717 730 774 retributionis
760 717 1081 774 donativum
1107 717 1223 772 suis
1255 718 1674 774 veneratoribus
1697 717 1806 770 im-

195 813 460 882 pendere.
491 813 767 868 Habentes
798 813 968 887 igitur
995 814 1194 868 eximia
1220 815 1384 882 hujus
1405 813 1522 884 spei
1557 814 1808 886 pignora,

195 905 404 960 scilicet
437 907 680 978 ipsorum
713 906 1000 962 beatorum
1034 906 1324 977 spirituum
1351 905 1596 968 exuvias,
1631 906 1814 980 dignis

199 999 503 1054 honoribus
532 1008 858 1055 sanctorum
883 1000 1158 1070 praeconia
1180 999 1554 1064 celebremus;
1577 998 1815 1069 amplius

198 1097 380 1145 autem
411 1089 607 1144 festiva
636 1105 826 1146 eorum
867 1090 1072 1163 gaudia
1103 1089 1305 1144 debitis
1348 1089 1606 1144 laudibus
1648 1089 1816 1144 extol-

199 1178 392 1246 lamus,
429 1195 662 1251 quorum
723 1181 940 1235 cineres
983 1187 1042 1234 et
1075 1195 1200 1234 ossa
1240 1194 1340 1234 suo
1369 1179 1422 1232 in
1449 1179 1572 1233 sinu
1611 1177 1815 1252 largius

201 1271 416 1326 refovet
454 1272 572 1327 haec
604 1280 791 1327 nostra
819 1271 1079 1342 specialis
1109 1271 1364 1326 ecclesia.
1397 1270 1582 1326 Nostis
1609 1277 1813 1335 autem,

199 1364 392 1419 fratres
417 1363 753 1430 charissimi,
781 1365 910 1418 haec
929 1364 1079 1418 unici
1101 1364 1264 1420 nobis
1294 1363 1514 1430 delicta,
1557 1361 1815 1433 Speeialis

201 1456 394 1528 utique
433 1455 712 1512 ecclesia?
737 1457 896 1524 cujus
926 1455 1078 1530 gravi
1104 1455 1210 1510 laeti
1231 1457 1571 1528 quiescimus
1592 1457 1649 1510 in
1677 1472 1811 1528 gre-

198 1546 331 1613 mio,
366 1562 495 1601 ecce
525 1561 687 1616 quam
717 1545 845 1600 laeta
875 1545 1040 1608 fovet,
1078 1546 1226 1600 unde
1281 1544 1391 1600 feta
1430 1545 1618 1604 ﬂoret:
1649 1561 1811 1617 quam

197 1638 468 1708 praedives
507 1653 606 1708 per
653 1645 968 1692 sanctorum
1011 1637 1244 1698 cineres,
1287 1637 1674 1711 virgineosque
1714 1636 1811 1690 ﬂo-

1907 443 2246 498 exsultantcs
2275 443 2330 496 in
2364 442 2505 498 cmlo
2536 442 3025 512 eoncinuntsuper
3051 441 3355 495 animarum
3387 457 3520 496 con-

1908 535 2114 590 sortio:
2151 535 2336 591 Gloria
2386 537 2445 588 in
2483 535 2706 589 excelsis
2753 539 2852 588 Deo
2893 535 3040 602 (Luc.
3092 533 3167 601 ιι).
3239 531 3522 587 Credimus

1910 647 2113 702 nempe
2157 637 2212 685 et
2268 629 2400 685 huic
2451 637 2764 686 sanctorum
2808 629 3166 695 solemnitati,
3219 629 3520 704 angelicam

1911 738 2035 778 cum
2074 722 2190 776 suis
2242 735 2534 776 occurrere
2575 720 2961 790 praesentiam:
3003 719 3048 774 si
3105 725 3288 774 tamen
3341 719 3525 792 dignis

1913 808 2220 865 honoribus
2254 809 2396 864 hanc
2435 807 2537 862 rite
2578 806 3044 862 celebraverimus
3075 823 3174 876 per
3211 806 3522 862 sanctifica-

1913 901 2117 956 tionem
2148 899 2274 955 vitm
2301 915 2404 954 vox
2427 906 2612 954 nostra
2633 899 2754 954 voci
2787 899 3072 954 amborum
3112 906 3352 954 meretur
3377 915 3526 954 com-

1915 990 2130 1046 misceri
2189 988 2576 1046 caelicolarum.
2622 989 2878 1060 Alioquin
2934 1005 3132 1062 magna
3191 989 3354 1057 hujus
3413 988 3524 1042 diei

1915 1086 2161 1144 celebria
2188 1085 2377 1160 dignis
2414 1085 2675 1140 laudibus
2701 1100 3050 1156 nequaquam
3083 1084 3348 1138 decenter
3373 1098 3528 1138 reco-

1915 1181 2100 1248 limus,
2168 1181 2274 1236 nisi
2334 1197 2434 1252 per
2485 1178 2976 1235 sanctificationem
3015 1179 3140 1234 vitae
3205 1178 3529 1248 nosmetipsi

1914 1276 2034 1331 laus
2072 1276 2168 1331 Dei
2200 1275 2490 1331 fuerimus.
2543 1274 2814 1344 Scriptum
2857 1289 3098 1346 namque
3147 1281 3256 1331 est:
3304 1277 3427 1330 Non
3454 1279 3532 1328 est

1914 1369 2154 1437 speciosa
2197 1368 2318 1421 laus
2367 1368 2424 1420 in
2453 1381 2540 1420 ore
2563 1368 2862 1434 procatoris
2915 1366 3099 1430 (Eccli.
3137 1366 3244 1435 xv).
3301 1366 3528 1420 Renun-

1913 1455 2113 1510 tiantes
2141 1471 2274 1529 ergo
2302 1461 2656 1524 peccatorum
2705 1452 2852 1508 vitiis
2892 1453 3355 1508 circumcidamus
3394 1470 3533 1523 prae-

1916 1547 2128 1617 putium
2161 1545 2343 1601 cordis
2363 1545 2559 1612 nostri,
2589 1551 2648 1599 ut
2677 1543 2937 1598 videlicet
2964 1544 3092 1616 igne
3124 1544 3296 1598 divini
3327 1545 3530 1600 amoris

1915 1635 2124 1702 attacti,
2157 1633 2470 1689 emundatis
2509 1632 2693 1700 labiis,
2726 1638 3011 1705 gratanter
3030 1632 3376 1703 hymnidicas
3405 1633 3530 1687 lau-

198 1746 306 1797 res,
337 1730 485 1801 quod
515 1735 696 1785 servet
751 1730 962 1804 integra
999 1745 1126 1785 vere
1166 1728 1406 1784 felicium
1477 1735 1814 1802 tegumenta,
1842 1699 1890 1766 Β
1916 1728 2014 1783 des
2046 1726 2279 1782 Domino
2309 1725 2550 1780 Sabaoth
2579 1725 2940 1780 concinamus
2967 1741 3091 1780 cum
3118 1724 3322 1780 sanctis
3349 1733 3402 1779 et
3433 1741 3536 1780 an-

196 1818 458 1888 quodque
509 1818 792 1889 possideat
847 1832 972 1872 ossa
1004 1816 1294 1888 utriusque
1350 1833 1514 1873 sexus
1560 1818 1668 1872 late
1699 1815 1815 1871 col-

197 1906 366 1960 lecta:
398 1907 679 1960 Laztemini
705 1908 882 1974 igitur
921 1911 969 1960 et
999 1907 1262 1961 cxsultate
1309 1908 1369 1960 in
1397 1923 1478 1972 ea,
1511 1921 1686 1960 omnes
1717 1907 1817 1975 qui

195 1998 432 2066 diligitis
471 2013 590 2052 eam
617 1999 784 2067 (Psal.
834 2001 1014 2066 xxxn);
1056 1999 1294 2072 gaudete
1321 2015 1443 2053 cum
1477 1997 1686 2072 ingenti
1718 1997 1814 2052 lte-

197 2089 314 2144 titia
341 2097 396 2146 et
428 2091 710 2146 hodierna:
751 2090 1062 2147 festivitatis
1109 2091 1351 2147 celebria
1403 2091 1510 2147 laeti
1551 2091 1814 2162 suscipite

196 2179 418 2248 gaudia.
452 2179 512 2234 Et
539 2188 599 2234 ut
631 2181 684 2234 in
712 2181 816 2236 hac
841 2181 1188 2237 solemnitate
1215 2181 1490 2238 celebrius
1515 2182 1816 2255 gloriemur

199 2273 254 2326 in
273 2271 530 2340 Domino,
555 2271 796 2344 idipsum
829 2273 992 2328 nobis
1024 2273 1308 2344 scriptura:
1341 2274 1634 2330 auctoritas
1664 2289 1812 2330 com-

197 2361 446 2428 mendat,
504 2377 627 2417 cum
659 2361 779 2416 haec
807 2363 974 2419 verba
1027 2371 1447 2419 commemorat:
1509 2365 1814 2427 Latamini,

199 2453 399 2524 inquit,
429 2455 490 2507 in
519 2455 761 2517 Domino,
807 2459 859 2508 et
907 2455 1168 2509 exsatiate
1201 2455 1364 2524 justi,
1411 2459 1460 2509 ei
1501 2457 1818 2522 gloriamini

199 2559 376 2599 omnes
408 2547 541 2600 recti
569 2544 726 2598 corde
758 2546 926 2612 (Psal.
985 2546 1184 2616 xcxvl).
1231 2545 1339 2600 Nos
1387 2561 1538 2613 vero,
1597 2546 1643 2600 si
1675 2546 1818 2600 inter

193 2635 376 2702 justos
417 2640 474 2688 et
512 2641 690 2689 rectos
730 2634 966 2690 necdum
1003 2651 1378 2703 recensemur,
1408 2635 1689 2691 desiderio
1730 2643 1814 2690 ta—

201 2741 331 2779 men
362 2731 418 2778 et
446 2725 675 2794 optione
701 2741 824 2780 eum
859 2725 1132 2794 justorum
1163 2725 1468 2797 patrocinio
1498 2733 1812 2781 sanctorum

201 2817 368 2874 nobis
394 2819 728 2874 studendum
761 2828 940 2875 estne
971 2819 1163 2876 saltem
1195 2821 1424 2876 omnino
1449 2821 1678 2890 justitiae
1719 2836 1814 2875 ex-

200 2917 386 2982 pertes
423 2912 788 2968 inveniamur.
833 2912 1002 2982 Hujus
1043 2929 1176 2987 ergo
1223 2913 1336 2968 dici
1365 2912 1651 2968 salutifera
1688 2927 1816 2986 gra-

201 3001 495 3057 tulabundi
524 3003 750 3058 recolite
771 3002 1063 3072 solemnia,
1079 3004 1296 3059 scilicet
1319 3021 1416 3075 pro
1439 3003 1630 3059 electis
1650 3009 1816 3073 atque

1915 1818 2078 1891 gelis,
2109 1825 2382 1889 quatenus
2411 1817 2661 1888 ipsorum
2687 1817 2923 1890 collegio
2964 1817 3188 1872 tandem
3220 1833 3536 1874 mereamur

1915 1907 2179 1964 associari
2211 1907 2265 1960 in
2299 1905 2458 1962 cazlo.
2511 1906 2805 1980 Tergamus
2839 1921 2970 1979 ergo
2996 1907 3215 1962 oculum
3273 1909 3474 1964 mentis
3503 1925 3533 1962 a

1914 2000 2113 2055 vitioso
2155 1997 2385 2070 pulvere
2418 1995 2774 2068 peccaminis,
2819 2003 2874 2051 et
2920 1995 3233 2052 intueamur
3264 2013 3362 2054 eos
3395 2014 3535 2070 quo-

1915 2111 2034 2150 rum
2077 2093 2336 2150 laudibus
2367 2091 2584 2146 dicatur
2613 2089 2734 2144 dies
2779 2089 2882 2144 ista
2911 2089 3171 2158 celebris,
3202 2107 3532 2163 sequamur-

1916 2207 2026 2263 que
2078 2205 2269 2246 eorum
2313 2187 2568 2262 vestigia.
2631 2185 2873 2248 Quorum
2930 2186 3078 2240 enim
3126 2186 3288 2241 vitam
3318 2187 3532 2252 Eimitati

1917 2279 2206 2346 fuerimus,
2263 2277 2505 2348 ipsorum
2546 2273 2754 2346 quippe
2792 2280 2847 2328 et
2893 2274 3191 2346 adepturos
3252 2289 3355 2330 nos
3410 2275 3533 2346 glo-

1918 2370 2052 2424 riam
2084 2367 2382 2424 credimus.
2417 2365 2478 2420 Et
2503 2379 2736 2434 quorum
2770 2363 3071 2433 exemplari
3102 2362 3292 2418 formae
3341 2363 3530 2432 impri-

1915 2457 1990 2514 mi
2023 2457 2332 2522 renitimur,
2361 2454 2427 2508 ab
2460 2453 2708 2524 ipsorum
2749 2451 2914 2506 etiam
2948 2451 3369 2522 participatione
3399 2467 3532 2522 pro-

1917 2546 2005 2602 cul
2035 2545 2206 2600 dubio
2239 2557 2616 2612 secernemur,
2640 2541 2900 2605 Quaenam
2933 2555 3060 2611 pars
3086 2537 3235 2594 ﬁdeli
3266 2556 3388 2594 cum
3413 2539 3534 2594 infi-

1915 2635 2066 2692 deli?
2115 2635 2229 2689 Aut'
2269 2649 2394 2704 quae
2450 2630 2688 2686 societas
2737 2629 2843 2685 luci
2886 2645 3042 2712 cum‘
3068 2627 3357 2685 tenebris?
3396 2629 3530 2694 Quid

1915 2728 2122 2800 templo
2151 2727 2245 2781 Dei
2267 2742 2390 2782 cum
2423 2723 2624 2780 idolis?
2651 2722 2836 2797 Diligit
2867 2739 3106 2794 namque
3136 2723 3317 2778 omnis
3346 2723 3532 2777 anima

1915 2819 2155 2874 similent
2181 2816 2320 2872 sibi:
2353 2815 2506 2870 Unde
2539 2829 2638 2884 per
2675 2812 2972 2884 quemdam
3027 2811 3336 2882 sapientem
3382 2811 3531 2866 dici-

1917 2921 2004 2966 tur
2029 2929 2042 2966 :
2077 2911 2240 2966 Omne
2267 2908 2476 2964 animal
2505 2907 2694 2974 diligit
2720 2905 2828 2960 sibi
2853 2906 3030 2960 simile
3057 2905 3135 2958 sic
3163 2909 3211 2958 et
3239 2906 3411 2959 omnis
3439 2905 3534 2958 Ιιο-

1915 3002 2328 3070 γηορνοωίιηιιῖη
2369 2997 2479 3052 sibi
2517 2994 2708 3066 (Eccli.
2759 2996 2900 3064 xui).
2934 2992 3120 3048 Omnis
3183 3008 3311 3048 caro
3361 2992 3428 3046 ad
3455 2992 3531 3046 si-

205 3093 489 3164 praeclaris
518 3095 683 3166 hujus
713 3097 960 3152 ecclesiae
983 3096 1562 3172 margaritisfproque
1589 3109 1820 3150 vernan-
1841 3074 1891 3142 C
1918 3091 2050 3146 mile
2069 3089 2176 3145 sibi
2215 3089 2609 3162 conjungetur,
2643 3091 2698 3140 et
2737 3085 2917 3141 omnis
2943 3085 3108 3140 homo
3135 3084 3204 3138 ad
3233 3083 3414 3138 simile
3429 3083 3534 3139 sibi

207 3185 356 3240 tibus
403 3194 566 3258 atque
615 3188 1038 3244 coruscantibus
1091 3188 1280 3244 elecue
1346 3187 1555 3242 altricis
1617 3193 1820 3242 nostrae

208 3273 457 3330 floribus.
511 3282 586 3332 Eo
615 3286 796 3332 autem
837 3277 1064 3332 rationis
1095 3286 1285 3332 tenore
1335 3277 1497 3332 nobis
1545 3275 1822 3330 exsultan-

210 3365 341 3420 dum
403 3365 568 3421 hodie
599 3367 1014 3422 denuntiamus.
1064 3366 1245 3421 Primo
1275 3366 1520 3436 quidem.
1574 3365 1702 3436 quia
1733 3380 1824 3420 ec-

210 3455 382 3510 clesia
448 3463 635 3510 nostra
695 3455 987 3510 ﬂoriditate
1031 3454 1348 3526 apostolica:
1386 3453 1675 3509 viriditatis
1726 3469 1823 3508 seu

209 3547 579 3624 smaragdinis
636 3549 912 3612 redimita,
971 3548 1198 3602 lucescit
1237 3547 1472 3622 gemmis
1546 3547 1822 3612 Secundo,

213 3640 345 3712 quia
416 3639 740 3711 sanguineis
793 3646 1093 3710 martyrum
1142 3654 1368 3694 corusca
1424 3638 1611 3692 rutilat
1655 3638 1824 3692 rosis:

216 3738 340 3802 post
373 3731 512 3797 haec,
569 3730 699 3801 quia
744 3730 1066 3786 clarissimis
1108 3729 1488 3786 confessorum
1545 3729 1828 3801 phalerata

213 3823 354 3879 nitet
400 3823 732 3896 margaritis.
801 3823 1012 3879 Deinde
1065 3823 1194 3895 quia
1251 3822 1518 3897 virgineis
1570 3822 1828 3878 ﬂoridula

214 3915 451 3970 albescit
481 3915 634 3969 liliis.
665 3915 948 3971 Postremo
982 3915 1168 3982 etiam,
1211 3916 1341 3988 quia
1389 3915 1674 3987 opulentia
1704 3916 1829 3987 plu-

215 4007 477 4062 rimorum
530 4006 820 4078 utriusque
877 4021 1042 4061 sexus
1108 4013 1452 4074 sanctorum,
1508 4007 1664 4078 quasi
1719 4007 1827 4062 fra-

215 4096 430 4170 grantia
483 4097 778 4152 multarum
825 4097 1135 4168 specierum
1186 4099 1357 4152 ditata
1387 4097 1710 4153 suavissime
1750 4115 1830 4154 re-

215 4187 389 4253 dolet,
438 4185 614 4252 floret,
667 4185 819 4259 viget
842 4193 1005 4257 atque
1047 4187 1236 4256 pollet.
1281 4186 1526 4251 Quorum
1581 4189 1827 4244 omnium

221 4277 352 4332 fidei
384 4278 693 4334 constantia
740 4294 844 4334 nos
884 4279 1124 4344 roborat,
1159 4285 1214 4333 et
1241 4279 1360 4350 Spei
1391 4280 1621 4336 altitudo
1655 4281 1832 4336 elevat

1921 3183 2242 3240 sociabitur.
2278 3181 2431 3235 Sicut
2474 3177 2906 3234 communicabit
2945 3179 3104 3248 lupus
3142 3193 3302 3251 agno,
3328 3177 3408 3232 sic
3437 3178 3540 3231 ali-

1922 3275 2148 3346 quando
2172 3279 2455 3344 peccatum
2493 3271 2662 3340 justo.
2696 3270 2824 3334 Quae
2855 3269 3280 3324 communicatio
3326 3270 3536 3324 homini

1924 3373 2112 3421 sancto
2135 3365 2202 3420 ad
2225 3362 2460 3419 canem?
2493 3361 2662 3425 Quam
2696 3360 2860 3433 igitur
2901 3374 3034 3432 rego
3061 3369 3272 3430 partem
3323 3361 3407 3414 vel
3447 3375 3540 3415 so-

1927 3458 2178 3512 cietatem
2218 3455 2531 3510 habiturum
2587 3451 2814 3506 creditis
2866 3451 3132 3506 incestum
3169 3467 3294 3506 cum
3335 3459 3486 3505 casto
3512 3451 3539 3502 ‘?

1929 3551 2204 3606 ebriosum
2249 3565 2371 3604 cum
2399 3545 2627 3602 sobrio?
2685 3549 2961 3614 raptorem
2995 3544 3078 3600 vel
3125 3545 3378 3616 iniquum
3413 3562 3534 3600 cum

1921 3640 2073 3712 justo
2103 3638 2188 3693 vel
2218 3642 2408 3692 sancto
2429 3635 2456 3688 ?
2486 3633 2874 3704 Blasphemum
2907 3633 2993 3687 vel
3026 3632 3392 3688 detractorem
3411 3649 3534 3688 cum

1929 3726 2276 3798 boniloquo?
2325 3724 2648 3780 mendacem
2693 3736 2817 3776 cum
2882 3721 3165 3776 veridico?
3201 3720 3538 3777 obstinatum

1926 3816 2013 3874 vel
2042 3832 2264 3872 avarum
2295 3830 2420 3868 cum
2451 3813 2602 3887 largo
2621 3811 2650 3864 ?
2680 3810 3007 3885 flagitiosum
3069 3827 3193 3866 cum
3225 3811 3486 3887 religioso
3513 3811 3540 3862 ‘?

1927 3909 2033 3964 Vos
2062 3922 2216 3982 ergo,
2252 3905 2446 3960 fratres
2475 3902 2812 3968 charissimi,
2843 3903 2935 3975 qui
2978 3902 3402 3959 Christianitatis
3428 3919 3536 3959 no-

1928 3997 2076 4052 mine
2104 3993 2462 4067 appellamini
2503 3992 2718 4061 ﬁdeles,
2751 4000 3002 4049 recusate
3040 3993 3394 4067 paganisticis
3423 4010 3542 4049 mo—

1929 4092 2080 4148 ribus
2128 4089 2382 4145 infideles
2410 4088 2646 4144 censeri.
2687 4088 2789 4153 Qui
2845 4103 2974 4144 vero
3027 4087 3120 4144 lux
3168 4089 3226 4144 in
3284 4091 3540 4157 Domino,

1930 4186 2243 4242 charactere
2267 4182 2573 4254 apostolico
2595 4182 2916 4246 titulamiui,
2951 4181 3120 4236 nolite
3152 4183 3409 4238 vitiorum
3453 4190 3539 4237 te-

1935 4281 2169 4336 nebrosa
2198 4279 2435 4351 caligine
2467 4277 2710 4349 principi
2741 4276 3092 4331 tenebrarum
3113 4277 3408 4350 assignari:
3451 4279 3543 4348 qui

221 4376 278 4421 et
303 4366 591 4422 charitatis
638 4367 926 4438 plenitudo
971 4344 1285 4424 exhilarat:
1319 4369 1495 4426 Laetus
1525 4386 1656 4444 ergo
1715 4370 1835 4424 dies
1855 4344 1911 4412 Β
1935 4373 2099 4428 etiam
2131 4373 2185 4427 in
2217 4344 2358 4426 sacri
2389 4344 2831 4442 eloquiipagmis
2862 4368 3125 4438 templum
3280 4344 3544 4444 depingi-

220 4459 370 4531 apud
402 4474 505 4514 nos
532 4458 635 4513 ista
664 4465 923 4527 transeat,
954 4475 1118 4530 quem
1161 4459 1344 4530 nobis,
1394 4461 1594 4518 fratres
1619 4462 1833 4518 charis-

221 4552 370 4621 simi,
424 4559 504 4608 tot
558 4557 612 4607 et
659 4558 935 4607 tantorum
993 4559 1304 4606 sanctorum
1381 4555 1835 4612 commemoratio

223 4645 594 4702 commendat.
617 4645 783 4700 Totus
805 4659 1006 4699 canora
1032 4643 1364 4712 jubilatione
1395 4645 1641 4714 prodeat,
1670 4663 1834 4718 quem

225 4741 282 4790 et
322 4735 642 4808 angelorum
677 4749 835 4804 aeque
878 4741 934 4788 et
995 4739 1310 4788 sanctorum
1359 4734 1519 4804 parili
1565 4742 1835 4791 concentu

224 4833 378 4901 grata
415 4825 650 4882 societas
695 4825 1064 4881 concelebrat.
1115 4825 1192 4880 De
1251 4825 1355 4880 hoc
1409 4826 1614 4897 quippe
1646 4826 1839 4884 festivo

225 4934 441 4994 magnae
506 4918 699 4973 salutis
753 4917 956 4992 gaudio
1014 4933 1080 4972 ex
1129 4917 1414 4988 Scriptura
1481 4917 1734 4973 canimus
1783 4918 1840 4974 in

225 5009 468 5081 psalmo:
517 5009 635 5064 νοω
663 5008 1046 5063 ρωειιιιαιὶοηίε
1076 5010 1122 5061 et
1153 5007 1348 5062 salutis
1395 5008 1451 5062 in
1481 5007 1843 5064 tabernaculis

215 5099 495 5168 justorum
546 5097 620 5150 ad
669 5097 999 5150 audiendum
1053 5096 1248 5151 audita
1299 5100 1377 5150 est
1423 5097 1586 5166 (Psal.
1651 5099 1838 5170 χχχιι).

226 5192 526 5263 Aptissime
579 5190 825 5262 profecto
865 5206 968 5246 \ox
1025 5190 1406 5246 exsultationis
1454 5199 1510 5246 et
1538 5193 1730 5246 salutis
1786 5193 1842 5247 in

227 5281 334 5336 isto
363 5279 540 5334 audiri
563 5278 643 5334 fas
673 5286 758 5334 est
789 5279 954 5334 hodie
977 5278 1280 5346 domicilio,
1303 5279 1434 5351 quia
1458 5280 1718 5336 nimirum
1747 5281 1846 5336 ho-

229 5371 442 5425 dierna:
471 5369 600 5436 {diei
649 5370 703 5424 in
741 5371 1086 5438 celebritate,
1119 5371 1248 5425 dum
1280 5372 1611 5443 generaliter
1645 5389 1850 5428 memo-

229 5459 312 5514 ria
342 5457 402 5512 fit
428 5457 697 5526 omnium,
722 5473 954 5530 quorum
985 5459 1042 5512 in
1077 5459 1178 5514 ista
1207 5459 1458 5531 reliquim
1491 5461 1850 5517 continentur

225 5551 465 5607 ecclesia
503 5557 838 5617 sanctorum,
871 5551 1148 5607 credimus
1175 5567 1332 5624 aeque
1359 5561 1414 5606 et
1443 5553 1496 5607 in
1531 5553 1670 5609 cmlo
1707 5562 1761 5609 et
1793 5555 1846 5609 in

227 5643 582 5700 terralaudes
610 5657 868 5698 resonare
897 5643 1140 5714 ipsorum
1168 5661 1181 5708 ;
1223 5644 1354 5700 dum
1397 5654 1451 5700 et
1482 5661 1582 5702 nos
1619 5646 1672 5700 in
1704 5655 1849 5702 terra

596 5753 894 5815 PATROL.
943 5752 1139 5814 CLX.

1935 4468 2093 4535 mini,
2137 4473 2382 4522 statuere
2436 4465 2492 4519 in
2540 4463 2804 4519 cordibus
2833 4461 3031 4518 vestris
3083 4463 3376 4518 simulacra
3406 4464 3544 4518 deo-

1937 4577 2056 4618 rum
2103 4561 2314 4618 viribus
2368 4559 2499 4614 totis
2549 4556 2878 4612 renitimini.
2925 4555 3187 4628 Quisquis
3239 4557 3384 4612 enim
3435 4559 3546 4613 ali-

1937 4651 2072 4723 quid
2119 4649 2243 4720 plus
2281 4663 2444 4719 quam
2504 4647 2672 4700 Deum
2715 4645 2912 4716 diligit,
2963 4652 3195 4713 constat,
3250 4648 3380 4720 quia
3426 4648 3549 4703 favo

1937 4745 2022 4801 sui
2048 4743 2232 4800 cordis
2252 4743 2364 4811 jam
2414 4741 2622 4796 idolum
2654 4739 2864 4806 statuit,
2902 4738 2992 4794 cui
3049 4741 3212 4796 toties
3255 4742 3550 4797 serviendo

1940 4834 2196 4907 procidit,
2226 4831 2444 4904 quoties
2472 4829 2610 4886 illud
2634 4845 2756 4885 cum
2782 4829 3224 4901 frequentatione
3245 4833 3462 4898 excolit,
3495 4839 3551 4886 et

1941 4925 2062 4995 ejus
2087 4922 2286 4978 ditioni
2336 4936 2395 4975 se
2429 4919 2636 4974 subdit.
2693 4917 2965 4990 Scriptum
3015 4921 3160 4976 enirn
3201 4928 3305 4989 est,
3351 4923 3552 4988 Diliges

1941 5016 2224 5070 Dominum
2257 5016 2424 5067 Deum
2480 5015 2630 5066 tuum
2671 5026 2740 5065 ca:
2781 5013 2906 5066 total
2923 5013 3081 5066 corde
3117 5017 3226 5078 tuo,
3269 5018 3318 5066 et
3343 5027 3412 5065 ea:
3441 5017 3555 5068 tota

1942 5108 2128 5162 anima
2159 5109 2275 5172 tua,
2303 5108 2354 5158 et
2405 5119 2474 5157 ea:
2505 5105 2629 5157 totis
2653 5103 2860 5158 viribus
2892 5105 2998 5158 tuis
3044 5105 3255 5172 (Matth.
3285 5105 3441 5175 χχιι).
3482 5105 3556 5158 Ita

1947 5201 2003 5250 et
2031 5193 2124 5248 ille
2151 5193 2300 5248 solus
2326 5206 2539 5246 summe
2566 5189 2900 5264 diligendus,
2933 5192 3395 5266 quisingulariter
3423 5193 3557 5248 ado-

1949 5282 2177 5350 randus,
2215 5297 2280 5336 ac
2319 5279 2723 5336 studiosissime
2776 5281 3112 5336 excolendus
3140 5289 3240 5336 est.
3283 5281 3558 5354 Quidquid

1951 5377 2118 5450 igitur
2145 5382 2332 5432 contra
2370 5375 2537 5444 hujus
2566 5373 2769 5429 amoris
2799 5375 2883 5428 vel
2925 5376 3170 5430 exercitii
3221 5375 3425 5431 cultum
3458 5383 3560 5444 est,

1948 5467 2193 5540 profecto
2250 5467 2571 5522 medullitus
2625 5464 3026 5521 eliminandum
3078 5474 3179 5522 est.
3249 5468 3563 5539 Apostolico

1949 5567 2132 5617 autem
2166 5560 2424 5633 dogmate
2475 5558 2820 5624 instruimur,
2853 5559 3112 5631 quoniam
3165 5559 3428 5616 habitatio
3470 5561 3563 5615 Dei

1948 5659 2223 5710 structura
2252 5651 2501 5722 corporis
2525 5649 2700 5706 nostri
2735 5649 2978 5724 eligitur.
3013 5653 3104 5707 An
3134 5655 3329 5720 nescis,
3367 5652 3564 5725 inquit,

3115 5762 3193 5826 33
