3912 6044
400 238 424 289 1
436 236 540 290 035

1577 232 1624 285 «Ι.
1666 225 2023 285 MARSICANI
2063 222 2335 278 TUSCUL.
2375 221 2578 276 EPISC.

3583 223 3729 277 1036

396 364 650 431 quoniam
676 373 903 428 corpora
921 364 1101 413 vestra
1123 358 1380 427 templum
1396 360 1520 413 sunt
1549 357 1788 426 Spiritus
1811 357 2007 423 sancti,
2037 356 2087 425 Α
2114 351 2242 405 dum
2277 350 2333 404 in
2364 349 2515 405 nullo
2572 348 2773 404 feritati
2805 348 2925 416 ejus
2951 348 3174 413 cedunt,
3206 348 3302 403 sed
3346 364 3521 421 usque
3553 349 3622 402 ad
3660 349 3730 402 ﬁ-

399 455 448 504 et
486 450 729 519 Spiritus
766 448 863 501 Dei
892 446 1105 501 habitat
1141 448 1200 501 in
1227 446 1376 500 vobis
1398 448 1425 499 ?
1453 447 1497 513 (1
1518 447 1638 502 Cor.
1670 454 1761 512 v1.)
1795 445 1857 499 Et
1886 460 2010 499 rur-

400 556 550 595 sum:
614 539 889 608 Templum
947 540 1043 593 Dei
1094 542 1340 593 sanctum
1388 542 1485 603 est,
1532 538 1675 607 quod
1718 538 1845 591 estis
1896 552 2004 590 vos.

401 629 463 684 Si
486 629 608 698 quis
629 631 806 681 autem
834 627 1090 696 templum
1111 627 1208 680 Dei
1222 626 1526 689 violaverit,
1554 624 1827 695 disperdat
1856 625 2012 677 illum

400 723 537 775 Deus
576 720 626 789 (Ι
663 721 781 776 Cor.
834 718 935 789 ιιι).
989 716 1381 785 Quamobrem,
1431 717 1624 772 fratres
1677 716 2008 783 charissimi,

403 814 779 870 necessarium
830 814 1013 869 ducite
1067 813 1136 867 ab
1181 814 1332 869 omni
1381 814 1720 885 peccaminis
1767 812 2015 869 fceditate

406 906 670 976 templum
692 905 787 960 Dei
812 922 1143 978 expurgare,
1166 912 1362 961 cuncta
1379 921 1558 960 rerum
1582 904 2014 960 transitoriamm

406 997 553 1052 idola
574 996 823 1052 funditus
848 997 1162 1062 eliminare,
1191 996 1376 1052 vitiosi
1407 995 1595 1067 operis
1620 995 2018 1067 impedimenta

407 1088 704 1160 expellere,
758 1088 1067 1144 orationum
1124 1094 1389 1144 texturam
1467 1087 1631 1143 latius
1682 1086 2016 1157 expandere,

408 1180 717 1236 charitativi
749 1180 962 1236 ardoris
990 1180 1386 1252 splendoribus
1413 1180 1749 1246 illuminare,
1772 1177 2018 1234 omnium

407 1274 667 1330 virtutum
723 1274 1085 1329 redolentiam
1139 1289 1506 1345 conspergere
1543 1279 1605 1328 ut
1655 1271 2020 1326 habitatorem

410 1363 571 1432 hujus
597 1362 790 1433 templi
820 1362 979 1418 vobis
1010 1362 1335 1433 placabilem
1377 1370 1431 1416 et
1460 1362 1650 1437 gratiae
1680 1360 2020 1435 largitorem,

408 1458 637 1514 valeatis
663 1458 972 1529 acquirere.
1004 1456 1071 1513 Ut
1100 1462 1280 1513 autem
1315 1456 1570 1513 efﬁcaces
1595 1456 1758 1528 hujus
1786 1456 1863 1511 rei
1894 1470 2025 1526 pos-

409 1547 583 1602 simus
608 1546 726 1601 ﬁeri
748 1544 1000 1617 Opiﬁces,
1034 1552 1088 1601 et
1122 1546 1343 1601 obnixis
1370 1547 1633 1616 precibus
1659 1544 2023 1617 conquirendi

410 1643 540 1691 sunt
562 1635 748 1691 idonei
788 1634 1051 1700 fautores,
1109 1650 1249 1705 quos
1287 1634 1456 1690 hodie
1500 1650 1831 1690 veneremur
1863 1634 2027 1704 hujus

413 1726 598 1796 Operis
645 1725 1110 1795 prazdecessores.
1151 1724 1337 1795 Itaque
1368 1724 1603 1795 primum
1648 1722 2027 1779 venerationis

411 1813 596 1868 studio
641 1812 906 1867 reddendi
952 1818 1079 1866 sunt
1126 1811 1406 1880 benevoli,
1468 1821 1659 1883 postea
1715 1811 2028 1866 fiducialius

418 1901 772 1973 prmdicandi.
807 1901 912 1955 Sed
942 1909 1069 1956 tunc
1097 1900 1300 1955 certius
1331 1915 1519 1955 eorum
1554 1917 1715 1955 aures
1744 1899 1907 1955 nobis
1936 1915 2025 1953 ac-

414 1994 585 2050 clives
623 1992 929 2059 reddimus,
982 1992 1029 2047 si
1086 1992 1273 2064 operis
1325 1993 1698 2061 attestatione,
1753 1993 2025 2063 ipsorum,

416 2087 548 2143 boni
588 2087 938 2142 mmulatores
983 2084 1269 2141 fuerimus.
1303 2086 1436 2141 Ecce
1460 2086 1566 2157 ipsi
1595 2086 1776 2141 carnis
1801 2085 2028 2140 materia

418 2178 617 2245 induti,
642 2178 784 2233 sicut
808 2176 1163 2233 evidentibus
1200 2176 1375 2251 signis
1406 2175 1609 2243 elucet,
1654 2176 1823 2231 totius
1850 2175 2029 2232 crimi-

416 2271 537 2327 nosi
569 2270 753 2341 operis
777 2270 1052 2323 immunes
1093 2275 1148 2323 et
1184 2274 1442 2339 expertes
1490 2269 1655 2324 vitam
1706 2283 1887 2325 coram
1916 2269 2027 2325 Deo

417 2373 473 2419 et
502 2363 824 2419 hominibus
851 2363 1139 2417 honestam
1173 2361 1468 2428 duxerunt,
1492 2370 1547 2416 et
1572 2361 1641 2415 ab
1670 2361 2028 2434 hujusmundi

417 2453 838 2525 inquinamento
884 2450 1343 2506 incontaminatas
1388 2466 1586 2505 manus
1614 2452 2025 2507 continuerunt.

419 2541 631 2597 Florem
683 2540 877 2595 mundi
933 2539 1192 2595 omnibus
1232 2554 1357 2594 cum
1400 2538 1516 2594 suis
1567 2538 2031 2596 oblectationibus

416 2646 699 2704 sprevere,
730 2637 787 2687 et
814 2630 1061 2687 caalestia
1089 2629 1239 2686 omni
1267 2629 1450 2686 cordis
1478 2630 1785 2686 intentione
1817 2630 2031 2687 instan-

417 2726 527 2781 tius
549 2724 890 2797 exquisiere;
931 2722 1164 2793 jejuniis
1218 2728 1273 2778 et
1301 2721 1649 2778 orationibus
1688 2723 2030 2791 insistentes,

419 2817 600 2873 carnis
651 2816 777 2885 jura
814 2815 1136 2881 domabant,
1194 2813 1446 2885 spiritum
1488 2813 1841 2871 roborabant.
1901 2813 2031 2870 Cum

418 2909 609 2964 salutis
639 2906 865 2961 inimico
894 2906 1165 2980 belligera
1202 2921 1370 2960 manu
1401 2905 1663 2976 congredi
1698 2921 1809 2961 non
1864 2905 2033 2960 dubi-

2110 461 2236 500 uem
2292 443 2504 499 fortiter
2561 442 2878 498 dimicando
2919 442 3197 497 resistunt.
3242 441 3407 514 Cujus
3435 443 3732 514 tyrannide

2109 532 2338 589 victrice
2416 547 2581 585 manu
2631 531 2844 586 devicta
2876 574 2890 597 ,
2955 530 3313 601 triumphales
3360 531 3463 585 sibi
3541 531 3734 587 titulos

2112 620 2309 675 summi
2340 620 2507 694 regis,
2532 620 2587 673 in
2612 619 2736 674 aula
2758 617 2970 689 proprii
2992 618 3204 673 cruoris
3236 620 3394 691 signo
3422 620 3730 690 inscripse-

2116 718 2261 775 runt,
2296 725 2395 779 per
2429 724 2525 763 cos
2545 724 2685 780 quos
2715 722 2907 763 eorum
2937 709 3259 764 memoriale
3290 708 3513 764 ﬂorebit
3543 709 3599 762 in
3624 724 3731 763 sae-

2117 801 2270 856 cula:
2311 816 2434 855 cum
2464 807 2725 874 vergente
2785 798 2923 853 anni
2945 799 3150 856 circulo
3202 816 3425 871 semper
3481 801 3732 855 redivivo

2116 891 2295 949 fructu
2324 892 2505 948 laudis
2535 901 2787 959 vernant,
2819 900 2874 947 et
2903 907 3005 947 nos
3057 892 3113 946 in
3155 900 3512 965 augmentum
3546 892 3733 947 meriti

2117 983 2223 1051 sui,
2275 983 2540 1039 lucrando
2589 985 2925 1057 germinant.
2988 984 3141 1039 Unde
3198 984 3460 1056 scriptum
3507 992 3628 1039 est:
3671 987 3733 1039 In

2117 1076 2373 1129 memoria
2397 1078 2594 1129 (etme
2625 1078 2779 1129 erunt
2801 1074 2946 1143 justi
2972 1075 3132 1143 (Psal.
3176 1075 3275 1145 ιιι).
3306 1075 3435 1128 Item
3469 1074 3577 1129 alio
3608 1089 3736 1129 mo-

2121 1167 2192 1223 do
2222 1168 2423 1224 dicitur
2451 1168 2506 1222 in
2536 1167 2644 1224 alio
2686 1168 2837 1223 loco:
2871 1170 3056 1224 Justus
3095 1172 3157 1222 ut
3184 1169 3367 1238 palma
3389 1169 3617 1236 ﬂorebit,
3649 1169 3735 1221 si-

2121 1264 2209 1315 cut
2247 1261 2436 1315 cedrus
2479 1261 2672 1316 Libani
2701 1260 3182 1330 multiplicabitur.
3215 1260 3457 1313 Plantati
3488 1261 3554 1312 in
3581 1258 3737 1311 domo

2121 1354 2344 1407 Domini
2370 1391 2383 1413 ,
2468 1354 2531 1407 in
2585 1355 2749 1407 atriis
2813 1352 3003 1406 domus
3073 1354 3170 1406 Dei
3230 1354 3398 1406 nostri
3472 1351 3737 1419 ﬂorebimt

2123 1443 2291 1513 (Psal.
2325 1445 2450 1511 XCI).
2486 1443 2677 1498 Adhuc
2707 1441 3221 1513 multiplicabuntur
3264 1441 3317 1496 in
3346 1446 3569 1496 senecta
3597 1456 3741 1511 pro-

2122 1533 2378 1601 vectiori,
2402 1541 2455 1589 et
2477 1534 2620 1590 bene
2651 1534 2925 1605 patientes
2956 1539 3137 1599 erunt,
3163 1548 3449 1605 usquequo
3475 1532 3741 1603 posteris,

2125 1624 2276 1695 quod
2293 1624 2637 1698 agnoverint,
2664 1623 3018 1690 annuntient,
3035 1623 3245 1678 scilicet
3268 1623 3529 1695 quoniam
3551 1622 3744 1677 Domi-

2127 1730 2232 1769 nus
2262 1715 2405 1769 Deus
2432 1721 2620 1770 noster
2643 1715 2828 1786 justus
2847 1723 2902 1769 et
2939 1721 3121 1770 rectus
3150 1722 3252 1779 est,
3288 1722 3341 1769 et
3372 1715 3426 1768 in
3457 1714 3554 1769 illo
3589 1712 3745 1767 nulla

2128 1816 2213 1862 est
2244 1806 2524 1878 iniquitas.
2570 1807 2764 1861 Verum
2812 1812 2918 1874 est,
2954 1806 3166 1872 fratres,
3221 1807 3479 1878 quoniam
3535 1806 3747 1860 multos

2128 1902 2257 1950 ante
2287 1910 2463 1951 annos
2488 1894 2757 1961 defuncti,
2780 1895 2964 1950 adhuc
2978 1895 3578 1967 vivaciterloquuntur,
3606 1894 3743 1948 dum

2131 1990 2382 2061 quotidie
2424 2006 2521 2059 per
2562 2004 2751 2045 eorum
2793 1990 3051 2061 dogmata
3105 1988 3297 2043 fideles
3351 1988 3417 2043 ad
3450 1988 3747 2042 Dominum

2128 2088 2542 2148 convertuntur,
2569 2088 2624 2135 et
2654 2080 2723 2134 ad
2753 2095 2893 2151 Opus
2914 2080 3119 2135 bonum
3150 2096 3247 2151 per
3272 2095 3461 2135 eorum
3491 2077 3751 2147 exempla

2128 2173 2474 2228 roborantur.
2536 2171 2792 2236 Quandiu
2852 2172 3037 2244 itaque
3090 2172 3256 2242 hujus
3325 2171 3515 2226 mundi
3567 2170 3755 2225 orbita

2127 2261 2388 2326 volvitur,
2419 2262 2663 2331 ipsorum
2700 2261 3020 2317 venerabile
3053 2261 3310 2316 meritum
3341 2276 3565 2331 semper
3594 2260 3745 2313 acci-

2129 2352 2211 2423 pit
2257 2352 2682 2407 incrementum.
2725 2353 2962 2427 Agamus
3009 2368 3162 2427 ergo,
3224 2352 3558 2418 charissimi,
3633 2368 3750 2405 im-

2131 2463 2351 2502 mensas
2382 2447 2436 2501 in
2485 2447 2733 2517 ipsorum
2765 2447 3118 2503 solemnitate
3149 2446 3387 2502 Creatori
3413 2453 3602 2501 nostro
3633 2446 3759 2500 lau-

2132 2537 2233 2592 des
2282 2545 2338 2592 et
2387 2538 2608 2609 gratias,
2662 2538 2756 2610 qui
2803 2547 2858 2593 et
2898 2538 3007 2593 illis
3061 2554 3313 2611 regnum,
3353 2545 3482 2593 ante
3537 2537 3752 2593 saecula

2131 2629 2583 2701 przeordinatum,
2634 2631 2689 2685 in
2719 2630 3043 2687 cmlestibus
3090 2631 3203 2700 jam
3256 2629 3507 2698 contulit,
3538 2639 3595 2685 et
3650 2646 3754 2685 nos

2104 2721 2379 2790 ejusdem
2431 2723 2585 2797 regni
2617 2723 2911 2793 participes
2949 2722 3068 2778 fore
3128 2722 3461 2792 reintegrata
3490 2736 3591 2791 per
3620 2720 3749 2787 ejus

2132 2818 2457 2889 sanguinem
2492 2817 2671 2873 salute
2703 2817 3035 2889 repromisit.
3070 2818 3176 2886 lpsi
3205 2833 3336 2890 ergo
3358 2815 3606 2871 omnium
3633 2815 3749 2885 regi

2131 2905 2484 2973 saaculorum,
2508 2921 2608 2977 pro
2632 2904 2717 2960 his
2733 2905 2995 2961 omnibus
3011 2905 3197 2960 lauset
3216 2905 3389 2977 gloria
3414 2901 3751 2974 perintinita

419 3003 626 3062 tavcre,
660 3010 823 3065 quem
849 3000 904 3048 et
924 2994 1091 3048 armis
1114 2992 1394 3063 praecincti
1413 2992 1617 3047 divinis
1642 3001 1989 3064 prostravere
2015 3011 2028 3048 :
2054 2972 2104 3042 (ἶ
2131 2996 2361 3062 saecula;
2385 2995 2548 3051 nobis
2569 3003 2753 3052 autem
2784 2995 3166 3052 misericordia
3191 2996 3517 3068 serpiterna.
3555 2998 3751 3049 Amen.

1804 3410 1944 3452 ANNO
1984 3411 2171 3453 DOMINI
2212 3412 2357 3453 MCXll

1020 3610 1853 3765 JOANNES
1958 3613 2022 3762 ll

2123 3611 3160 3771 ABSICANUS

1613 3894 2012 3960 TUSCULAN
2018 3895 2110 3959 US
2151 3894 2556 3960 EPISCOPUS

834 4303 1437 4391 NOTITIA
1542 4303 2332 4395 HISTORICA
2442 4306 2589 4393 IN
2686 4305 3329 4393 JOANNEM

1633 4515 1917 4586 (UGBELLI,
1945 4518 2107 4572 Italia
2136 4515 2327 4584 Sacra,
2361 4516 2405 4586 l,
2429 4515 2576 4586 230.)

491 4950 746 5015 Joannes,
786 4948 1119 5021 Marsicanus
1146 4946 1475 5017 appellatus,
1505 4949 1574 5004 ab
1617 4948 1830 5004 Urbano
1859 4951 1914 5005 II
1939 4950 2116 5005 dictus
2146 4954 2223 5006 est
2250 4952 2529 5021 episcopus
2556 4951 2855 5007 cardinalis
2888 4951 3240 5007 Tusculanus.
3292 4952 3396 5005 Hic
3424 4953 3483 5005 in
3521 4953 3744 5007 Vastat-

425 5023 562 5076 lensi
587 5022 809 5076 concilio
840 5020 975 5073 1106
1001 5022 1315 5093 grauissime
1338 5023 1665 5093 sententiam
1704 5023 1845 5085 tulit,
1887 5022 2125 5091 adeoque
2148 5020 2336 5088 magni
2352 5020 2693 5093 promptiquc
2732 5025 2909 5077 animi
2934 5024 3063 5089 fuit,
3105 5028 3186 5089 ut,
3226 5038 3346 5077 cum
3376 5022 3639 5077 Henricus
3668 5026 3755 5079 IV

425 5096 624 5163 impius
661 5095 951 5161 imperator
980 5091 1289 5164 l’aschalem
1326 5092 1381 5145 ΙΙ
1410 5094 1718 5161 pontiﬁcem
1756 5093 2065 5161 conjecissct
2095 5096 2152 5147 in
2182 5109 2469 5160 carcerem,
2506 5091 2624 5164 ipse
2662 5111 2773 5149 una
2820 5110 2939 5149 cum
2969 5096 3138 5149 Leone
3196 5093 3475 5149 cardinali
3501 5098 3748 5149 ementita

424 5166 654 5219 vestium
683 5164 831 5217 cultu
854 5165 1075 5217 Romam
1102 5163 1430 5236 profugerit,
1458 5164 1765 5232 populoque
1781 5166 2018 5220 Romano
2044 5167 2102 5219 in
2128 5166 2427 5220 concionem
2456 5163 2661 5233 vocato,
2686 5167 2855 5221 eidem
2874 5168 3205 5236 persuaserit
3227 5169 3287 5218 ut
3316 5168 3549 5234 sumptis
3579 5170 3748 5221 armis

425 5241 612 5290 contra
640 5237 1022 5306 imperatorem
1043 5235 1315 5306 pontiﬁcis
1341 5234 1578 5301 injurias
1607 5237 1918 5289 ulciscatur.
1954 5236 2061 5288 Sub
2089 5237 2264 5291 eodem
2292 5237 2548 5291 Paschali
2576 5240 2691 5292 vita
2744 5234 2967 5304 functus
2993 5241 3071 5291 est
3112 5237 3388 5306 [Interfuit
3415 5238 3577 5290 etiam
3614 5253 3749 5292 con-

424 5308 546 5361 cilio
572 5304 810 5362 Romano
834 5320 924 5358 an.
963 5304 1625 5378 1112.7‘Vicariumpapa
1644 5308 1701 5359 in
1734 5307 1870 5360 Urbe
1897 5310 2063 5372 egisse
2092 5309 2364 5373 colligitur
2394 5323 2461 5362 ea:
2490 5309 2647 5363 titulo
2677 5311 2922 5377 apposito
2950 5304 3190 5378 cpistola
3218 5310 3454 5362 recitatae
3476 5324 3511 5362 a
3538 5310 3744 5363 Baron.

425 5378 622 5431 Annal.
649 5382 683 5429 t.
714 5378 805 5440 XI,
836 5391 998 5449 quam
1025 5374 1207 5449 scribit
1228 5376 1499 5431 Richardo
1520 5374 1819 5431 Albanensi
1846 5381 2113 5448 episeopo,
2141 5395 2259 5433 eum
2286 5379 2579 5434 admonens
2619 5380 2685 5433 de
2713 5374 2961 5449 nequiter
2980 5374 3127 5433 actis
3165 5380 3234 5434 ab
3282 5380 3532 5445 Henrico,
3585 5380 3754 5448 deque

429 5450 586 5502 Urbis
614 5452 663 5502 et
700 5447 1031 5502 universalis
1062 5447 1310 5501 Ecclesiae
1328 5450 1479 5519 statu
1499 5450 1814 5502 miserrimo.
1844 5449 1979 5504 Cum
2005 5447 2259 5516 plurimis
2288 5451 2659 5505 cardinalibus
2690 5447 2997 5505 Paschalem
3047 5451 3359 5519 objurgavit
3408 5447 3754 5505 concessionis

424 5522 574 5584 facta
599 5521 827 5573 Henrico
850 5520 1320 5591 investiturarum.
1354 5518 1459 5574 Sed
1489 5523 1598 5591 eta
1627 5520 1878 5573 Pascltali
1894 5522 2031 5591 scite
2044 5521 2395 5589 redarguitur
2438 5524 2548 5589 ipse
2584 5522 2730 5591 quod
2768 5524 2940 5576 nimio
2974 5522 3087 5575 zelo
3114 5518 3234 5577 eum
3262 5526 3487 5589 carpat;
3521 5537 3625 5575 non
3653 5522 3755 5574 ad-

426 5594 659 5642 verterat
690 5593 829 5643 enim
849 5592 910 5644 in
927 5604 1132 5659 papam
1168 5590 1357 5655 fecisse
1383 5605 1449 5645 ne
1478 5590 1765 5646 schismate
1791 5595 1841 5645 et
1868 5590 2129 5646 deteriori
2157 5593 2353 5648 damno
2384 5593 2519 5647 Urbs
2547 5590 2824 5662 flagraret.
2860 5592 3119 5663 Lucum]
