3920 6054
252 309 270 360 1
282 305 384 360 037

1211 305 1519 361 EPISTOLA
1557 307 1641 361 AD
1683 305 2064 362 RICIIARDUM
2111 305 2312 362 EPISC.
2354 305 2588 360 ALBAN.

3429 307 3449 359 1
3461 306 3566 362 038

1009 575 1750 702 JOANNIS
1855 575 2806 705 MARSICANI

1562 819 1928 876 TUSCULANI
1970 819 2265 875 EPISCOPI

735 965 1262 1057 CONCIO
1355 969 1538 1055 AD
1626 967 2291 1057 POPULUM
2372 966 3078 1058 ROMANUM

339 1177 429 1239 Ut
464 1177 770 1256 injuriam
803 1181 1042 1240 summi
1073 1181 1418 1258 pontificis,
1453 1197 1602 1244 cum
1634 1181 1768 1242 suis
1801 1180 1880 1242 ab
1915 1181 2196 1244 Henrico
2225 1181 2607 1260 imperatore
2645 1182 2800 1242 tenti
2833 1189 2894 1244 et
2927 1181 3237 1244 conviciis
3265 1180 3475 1242 affecti

1719 1286 2128 1348 ulciscantur.

1255 1461 1506 1528 (Duorm,
1539 1462 1770 1530 Amat,
1802 1461 1872 1516 ad
1903 1476 1994 1517 an.
2023 1461 2187 1526 1111,
2223 1476 2277 1515 n.
2315 1462 2402 1527 ll,
2440 1461 2548 1530 l3.)

1713 1656 2078 1672 —_

307 1805 475 1872 Licet,
507 1805 812 1860 charissimi
851 1805 969 1869 ﬁlii,
1011 1806 1275 1861 alacritati
1308 1807 1608 1878 virtutique
1647 1813 1844 1861 vestrae
1875 1810 1921 1878 Α
1948 1805 2050 1859 bus
2079 1811 2298 1860 tenetur
2337 1805 2392 1858 in
2431 1804 2695 1871 vinculis;
2753 1804 2936 1859 omnis
2991 1804 3349 1860 sacerdotalis
3407 1805 3563 1870 ordo,

233 1896 439 1951 stimuli
494 1895 936 1952 adhortationum
1001 1895 1331 1950 admovendi
1374 1911 1485 1951 non
1535 1895 1665 1961 sint,
1723 1911 1845 1950 cum

233 1985 418 2040 verbis
439 2002 620 2056 neque
637 2001 702 2040 ex
735 1985 1014 2040 imbecillo
1041 1993 1320 2051 strenuus,
1355 2000 1538 2056 neque
1583 1984 1848 2040 robustus

236 2079 508 2150 quispiam
542 2077 802 2133 reddatur
831 2093 898 2132 ex
929 2076 1145 2146 timido,
1175 2077 1357 2133 omnis
1395 2077 1543 2132 enim
1576 2077 1736 2133 vobis
1765 2085 1850 2132 est

239 2183 336 2238 pro
365 2167 476 2223 vita
514 2173 569 2222 et
588 2182 688 2239 pro
717 2165 996 2232 libertate,
1028 2181 1128 2237 pro
1155 2165 1350 2240 gloria,
1377 2181 1475 2237 pro
1515 2165 1849 2221 defensione

239 2255 556 2327 apostolicae
578 2255 728 2310 sedis
757 2271 945 2330 pugna
982 2270 1258 2327 omneque
1280 2263 1559 2311 certamen
1592 2262 1708 2323 est;
1733 2257 1851 2311 haec

239 2347 424 2402 omnia
452 2346 508 2400 in
540 2344 796 2400 manibus
823 2344 1023 2400 vestris
1067 2351 1196 2400 sunt
1224 2345 1540 2400 constituta.
1595 2345 1728 2400 Nam
1756 2345 1853 2417 qui

240 2454 432 2510 pacem
459 2437 758 2502 desiderat,
784 2443 1056 2508 praeparet
1084 2436 1314 2492 bellum.
1359 2437 1479 2492 Filii
1509 2437 1677 2493 vestri
1709 2453 1850 2493 con-

240 2538 319 2586 tra
343 2531 436 2600 jus
465 2545 649 2592 omne,
679 2536 871 2584 contra
911 2527 992 2583 fas
1021 2535 1283 2584 tenentur
1311 2529 1366 2582 in
1399 2529 1662 2585 vinculis:
1707 2530 1849 2585 Petri

239 2622 469 2694 apostoli
508 2620 762 2690 basilica,
815 2626 931 2676 toto
983 2620 1118 2676 orbe
1169 2627 1438 2676 terrarum
1495 2621 1848 2689 venerabilis,

239 2712 429 2781 armis,
451 2710 835 2776 cadaveribus,
865 2711 1022 2766 sanie
1057 2719 1112 2765 et
1140 2727 1337 2766 cruore
1371 2711 1536 2782 plena
1574 2719 1678 2767 est.
1712 2712 1850 2777 Quid

239 2807 420 2856 autem
461 2816 526 2856 ex
558 2801 665 2856 hoc
693 2815 960 2854 summam
983 2799 1228 2856 omnium
1261 2801 1532 2857 malorum
1575 2801 1851 2873 conjicere

239 2891 578 2964 possumus?
605 2893 736 2958 Quae
792 2907 1031 2964 unquam
1079 2893 1266 2949 audita
1297 2899 1382 2948 est
1421 2894 1716 2951 immanior
1753 2912 1853 2966 pe-

238 2984 378 3040 stis?
428 2983 678 3040 Pontifex
705 2983 1022 3055 apostolicaa
1051 2983 1200 3039 sedis
1247 3000 1277 3039 a
1323 2984 1571 3040 barbaris
1609 2985 1849 3041 homini-

1949 1900 2066 1949 tota
2093 1893 2475 1950 ecclesiastica
2515 1893 2757 1968 dignitas
2787 1895 2990 1950 carceri
3033 1911 3096 1950 ac
3134 1897 3380 1951 tenebris
3411 1897 3567 1950 addi-

1951 1992 2036 2038 cta
2059 1990 2174 2039 est:
2215 1984 2407 2058 lugent
2435 1983 2674 2039 ministri
2729 1984 2947 2040 Domini
3006 1984 3199 2040 altaria
3245 1993 3431 2041 sancta
3482 1986 3566 2040 la-

1951 2078 2154 2150 crymis
2181 2079 2409 2134 madent
2429 2096 2466 2144 ς·
2492 2078 2612 2150 ipsa
2645 2094 2872 2150 prorsus
2899 2085 3076 2136 mater
3105 2079 3348 2136 Ecclesia
3387 2081 3567 2136 attrita

1949 2168 2144 2239 gemit,
2177 2168 2549 2240 impleratque
2578 2183 2740 2239 opem
2772 2176 3039 2224 vestram:
3099 2168 3242 2225 filios
3269 2177 3329 2224 ut
3357 2187 3418 2226 se
3449 2180 3569 2226 tan-

1952 2258 2022 2314 tis
2053 2259 2307 2315 cladibus
2347 2269 2544 2316 eruant
2573 2277 2818 2316 maerens
2843 2267 2962 2316 erat
3010 2268 3066 2316 et
3103 2261 3374 2318 obsecrat.
3425 2263 3567 2327 Quo-

1953 2347 2098 2404 circa
2125 2364 2386 2421 rogamus
2441 2347 2638 2404 aﬂ'ectu
2694 2365 2804 2420 quo
2861 2365 3176 2420 possumus,
3237 2350 3568 2421 periclitanti

1954 2439 2308 2503 succurratis,
2341 2445 2396 2494 et
2421 2439 2489 2492 ad
2530 2438 2906 2494 ulciscendam
2948 2439 3140 2494 matris
3170 2437 3424 2508 injuriam
3457 2448 3570 2495 toto

1952 2531 2159 2598 animo,
2193 2531 2322 2588 totis
2355 2530 2566 2587 viribus
2595 2531 2951 2588 incumbatis.
2983 2531 3116 2586 Nam
3147 2531 3194 2586 si
3251 2531 3432 2586 adsint
3474 2533 3567 2604 qui

1953 2623 2469 2700 obsistantﬂugere
2500 2625 2708 2689 hostes,
2753 2640 2916 2696 quam
2960 2625 3286 2691 consistere,
3328 2625 3571 2695 paratio-

1953 2731 2043 2770 res
2080 2725 2266 2770 erunt.
2314 2716 2504 2786 Itaque
2555 2714 2850 2771 alacriores
2887 2715 3186 2788 insurgatis
3235 2715 3302 2770 ad
3361 2722 3566 2771 tantum

1953 2803 2332 2859 ulciscendum
2361 2803 2563 2870 scelus,
2607 2803 2678 2858 de
2731 2803 2947 2859 Domini
2981 2804 3154 2860 nostri
3198 2811 3252 2859 et
3281 2804 3566 2860 beatorum

1952 2896 2328 2966 apostolorum
2361 2895 2504 2950 Petri
2527 2902 2583 2950 et
2613 2895 2763 2950 Pauli
2793 2895 3174 2952 misericordia
3201 2895 3567 2966 conﬁdentes,

1953 2985 2022 3041 ab
2044 2985 2305 3042 omnibus
2335 3001 2433 3042 vos
2465 2983 2708 3056 peccatis
2733 2985 3090 3042 absolvimus.

1125 3351 1191 3476 J
1209 3351 1692 3476 OANN
1709 3349 1863 3475 IS
1967 3349 2815 3476 EPISTOLA

656 3617 816 3701 AD
881 3613 1596 3705 RICHABDUM
1663 3613 2436 3704 ALBANENSEM
2501 3613 3152 3704 EPISCOPUM

1219 3823 1298 3884 De
1331 3825 1608 3900 nequiter
1637 3825 1788 3884 actis
1811 3823 1884 3883 ab
1918 3823 2174 3884 Henrico
2203 3825 2577 3902 imperatore.

1587 3985 1833 4054 (BARON.,
1874 3985 1970 4041 ubi
2003 3987 2214 4056 supra.)

313 4329 571 4394 Joannes,
604 4329 700 4385 Dei
728 4329 922 4404 gratia,
962 4330 1302 4388 Tusculanus
1321 4334 1641 4406 episcopus,
1681 4351 1851 4408 agens
1881 4336 2141 4409 Bquieta
2185 4335 2412 4391 omnino
2452 4333 2750 4400 dimittere,
2803 4333 3029 4389 obsides
3079 4333 3244 4389 etiam
3288 4335 3419 4389 dare
3467 4352 3566 4406 pro

242 4425 392 4481 vices
447 4424 657 4480 domini
709 4425 982 4482 Paschalis
1035 4443 1191 4498 papa:
1247 4428 1573 4484 vinctiJesu
1628 4429 1850 4497 Christi,

241 4513 542 4568 venerabili
584 4513 736 4570 fratri
795 4514 1075 4571 chnaaoo
1108 4515 1318 4572 Albano
1351 4518 1614 4590 episcOpo
1643 4517 1700 4572 in
1748 4519 1852 4574 Do-

210 4603 216 4610 ’
242 4608 398 4665 mino
429 4610 679 4666 salutem.

316 4699 606 4768 Quoniam,
665 4699 808 4756 sicut
836 4700 912 4756 ait
965 4699 1260 4772 Apostolus
1291 4702 1464 4772 (Rom.
1507 4703 1624 4770 xu),
1682 4716 1853 4757 unum

244 4807 450 4863 corpus
485 4809 674 4848 sumus
722 4792 778 4847 in
811 4791 1044 4860 Christo,
1076 4802 1132 4849 et
1169 4794 1216 4848 si
1244 4793 1450 4864 patitur
1479 4809 1649 4849 unum
1680 4810 1852 4849 mem-

245 4888 427 4956 brum,
459 4894 656 4943 ctetera
684 4887 932 4942 membra
955 4887 1389 4958 compatiuntur,
1421 4903 1545 4960 qua}
1577 4887 1644 4942 de
1673 4887 1853 4958 capite

245 4986 454 5048 nostro,
485 4990 540 5036 et
560 4981 628 5036 de
655 4986 768 5036 tota
799 4979 913 5036 fere
945 4979 1188 5036 Ecclesia
1226 4988 1382 5053 gesta
1411 4987 1560 5045 sunt,
1594 4979 1854 5035 fraterni-

244 5072 342 5128 tati
385 5081 492 5128 tuaa
531 5073 928 5149 significamus.
975 5071 1105 5127 Cum
1147 5072 1316 5144 igitur
1355 5072 1636 5137 Henricus,
1664 5072 1860 5128 Teuto-

246 5163 495 5219 nieorum
527 5180 641 5232 rex,
677 5163 920 5220 Sutrium
955 5163 1314 5234 pervenisset,
1348 5163 1560 5238 legatos
1589 5163 1854 5234 quosdam

249 5253 474 5308 Romam
509 5253 730 5320 direxit,
762 5251 1236 5324 quijurejurando
1266 5250 1645 5318 ﬁrmaverunt,
1669 5251 1854 5308 domni

247 5361 407 5418 papa:
435 5345 712 5400 Paschalis
765 5345 975 5419 legatos
1035 5359 1227 5399 secure
1281 5343 1503 5409 ducere,
1564 5350 1618 5398 et
1673 5359 1856 5418 regem

250 5436 428 5506 ipsum
461 5440 802 5490 sacramento
841 5432 1081 5501 ﬁrmare,
1114 5449 1334 5488 omnem
1383 5432 1738 5488 ecclesiarum
1773 5433 1860 5487 in-

249 5527 568 5584 vestituram
599 5526 824 5597 penitus
842 5527 1121 5591 abdicare,
1158 5526 1382 5582 obsides
1414 5525 1576 5580 etiam
1609 5525 1766 5592 dare,
1788 5541 1858 5581 ne

248 5615 318 5672 ad
346 5617 449 5673 hoc
491 5614 761 5690 ﬂagitium
807 5615 1004 5672 iterum
1034 5616 1257 5682 rediret,
1302 5621 1356 5671 ct
1387 5632 1475 5670 res
1519 5615 1858 5671 ecclesiasti-

1951 4427 2266 4493 securitate,
2298 4441 2422 4480 cum
2449 4423 2516 4478 ad
2540 4423 2917 4479 coronandum
2951 4439 3077 4478 eum
3119 4425 3186 4478 ad
3229 4425 3372 4478 beati
3418 4425 3564 4482 Petri

1951 4513 2236 4570 basilicam
2267 4514 2460 4570 exiret.
2506 4512 2699 4567 Postea
2727 4528 2794 4566 ex
2828 4519 2984 4584 parte
3035 4511 3296 4568 Ecclesia:
3329 4529 3360 4568 a
3407 4513 3563 4570 laicis

1953 4604 2089 4662 viris
2125 4603 2396 4659 ﬁrmatum
2441 4608 2544 4668 est,
2572 4600 2618 4655 si
2674 4600 2774 4656 ista
2813 4617 2936 4672 qum
2977 4600 3248 4672 promissa
3277 4608 3426 4674 sunt,
3452 4603 3565 4672 jam

1956 4697 2138 4753 dictus
2169 4712 2263 4752 rex
2303 4694 2642 4761 observaret,
2685 4692 2834 4764 quod
2887 4691 3147 4748 dominus
3194 4700 3385 4750 noster
3439 4710 3564 4750 eum

1957 4784 2200 4858 benigne
2227 4783 2556 4854 susciperet,
2587 4788 2641 4836 et
2669 4780 2720 4836 ei
2749 4780 3006 4836 diadema
3045 4781 3202 4857 regni
3237 4782 3566 4854 imponeret,

1955 4885 2012 4934 et
2033 4883 2350 4945 coronatus,
2381 4875 2426 4930 si
2457 4874 2642 4942 vellet,
2695 4874 2888 4930 Urbem
2921 4874 3166 4931 intraret.
3209 4875 3312 4932 Pro
3339 4877 3568 4932 transitu

1956 4969 2120 5026 etiam
2138 4968 2324 5040 pontis
2337 4967 2563 5023 obsides
2580 4966 2816 5037 accepit,
2831 4981 2930 5037 pro
2943 4967 3145 5040 quibus
3162 4976 3566 5024 sacramentum

1959 5057 2231 5126 exhibuit,
2262 5056 2410 5129 quod
2435 5055 2490 5110 in
2515 5055 2635 5126 ipso
2650 5054 2742 5110 die
2755 5055 3040 5112 Dominico
3069 5057 3116 5112 si
3139 5065 3365 5130 pontem
3390 5065 3569 5114 trans-

1960 5151 2084 5220 iret,
2107 5167 2204 5208 eos
2224 5152 2281 5206 in
2299 5151 2528 5205 liberam
2555 5157 2864 5205 nostrorum
2890 5150 3201 5206 restitueret
3221 5157 3564 5222 potestatem.

1962 5247 2055 5302 His
2106 5247 2274 5322 igitur
2310 5247 2570 5303 omnibus
2618 5245 2978 5303 sacramentis
3023 5262 3088 5300 ex
3137 5254 3367 5317 utraque
3417 5254 3570 5316 parte

1963 5341 2198 5410 peractis
2255 5347 2308 5395 et
2347 5341 2636 5396 obsidibus
2693 5341 2858 5408 datis,
2914 5355 3037 5394 cum
3081 5339 3148 5392 ad
3189 5339 3568 5394 coronaudum

1961 5447 2086 5488 eum
2127 5430 2196 5484 ad
2235 5429 2520 5486 ecclesiam
2557 5431 2613 5487 Β.
2647 5430 2790 5486 Petri
2821 5445 2963 5502 papa
3003 5427 3194 5496 exiret,
3253 5427 3573 5498 postpositis

1960 5525 2318 5583 sacramentis
2333 5531 2388 5580 et
2415 5525 2655 5580 dimissis
2681 5525 2994 5591 obsidibus,
3017 5540 3142 5579 eum
3171 5524 3226 5578 in
3250 5523 3368 5594 ipsa
3393 5522 3574 5578 eccle-

1961 5615 2041 5670 sia
2071 5631 2195 5670 cum
2238 5613 2513 5686 episcopis
2551 5623 2605 5669 et
2631 5613 3026 5676 cardinalihus,
3059 5619 3113 5667 ct
3155 5611 3342 5667 multis
3374 5611 3574 5666 Roma-

251 5721 364 5775 cas,
395 5713 449 5762 et
481 5704 704 5780 regalia,
763 5721 825 5761 ac
853 5706 996 5760 beati
1029 5704 1168 5760 Petri
1229 5705 1557 5775 patrimonia
1605 5705 1776 5760 libera
1808 5712 1862 5760 et
1965 5707 2052 5761 nis
2081 5706 2350 5764 violenter
2376 5705 2541 5781 cepit,
2561 5705 2696 5760 etin
2719 5704 2972 5784 captione
2999 5701 3301 5764 arctissima
3341 5701 3571 5758 detinet.
