3920 6054
295 213 418 268 1041

1625 219 1878 274 ΝΟΤΙΤΙΑ
1923 219 2263 274 HISTORICA
2277 262 2289 276 .

3471 231 3493 284 1
3505 229 3608 288 042

289 335 507 406 publice
534 335 740 392 litteras
783 337 839 392 in
882 337 1020 393 urbe
1055 337 1317 408 Tullensi,
1350 342 1480 397 dein
1519 343 1745 398 Tornaci
1797 361 1895 414 per
1914 347 1978 419 Α
2003 352 2116 400 tota
2155 345 2406 403 turbatur
2442 350 2652 416 schola,
2693 357 2752 404 et
2787 351 3177 406 canonicorum
3217 361 3393 409 coetus
3432 358 3610 412 admi-

288 427 732 498 quinquennium
792 445 990 501 magna
1046 446 1168 486 cum
1221 431 1363 488 fama
1419 441 1473 488 et
1501 435 1898 506 discipulorum

291 516 599 588 frequentia
644 519 852 574 docuit.
913 519 1084 590 Hujus
1144 522 1246 576 viri
1302 527 1751 582 commemoratio
1789 545 1899 586 non

287 609 516 664 strictim
547 610 796 665 facienda
823 618 927 678 est,
957 612 1164 684 quippe
1217 615 1311 685 qui
1341 615 1689 673 Tornacense
1717 619 1900 678 Sancti

291 704 507 758 Martini
577 705 992 773 monasterium,
1067 709 1372 764 monachus
1453 720 1506 766 et
1554 711 1730 768 abbas
1787 715 1900 772 illic

292 795 486 862 factus,
536 797 876 852 instauravit.
933 797 1060 853 Erat
1113 799 1161 854 is
1218 800 1472 868 clericus,
1526 805 1792 862 oriundus
1835 825 1902 864 ex

294 888 451 953 urbe,
505 896 566 944 ut
609 889 778 944 modo
829 889 1106 957 dicebam,
1159 893 1560 954 Aurelianensi.
1615 907 1770 968 patre
1799 901 1904 956 Ge-

292 980 453 1036 rardo
501 986 786 1051 matreque
819 981 1033 1036 Caecilia
1082 985 1423 1058 progenitus,
1477 987 1761 1046 Odoardus
1783 994 1901 1048 vul-

289 1085 360 1141 go
389 1076 635 1134 vocatus,
667 1085 700 1124 a
727 1069 964 1140 pueritia
988 1071 1061 1126 ita
1087 1071 1387 1128 instructus
1417 1075 1634 1146 litteris,
1677 1087 1737 1135 ut
1764 1081 1900 1136 nulli

290 1159 568 1216 secundus
596 1159 742 1214 inter
788 1159 1119 1216 Francorum
1171 1163 1254 1218 sui
1297 1167 1561 1236 temporis
1607 1171 1898 1242 magistros

291 1255 606 1312 haberetur.
659 1258 756 1313 Hic
804 1260 983 1330 primo
1025 1249 1493 1320 Tulli-Leucorum
1539 1269 1756 1325 scholas
1812 1278 1897 1326 te-

291 1349 432 1416 nuit,
473 1349 600 1403 inde
623 1365 656 1404 a
684 1351 966 1407 canonicis
993 1355 1244 1410 ecclesiae
1273 1355 1638 1415 Tornacensis
1668 1363 1895 1428 ascitus,

289 1441 534 1512 quinque
573 1441 734 1496 annis
774 1450 920 1498 tanta
959 1460 1080 1499 cum
1121 1445 1524 1503 existimatione
1557 1451 1766 1508 litteras
1803 1453 1898 1510 do-

289 1529 423 1593 cuit,
473 1537 532 1585 ut
577 1547 687 1587 non
729 1532 893 1588 modo
932 1549 964 1588 e
994 1533 1268 1602 Flandria,
1302 1539 1676 1612 proximisque
1713 1543 1895 1618 regio-

293 1621 474 1687 nibus,
506 1622 605 1676 sed
639 1622 802 1678 etiam
851 1639 917 1677 ex
968 1626 1357 1682 remotissimis
1396 1631 1714 1699 provinciis.
1763 1634 1899 1688 Bur-

289 1709 518 1784 gundia,
551 1711 702 1765 Italia
731 1718 786 1766 et
829 1713 1067 1768 Saxonia
1106 1715 1362 1786 discipuli
1395 1720 1642 1774 certatim
1674 1721 1740 1776 ad
1772 1737 1896 1777 eum

291 1801 682 1870 conﬂuxerint,
735 1803 805 1858 ad
845 1820 1136 1860 numerum
1175 1823 1350 1879 usque
1389 1809 1749 1867 ducentorum
1784 1814 1899 1868 cle-

291 1893 548 1948 ricorum.
593 1893 721 1948 Cum
754 1911 886 1950 vero
935 1895 1194 1952 liberales
1242 1907 1390 1955 artes
1418 1915 1612 1957 omnes
1661 1904 1897 1960 maxime

287 1981 534 2048 calleret,
586 1984 867 2055 praecipue
925 1991 1107 2041 tamen
1145 1987 1200 2042 in
1241 1988 1531 2044 dialectica
1569 1991 1894 2062 excellebat,

285 2073 453 2128 veteri
493 2082 658 2130 sectae
697 2091 886 2131 eorum
933 2079 1028 2150 qui
1060 2079 1253 2134 Reales
1288 2090 1574 2146 vocantur,
1605 2082 1896 2139 adhaerens

290 2178 403 2231 prae
437 2178 579 2218 nova
607 2171 757 2219 secta
775 2167 1159 2233 nominalium,
1192 2185 1356 2240 quam
1393 2171 1738 2227 Raimbertus
1766 2173 1894 2244 qui-

287 2255 434 2316 dam.
486 2255 728 2314 famosus
758 2261 1039 2334 magister,
1079 2269 1212 2318 tunc
1257 2263 1314 2317 in
1372 2264 1579 2335 oppido
1617 2265 1889 2320 lnsulensi

284 2342 573 2416 discipulis
605 2349 721 2402 suis
751 2349 1100 2423 praelegebat.
1139 2350 1265 2406 Cum
1293 2353 1422 2407 rixae
1450 2353 1552 2407 hac
1579 2354 1650 2408 de
1690 2370 1747 2409 re
1785 2353 1888 2410 fie-

286 2445 430 2505 rent,
471 2455 614 2493 unus
655 2455 685 2492 e
735 2440 1094 2496 Tornacensis
1145 2443 1396 2498 ecclesiae
1443 2445 1745 2512 canonicis,
1779 2461 1887 2501 no-

282 2527 428 2581 mine
485 2527 828 2596 Gualbertus,
877 2530 972 2600 qui
1019 2539 1213 2601 postea
1285 2533 1514 2588 Tornaci
1561 2534 1887 2600 monachus,

281 2633 345 2671 ac
370 2619 593 2674 demum
623 2620 680 2674 in
719 2620 1103 2677 Catalaunensi
1135 2623 1319 2679 Sancti
1369 2625 1513 2680 Petri
1550 2627 1888 2682 monasterio

279 2706 454 2761 abbas
507 2709 731 2774 exstitit,
788 2710 1082 2781 quemdam
1136 2713 1516 2782 pythonicum,
1559 2714 1785 2769 surdum
1834 2723 1890 2769 et

281 2803 515 2862 mutum,
547 2797 777 2853 nutibus
815 2813 982 2868 super
1035 2799 1138 2856 hac
1180 2816 1238 2855 re
1281 2802 1581 2870 consuluit,
1621 2810 1784 2874 atque
1823 2819 1888 2858 ex

275 2903 344 2944 eo
379 2887 777 2958 praeferendum
811 2890 1063 2954 Odonem
1090 2891 1379 2947 intellexit.

349 2980 478 3036 Cum
523 2981 638 3037 Odo
669 2983 875 3039 scholae
903 2984 1240 3040 Tornacensi
1269 2985 1383 3040 fere
1433 3001 1530 3056 per
1573 2987 1885 3058 quinquen-

278 3073 429 3128 nium
483 3073 816 3144 praet‘uisset,
857 3076 1076 3131 oblatus
1109 3085 1194 3132 est
1244 3077 1295 3131 ei
1346 3093 1378 3132 a
1416 3079 1655 3148 quodam
1683 3079 1886 3136 clerico

274 3161 414 3217 liber
438 3164 611 3218 sancti
640 3165 928 3237 Augustini
972 3169 1046 3220 De
1075 3167 1240 3221 libero
1275 3168 1528 3233 arbitrio,
1574 3185 1738 3240 quem
1769 3186 1886 3223 ma-

271 3256 442 3328 gister
477 3257 817 3328 comparavit
843 3259 1069 3329 quidem
1111 3259 1168 3312 in
1217 3276 1328 3315 suae
1359 3261 1726 3322 .bibliothecae
1747 3279 1882 3332 sup-

277 3345 640 3413 plementum,
673 3345 770 3399 sed
795 3345 852 3398 in
881 3347 1144 3401 scrinium
1167 3363 1292 3402 cum
1324 3349 1540 3404 caeteris
1558 3349 1717 3405 libris
1749 3367 1882 3421 pro-

271 3435 427 3501 jecit,
483 3435 690 3506 quippe
737 3435 834 3507 qui
893 3436 1139 3506 profanae
1185 3437 1506 3494 litteraturae
1540 3446 1684 3494 totus
1725 3441 1886 3494 addi-

278 3534 417 3591 ctus,
470 3527 646 3602 magis
687 3527 1064 3584 delectabatur
1123 3529 1362 3585 lectione
1420 3529 1664 3586 Platonis
1717 3548 1881 3602 quam

279 3617 588 3688 Augustini.
623 3618 781 3674 Forte
836 3618 1038 3677 accidit
1067 3626 1126 3674 ut
1167 3625 1293 3690 post
1320 3619 1460 3674 duos
1499 3619 1614 3675 tere
1665 3636 1885 3676 menses

276 3705 450 3761 Boetii
487 3707 662 3763 libros
711 3709 784 3762 De
819 3709 1178 3764 consolatione
1203 3709 1561 3780 philosophia
1595 3709 1886 3781 discipulis

280 3801 636 3874 praelegeret;
681 3799 778 3854 ubi
830 3814 964 3856 vero
1027 3799 1096 3855 ad
1128 3807 1381 3872 quartum
1413 3799 1636 3867 librum,
1671 3801 1725 3854 in
1776 3817 1887 3874 quo

1915 1671 1968 1740 Β

1913 3032 1962 3101 C

2003 435 2212 490 ratione
2258 437 2592 507 percellitur.
2644 438 2917 510 Deinceps
2951 439 3065 496 0do
3106 442 3365 510 paulatim
3406 447 3609 503 scholae

2003 542 2063 582 se
2103 527 2398 594 subtraxit,
2437 528 2730 584 ecclesiam
2760 530 2925 586 solito
2958 533 3198 602 amplius
3219 532 3606 604 frcquentavit,

2001 632 2258 671 nummos
2295 625 2660 690 congregatos
2699 617 2755 672 in
2797 626 3045 693 egentes,
3087 621 3323 676 maxime
3354 623 3606 691 clericos,

1999 705 2267 778 erogavit,
2322 706 2552 776 jejuniis
2597 707 2842 779 denique
2879 708 2956 763 ita
3008 725 3228 765 carnem
3295 712 3518 777 attrivit,
3551 721 3610 767 ut

2002 791 2154 848 brevi
2186 809 2298 864 prae
2346 795 2523 850 macie
2580 812 2612 850 a
2667 797 2856 851 multis
2908 797 2995 852 vix
3042 806 3453 873 agnosceretur.
3490 801 3608 855 Non

2003 885 2174 942 multo
2206 896 2330 958 post
2357 897 2596 961 quatuor
2622 889 2811 945 clerici
2843 891 2894 946 ei
2935 908 2994 947 se
3025 893 3355 966 adjungunt,
3396 895 3610 951 scilicet

2002 973 2117 1030 Odo
2143 975 2338 1046 abbas,
2373 978 2688 1046 Gerbertus,
2723 979 2996 1036 Rodulfus
3021 989 3075 1036 et
3103 981 3430 1048 Willelmus,
3465 1001 3609 1054 prae-

2001 1079 2086 1127 ter
2112 1073 2449 1135 Lanfridum,
2497 1072 2588 1144 qui
2630 1071 2759 1146 fuga
2814 1073 3001 1144 lapsus
3052 1075 3252 1129 misere
3291 1075 3470 1146 periit.
3516 1077 3610 1130 Ve-

2003 1177 2119 1215 rum
2152 1161 2308 1216 dubii
2347 1162 2634 1216 haerebant
2663 1179 2828 1233 quem
2868 1169 3064 1218 statum
3121 1165 3606 1235 amplecterentur,

1999 1251 2391 1306 canonicorum
2440 1269 2509 1306 an
2541 1253 2953 1308 monachorum.
3011 1255 3396 1326 Utrorumque,
3447 1257 3610 1311 variis

2000 1340 2136 1394 locis
2163 1339 2483 1410 exploratis,
2524 1341 2742 1396 interim
2786 1342 2842 1395 in
2872 1342 3193 1398 suburbana
3229 1345 3410 1399 Sancti
3466 1345 3605 1399 Mar-

1999 1427 2095 1482 tini
2129 1429 2444 1495 ecclesiola,
2477 1429 2573 1483 ubi
2625 1431 2904 1500 quondam
2959 1433 3180 1487 abbatia
3210 1435 3605 1490 monachorum

1997 1514 2194 1582 fuerat,
2235 1517 2333 1571 sed
2389 1533 2421 1571 a
2460 1518 2688 1590 paganis
2730 1517 3026 1586 destructa,
3077 1527 3131 1574 et
3161 1521 3274 1575 fere
3331 1522 3384 1575 in
3413 1523 3608 1578 solitu-

1998 1609 2182 1664 dinem
2259 1611 2500 1676 redacta,
2566 1612 2728 1667 simul
2797 1612 3044 1668 habitare
3129 1627 3435 1685 caeperunt.
3494 1617 3606 1672 Tali

1999 1707 2255 1776 exemplo
2301 1707 2526 1762 recreati
2565 1709 2718 1763 cives
2747 1707 3120 1763 Tornacenses
3161 1710 3442 1765 Rabodum
3483 1713 3606 1782 epi-

1999 1816 2227 1871 sc0pum
2272 1809 2488 1874 rogant,
2537 1809 2596 1856 ut
2635 1819 2705 1856 ne
2735 1803 2981 1858 Odonem
3015 1804 3246 1876 ejusque
3271 1807 3454 1862 socios
3495 1807 3604 1862 alio

1997 1893 2234 1966 migrare
2266 1894 2562 1964 permittat.
2605 1896 2678 1949 Ea
2710 1911 2799 1950 res
2845 1903 2997 1970 grata
3035 1897 3318 1968 episcopo,
3377 1899 3507 1970 quia
3537 1918 3603 1955 ea

1952 1985 1966 2002 ‘
1997 1985 2067 2040 de
2100 2001 2160 2039 re
2190 1985 2434 2040 Odonem
2465 1985 2782 2056 interpellat
2808 2003 2822 2050 ;
2851 1988 2969 2053 sed,
2994 2003 3117 2042 cum
3153 1989 3244 2042 ille
3270 1989 3420 2044 nullo
3451 1998 3601 2045 certo

1995 2091 2263 2145 responso
2313 2076 2532 2131 reddito
2581 2076 2649 2130 ab
2688 2077 2987 2147 episcopali
3037 2078 3201 2132 domo
3260 2081 3597 2146 recessisset,

1994 2167 2311 2241 religiosum
2359 2169 2763 2238 presbyterum,
2795 2169 3017 2224 nomine
3065 2169 3452 2238 Gislebertum,
3503 2175 3597 2244 qui

1992 2259 2048 2313 in
2077 2257 2184 2313 illis
2216 2259 2464 2328 partibus
2489 2267 2617 2313 tunc
2648 2259 2914 2328 temporis
2941 2258 3088 2312 velut
3128 2260 3395 2329 propheta
3427 2261 3597 2315 habe-
3693 2331 3708 2342 _

1992 2350 2174 2417 batur,
2205 2351 2260 2405 in
2291 2351 2591 2406 Elnonensi
2623 2351 2805 2404 Sancti
2837 2350 2980 2405 Petri
3009 2351 3242 2404 ecclesia
3274 2359 3464 2420 postea
3493 2354 3596 2407 hu-

1991 2450 2192 2508 matus,
2223 2441 2450 2496 adhibet
2505 2441 2787 2512 piissimus
2830 2441 3048 2512 praesul,
3099 2449 3158 2496 ut
3186 2441 3255 2495 ad
3305 2458 3463 2496 suum
3515 2443 3598 2497 ci-

1989 2533 2253 2604 viumque
2299 2548 2584 2588 assensum
2629 2533 2873 2588 Odonem
2916 2533 3116 2588 ﬂectat.
3159 2533 3452 2588 Gisleberti
3481 2551 3600 2588 ser-

1990 2636 2156 2676 mone
2181 2622 2355 2676 vietus
2400 2621 2514 2676 Odo
2540 2637 2598 2676 se
2627 2621 2740 2678 illic
2769 2637 3147 2676 remansurum
3197 2623 3511 2692 pollicetur,
3552 2623 3598 2678 si

1991 2713 2156 2770 modo
2186 2714 2422 2770 liberum
2453 2715 2560 2770 sibi
2586 2715 2763 2770 locum
2807 2720 3088 2784 praestaret
3117 2714 3431 2785 episcopus.
3469 2715 3600 2770 llinc

1990 2803 2082 2856 ille
2113 2819 2450 2877 magnopere
2481 2804 2838 2870 exhilaratus,
2879 2804 3274 2859 canonicorum
3313 2820 3596 2858 assensum

1988 2894 2227 2964 expetit;
2270 2895 2347 2949 illi
2377 2895 2534 2966 quasi
2561 2894 2861 2948 futurorum
2895 2893 3258 2961 conjectores,
3310 2901 3515 2964 negant
3535 2912 3600 2950 ac

1988 2993 2310 3058 pernegant.
2343 2984 2476 3038 Tum
2504 2998 2636 3038 vero
2665 2983 2963 3054 episc0pus
2992 2999 3058 3038 ea
3073 2999 3181 3054 qua
3219 2983 3464 3054 pollebat
3497 3000 3600 3038 au-

1989 3075 2242 3130 ctoritate
2297 3073 2613 3146 praedictam
2675 3074 2855 3130 Sancti
2935 3075 3151 3129 Martini
3223 3074 3594 3142 ecclesiolam,

1989 3182 2110 3236 quae
2140 3165 2224 3220 sui
2275 3166 2416 3233 juris
2457 3175 2594 3233 erat,
2647 3165 2821 3220 Odoni
2851 3167 3080 3236 ejusque
3127 3165 3297 3220 sociis
3344 3165 3599 3221 absolute

1991 3258 2158 3312 tradit
2197 3274 2407 3330 eosque
2453 3259 2691 3313 solemni
2731 3257 3088 3328 processione
3123 3257 3177 3310 in
3209 3273 3328 3311 eam
3370 3255 3599 3310 deducit

1985 3365 2038 3402 vr
2084 3349 2266 3404 Nonas
2296 3349 2438 3412 Maii,
2483 3365 2606 3420 quae
2635 3349 2756 3404 dies
2799 3348 3084 3404 Dominica
3137 3354 3274 3414 erat,
3316 3363 3462 3401 anno
3495 3349 3600 3403 [)0-

1987 3439 2204 3494 minieae
2235 3439 2630 3494 incarnationis
2676 3439 2836 3505 1092,
2882 3454 3090 3509 eosque
3121 3437 3326 3492 ibidem
3375 3438 3478 3491 sub
3513 3455 3600 3491 re-

1984 3533 2113 3607 gula
2140 3533 2316 3586 sancti
2344 3531 2640 3606 Augustini
2673 3531 2726 3585 in
2757 3531 2948 3585 habitu
2987 3529 3228 3585 clericali
3270 3529 3380 3584 Deo
3423 3529 3599 3584 servi-

1986 3632 2138 3680 turos
2163 3623 2396 3679 dimisit.
2432 3623 2555 3678 Haec
2604 3623 2790 3678 omnia
2835 3622 2955 3676 fuse
2995 3628 3391 3676 commemorat
3447 3620 3599 3675 Heri‘

1989 3728 2222 3767 mannus
2277 3711 2452 3766 abbas
2499 3712 2554 3765 in
2606 3710 2750 3765 libro
2791 3711 2865 3764 De
2924 3709 3324 3764 restauratione
3363 3709 3599 3764 abbatiae

1989 3803 2173 3858 Sancti
2205 3803 2424 3858 Martini
2482 3803 2848 3858 Tornacensis
2891 3802 3104 3872 (Spicil.
3145 3807 3182 3854 t.
3231 3800 3346 3867 XII,
3381 3819 3434 3872 p.
3495 3801 3600 3856 398

275 3887 344 3942 de
402 3887 580 3944 libero
633 3887 864 3944 arbitrio
921 3889 1119 3964 agitur.
1157 3890 1523 3962 pervenisset,
1570 3891 1890 3948 recordatus
1988 3901 2036 3949 et
2087 3895 2277 3967 καφ).
2310 3896 2464 3950 Tunc
2503 3895 2770 3966 temporis
2816 3909 2970 3948 sacro
3002 3893 3131 3964 igne
3171 3899 3284 3947 tota
3327 3891 3444 3947 fere
3473 3907 3598 3963 pro-

281 3981 453 4051 empti
501 3981 652 4046 libri,
693 3997 822 4038 eum
867 3982 976 4037 sibi
1015 3982 1194 4038 afferri
1243 3983 1424 4051 jussit,
1475 3983 1523 4037 si
1562 3984 1694 4056 quid
1751 3983 1889 4040 forte
1989 3988 2168 4045 vincia
2194 3995 2444 4044 contacta
2471 3996 2576 4053 est,
2607 3987 2665 4041 in
2694 3985 2884 4058 primis
2926 3984 3058 4039 urbs
3094 3985 3465 4050 Tornacensis
3503 3983 3598 4037 ubi

234 4107 236 4111 ι
283 4069 341 4123 in
367 4085 434 4124 eo
449 4070 549 4124 hac
565 4070 634 4124 de
650 4086 709 4125 re
733 4069 1123 4127 observatione
1144 4071 1372 4145 dignum
1416 4071 1705 4141 reperiret.
1730 4070 1886 4138 Tum,

1995 4097 2101 4138 non
2121 4081 2298 4136 solum
2339 4096 2404 4134 ex
2436 4079 2596 4147 urbe,
2627 4079 2725 4134 sed
2755 4077 2920 4133 etiam
2952 4093 2982 4132 e
3023 4076 3249 4132 remotis
3278 4075 3602 4150 regionibus

279 4161 437 4217 lectis
467 4161 684 4216 duabus
715 4162 956 4218 tribusve
995 4163 1116 4232 ejus
1147 4165 1398 4238 pagellis,
1430 4165 1513 4219 sic
1540 4181 1606 4219 ea
1652 4165 1890 4221 lectione
1989 4169 2212 4242 plurimi
2247 4169 2374 4243 igne
2401 4168 2496 4223 illo
2525 4167 2728 4233 adusti,
2758 4167 2826 4220 ad
2855 4165 3146 4221 ecclesiam
3177 4165 3230 4218 Β.
3265 4165 3446 4218 Mariae
3471 4180 3599 4238 gre-

278 4253 506 4309 aﬂ‘ectus
558 4259 663 4320 est,
709 4259 770 4308 ut
813 4254 1065 4325 protinus
1103 4255 1420 4311 convocatis
1457 4256 1764 4327 discipulis,
1794 4259 1885 4314 in-
1909 4305 1965 4334 η
1989 4258 2158 4334 gatim
2186 4256 2600 4312 deferebantur.
2631 4253 2783 4308 Tunc
2813 4254 3110 4324 episcOpus
3138 4269 3204 4306 ex
3225 4252 3319 4306 illa
3350 4251 3603 4322 principe

284 4305 501 4309 ν--τπτ
813 4305 1061 4325 τ--η---τ
1109 4305 1417 4311 ν--τ---η-
1460 4305 1764 4327 ν--ντ---η
2190 4305 2596 4312 "ww—mw
2642 4305 2776 4308 τπ-
2820 4305 3104 4324 τττηντη
3154 4305 3160 4306 κ
3254 4305 3257 4306 ν
3350 4305 3364 4322 .
3533 4305 3546 4321 .

275 4350 422 4405 venti
451 4349 692 4405 thesauri
721 4349 914 4405 volens
965 4365 1064 4406 eos
1098 4361 1238 4405 'esse
1269 4353 1602 4425 participes:
1654 4377 1676 4404 α
1726 4353 1886 4421 Vere,
1907 4305 1966 4372 Β
1989 4305 2225 4402 Ecclesia
2255 4345 2322 4400 ad
2364 4345 2551 4400 Sancti
2583 4343 2796 4398 Martini
2835 4342 3180 4397 ecclesiolam
3224 4342 3278 4394 in
3308 4341 3400 4394 die
3443 4339 3599 4393 Exal-

277 4439 478 4510 inquit.
539 4440 803 4495 hactenus
843 4439 1091 4515 ignoravi
1123 4449 1342 4512 quantae
1391 4441 1663 4498 facundiae
1702 4451 1758 4499 et
1787 4443 1888 4498 do—
1987 4437 2209 4492 tationis
2247 4441 2447 4490 sanctae
2489 4433 2670 4488 crucis
2706 4432 3012 4487 solemnem
3055 4429 3254 4483 indixit
3295 4428 3602 4500 processio-

276 4528 465 4584 ctrinae
494 4536 643 4584 esset
683 4529 1042 4604 Augustinus,
1081 4553 1104 4574 η
1138 4543 1378 4600 moxque
1407 4530 1610 4586 librum
1634 4533 1814 4603 ipsum
1856 4547 1886 4585 a
1988 4545 2138 4594 nem,
2183 4544 2307 4601 quae
2355 4526 2519 4582 nudis
2564 4523 2802 4596 pedibus
2845 4523 2984 4577 facta
3038 4527 3143 4585 est,
3215 4520 3482 4590 deinceps
3533 4521 3600 4573 ad

278 4617 458 4688 capite
484 4633 728 4683 exorsus,
763 4618 883 4688 ipso
905 4633 968 4673 ac
1001 4617 1257 4688 sequenti
1289 4618 1381 4673 die
1409 4619 1695 4691 discipulis
1727 4619 1884 4694 legit,
1987 4629 2234 4676 nostrum
2286 4633 2462 4690 usque
2514 4624 2754 4686 tempus,
2824 4614 3003 4685 inquit
3044 4613 3425 4676 Herimannus,
3485 4612 3602 4682 ipsa

279 4711 675 4783 etexplanavit.
708 4711 835 4767 Cum
854 4728 986 4768 vero
1024 4713 1093 4767 ad
1119 4711 1317 4767 librum
1342 4714 1561 4767 tertium
1604 4714 1888 4784 pervcnis-
1989 4715 2080 4771 die
2111 4713 2452 4772 continuata.
2493 4710 2757 4765 Caeterum
2799 4716 3002 4780 praeter
3042 4725 3110 4764 ea
3138 4725 3260 4780 quae
3292 4707 3384 4761 ille
3413 4717 3603 4762 auctor

277 4807 381 4867 set,
421 4801 474 4855 in
502 4816 612 4872 quo
651 4807 873 4855 sanctus
910 4800 1105 4856 doctor
1143 4801 1401 4856 miseram
1439 4802 1666 4872 exponit
1697 4817 1889 4873 pecca-

281 4900 456 4948 torum
503 4893 902 4960 condilionem,
956 4893 1050 4965 qui
1108 4894 1395 4952 mundum.
1457 4892 1638 4948 fetidae
1690 4894 1891 4948 cloacae

281 4984 538 5051 similem,
597 4984 809 5041 coclesti
874 4983 1066 5057 gloriae
1110 4992 1478 5054 anteponunt,
1538 4999 1647 5055 prae
1696 4984 1892 5040 intimo

287 5076 478 5132 dolore
503 5077 611 5132 alta
629 5077 865 5147 suspiria
887 5077 969 5143 ex!
985 5076 1094 5131 imo
1123 5075 1365 5146 pectoris
1396 5076 1646 5130 trahens:
1694 5097 1716 5123 α
1740 5075 1850 5130 Hen
1878 5074 1890 5128 l

286 5167 485 5238 inquit,
528 5184 690 5238 quam
720 5167 906 5222 stricte
942 5165 1042 5220 ista
1084 5180 1185 5220 nos
1215 5165 1392 5239 tangit
1434 5165 1742 5236 premitque
1763 5181 1896 5220 sen-

287 5261 486 5316 tentia!
519 5262 612 5333 qui
653 5261 838 5315 omnia
883 5259 1065 5314 studia
1121 5266 1306 5314 nostra
1339 5259 1392 5312 in
1451 5275 1602 5313 vanae
1647 5258 1896 5313 scientiae

289 5353 712 5424 acquisitionem
784 5351 1144 5418 conferimus,
1208 5351 1380 5405 divini
1439 5351 1619 5405 cultus
1667 5351 1896 5406 omnino

293 5449 648 5504 immemores
693 5455 747 5502 et
773 5447 1018 5504 caelestis
1052 5446 1262 5520 gloriae,
1297 5462 1361 5500 ea
1393 5453 1514 5517 post
1542 5452 1770 5500 mortem
1813 5446 1899 5499 in-

293 5539 448 5612 digni
505 5537 699 5594 futuril
749 5539 957 5604 Quibus
1010 5538 1172 5594 dictis
1227 5537 1484 5599 surrexit,
1528 5544 1782 5609 totusque
1816 5537 1900 5591 la-

295 5628 500 5699 crymis
553 5625 808 5698 perfusus
855 5627 1144 5684 ecclesiam
1192 5628 1474 5698 ingressus
1519 5633 1622 5680 est.
1665 5625 1738 5678 Ad
1786 5625 1902 5680 haec

1991 4807 2063 4861 de
2093 4807 2280 4862 Odone
2312 4804 2498 4869 habet,
2531 4801 2796 4856 nonnulla
2845 4800 3009 4855 etiam
3037 4799 3302 4854 discimus
3332 4816 3396 4853 ex
3434 4798 3604 4853 Godc-

1994 4896 2117 4952 fridi
2179 4891 2466 4949 Remensis
2512 4889 2777 4963 magistri,
2835 4889 2955 4958 ejus
3010 4888 3194 4954 amici,
3243 4887 3490 4942 versibus
3548 4886 3602 4939 in

1995 4989 2195 5062 quibus
2224 4985 2430 5042 Odonis
2461 4984 2720 5040 natalium
2753 4983 3014 5039 nobilitas
3041 4992 3097 5038 et
3135 4981 3456 5038 excellentia
3487 4981 3608 5049 ejus

1997 5080 2205 5155 ingenii
2239 5095 2302 5133 ac
2345 5077 2610 5133 doctrinae
2649 5091 3002 5147 summopere
3041 5075 3429 5146 praedicantur.
3466 5073 3610 5127 [nter

1997 5171 2106 5227 alia
2135 5185 2264 5225 vero
2289 5170 2410 5239 ejus
2439 5167 2710 5240 epuscula
2734 5167 2920 5222 laudat
2943 5166 3186 5221 libellum
3223 5167 3296 5220 De
3316 5164 3461 5218 bello
3481 5164 3610 5218 Tro-

1993 5262 2147 5332 jano,
2187 5275 2351 5330 quem
2385 5259 2454 5313 ab
2509 5273 2575 5312 eo
2608 5257 2814 5311 editum
2864 5272 2986 5310 esse
3041 5255 3251 5309 scribit.
3291 5254 3400 5308 Hoc
3431 5253 3610 5308 Gode-

2001 5349 2124 5404 fridi
2153 5364 2316 5419 opus,
2358 5348 2640 5403 Somnium
2683 5347 2750 5401 de
2781 5345 2966 5401 Odone
2999 5344 3386 5399 Aureliancnsi
3416 5341 3612 5396 inscri-

2003 5448 2177 5513 ptum,
2209 5441 2494 5505 hactenus,
2554 5444 2613 5492 ut
2667 5452 2812 5504 reor,
2845 5437 3136 5500 ineditum,
3195 5434 3508 5488 invenimus
3557 5433 3610 5486 in

2006 5531 2194 5587 codice
2228 5527 2446 5600 collegii
2477 5527 2759 5582 societatis
2783 5527 2912 5581 .lesu
2930 5523 3256 5578 Parisiensis
3285 5529 3412 5576 ante
3439 5539 3614 5576 annos

2009 5625 2343 5697 quingentos
2371 5621 2595 5691 scripto.
2641 5619 2710 5672 Ex
2750 5634 2861 5689 quo
2891 5634 3016 5673 cum
3054 5616 3301 5671 libellum
3335 5616 3610 5688 integrum
