3912 6044
458 223 481 276 1
490 221 597 276 055

1682 225 1719 277 Β
1784 223 2021 278 ODONIS
2062 220 2298 279 CAMER.
2346 224 2550 281 EPISC.

3649 223 3802 276 1056

457 369 567 424 que
595 352 836 408 conﬁsus
894 354 949 407 in
977 355 1067 408 Dei
1114 354 1338 420 auxilio,
1388 362 1449 410 ut
1491 356 1600 410 tuis
1645 355 1903 425 precibus
1962 355 2063 410 tibi
2092 363 2140 426 Α
2234 358 2531 428 Imprimis,
2583 369 2702 425 quat
2769 353 2870 407 tibi
2918 351 3194 421 offerimus
3237 367 3337 420 pro
3384 353 3634 407 Ecclesia
3695 358 3795 408 tua

457 445 597 513 carpi
648 461 889 514 praesens
914 446 1059 515 apud
1091 454 1165 511 te,
1215 454 1270 500 et
1328 447 1529 503 absens
1561 448 1786 518 perfeci,
1824 449 1947 503 sine
1987 456 2059 503 te.

2165 452 2355 503 sancta
2384 447 2677 503 Catholica.
2713 441 3008 512 Imprimis,
3040 439 3188 511 quod
3232 442 3625 511 superioribus
3657 442 3803 511 jun~

458 534 587 588 Volo
608 541 885 599 autem,ut
910 542 1088 590 textus
1112 537 1384 608 cujusque
1416 538 1643 609 capituli
1678 539 2067 608 prsescribatur
2166 540 2314 611 gitur
2339 537 2643 594 secundum
2686 534 3003 604 praedictum
3036 548 3281 598 sensum,
3327 532 3586 605 jungitur
3617 534 3797 587 etiam

455 626 786 696 expositioni
826 627 1011 693 totius,
1057 644 1126 681 ne
1166 629 1272 683 cito
1312 639 1715 699 praesumantur
1752 630 2069 685 additiones

454 719 539 772 vel
570 719 960 781 detractiones,
1004 720 1087 774 vel
1139 721 1473 777 mutationes
1506 722 1557 776 in
1611 739 1767 777 sacro
1818 722 2065 778 Canone:

456 810 601 880 quod
628 808 780 863 nefas
810 810 1061 865 ducimus
1089 810 1232 876 ﬁeri,
1274 813 1393 867 sine
1437 814 1681 871 Romano
1712 815 1994 886 pontiﬁce.

967 900 1221 955 TEXTUS
1248 900 1544 958 CANONIS.

995 1005 1160 1043 PRIMA
1220 1006 1530 1046 DIS'I'INCTIO.

533 1086 601 1138 Te
632 1085 802 1151 igitur
826 1086 1233 1141 clementissime
1264 1089 1439 1154 Pater,
1464 1104 1564 1157 per
1594 1090 1771 1143 Iesum
1800 1089 2069 1145 Christum

456 1173 657 1227 Filium
683 1178 852 1240 tuum,
885 1180 990 1229 etc.

878 1280 1153 1321 EXPOSITIO
1208 1283 1393 1322 DOIINI
1422 1283 1638 1324 ODONIS.

533 1359 671 1421 Quia
746 1360 973 1433 dignum
1031 1368 1086 1415 et
1136 1361 1344 1427 justum
1395 1370 1478 1417 est
1533 1363 1696 1418 nobis
1748 1364 1847 1419 tibi
1905 1379 2068 1439 agere

458 1448 695 1518 gratias:
752 1451 820 1502 Te
866 1451 1060 1516 igitur,
1100 1452 1500 1506 clementissime
1555 1457 1731 1519 Pater,
1792 1454 2069 1525 rogamus,

460 1546 518 1592 ut
565 1556 594 1592 ει
648 1538 808 1593 nobis
874 1538 1204 1614 sacriﬁcium
1255 1541 1513 1611 accipias.
1561 1542 1623 1596 Et
1676 1542 1806 1614 quia
1859 1550 2070 1597 nostras

461 1642 626 1681 voces
689 1627 923 1696 supplici
982 1628 1333 1683 confessione
1397 1630 1660 1696 admittis,
1730 1634 1798 1686 Te
1874 1634 2069 1700 igitur,

460 1717 861 1772 clementissime
918 1721 1099 1785 Pater,
1156 1736 1255 1789 per
1309 1721 1488 1775 Iesum
1563 1723 1835 1777 Christum
1874 1724 2073 1778 Filium

466 1810 617 1860 tuum
641 1808 910 1876 supplices
947 1824 1219 1875 rogamus,
1270 1816 1323 1863 et
1357 1808 1503 1864 reale
1555 1812 1885 1866 sacrilicium
1919 1827 2076 1867 acce-

468 1894 630 1962 ptari,
662 1903 720 1949 ut
740 1896 931 1951 laudes
958 1912 1151 1952 vocum
1186 1899 1545 1955 substantiale
1576 1908 1837 1972 sequatur
1864 1900 2076 1956 sacriﬁ-

465 1983 631 2040 cium.

533 2080 797 2144 Rogamus
850 2083 899 2132 et
932 2083 1181 2147 petimus.
1242 2081 1470 2153 Rogatio
1519 2082 1762 2137 ostendit
1802 2083 2074 2138 humilita-

462 2174 591 2233 tem,
653 2166 847 2237 petitio
905 2167 1330 2234 conﬁdentiam;
1391 2171 1488 2241 qui
1547 2170 1758 2242 aliquid
1820 2172 2077 2241 implorat

465 2254 829 2309 humilitatem
884 2255 1051 2311 debet
1102 2258 1399 2312 ostendere
1464 2268 1518 2313 et
1564 2259 1631 2313 de
1689 2259 2076 2331 impetratione

462 2346 764 2402 conﬁdere.
800 2348 988 2418 Itaque
1045 2350 1325 2420 supplices
1381 2367 1658 2424 rogamus,
1733 2351 2079 2407 conﬁdenter

464 2439 721 2508 petimus.
760 2440 911 2494 Unde
943 2441 1204 2511 scriptum
1253 2450 1368 2497 est:
1424 2446 1573 2498 Petat
1611 2461 1645 2498 a
1675 2446 1899 2498 Domino
1935 2447 2078 2499 nihil

465 2533 743 2585 haesitans.
766 2534 870 2598 Qui
906 2536 1047 2587 enim
1087 2535 1320 2600 haesitat,
1354 2537 1551 2590 similis
1579 2541 1655 2591 est
1690 2540 1877 2605 fluctui
1906 2539 2077 2592 maris

466 2622 598 2689 (Jac.
638 2624 712 2693 1.).
751 2624 811 2678 Et
869 2626 1099 2678 iterum:
1142 2627 1425 2697 Quidquid
1479 2630 1751 2683 credentes
1788 2632 2073 2699 petieritis,

462 2714 737 2781 accipietis
763 2715 951 2775 (Marc.
985 2715 1083 2781 χι).

538 2806 627 2858 Uti
673 2809 891 2873 accepta
919 2806 1114 2861 habeas
1155 2812 1204 2860 et
1246 2808 1542 2863 benedicas.
1598 2812 1857 2881 Accepta,
1900 2811 1953 2864 id
2000 2817 2081 2865 est

464 2903 618 2967 grata
649 2904 706 2951 et
736 2896 953 2966 placita.
988 2898 1222 2968 Accepta
1254 2900 1479 2957 habeas.
1514 2901 1691 2971 culpis
1723 2902 1925 2956 nostris
1953 2902 2080 2957 data

467 2982 628 3036 venia
658 2998 769 3037 non
811 2982 1074 3047 offensus,
1122 2986 1232 3040 imo
1260 2994 1447 3040 nostra
1485 2988 1781 3043 devotione
1811 2989 2076 3059 placatus.

471 3075 538 3126 Et
568 3073 867 3137 benedicas,
930 3076 1347 3145 multiplicando
1394 3078 1646 3149 gratiam,
1696 3081 1952 3153 augendo
2002 3082 2079 3135 di-

469 3160 757 3233 gnitatem,
822 3163 930 3218 imo
973 3167 1347 3222 convertendo
1426 3168 1480 3221 in
1560 3169 2077 3226 excellentissimam

468 3250 891 3306 immortalitatis
921 3259 974 3306 et
1003 3253 1434 3325 incorruptionis
1460 3265 1786 3312 creaturam.

539 3340 663 3393 Hcce
709 3339 869 3393 dona.
909 3339 1031 3395 Hac
1058 3342 1224 3408 dona,
1253 3359 1376 3412 quae
1406 3344 1505 3399 tibi
1549 3346 1841 3414 donamus,
1872 3357 1929 3403 ut
1980 3350 2080 3404 tibi

2171 628 2544 691 inferioribus,
2595 622 2961 697 signiﬁcando
2999 621 3147 692 quod
3173 619 3467 675 oti'eramus
3513 621 3796 685 hostiam,

2173 723 2410 795 primum
2469 736 2570 793 pro
2624 725 2739 775 tota
2783 716 3045 782 Ecclesia,
3096 715 3299 770 deinde
3358 730 3454 785 pro
3509 715 3645 769 aliis
3697 717 3798 786 qui

2170 824 2498 889 sequuntur.

2242 906 2413 972 Quam
2436 906 2730 974 paciﬁcare
2772 901 2841 955 ab
2875 898 3125 954 hostibus
3152 897 3465 953 visibilibus
3495 907 3552 952 et
3586 898 3795 953 invisi-

2171 998 2376 1053 bilibus
2422 1007 2482 1051 ut
2515 1011 2620 1051 nec
2657 993 2943 1049 hominum
2985 989 3466 1062 persecutionibus
3491 991 3804 1046 conculce-

2170 1094 2276 1153 tur,
2308 1101 2413 1141 nec
2450 1084 2712 1139 instinctu
2754 1082 3071 1137 daemonum
3115 1079 3441 1135 criminibus
3478 1079 3794 1151 polluatur.

2244 1178 2541 1233 Custodire.
2573 1177 2634 1230 In
2661 1175 2781 1245 ipsa
2805 1189 2960 1244 pace.

2240 1271 2515 1325 Adunare.
2576 1268 2652 1322 Ne
2712 1265 3107 1321 schismatibus
3171 1262 3299 1318 uilis
3360 1273 3415 1318 et
3475 1262 3795 1318 haeresibus

2168 1366 2463 1431 dividatur,
2495 1364 2593 1419 sed
2633 1363 2689 1417 in
2721 1363 2930 1417 unitate
2987 1365 3453 1415 sacramentorum
3495 1358 3791 1413 catholicae

2172 1454 2325 1521 ﬁdei,
2355 1455 2410 1509 in
2449 1452 2711 1508 omnibus
2753 1458 2867 1506 tota
2904 1450 3178 1504 adunetur
3206 1448 3465 1503 Ecclesia.

2240 1549 2306 1599 Et
2332 1559 2512 1612 regere
2541 1543 2783 1608 digneris
2822 1545 2929 1595 toto
2966 1540 3091 1593 orbe
3124 1543 3410 1593 terrarum.
3464 1536 3532 1591 Ut
3562 1538 3623 1591 in
3680 1540 3797 1592 suis

2174 1639 2441 1702 consiliis,
2490 1635 2967 1707 dispositionibus,
3020 1633 3262 1704 judiciis,
3304 1633 3559 1695 decretis,
3626 1632 3801 1686 instu-

2175 1729 2264 1793 tis,
2297 1725 2611 1781 actionibus
2641 1722 2792 1778 nullo
2834 1721 3147 1793 decipiatur
3183 1735 3393 1785 errore,
3425 1727 3480 1774 et
3502 1719 3559 1773 in
3602 1718 3800 1773 omni-

2176 1820 2282 1875 bus
2307 1826 2403 1874 tuo
2430 1818 2663 1873 ducatur
2685 1814 3085 1870 moderamine.

2250 1915 2371 1967 Una
2408 1926 2526 1964 cum
2569 1909 2777 1976 famulo
2814 1911 2908 1961 tuo
2968 1922 3121 1976 papa
3175 1912 3373 1972 nostra,
3430 1910 3477 1959 et
3543 1906 3800 1958 antistite

2173 2004 2356 2056 nostra
2384 2040 2397 2066 ,
2471 2003 2521 2053 et
2572 2014 2695 2065 rege
2757 2000 2944 2050 nostra
2968 2035 2982 2061 ,
3057 1999 3106 2049 et
3180 1994 3419 2048 omnibus
3470 1993 3798 2047 orthodoxi:

2175 2096 2336 2160 atque
2386 2089 2661 2144 catholicae
2714 2091 2763 2140 et
2817 2086 3123 2155 apostolicae
3166 2084 3299 2153 ﬁdei
3345 2083 3664 2137 cultoribus.
3726 2082 3798 2133 De

2179 2187 2292 2236 toto
2319 2179 2678 2234 descenditur
2715 2178 2784 2232 ad
2835 2183 3036 2248 partes,
3092 2184 3173 2243 ut,
3229 2191 3353 2230 cum
3384 2173 3667 2245 imprimis
3699 2189 3801 2243 pro

2177 2276 2291 2325 tota
2321 2268 2561 2323 Ecclesia
2599 2267 2775 2322 oratio
2815 2265 2992 2331 ﬁeret,
3035 2272 3227 2337 postea
3271 2265 3342 2319 de
3371 2263 3607 2337 singulis
3638 2263 3801 2317 solli—

2178 2358 2270 2414 citi
2290 2359 2479 2413 simus.
2505 2356 2625 2411 Alio
2655 2370 2892 2426 namque
2934 2362 3048 2409 tota
3079 2353 3320 2409 Ecclesia
3349 2360 3472 2426 eget
3493 2351 3799 2425 regimine,

2177 2453 2285 2508 alio
2325 2451 2557 2525 singulae
2590 2448 2864 2511 Ecclesiae,
2896 2456 2951 2502 et
2980 2447 3089 2503 alio
3119 2447 3326 2519 singuli
3372 2444 3648 2500 homines.
3682 2443 3803 2497 Alia

2176 2558 2307 2597 cura
2337 2543 2502 2597 rebus
2531 2547 2614 2595 est
2642 2537 2958 2593 exhibenda
2996 2535 3259 2607 publicis,
3293 2534 3402 2589 alia
3451 2535 3683 2605 privatis
3740 2537 3799 2589 In

2179 2634 2353 2688 tribus
2382 2643 2563 2687 autem
2594 2630 2849 2702 personis
2899 2644 2999 2700 pro
3042 2628 3244 2700 quibus
3273 2627 3543 2682 orandum
3589 2644 3799 2699 pr0po—'

2180 2727 2308 2793 suit,
2331 2726 2437 2780 hoc
2465 2722 2874 2779 observandum
2905 2721 3141 2787 videtur,
3171 2727 3229 2775 ut
3254 2736 3353 2791 pro
3388 2737 3528 2791 papa
3551 2736 3715 2789 vero,
3739 2734 3793 2775 et

2181 2815 2423 2869 antistite
2446 2821 2500 2867 et
2529 2828 2659 2884 rege
2689 2818 2850 2867 orent
2876 2810 3073 2881 reliqui
3104 2810 3431 2880 presbyteri.

2253 2904 2599 2960 Orthodomis.
2658 2901 2716 2954 1d
2766 2908 2868 2965 est,
2926 2899 3036 2953 vita
3099 2906 3157 2953 et
3207 2898 3460 2952 doctrina
3510 2897 3802 2969 gloriosis,

2179 3012 2414 3068 quorum
2474 2994 2618 3049 fama
2642 2992 2901 3048 dilatatur
2935 2992 2991 3046 in
3051 2991 3282 3062 pepulo,
3343 2990 3535 3045 merito
3591 2992 3723 3045 vitae
3748 3002 3803 3044 et

2181 3089 2754 3230 doglggifecultoribus.
2803 3172 2920 3226 Non
2963 3170 3131 3225 ﬁdem
3180 3176 3389 3225 tantum
3434 3167 3801 3222 habentibus.

2184 3268 2344 3322 Aliud
2366 3273 2452 3321 est
2481 3266 2629 3321 enim
2671 3264 2834 3319 fidem
2872 3263 3099 3330 habere,
3123 3270 3177 3316 et
3204 3261 3351 3315 aliud
3387 3258 3549 3314 ﬁdem
3575 3261 3801 3321 colere;

2188 3359 2351 3414 tidem
2394 3358 2542 3424 colit,
2570 3357 2666 3429 qui
2696 3356 2882 3411 studet
2909 3362 2963 3409 et
2992 3353 3234 3409 intendit
3281 3351 3584 3407 secundum
3631 3349 3804 3404 tidem

466 3441 730 3485 maneant
785 3447 883 3502 per
935 3439 1082 3487 tuam
1151 3433 1597 3492 benedictionem
1658 3436 1906 3509 ﬁrmata;
1968 3443 2087 3498 haec
2187 3454 2372 3510 vivere
2425 3470 2549 3509 cum
2609 3451 2764 3506 multi
2820 3449 2983 3504 ﬁdem
3050 3448 3292 3503 habeant
3346 3446 3442 3517 qui
3513 3446 3616 3499 hoc
3688 3460 3807 3498 non

467 3520 612 3575 dona
656 3537 780 3592 quae
821 3522 920 3575 tibi
952 3522 1245 3591 donamus,
1290 3532 1350 3579 ut
1392 3527 1540 3596 apud
1574 3535 1626 3581 te
1649 3530 1957 3584 consistant
1988 3548 2087 3602 per
2186 3546 2407 3602 faciam

470 3627 619 3671 luam
662 3618 1110 3674 benedictionem
1136 3621 1482 3693 incorrupta;
1520 3625 1639 3680 luec
1668 3626 1815 3680 dona
1835 3644 1955 3698 qua:
1985 3629 2083 3683 tibi

467 3712 759 3781 donamus,
800 3723 858 3767 ut
907 3714 1043 3769 ﬁant
1099 3716 1199 3769 tibi
1248 3717 1392 3772 Deus
1444 3726 1743 3789 assumpta,
1803 3720 2077 3791 siquidem

480 3805 710 3858 Verbum
732 3821 855 3860 caro
880 3807 1090 3872 factum
1119 3811 1197 3861 est
1227 3807 1407 3873 (Joan.
1450 3813 1509 3875 ι).

534 3893 661 3946 Haec
708 3909 958 3947 munera.
1001 3894 1254 3948 Solemus
1291 3895 1414 3950 illos
1459 3913 1752 3954 munerare
1791 3916 1822 3954 a
1876 3901 2080 3972 quibus

464 3978 673 4048 aliquid
724 3980 979 4034 molimur
1027 3982 1301 4036 obtinere.
1349 3984 1470 4038 Haec
1509 4002 1740 4042 munera
1779 3989 1982 4058 quibus
2020 3999 2075 4045 te

464 4071 519 4124 in
554 4087 694 4140 pane
748 4081 968 4127 terreno
1022 4090 1399 4142 muneramus,
1454 4085 1513 4131 ut
1554 4080 1905 4136 obtineamus
1944 4099 2071 4137 eum

462 4159 776 4226 crelestem;
802 4161 916 4216 haec
946 4178 1194 4227 munera,
1229 4164 1431 4234 quibus
1471 4165 1525 4218 in
1565 4169 1836 4236 corporali
1859 4170 1984 4225 cibo
2023 4176 2073 4224 te

462 4269 836 4320 muneramus,
870 4261 930 4308 ut
950 4254 1269 4310 alimentum
1300 4257 1428 4311 inde
1449 4257 1735 4328 spirituale
1765 4276 2075 4333 consequa-

2692 3613 2943 3668 TEXTUS
2989 3611 3284 3667 CANONIS.

2700 3722 2996 3762 DISTINCTIO
3028 3721 3265 3759 SECUNDA
3276 3745 3286 3756 .

2253 3807 2528 3869 Memento,
2570 3804 2809 3868 Domine,
2840 3802 3172 3868 famulorum
3198 3801 3639 3867 famularumque
3676 3803 3809 3852 tua-

2180 3910 2322 3960 rum,
2354 3895 2472 3950 NN.
2512 3897 2561 3945 et
2601 3893 2840 3945 omnium
2888 3890 3372 3949 circumstantium,
3412 3902 3642 3956 quorum
3699 3888 3808 3939 tibi

2176 3983 2309 4051 ﬁdes
2362 3984 2571 4048 cognita
2620 3985 2717 4047 est,
2766 3986 2814 4033 et
2851 3984 2978 4032 nota
3034 3979 3263 4042 devotio,
3304 3992 3405 4045 pro
3460 3975 3657 4044 quibus
3698 3976 3807 4028 tibi

2174 4074 2472 4143 offerimus,
2526 4074 2608 4127 vel
2688 4074 2785 4141 qui
2856 4072 2952 4124 tibi
3007 4070 3240 4138 offerunt
3300 4069 3394 4122 hoc
3456 4069 3798 4135 sacriﬁcium

2174 4164 2383 4231 laudis,
2415 4171 2520 4217 etc.

2597 4265 2875 4305 EXPOSITIO
2907 4265 3095 4304 DOMINI
3145 4258 3362 4303 ODOSIS.

460 4358 608 4405 mur;
653 4342 768 4396 hzec
808 4358 1057 4409 munera,
1087 4344 1290 4415 quibus
1338 4353 1388 4399 te
1429 4361 1785 4402 muneramus
1835 4349 1891 4402 in
1932 4347 2144 4414 sub-D
2240 4344 2418 4399 Prima
2482 4342 2747 4414 periodus
2824 4342 3109 4413 hucusque
3191 4347 3451 4411 protensa
3521 4354 3621 4410 pro
3684 4346 3797 4393 tota

461 4433 662 4488 stantia
701 4434 860 4504 panis
892 4441 946 4489 et
974 4435 1110 4503 vini,
1143 4446 1203 4490 ut
1232 4435 1605 4507 percipiamus
1644 4438 1770 4492 inde
1797 4455 1999 4511 corpus
2021 4450 2075 4495 et

464 4526 790 4597 sanguinem
824 4525 1041 4581 Christi.

531 4617 654 4668 Haec
706 4620 894 4669 sancta
934 4618 1206 4684 sacriﬁcia
1248 4617 1478 4671 illibata.
1531 4617 1748 4687 Sancta,
1801 4619 1930 4690 quia
1961 4619 2074 4675 Deo

460 4705 678 4771 oblata;
737 4706 966 4771 illibata,
1027 4707 1158 4779 quia
1236 4709 1418 4764 adhuc
1476 4710 1691 4783 integra
1742 4718 1798 4765 et
1848 4711 2069 4766 intacta.

461 4799 648 4870 Neque
678 4800 826 4854 enim
849 4801 1097 4876 contingi
1119 4802 1343 4869 debent,
1388 4804 1568 4859 donec
1594 4805 1937 4875 sumpserint
1963 4806 2068 4861 vim

460 4890 825 4961 spiritualem,
868 4898 923 4946 et
966 4908 1231 4948 conversa
1283 4893 1490 4950 fuerint
1543 4895 1598 4949 in
1640 4895 1836 4951 Christi
1871 4912 2072 4966 corpus

459 4992 515 5039 et
560 4985 909 5056 sanguinem.
957 4988 1087 5043 Nam
1130 4989 1282 5059 prius
1309 4996 1551 5063 sumpta,
1600 5008 1804 5062 corpus
1862 4999 2067 5047 tantum

462 5082 774 5145 pascerent.
820 5076 971 5131 Unde
1033 5077 1254 5148 quidam
1313 5079 1696 5149 superioribus
1759 5080 2072 5155 adiungunt

457 5164 607 5233 quod
661 5164 931 5235 sequitur,
997 5165 1080 5221 sic
1141 5165 1556 5240 distinguendo.
1625 5168 1838 5223 Illibata
1877 5169 2073 5240 impri-

459 5254 583 5317 mis,
627 5253 678 5307 id
702 5263 785 5309 est
824 5255 1025 5310 intacta
1053 5255 1289 5325 primum
1332 5273 1622 5329 quousque
1683 5259 1868 5314 divina
1899 5260 2073 5314 bene-

457 5338 703 5395 dictione
742 5343 973 5409 munita,
1024 5343 1092 5397 ad
1133 5344 1362 5398 salutem
1430 5352 1719 5401 sumantur
1766 5346 1963 5401 animae
2016 5354 2073 5401 et

458 5433 721 5502 corporis.
760 5434 829 5487 Ex
885 5435 987 5489 hoc
1026 5436 1189 5490 verbo
1230 5436 1616 5503 admonemur,
1668 5447 1725 5493 ut
1784 5440 2070 5509 appositus

459 5526 616 5591 panis
670 5526 884 5599 integer
935 5529 1004 5582 sit
1075 5536 1129 5583 et
1202 5530 1352 5583 nulla
1405 5530 1668 5586 fractione
1728 5532 1812 5586 vel
1873 5533 2071 5587 ltUSlll‘a

458 5614 710 5669 violatus.

2176 4436 2418 4492 Ecclesia
2442 4435 2812 4507 omnibusque
2844 4432 2973 4488 ﬁdei
3004 4432 3312 4489 cultoribus
3339 4439 3479 4487 orat.
3513 4432 3797 4495 Secunda,

2175 4546 2296 4601 quae
2327 4529 2420 4584 hic
2471 4528 2690 4599 incipit,
2744 4544 2844 4600 pro
2902 4525 3275 4598 praesentibus
3326 4540 3385 4578 se
3432 4524 3676 4595 accingit
3704 4525 3797 4594 qui

2175 4620 2346 4675 sancti
2381 4619 2632 4676 sacriﬁcii
2674 4624 2803 4673 sunt
2849 4616 3236 4688 astipulatores
3281 4620 3335 4668 et
3380 4620 3777 4683 cooperatores

2174 4716 2455 4777 Memento,
2490 4713 2729 4773 Domine,
2762 4711 3092 4778 famulorum
3118 4707 3557 4775 famularumque
3575 4709 3797 4759 tuarum

2173 4813 2223 4861 et
2258 4809 2490 4861 omnium
2518 4790 3010 4866 circumstantium,
3042 4800 3113 4861 id,
3130 4804 3234 4865 est,
3263 4797 3537 4852 Memento
3568 4796 3797 4866 quidem

2173 4913 2364 4952 eorum
2394 4911 2535 4968 quos
2572 4911 2737 4965 supra
2792 4892 3073 4964 proposui,
3106 4890 3161 4944 id
3212 4896 3296 4944 est
3325 4888 3570 4943 omnium
3603 4888 3799 4941 catho-

2172 4985 2291 5040 licae
2318 4984 2447 5039 ﬁdei
2481 4984 2777 5049 cultorum,
2809 4988 2917 5036 tam
2952 4979 3319 5034 masculorum
3349 4992 3514 5047 quam
3554 4974 3798 5029 femina-

2173 5090 2316 5140 rum,
2397 5081 2451 5127 et
2508 5071 2759 5127 omnium
2819 5066 3351 5131 circumastantium,
3418 5064 3627 5119 scilicet
3696 5066 3797 5134 qui

2172 5161 2534 5233 corporaliter
2563 5161 2786 5227 adsunt,
2826 5165 3139 5213 sanctorum
3170 5160 3561 5225 cooperatores
3590 5160 3795 5223 myste-

2174 5254 2394 5307 riorum.
2458 5251 2649 5322 Neque
2706 5249 2856 5304 enim
2942 5255 3091 5302 tanta
3156 5245 3373 5305 sufﬁcio
3443 5249 3791 5298 sacramenta

2171 5346 2470 5411 conﬁcere,
2530 5346 2634 5400 nisi
2685 5344 2928 5400 collectae
2967 5341 3337 5397 multitudinis
3400 5340 3620 5410 adjutus
3667 5354 3790 5391 ora-

2173 5436 2342 5501 tione,
2373 5452 2535 5506 quam
2577 5434 2729 5505 prius
2756 5433 2921 5488 etiam
2952 5448 3071 5486 sum
3105 5432 3358 5486 hortatus
3387 5429 3456 5483 ad
3486 5428 3790 5492 orationes,

2172 5527 2435 5582 dicendo:
2470 5528 2649 5589 Orate,
2684 5525 2894 5578 fratres.
2933 5524 2993 5576 lit
3023 5525 3165 5576 sicut
3206 5521 3380 5591 prima
3438 5519 3719 5588 periodus,
3750 5535 3780 5570 a

2171 5629 2283 5677 toto
2311 5621 2599 5676 descendit
2630 5621 2697 5673 ad
2748 5629 2944 5688 partes,
2995 5620 3067 5671 ita
3106 5616 3349 5671 secunda
3382 5617 3499 5669 haec
3530 5615 3598 5667 ab
3647 5614 3776 5666 uni-
