  <div class='ocr_page' id='page_1' title='image "/cluster/home/n/w/nwhite01/storage/ocr_20150623/160/hvd.32044054760186/534.png"; bbox 0 0 3912 6044; ppageno 0'>
   <div class='ocr_carea' id='block_1_1' title="bbox 193 180 350 234">
    <p class='ocr_par' dir='ltr' id='par_1_1' title="bbox 193 180 350 234">
     <span class='ocr_line' id='line_1_1' title="bbox 193 180 350 234; baseline 0.013 -2"><span class='ocrx_word' id='word_1_1' title='bbox 193 185 212 232; x_wconf 90' lang='grc'>1</span> <span class='ocrx_word' id='word_1_2' title='bbox 228 180 350 234; x_wconf 77' lang='grc'><strong>057</strong></span> 
     </span>
    </p>
   </div>
   <div class='ocr_carea' id='block_1_2' title="bbox 1329 175 2404 234">
    <p class='ocr_par' dir='ltr' id='par_1_2' title="bbox 1329 175 2404 234">
     <span class='ocr_line' id='line_1_2' title="bbox 1329 175 2404 234; baseline 0.004 -4"><span class='ocrx_word' id='word_1_3' title='bbox 1329 176 1668 232; x_wconf 81' lang='lat' dir='ltr'><strong>EXPOSITIO</strong></span> <span class='ocrx_word' id='word_1_4' title='bbox 1711 177 1774 230; x_wconf 85' lang='lat' dir='ltr'><strong>IN</strong></span> <span class='ocrx_word' id='word_1_5' title='bbox 1816 175 2145 232; x_wconf 80' lang='lat' dir='ltr'><strong>CANONEM.</strong></span> <span class='ocrx_word' id='word_1_6' title='bbox 2187 179 2404 234; x_wconf 71' lang='lat' dir='ltr'><strong>MlSS/E</strong></span> 
     </span>
    </p>
   </div>
   <div class='ocr_carea' id='block_1_3' title="bbox 3401 187 3540 242">
    <p class='ocr_par' dir='ltr' id='par_1_3' title="bbox 3401 187 3540 242">
     <span class='ocr_line' id='line_1_3' title="bbox 3401 187 3540 242; baseline -0.007 -1"><span class='ocrx_word' id='word_1_7' title='bbox 3401 187 3540 242; x_wconf 80' lang='lat'><strong>1058</strong></span> 
     </span>
    </p>
   </div>
   <div class='ocr_carea' id='block_1_4' title="bbox 190 299 3541 395">
    <p class='ocr_par' dir='ltr' id='par_1_4' title="bbox 190 299 3541 395">
     <span class='ocr_line' id='line_1_4' title="bbox 190 299 3541 395; baseline 0.003 -25"><span class='ocrx_word' id='word_1_8' title='bbox 190 315 411 370; x_wconf 82' lang='lat' dir='ltr'><strong>versali</strong></span> <span class='ocrx_word' id='word_1_9' title='bbox 443 299 697 386; x_wconf 87' lang='lat' dir='ltr'><strong>procedit</strong></span> <span class='ocrx_word' id='word_1_10' title='bbox 737 314 803 368; x_wconf 89' lang='lat' dir='ltr'><strong>ad</strong></span> <span class='ocrx_word' id='word_1_11' title='bbox 833 313 1178 385; x_wconf 92' lang='lat' dir='ltr'><strong>particulare.</strong></span> <span class='ocrx_word' id='word_1_12' title='bbox 1232 313 1435 368; x_wconf 87' lang='lat' dir='ltr'><strong>Omnes</strong></span> <span class='ocrx_word' id='word_1_13' title='bbox 1483 329 1612 369; x_wconf 90' lang='lat' dir='ltr'><strong>vero</strong></span> <span class='ocrx_word' id='word_1_14' title='bbox 1655 315 1830 369; x_wconf 89' lang='lat' dir='ltr'><strong>circu-</strong></span> <span class='ocrx_word' id='word_1_15' title='bbox 1853 321 1904 387; x_wconf 88' lang='grc' dir='ltr'>Α</span> <span class='ocrx_word' id='word_1_16' title='bbox 1931 322 2104 386; x_wconf 86' lang='lat' dir='ltr'><strong>parte.</strong></span> <span class='ocrx_word' id='word_1_17' title='bbox 2163 317 2264 373; x_wconf 88' lang='lat' dir='ltr'><strong>Pro</strong></span> <span class='ocrx_word' id='word_1_18' title='bbox 2313 319 2516 373; x_wconf 81' lang='lat' dir='ltr'><strong>nostris</strong></span> <span class='ocrx_word' id='word_1_19' title='bbox 2571 319 2835 375; x_wconf 90' lang='lat' dir='ltr'><strong>omnibus</strong></span> <span class='ocrx_word' id='word_1_20' title='bbox 2900 309 3123 393; x_wconf 84' lang='lat' dir='ltr'><strong>quando</strong></span> <span class='ocrx_word' id='word_1_21' title='bbox 3167 338 3388 378; x_wconf 88' lang='lat' dir='ltr'><strong>oramus</strong></span> <span class='ocrx_word' id='word_1_22' title='bbox 3443 341 3541 395; x_wconf 92' lang='lat' dir='ltr'><strong>pro</strong></span> 
     </span>
    </p>
   </div>
   <div class='ocr_carea' id='block_1_5' title="bbox 187 409 1827 480">
    <p class='ocr_par' dir='ltr' id='par_1_5' title="bbox 187 409 1827 480">
     <span class='ocr_line' id='line_1_5' title="bbox 187 409 1827 480; baseline 0.001 -17"><span class='ocrx_word' id='word_1_23' title='bbox 187 415 532 476; x_wconf 84' lang='lat' dir='ltr'><strong>mastantes,</strong></span> <span class='ocrx_word' id='word_1_24' title='bbox 557 409 960 480; x_wconf 89' lang='lat' dir='ltr'><strong>particulariter</strong></span> <span class='ocrx_word' id='word_1_25' title='bbox 983 415 1308 480; x_wconf 89' lang='lat' dir='ltr'><strong>sequuntur.</strong></span> <span class='ocrx_word' id='word_1_26' title='bbox 1343 410 1404 463; x_wconf 86' lang='lat' dir='ltr'><strong>Et</strong></span> <span class='ocrx_word' id='word_1_27' title='bbox 1433 424 1504 463; x_wconf 91' lang='lat' dir='ltr'><strong>ne</strong></span> <span class='ocrx_word' id='word_1_28' title='bbox 1537 410 1827 480; x_wconf 60' lang='lat' dir='ltr'><strong>praesenti-</strong></span> 
     </span>
    </p>
   </div>
   <div class='ocr_carea' id='block_1_6' title="bbox 191 504 1825 578">
    <p class='ocr_par' dir='ltr' id='par_1_6' title="bbox 191 504 1825 578">
     <span class='ocr_line' id='line_1_6' title="bbox 191 504 1825 578; baseline 0.001 -20"><span class='ocrx_word' id='word_1_29' title='bbox 191 505 316 560; x_wconf 88' lang='lat' dir='ltr'><strong>bus</strong></span> <span class='ocrx_word' id='word_1_30' title='bbox 351 505 608 560; x_wconf 88' lang='lat' dir='ltr'><strong>intersint</strong></span> <span class='ocrx_word' id='word_1_31' title='bbox 633 505 801 578; x_wconf 89' lang='lat' dir='ltr'><strong>aliqui</strong></span> <span class='ocrx_word' id='word_1_32' title='bbox 841 504 972 560; x_wconf 90' lang='lat' dir='ltr'><strong>ﬁdei</strong></span> <span class='ocrx_word' id='word_1_33' title='bbox 1017 506 1466 576; x_wconf 65' lang='lat' dir='ltr'><strong>praevaricatores</strong></span> <span class='ocrx_word' id='word_1_34' title='bbox 1511 513 1564 561; x_wconf 90' lang='lat' dir='ltr'><strong>et</strong></span> <span class='ocrx_word' id='word_1_35' title='bbox 1613 505 1825 561; x_wconf 68' lang='lat' dir='ltr'><strong>vitiosa:</strong></span> 
     </span>
    </p>
   </div>
   <div class='ocr_carea' id='block_1_7' title="bbox 193 590 737 668">
    <p class='ocr_par' dir='ltr' id='par_1_7' title="bbox 193 590 737 668">
     <span class='ocr_line' id='line_1_7' title="bbox 193 590 737 668; baseline -0.002 -19"><span class='ocrx_word' id='word_1_36' title='bbox 193 595 336 649; x_wconf 60' lang='lat' dir='ltr'><strong>vitae</strong></span> <span class='ocrx_word' id='word_1_37' title='bbox 366 590 737 668; x_wconf 75' lang='lat' dir='ltr'><strong>subjungitur.</strong></span> 
     </span>
    </p>
   </div>
   <div class='ocr_carea' id='block_1_8' title="bbox 279 685 1828 757">
    <p class='ocr_par' dir='ltr' id='par_1_8' title="bbox 279 685 1828 757">
     <span class='ocr_line' id='line_1_8' title="bbox 279 685 1828 757; baseline 0.001 -18"><span class='ocrx_word' id='word_1_38' title='bbox 279 687 521 753; x_wconf 79' lang='lat' dir='ltr'><strong>Quorum</strong></span> <span class='ocrx_word' id='word_1_39' title='bbox 550 687 652 741; x_wconf 87' lang='lat' dir='ltr'><strong>tibi</strong></span> <span class='ocrx_word' id='word_1_40' title='bbox 673 687 804 755; x_wconf 77' lang='lat' dir='ltr'><strong>ﬁdes</strong></span> <span class='ocrx_word' id='word_1_41' title='bbox 834 689 1053 755; x_wconf 83' lang='lat' dir='ltr'><strong>cognita</strong></span> <span class='ocrx_word' id='word_1_42' title='bbox 1085 691 1182 740; x_wconf 85' lang='lat' dir='ltr'><strong>est.</strong></span> <span class='ocrx_word' id='word_1_43' title='bbox 1209 685 1266 740; x_wconf 90' lang='lat' dir='ltr'><strong>ld</strong></span> <span class='ocrx_word' id='word_1_44' title='bbox 1296 691 1398 750; x_wconf 89' lang='lat' dir='ltr'><strong>est,</strong></span> <span class='ocrx_word' id='word_1_45' title='bbox 1429 685 1524 756; x_wconf 88' lang='lat' dir='ltr'><strong>qui</strong></span> <span class='ocrx_word' id='word_1_46' title='bbox 1583 685 1828 757; x_wconf 65' lang='lat' dir='ltr'><strong>probatae</strong></span> 
     </span>
    </p>
   </div>
   <div class='ocr_carea' id='block_1_9' title="bbox 197 772 1833 846">
    <p class='ocr_par' dir='ltr' id='par_1_9' title="bbox 197 772 1833 846">
     <span class='ocr_line' id='line_1_9' title="bbox 197 772 1833 846; baseline 0.001 -18"><span class='ocrx_word' id='word_1_47' title='bbox 197 773 345 830; x_wconf 89' lang='lat' dir='ltr'><strong>ﬁdei</strong></span> <span class='ocrx_word' id='word_1_48' title='bbox 405 783 558 843; x_wconf 88' lang='lat' dir='ltr'><strong>sunt,</strong></span> <span class='ocrx_word' id='word_1_49' title='bbox 615 782 670 829; x_wconf 91' lang='lat' dir='ltr'><strong>et</strong></span> <span class='ocrx_word' id='word_1_50' title='bbox 726 773 1097 845; x_wconf 75' lang='lat' dir='ltr'><strong>depositionis</strong></span> <span class='ocrx_word' id='word_1_51' title='bbox 1135 773 1283 845; x_wconf 90' lang='lat' dir='ltr'><strong>apud</strong></span> <span class='ocrx_word' id='word_1_52' title='bbox 1348 781 1422 829; x_wconf 92' lang='lat' dir='ltr'><strong>te.</strong></span> <span class='ocrx_word' id='word_1_53' title='bbox 1487 772 1833 846; x_wconf 78' lang='lat' dir='ltr'><strong>Cognoscere</strong></span> 
     </span>
    </p>
   </div>
   <div class='ocr_carea' id='block_1_10' title="bbox 198 865 1829 938">
    <p class='ocr_par' dir='ltr' id='par_1_10' title="bbox 198 865 1829 938">
     <span class='ocr_line' id='line_1_10' title="bbox 198 865 1829 938; baseline 0.001 -18"><span class='ocrx_word' id='word_1_54' title='bbox 198 867 422 922; x_wconf 91' lang='lat' dir='ltr'><strong>etenim</strong></span> <span class='ocrx_word' id='word_1_55' title='bbox 502 866 622 932; x_wconf 89' lang='lat' dir='ltr'><strong>Dei,</strong></span> <span class='ocrx_word' id='word_1_56' title='bbox 721 866 1033 938; x_wconf 82' lang='lat' dir='ltr'><strong>approbare</strong></span> <span class='ocrx_word' id='word_1_57' title='bbox 1123 873 1226 922; x_wconf 91' lang='lat' dir='ltr'><strong>est.</strong></span> <span class='ocrx_word' id='word_1_58' title='bbox 1297 865 1497 921; x_wconf 86' lang='lat' dir='ltr'><strong>Aliter:</strong></span> <span class='ocrx_word' id='word_1_59' title='bbox 1553 869 1829 930; x_wconf 84' lang='lat' dir='ltr'><strong>Memento,</strong></span> 
     </span>
    </p>
   </div>
   <div class='ocr_carea' id='block_1_11' title="bbox 198 957 1832 1030">
    <p class='ocr_par' dir='ltr' id='par_1_11' title="bbox 198 957 1832 1030">
     <span class='ocr_line' id='line_1_11' title="bbox 198 957 1832 1030; baseline 0 -18"><span class='ocrx_word' id='word_1_60' title='bbox 198 961 457 1023; x_wconf 82' lang='lat' dir='ltr'><strong>Domine,</strong></span> <span class='ocrx_word' id='word_1_61' title='bbox 489 959 824 1026; x_wconf 81' lang='lat' dir='ltr'><strong>famulorum</strong></span> <span class='ocrx_word' id='word_1_62' title='bbox 861 958 1300 1028; x_wconf 79' lang='lat' dir='ltr'><strong>famularumque</strong></span> <span class='ocrx_word' id='word_1_63' title='bbox 1335 963 1575 1014; x_wconf 82' lang='lat' dir='ltr'><strong>tuarum.</strong></span> <span class='ocrx_word' id='word_1_64' title='bbox 1611 958 1674 1013; x_wconf 89' lang='lat' dir='ltr'><strong>Et</strong></span> <span class='ocrx_word' id='word_1_65' title='bbox 1700 957 1832 1030; x_wconf 88' lang='lat' dir='ltr'><strong>quia</strong></span> 
     </span>
    </p>
   </div>
   <div class='ocr_carea' id='block_1_12' title="bbox 167 1045 1837 1122">
    <p class='ocr_par' dir='ltr' id='par_1_12' title="bbox 167 1045 1837 1122">
     <span class='ocr_line' id='line_1_12' title="bbox 167 1045 1837 1122; baseline 0.001 -20"><span class='ocrx_word' id='word_1_66' title='bbox 167 1045 572 1122; x_wconf 77' lang='lat' dir='ltr'><strong>consequens</strong></span> <span class='ocrx_word' id='word_1_67' title='bbox 660 1050 716 1104; x_wconf 92' lang='lat' dir='ltr'><strong>in</strong></span> <span class='ocrx_word' id='word_1_68' title='bbox 779 1049 1116 1121; x_wconf 90' lang='lat' dir='ltr'><strong>quibusdam</strong></span> <span class='ocrx_word' id='word_1_69' title='bbox 1192 1049 1478 1105; x_wconf 88' lang='lat' dir='ltr'><strong>codicibus</strong></span> <span class='ocrx_word' id='word_1_70' title='bbox 1555 1050 1837 1104; x_wconf 81' lang='lat' dir='ltr'><strong>invenitur</strong></span> 
     </span>
    </p>
   </div>
   <div class='ocr_carea' id='block_1_13' title="bbox 205 1142 1833 1215">
    <p class='ocr_par' dir='ltr' id='par_1_13' title="bbox 205 1142 1833 1215">
     <span class='ocr_line' id='line_1_13' title="bbox 205 1142 1833 1215; baseline 0 -19"><span class='ocrx_word' id='word_1_71' title='bbox 205 1143 251 1196; x_wconf 87' lang='lat' dir='ltr'><strong>N</strong></span> <span class='ocrx_word' id='word_1_72' title='bbox 309 1143 516 1210; x_wconf 90' lang='lat' dir='ltr'><strong>littera,</strong></span> <span class='ocrx_word' id='word_1_73' title='bbox 561 1143 868 1215; x_wconf 90' lang='lat' dir='ltr'><strong>aliquorum</strong></span> <span class='ocrx_word' id='word_1_74' title='bbox 931 1142 1051 1198; x_wconf 90' lang='lat' dir='ltr'><strong>ﬁeri</strong></span> <span class='ocrx_word' id='word_1_75' title='bbox 1122 1143 1446 1198; x_wconf 83' lang='lat' dir='ltr'><strong>memoriam</strong></span> <span class='ocrx_word' id='word_1_76' title='bbox 1510 1143 1833 1198; x_wconf 87' lang='lat' dir='ltr'><strong>nominatim</strong></span> 
     </span>
    </p>
   </div>
   <div class='ocr_carea' id='block_1_14' title="bbox 205 1236 1835 1309">
    <p class='ocr_par' dir='ltr' id='par_1_14' title="bbox 205 1236 1835 1309">
     <span class='ocr_line' id='line_1_14' title="bbox 205 1236 1835 1309; baseline 0.001 -18"><span class='ocrx_word' id='word_1_77' title='bbox 205 1236 584 1309; x_wconf 81' lang='lat' dir='ltr'><strong>signiﬁcatur.</strong></span> <span class='ocrx_word' id='word_1_78' title='bbox 634 1237 789 1292; x_wconf 90' lang='lat' dir='ltr'><strong>Unde</strong></span> <span class='ocrx_word' id='word_1_79' title='bbox 827 1237 1049 1308; x_wconf 89' lang='lat' dir='ltr'><strong>quidam</strong></span> <span class='ocrx_word' id='word_1_80' title='bbox 1102 1253 1204 1292; x_wconf 91' lang='lat' dir='ltr'><strong>usu</strong></span> <span class='ocrx_word' id='word_1_81' title='bbox 1251 1243 1443 1292; x_wconf 89' lang='lat' dir='ltr'><strong>tenent</strong></span> <span class='ocrx_word' id='word_1_82' title='bbox 1483 1237 1672 1292; x_wconf 91' lang='lat' dir='ltr'><strong>hocin</strong></span> <span class='ocrx_word' id='word_1_83' title='bbox 1715 1237 1835 1292; x_wconf 92' lang='lat' dir='ltr'><strong>loco</strong></span> 
     </span>
    </p>
   </div>
   <div class='ocr_carea' id='block_1_15' title="bbox 203 1325 1838 1398">
    <p class='ocr_par' dir='ltr' id='par_1_15' title="bbox 203 1325 1838 1398">
     <span class='ocr_line' id='line_1_15' title="bbox 203 1325 1838 1398; baseline 0 -20"><span class='ocrx_word' id='word_1_84' title='bbox 203 1325 586 1392; x_wconf 85' lang='lat' dir='ltr'><strong>memorandi,</strong></span> <span class='ocrx_word' id='word_1_85' title='bbox 645 1341 784 1398; x_wconf 88' lang='lat' dir='ltr'><strong>quos</strong></span> <span class='ocrx_word' id='word_1_86' title='bbox 821 1325 1103 1381; x_wconf 88' lang='lat' dir='ltr'><strong>chariores</strong></span> <span class='ocrx_word' id='word_1_87' title='bbox 1143 1325 1374 1389; x_wconf 85' lang='lat' dir='ltr'><strong>habent,</strong></span> <span class='ocrx_word' id='word_1_88' title='bbox 1429 1332 1838 1396; x_wconf 88' lang='lat' dir='ltr'><strong>consequenter</strong></span> 
     </span>
    </p>
   </div>
   <div class='ocr_carea' id='block_1_16' title="bbox 210 1413 1834 1486">
    <p class='ocr_par' dir='ltr' id='par_1_16' title="bbox 210 1413 1834 1486">
     <span class='ocr_line' id='line_1_16' title="bbox 210 1413 1834 1486; baseline 0.001 -19"><span class='ocrx_word' id='word_1_89' title='bbox 210 1413 664 1486; x_wconf 77' lang='lat' dir='ltr'><strong>subjungentes:</strong></span> <span class='ocrx_word' id='word_1_90' title='bbox 745 1413 808 1468; x_wconf 83' lang='lat' dir='ltr'><strong>Et</strong></span> <span class='ocrx_word' id='word_1_91' title='bbox 875 1414 1124 1470; x_wconf 89' lang='lat' dir='ltr'><strong>omnium</strong></span> <span class='ocrx_word' id='word_1_92' title='bbox 1192 1413 1686 1480; x_wconf 89' lang='lat' dir='ltr'><strong>circumstantium,</strong></span> <span class='ocrx_word' id='word_1_93' title='bbox 1753 1419 1834 1484; x_wconf 86' lang='lat' dir='ltr'><strong>ut,</strong></span> 
     </span>
    </p>
   </div>
   <div class='ocr_carea' id='block_1_17' title="bbox 204 1505 1833 1575">
    <p class='ocr_par' dir='ltr' id='par_1_17' title="bbox 204 1505 1833 1575">
     <span class='ocr_line' id='line_1_17' title="bbox 204 1505 1833 1575; baseline -0.001 -15"><span class='ocrx_word' id='word_1_94' title='bbox 204 1505 358 1560; x_wconf 88' lang='lat' dir='ltr'><strong>facta</strong></span> <span class='ocrx_word' id='word_1_95' title='bbox 404 1505 670 1562; x_wconf 89' lang='lat' dir='ltr'><strong>memoria</strong></span> <span class='ocrx_word' id='word_1_96' title='bbox 708 1505 1010 1575; x_wconf 67' lang='lat' dir='ltr'><strong>{charorum</strong></span> <span class='ocrx_word' id='word_1_97' title='bbox 1065 1505 1404 1570; x_wconf 87' lang='lat' dir='ltr'><strong>absentium,</strong></span> <span class='ocrx_word' id='word_1_98' title='bbox 1445 1505 1504 1561; x_wconf 89' lang='lat' dir='ltr'><strong>ﬁt</strong></span> <span class='ocrx_word' id='word_1_99' title='bbox 1551 1512 1606 1560; x_wconf 92' lang='lat' dir='ltr'><strong>et</strong></span> <span class='ocrx_word' id='word_1_100' title='bbox 1656 1511 1833 1561; x_wconf 88' lang='lat' dir='ltr'><strong>astan-</strong></span> 
     </span>
    </p>
   </div>
   <div class='ocr_carea' id='block_1_18' title="bbox 211 1597 378 1652">
    <p class='ocr_par' dir='ltr' id='par_1_18' title="bbox 211 1597 378 1652">
     <span class='ocr_line' id='line_1_18' title="bbox 211 1597 378 1652; baseline 0.006 -1"><span class='ocrx_word' id='word_1_101' title='bbox 211 1597 378 1652; x_wconf 90' lang='lat' dir='ltr'><strong>tium.</strong></span> 
     </span>
    </p>
   </div>
   <div class='ocr_carea' id='block_1_19' title="bbox 1931 410 3542 490">
    <p class='ocr_par' dir='ltr' id='par_1_19' title="bbox 1931 410 3542 490">
     <span class='ocr_line' id='line_1_19' title="bbox 1931 410 3542 490; baseline 0.007 -27"><span class='ocrx_word' id='word_1_102' title='bbox 1931 410 2122 465; x_wconf 86' lang='lat' dir='ltr'><strong>amicis</strong></span> <span class='ocrx_word' id='word_1_103' title='bbox 2171 413 2375 468; x_wconf 88' lang='lat' dir='ltr'><strong>nostris</strong></span> <span class='ocrx_word' id='word_1_104' title='bbox 2416 420 2472 468; x_wconf 90' lang='lat' dir='ltr'><strong>et</strong></span> <span class='ocrx_word' id='word_1_105' title='bbox 2527 415 2711 472; x_wconf 88' lang='lat' dir='ltr'><strong>rebus.</strong></span> <span class='ocrx_word' id='word_1_106' title='bbox 2778 416 3166 488; x_wconf 88' lang='lat' dir='ltr'><strong>Supplicamus</strong></span> <span class='ocrx_word' id='word_1_107' title='bbox 3233 419 3382 472; x_wconf 90' lang='lat' dir='ltr'><strong>enim</strong></span> <span class='ocrx_word' id='word_1_108' title='bbox 3442 435 3542 490; x_wconf 88' lang='lat' dir='ltr'><strong>pro</strong></span> 
     </span>
    </p>
   </div>
   <div class='ocr_carea' id='block_1_20' title="bbox 1928 507 3545 584">
    <p class='ocr_par' dir='ltr' id='par_1_20' title="bbox 1928 507 3545 584">
     <span class='ocr_line' id='line_1_20' title="bbox 1928 507 3545 584; baseline 0.005 -24"><span class='ocrx_word' id='word_1_109' title='bbox 1928 521 2064 577; x_wconf 86' lang='lat' dir='ltr'><strong>pace</strong></span> <span class='ocrx_word' id='word_1_110' title='bbox 2118 507 2440 572; x_wconf 89' lang='lat' dir='ltr'><strong>amicorum,</strong></span> <span class='ocrx_word' id='word_1_111' title='bbox 2491 511 2716 582; x_wconf 90' lang='lat' dir='ltr'><strong>quando</strong></span> <span class='ocrx_word' id='word_1_112' title='bbox 2768 519 2896 566; x_wconf 88' lang='lat' dir='ltr'><strong>sunt</strong></span> <span class='ocrx_word' id='word_1_113' title='bbox 2939 513 2992 566; x_wconf 92' lang='lat' dir='ltr'><strong>in</strong></span> <span class='ocrx_word' id='word_1_114' title='bbox 3047 511 3228 581; x_wconf 87' lang='lat' dir='ltr'><strong>bello;</strong></span> <span class='ocrx_word' id='word_1_115' title='bbox 3270 508 3545 584; x_wconf 84' lang='lat' dir='ltr'><strong>protran-</strong></span> 
     </span>
    </p>
   </div>
   <div class='ocr_carea' id='block_1_21' title="bbox 1929 595 3543 672">
    <p class='ocr_par' dir='ltr' id='par_1_21' title="bbox 1929 595 3543 672">
     <span class='ocr_line' id='line_1_21' title="bbox 1929 595 3543 672; baseline 0.004 -22"><span class='ocrx_word' id='word_1_116' title='bbox 1929 595 2100 666; x_wconf 91' lang='lat' dir='ltr'><strong>quillo</strong></span> <span class='ocrx_word' id='word_1_117' title='bbox 2163 597 2364 666; x_wconf 88' lang='lat' dir='ltr'><strong>reditu,</strong></span> <span class='ocrx_word' id='word_1_118' title='bbox 2406 598 2451 652; x_wconf 90' lang='lat' dir='ltr'><strong>si</strong></span> <span class='ocrx_word' id='word_1_119' title='bbox 2503 599 2615 654; x_wconf 91' lang='lat' dir='ltr'><strong>sint</strong></span> <span class='ocrx_word' id='word_1_120' title='bbox 2669 599 2722 654; x_wconf 92' lang='lat' dir='ltr'><strong>in</strong></span> <span class='ocrx_word' id='word_1_121' title='bbox 2767 600 2994 666; x_wconf 87' lang='lat' dir='ltr'><strong>itinere;</strong></span> <span class='ocrx_word' id='word_1_122' title='bbox 3050 617 3148 672; x_wconf 91' lang='lat' dir='ltr'><strong>pro</strong></span> <span class='ocrx_word' id='word_1_123' title='bbox 3187 602 3438 668; x_wconf 87' lang='lat' dir='ltr'><strong>sanitate,</strong></span> <span class='ocrx_word' id='word_1_124' title='bbox 3497 603 3543 656; x_wconf 93' lang='lat' dir='ltr'><strong>si</strong></span> 
     </span>
    </p>
   </div>
   <div class='ocr_carea' id='block_1_22' title="bbox 1933 684 3543 764">
    <p class='ocr_par' dir='ltr' id='par_1_22' title="bbox 1933 684 3543 764">
     <span class='ocr_line' id='line_1_22' title="bbox 1933 684 3543 764; baseline 0.004 -26"><span class='ocrx_word' id='word_1_125' title='bbox 1933 684 1990 738; x_wconf 89' lang='lat' dir='ltr'><strong>in</strong></span> <span class='ocrx_word' id='word_1_126' title='bbox 2021 684 2338 742; x_wconf 80' lang='lat' dir='ltr'><strong>infirmitate</strong></span> <span class='ocrx_word' id='word_1_127' title='bbox 2365 689 2741 757; x_wconf 90' lang='lat' dir='ltr'><strong>decumbunt;</strong></span> <span class='ocrx_word' id='word_1_128' title='bbox 2775 707 2874 762; x_wconf 93' lang='lat' dir='ltr'><strong>pro</strong></span> <span class='ocrx_word' id='word_1_129' title='bbox 2905 690 3290 760; x_wconf 82' lang='lat' dir='ltr'><strong>conversione,</strong></span> <span class='ocrx_word' id='word_1_130' title='bbox 3327 693 3372 748; x_wconf 89' lang='lat' dir='ltr'><strong>si</strong></span> <span class='ocrx_word' id='word_1_131' title='bbox 3417 708 3543 764; x_wconf 89' lang='lat' dir='ltr'><strong>per-</strong></span> 
     </span>
    </p>
   </div>
   <div class='ocr_carea' id='block_1_23' title="bbox 1933 773 3547 841">
    <p class='ocr_par' dir='ltr' id='par_1_23' title="bbox 1933 773 3547 841">
     <span class='ocr_line' id='line_1_23' title="bbox 1933 773 3547 841; baseline 0.006 -15"><span class='ocrx_word' id='word_1_132' title='bbox 1933 786 2091 827; x_wconf 83' lang='lat' dir='ltr'><strong>verse</strong></span> <span class='ocrx_word' id='word_1_133' title='bbox 2128 773 2351 841; x_wconf 86' lang='lat' dir='ltr'><strong>vivunt;</strong></span> <span class='ocrx_word' id='word_1_134' title='bbox 2384 783 2440 831; x_wconf 89' lang='lat' dir='ltr'><strong>et</strong></span> <span class='ocrx_word' id='word_1_135' title='bbox 2487 785 2679 832; x_wconf 89' lang='lat' dir='ltr'><strong>contra</strong></span> <span class='ocrx_word' id='word_1_136' title='bbox 2718 778 3019 834; x_wconf 90' lang='lat' dir='ltr'><strong>amicorum</strong></span> <span class='ocrx_word' id='word_1_137' title='bbox 3065 780 3547 836; x_wconf 90' lang='lat' dir='ltr'><strong>incommoditates</strong></span> 
     </span>
    </p>
   </div>
   <div class='ocr_carea' id='block_1_24' title="bbox 1935 867 3544 939">
    <p class='ocr_par' dir='ltr' id='par_1_24' title="bbox 1935 867 3544 939">
     <span class='ocr_line' id='line_1_24' title="bbox 1935 867 3544 939; baseline 0.004 -17"><span class='ocrx_word' id='word_1_138' title='bbox 1935 875 2016 931; x_wconf 91' lang='lat' dir='ltr'><strong>ut,</strong></span> <span class='ocrx_word' id='word_1_139' title='bbox 2077 867 2375 936; x_wconf 76' lang='lat' dir='ltr'><strong>adiuvante</strong></span> <span class='ocrx_word' id='word_1_140' title='bbox 2447 871 2580 939; x_wconf 90' lang='lat' dir='ltr'><strong>Deo,</strong></span> <span class='ocrx_word' id='word_1_141' title='bbox 2641 873 2894 930; x_wconf 87' lang='lat' dir='ltr'><strong>evadant.</strong></span> <span class='ocrx_word' id='word_1_142' title='bbox 2963 875 3066 931; x_wconf 88' lang='lat' dir='ltr'><strong>Pro</strong></span> <span class='ocrx_word' id='word_1_143' title='bbox 3121 875 3288 930; x_wconf 90' lang='lat' dir='ltr'><strong>rebus</strong></span> <span class='ocrx_word' id='word_1_144' title='bbox 3343 875 3544 931; x_wconf 89' lang='lat' dir='ltr'><strong>nostris</strong></span> 
     </span>
    </p>
   </div>
   <div class='ocr_carea' id='block_1_25' title="bbox 1934 954 3547 1034">
    <p class='ocr_par' dir='ltr' id='par_1_25' title="bbox 1934 954 3547 1034">
     <span class='ocr_line' id='line_1_25' title="bbox 1934 954 3547 1034; baseline 0.005 -24"><span class='ocrx_word' id='word_1_145' title='bbox 1934 954 2256 1027; x_wconf 85' lang='lat' dir='ltr'><strong>frequentes</strong></span> <span class='ocrx_word' id='word_1_146' title='bbox 2307 959 2548 1014; x_wconf 88' lang='lat' dir='ltr'><strong>inlibris</strong></span> <span class='ocrx_word' id='word_1_147' title='bbox 2580 961 2896 1018; x_wconf 87' lang='lat' dir='ltr'><strong>Missalibus</strong></span> <span class='ocrx_word' id='word_1_148' title='bbox 2943 963 3253 1018; x_wconf 84' lang='lat' dir='ltr'><strong>invenimus</strong></span> <span class='ocrx_word' id='word_1_149' title='bbox 3301 966 3547 1034; x_wconf 90' lang='lat' dir='ltr'><strong>postula-</strong></span> 
     </span>
    </p>
   </div>
   <div class='ocr_carea' id='block_1_26' title="bbox 1939 1046 3544 1123">
    <p class='ocr_par' dir='ltr' id='par_1_26' title="bbox 1939 1046 3544 1123">
     <span class='ocr_line' id='line_1_26' title="bbox 1939 1046 3544 1123; baseline 0.005 -23"><span class='ocrx_word' id='word_1_150' title='bbox 1939 1046 2132 1103; x_wconf 90' lang='lat' dir='ltr'><strong>tiones.</strong></span> <span class='ocrx_word' id='word_1_151' title='bbox 2165 1047 2393 1104; x_wconf 84' lang='lat' dir='ltr'><strong>Oramus</strong></span> <span class='ocrx_word' id='word_1_152' title='bbox 2425 1064 2572 1104; x_wconf 88' lang='lat' dir='ltr'><strong>emm</strong></span> <span class='ocrx_word' id='word_1_153' title='bbox 2619 1060 2868 1123; x_wconf 90' lang='lat' dir='ltr'><strong>tempore</strong></span> <span class='ocrx_word' id='word_1_154' title='bbox 2913 1053 3166 1108; x_wconf 78' lang='lat' dir='ltr'><strong>sacrificii</strong></span> <span class='ocrx_word' id='word_1_155' title='bbox 3215 1061 3408 1108; x_wconf 89' lang='lat' dir='ltr'><strong>contra</strong></span> <span class='ocrx_word' id='word_1_156' title='bbox 3457 1055 3544 1108; x_wconf 90' lang='lat' dir='ltr'><strong>in-</strong></span> 
     </span>
    </p>
   </div>
   <div class='ocr_carea' id='block_1_27' title="bbox 1935 1138 3547 1210">
    <p class='ocr_par' dir='ltr' id='par_1_27' title="bbox 1935 1138 3547 1210">
     <span class='ocr_line' id='line_1_27' title="bbox 1935 1138 3547 1210; baseline 0.003 -16"><span class='ocrx_word' id='word_1_157' title='bbox 1935 1138 2152 1202; x_wconf 90' lang='lat' dir='ltr'><strong>cendia,</strong></span> <span class='ocrx_word' id='word_1_158' title='bbox 2203 1156 2304 1210; x_wconf 91' lang='lat' dir='ltr'><strong>pro</strong></span> <span class='ocrx_word' id='word_1_159' title='bbox 2359 1140 2494 1197; x_wconf 90' lang='lat' dir='ltr'><strong>locis</strong></span> <span class='ocrx_word' id='word_1_160' title='bbox 2554 1143 2786 1209; x_wconf 88' lang='lat' dir='ltr'><strong>nostris;</strong></span> <span class='ocrx_word' id='word_1_161' title='bbox 2861 1153 3054 1200; x_wconf 84' lang='lat' dir='ltr'><strong>contra</strong></span> <span class='ocrx_word' id='word_1_162' title='bbox 3121 1145 3350 1201; x_wconf 92' lang='lat' dir='ltr'><strong>nimium</strong></span> <span class='ocrx_word' id='word_1_163' title='bbox 3405 1145 3547 1200; x_wconf 91' lang='lat' dir='ltr'><strong>aeris</strong></span> 
     </span>
    </p>
   </div>
   <div class='ocr_carea' id='block_1_28' title="bbox 1935 1227 3543 1306">
    <p class='ocr_par' dir='ltr' id='par_1_28' title="bbox 1935 1227 3543 1306">
     <span class='ocr_line' id='line_1_28' title="bbox 1935 1227 3543 1306; baseline 0.006 -24"><span class='ocrx_word' id='word_1_164' title='bbox 1935 1227 2260 1295; x_wconf 91' lang='lat' dir='ltr'><strong>siccitatem,</strong></span> <span class='ocrx_word' id='word_1_165' title='bbox 2285 1229 2371 1284; x_wconf 90' lang='lat' dir='ltr'><strong>vel</strong></span> <span class='ocrx_word' id='word_1_166' title='bbox 2407 1237 2814 1302; x_wconf 88' lang='lat' dir='ltr'><strong>tempestatem,</strong></span> <span class='ocrx_word' id='word_1_167' title='bbox 2847 1251 2946 1306; x_wconf 91' lang='lat' dir='ltr'><strong>pro</strong></span> <span class='ocrx_word' id='word_1_168' title='bbox 2986 1235 3258 1292; x_wconf 90' lang='lat' dir='ltr'><strong>fructibus</strong></span> <span class='ocrx_word' id='word_1_169' title='bbox 3307 1237 3543 1302; x_wconf 87' lang='lat' dir='ltr'><strong>nostris;</strong></span> 
     </span>
    </p>
   </div>
   <div class='ocr_carea' id='block_1_29' title="bbox 1935 1323 3546 1390">
    <p class='ocr_par' dir='ltr' id='par_1_29' title="bbox 1935 1323 3546 1390">
     <span class='ocr_line' id='line_1_29' title="bbox 1935 1323 3546 1390; baseline 0.004 -18"><span class='ocrx_word' id='word_1_170' title='bbox 1935 1325 2127 1373; x_wconf 88' lang='lat' dir='ltr'><strong>contra</strong></span> <span class='ocrx_word' id='word_1_171' title='bbox 2167 1325 2374 1388; x_wconf 89' lang='lat' dir='ltr'><strong>pestem</strong></span> <span class='ocrx_word' id='word_1_172' title='bbox 2407 1335 2506 1390; x_wconf 92' lang='lat' dir='ltr'><strong>pro</strong></span> <span class='ocrx_word' id='word_1_173' title='bbox 2551 1323 2882 1378; x_wconf 84' lang='lat' dir='ltr'><strong>animalibus</strong></span> <span class='ocrx_word' id='word_1_174' title='bbox 2931 1326 3160 1380; x_wconf 85' lang='lat' dir='ltr'><strong>nostris:</strong></span> <span class='ocrx_word' id='word_1_175' title='bbox 3213 1334 3400 1382; x_wconf 88' lang='lat' dir='ltr'><strong>contra</strong></span> <span class='ocrx_word' id='word_1_176' title='bbox 3440 1327 3546 1382; x_wconf 89' lang='lat' dir='ltr'><strong>alia</strong></span> 
     </span>
    </p>
   </div>
   <div class='ocr_carea' id='block_1_30' title="bbox 1935 1408 3542 1496">
    <p class='ocr_par' dir='ltr' id='par_1_30' title="bbox 1935 1408 3542 1496">
     <span class='ocr_line' id='line_1_30' title="bbox 1935 1408 3542 1496; baseline 0.007 -33"><span class='ocrx_word' id='word_1_177' title='bbox 1935 1408 2157 1496; x_wconf 76' lang='lat' dir='ltr'><strong>damna,</strong></span> <span class='ocrx_word' id='word_1_178' title='bbox 2187 1428 2286 1482; x_wconf 91' lang='lat' dir='ltr'><strong>pro</strong></span> <span class='ocrx_word' id='word_1_179' title='bbox 2342 1412 2510 1468; x_wconf 88' lang='lat' dir='ltr'><strong>rebus</strong></span> <span class='ocrx_word' id='word_1_180' title='bbox 2539 1413 2682 1469; x_wconf 90' lang='lat' dir='ltr'><strong>aliis.</strong></span> <span class='ocrx_word' id='word_1_181' title='bbox 2731 1416 3006 1472; x_wconf 86' lang='lat' dir='ltr'><strong>Habemus</strong></span> <span class='ocrx_word' id='word_1_182' title='bbox 3049 1419 3197 1472; x_wconf 92' lang='lat' dir='ltr'><strong>enim</strong></span> <span class='ocrx_word' id='word_1_183' title='bbox 3237 1420 3542 1476; x_wconf 90' lang='lat' dir='ltr'><strong>secundum</strong></span> 
     </span>
    </p>
   </div>
   <div class='ocr_carea' id='block_1_31' title="bbox 1934 1497 3542 1578">
    <p class='ocr_par' dir='ltr' id='par_1_31' title="bbox 1934 1497 3542 1578">
     <span class='ocr_line' id='line_1_31' title="bbox 1934 1497 3542 1578; baseline 0.008 -27"><span class='ocrx_word' id='word_1_184' title='bbox 1934 1497 2252 1570; x_wconf 85' lang='lat' dir='ltr'><strong>Apostolum</strong></span> <span class='ocrx_word' id='word_1_185' title='bbox 2285 1502 2341 1557; x_wconf 89' lang='lat' dir='ltr'><strong>in</strong></span> <span class='ocrx_word' id='word_1_186' title='bbox 2372 1503 2584 1559; x_wconf 84' lang='lat' dir='ltr'><strong>Christo</strong></span> <span class='ocrx_word' id='word_1_187' title='bbox 2627 1505 3063 1561; x_wconf 87' lang='lat' dir='ltr'><strong>consolationem</strong></span> <span class='ocrx_word' id='word_1_188' title='bbox 3093 1509 3384 1578; x_wconf 56' lang='lat' dir='ltr'><strong>praesentis</strong></span> <span class='ocrx_word' id='word_1_189' title='bbox 3414 1509 3542 1564; x_wconf 62' lang='lat' dir='ltr'><strong>vitae</strong></span> 
     </span>
    </p>
   </div>
   <div class='ocr_carea' id='block_1_32' title="bbox 1940 1588 2582 1661">
    <p class='ocr_par' dir='ltr' id='par_1_32' title="bbox 1940 1588 2582 1661">
     <span class='ocr_line' id='line_1_32' title="bbox 1940 1588 2582 1661; baseline 0.008 -20"><span class='ocrx_word' id='word_1_190' title='bbox 1940 1594 1995 1642; x_wconf 88' lang='lat' dir='ltr'><strong>et</strong></span> <span class='ocrx_word' id='word_1_191' title='bbox 2019 1588 2216 1644; x_wconf 64' lang='lat' dir='ltr'><strong>futurae</strong></span> <span class='ocrx_word' id='word_1_192' title='bbox 2243 1591 2290 1661; x_wconf 90' lang='grc'><strong>(1</strong></span> <span class='ocrx_word' id='word_1_193' title='bbox 2324 1593 2462 1646; x_wconf 79' lang='lat' dir='ltr'><strong>Tim.</strong></span> <span class='ocrx_word' id='word_1_194' title='bbox 2492 1595 2582 1659; x_wconf 85' lang='lat' dir='ltr'><strong>tv).</strong></span> 
     </span>
    </p>
   </div>
   <div class='ocr_carea' id='block_1_33' title="bbox 288 1653 3543 1760">
    <p class='ocr_par' dir='ltr' id='par_1_33' title="bbox 288 1653 3543 1760">
     <span class='ocr_line' id='line_1_33' title="bbox 288 1653 3543 1760; baseline 0.002 -14"><span class='ocrx_word' id='word_1_195' title='bbox 288 1694 362 1746; x_wconf 89' lang='lat' dir='ltr'><strong>Et</strong></span> <span class='ocrx_word' id='word_1_196' title='bbox 390 1693 625 1746; x_wconf 86' lang='lat' dir='ltr'><strong>omnium</strong></span> <span class='ocrx_word' id='word_1_197' title='bbox 667 1691 1154 1746; x_wconf 86' lang='lat' dir='ltr'><strong>circumstantium.</strong></span> <span class='ocrx_word' id='word_1_198' title='bbox 1203 1689 1334 1744; x_wconf 89' lang='lat' dir='ltr'><strong>Cum</strong></span> <span class='ocrx_word' id='word_1_199' title='bbox 1367 1689 1622 1760; x_wconf 88' lang='lat' dir='ltr'><strong>primitus</strong></span> <span class='ocrx_word' id='word_1_200' title='bbox 1651 1691 1832 1746; x_wconf 71' lang='lat' dir='ltr'><strong>missae</strong></span> <span class='ocrx_word' id='word_1_201' title='bbox 1861 1653 1912 1720; x_wconf 79' lang='grc' dir='ltr'>Β</span> <span class='ocrx_word' id='word_1_202' title='bbox 2010 1679 2114 1732; x_wconf 59' lang='lat' dir='ltr'><strong>Pro</strong></span> <span class='ocrx_word' id='word_1_203' title='bbox 2162 1681 2520 1752; x_wconf 69' lang='grc' dir='ltr'><strong>νθάθηφίίοηθ</strong></span> <span class='ocrx_word' id='word_1_204' title='bbox 2564 1687 2871 1741; x_wconf 60' lang='lat' dir='ltr'><strong>animam?&quot;</strong></span> <span class='ocrx_word' id='word_1_205' title='bbox 2941 1702 3184 1743; x_wconf 62' lang='lat' dir='ltr'><strong>suarum.</strong></span> <span class='ocrx_word' id='word_1_206' title='bbox 3241 1688 3351 1744; x_wconf 82' lang='lat' dir='ltr'><strong>Hoc</strong></span> <span class='ocrx_word' id='word_1_207' title='bbox 3396 1690 3543 1744; x_wconf 72' lang='lat' dir='ltr'><strong>enim</strong></span> 
     </span>
    </p>
   </div>
   <div class='ocr_carea' id='block_1_34' title="bbox 210 1779 1838 1850">
    <p class='ocr_par' dir='ltr' id='par_1_34' title="bbox 210 1779 1838 1850">
     <span class='ocr_line' id='line_1_34' title="bbox 210 1779 1838 1850; baseline -0.002 -13"><span class='ocrx_word' id='word_1_208' title='bbox 210 1783 343 1838; x_wconf 90' lang='lat' dir='ltr'><strong>sine</strong></span> <span class='ocrx_word' id='word_1_209' title='bbox 373 1782 606 1838; x_wconf 90' lang='lat' dir='ltr'><strong>collecta</strong></span> <span class='ocrx_word' id='word_1_210' title='bbox 635 1797 745 1838; x_wconf 93' lang='lat' dir='ltr'><strong>non</strong></span> <span class='ocrx_word' id='word_1_211' title='bbox 773 1779 990 1846; x_wconf 91' lang='lat' dir='ltr'><strong>ﬁerent,</strong></span> <span class='ocrx_word' id='word_1_212' title='bbox 1025 1786 1216 1850; x_wconf 89' lang='lat' dir='ltr'><strong>postea</strong></span> <span class='ocrx_word' id='word_1_213' title='bbox 1245 1795 1366 1835; x_wconf 93' lang='lat' dir='ltr'><strong>mos</strong></span> <span class='ocrx_word' id='word_1_214' title='bbox 1393 1779 1621 1834; x_wconf 89' lang='lat' dir='ltr'><strong>inolevit</strong></span> <span class='ocrx_word' id='word_1_215' title='bbox 1651 1780 1838 1835; x_wconf 87' lang='lat' dir='ltr'><strong>Eccle-</strong></span> 
     </span>
    </p>
   </div>
   <div class='ocr_carea' id='block_1_35' title="bbox 217 1869 1762 1930">
    <p class='ocr_par' dir='ltr' id='par_1_35' title="bbox 217 1869 1762 1930">
     <span class='ocr_line' id='line_1_35' title="bbox 217 1869 1762 1930; baseline -0.001 -2"><span class='ocrx_word' id='word_1_216' title='bbox 217 1874 322 1930; x_wconf 79' lang='lat' dir='ltr'><strong>siae</strong></span> <span class='ocrx_word' id='word_1_217' title='bbox 351 1874 627 1930; x_wconf 88' lang='lat' dir='ltr'><strong>solitarias</strong></span> <span class='ocrx_word' id='word_1_218' title='bbox 657 1879 713 1928; x_wconf 93' lang='lat' dir='ltr'><strong>et</strong></span> <span class='ocrx_word' id='word_1_219' title='bbox 751 1871 990 1927; x_wconf 84' lang='lat' dir='ltr'><strong>maxime</strong></span> <span class='ocrx_word' id='word_1_220' title='bbox 1022 1871 1077 1926; x_wconf 89' lang='lat' dir='ltr'><strong>in</strong></span> <span class='ocrx_word' id='word_1_221' title='bbox 1109 1871 1378 1927; x_wconf 88' lang='lat' dir='ltr'><strong>coenobiis</strong></span> <span class='ocrx_word' id='word_1_222' title='bbox 1399 1869 1519 1926; x_wconf 88' lang='lat' dir='ltr'><strong>ﬁeri</strong></span> <span class='ocrx_word' id='word_1_223' title='bbox 1545 1871 1762 1927; x_wconf 88' lang='lat' dir='ltr'><strong>missas.</strong></span> 
     </span>
    </p>
   </div>
   <div class='ocr_carea' id='block_1_36' title="bbox 292 1963 1838 2035">
    <p class='ocr_par' dir='ltr' id='par_1_36' title="bbox 292 1963 1838 2035">
     <span class='ocr_line' id='line_1_36' title="bbox 292 1963 1838 2035; baseline -0.002 -15"><span class='ocrx_word' id='word_1_224' title='bbox 292 1967 358 2022; x_wconf 87' lang='lat' dir='ltr'><strong>Et</strong></span> <span class='ocrx_word' id='word_1_225' title='bbox 396 1983 518 2022; x_wconf 90' lang='lat' dir='ltr'><strong>cum</strong></span> <span class='ocrx_word' id='word_1_226' title='bbox 561 1981 672 2022; x_wconf 92' lang='lat' dir='ltr'><strong>non</strong></span> <span class='ocrx_word' id='word_1_227' title='bbox 711 1964 952 2020; x_wconf 88' lang='lat' dir='ltr'><strong>habeant</strong></span> <span class='ocrx_word' id='word_1_228' title='bbox 999 1979 1162 2034; x_wconf 90' lang='lat' dir='ltr'><strong>quam</strong></span> <span class='ocrx_word' id='word_1_229' title='bbox 1229 1963 1517 2035; x_wconf 89' lang='lat' dir='ltr'><strong>pluraliter</strong></span> <span class='ocrx_word' id='word_1_230' title='bbox 1551 1963 1838 2019; x_wconf 90' lang='lat' dir='ltr'><strong>collectam</strong></span> 
     </span>
    </p>
   </div>
   <div class='ocr_carea' id='block_1_37' title="bbox 219 2052 1838 2125">
    <p class='ocr_par' dir='ltr' id='par_1_37' title="bbox 219 2052 1838 2125">
     <span class='ocr_line' id='line_1_37' title="bbox 219 2052 1838 2125; baseline -0.002 -16"><span class='ocrx_word' id='word_1_231' title='bbox 219 2056 486 2124; x_wconf 88' lang='lat' dir='ltr'><strong>salutent,</strong></span> <span class='ocrx_word' id='word_1_232' title='bbox 517 2071 622 2110; x_wconf 91' lang='lat' dir='ltr'><strong>nec</strong></span> <span class='ocrx_word' id='word_1_233' title='bbox 646 2053 890 2125; x_wconf 89' lang='lat' dir='ltr'><strong>plurales</strong></span> <span class='ocrx_word' id='word_1_234' title='bbox 945 2057 1162 2107; x_wconf 88' lang='lat' dir='ltr'><strong>mutare</strong></span> <span class='ocrx_word' id='word_1_235' title='bbox 1199 2057 1430 2123; x_wconf 90' lang='lat' dir='ltr'><strong>possunt</strong></span> <span class='ocrx_word' id='word_1_236' title='bbox 1458 2052 1838 2118; x_wconf 88' lang='lat' dir='ltr'><strong>salutationes,</strong></span> 
     </span>
    </p>
   </div>
   <div class='ocr_carea' id='block_1_38' title="bbox 219 2143 1838 2211">
    <p class='ocr_par' dir='ltr' id='par_1_38' title="bbox 219 2143 1838 2211">
     <span class='ocr_line' id='line_1_38' title="bbox 219 2143 1838 2211; baseline -0.001 -9"><span class='ocrx_word' id='word_1_237' title='bbox 219 2153 554 2204; x_wconf 87' lang='lat' dir='ltr'><strong>convertunt</strong></span> <span class='ocrx_word' id='word_1_238' title='bbox 577 2162 636 2202; x_wconf 90' lang='lat' dir='ltr'><strong>se</strong></span> <span class='ocrx_word' id='word_1_239' title='bbox 668 2146 737 2200; x_wconf 92' lang='lat' dir='ltr'><strong>ad</strong></span> <span class='ocrx_word' id='word_1_240' title='bbox 777 2145 1102 2211; x_wconf 88' lang='lat' dir='ltr'><strong>Ecclesiam,</strong></span> <span class='ocrx_word' id='word_1_241' title='bbox 1153 2143 1404 2200; x_wconf 91' lang='lat' dir='ltr'><strong>dicentes</strong></span> <span class='ocrx_word' id='word_1_242' title='bbox 1431 2160 1492 2200; x_wconf 92' lang='lat' dir='ltr'><strong>se</strong></span> <span class='ocrx_word' id='word_1_243' title='bbox 1541 2144 1838 2200; x_wconf 88' lang='lat' dir='ltr'><strong>Ecclesiam</strong></span> 
     </span>
    </p>
   </div>
   <div class='ocr_carea' id='block_1_39' title="bbox 219 2236 1838 2308">
    <p class='ocr_par' dir='ltr' id='par_1_39' title="bbox 219 2236 1838 2308">
     <span class='ocr_line' id='line_1_39' title="bbox 219 2236 1838 2308; baseline -0.001 -14"><span class='ocrx_word' id='word_1_244' title='bbox 219 2239 279 2294; x_wconf 92' lang='lat' dir='ltr'><strong>in</strong></span> <span class='ocrx_word' id='word_1_245' title='bbox 329 2239 570 2295; x_wconf 88' lang='lat' dir='ltr'><strong>Ecclesia</strong></span> <span class='ocrx_word' id='word_1_246' title='bbox 599 2239 860 2304; x_wconf 90' lang='lat' dir='ltr'><strong>salutare,</strong></span> <span class='ocrx_word' id='word_1_247' title='bbox 909 2245 963 2293; x_wconf 92' lang='lat' dir='ltr'><strong>et</strong></span> <span class='ocrx_word' id='word_1_248' title='bbox 1015 2236 1073 2292; x_wconf 91' lang='lat' dir='ltr'><strong>in</strong></span> <span class='ocrx_word' id='word_1_249' title='bbox 1121 2252 1350 2307; x_wconf 90' lang='lat' dir='ltr'><strong>corpore</strong></span> <span class='ocrx_word' id='word_1_250' title='bbox 1410 2243 1582 2292; x_wconf 88' lang='lat' dir='ltr'><strong>totum</strong></span> <span class='ocrx_word' id='word_1_251' title='bbox 1637 2252 1838 2308; x_wconf 88' lang='lat' dir='ltr'><strong>corpus</strong></span> 
     </span>
    </p>
   </div>
   <div class='ocr_carea' id='block_1_40' title="bbox 221 2325 1840 2400">
    <p class='ocr_par' dir='ltr' id='par_1_40' title="bbox 221 2325 1840 2400">
     <span class='ocr_line' id='line_1_40' title="bbox 221 2325 1840 2400; baseline -0.002 -17"><span class='ocrx_word' id='word_1_252' title='bbox 221 2327 456 2400; x_wconf 89' lang='lat' dir='ltr'><strong>alloqui,</strong></span> <span class='ocrx_word' id='word_1_253' title='bbox 496 2335 550 2382; x_wconf 90' lang='lat' dir='ltr'><strong>et</strong></span> <span class='ocrx_word' id='word_1_254' title='bbox 587 2326 787 2382; x_wconf 91' lang='lat' dir='ltr'><strong>virtute</strong></span> <span class='ocrx_word' id='word_1_255' title='bbox 819 2326 989 2382; x_wconf 88' lang='lat' dir='ltr'><strong>totius</strong></span> <span class='ocrx_word' id='word_1_256' title='bbox 1028 2325 1438 2380; x_wconf 89' lang='lat' dir='ltr'><strong>communionis</strong></span> <span class='ocrx_word' id='word_1_257' title='bbox 1484 2325 1539 2380; x_wconf 91' lang='lat' dir='ltr'><strong>in</strong></span> <span class='ocrx_word' id='word_1_258' title='bbox 1597 2325 1840 2380; x_wconf 85' lang='lat' dir='ltr'><strong>Ecclesia</strong></span> 
     </span>
    </p>
   </div>
   <div class='ocr_carea' id='block_1_41' title="bbox 223 2412 1838 2486">
    <p class='ocr_par' dir='ltr' id='par_1_41' title="bbox 223 2412 1838 2486">
     <span class='ocr_line' id='line_1_41' title="bbox 223 2412 1838 2486; baseline 0 -16"><span class='ocrx_word' id='word_1_259' title='bbox 223 2412 424 2470; x_wconf 89' lang='lat' dir='ltr'><strong>conﬁci</strong></span> <span class='ocrx_word' id='word_1_260' title='bbox 470 2422 660 2470; x_wconf 87' lang='lat' dir='ltr'><strong>sancta</strong></span> <span class='ocrx_word' id='word_1_261' title='bbox 687 2413 955 2486; x_wconf 87' lang='lat' dir='ltr'><strong>mysteria</strong></span> <span class='ocrx_word' id='word_1_262' title='bbox 1012 2430 1113 2485; x_wconf 89' lang='lat' dir='ltr'><strong>per</strong></span> <span class='ocrx_word' id='word_1_263' title='bbox 1148 2413 1378 2486; x_wconf 84' lang='lat' dir='ltr'><strong>gratiam</strong></span> <span class='ocrx_word' id='word_1_264' title='bbox 1425 2413 1547 2481; x_wconf 94' lang='lat' dir='ltr'><strong>Dei,</strong></span> <span class='ocrx_word' id='word_1_265' title='bbox 1582 2429 1687 2470; x_wconf 91' lang='lat' dir='ltr'><strong>nec</strong></span> <span class='ocrx_word' id='word_1_266' title='bbox 1713 2431 1838 2470; x_wconf 89' lang='lat' dir='ltr'><strong>esse</strong></span> 
     </span>
    </p>
   </div>
   <div class='ocr_carea' id='block_1_42' title="bbox 223 2505 1839 2578">
    <p class='ocr_par' dir='ltr' id='par_1_42' title="bbox 223 2505 1839 2578">
     <span class='ocr_line' id='line_1_42' title="bbox 223 2505 1839 2578; baseline 0 -16"><span class='ocrx_word' id='word_1_267' title='bbox 223 2523 562 2578; x_wconf 86' lang='lat' dir='ltr'><strong>quemquam</strong></span> <span class='ocrx_word' id='word_1_268' title='bbox 601 2506 803 2562; x_wconf 89' lang='lat' dir='ltr'><strong>alicubi</strong></span> <span class='ocrx_word' id='word_1_269' title='bbox 846 2505 1176 2568; x_wconf 91' lang='lat' dir='ltr'><strong>inﬁdelium,</strong></span> <span class='ocrx_word' id='word_1_270' title='bbox 1218 2507 1314 2578; x_wconf 90' lang='lat' dir='ltr'><strong>qui</strong></span> <span class='ocrx_word' id='word_1_271' title='bbox 1362 2505 1702 2562; x_wconf 89' lang='lat' dir='ltr'><strong>viviﬁcorum</strong></span> <span class='ocrx_word' id='word_1_272' title='bbox 1728 2523 1839 2564; x_wconf 89' lang='lat' dir='ltr'><strong>non</strong></span> 
     </span>
    </p>
   </div>
   <div class='ocr_carea' id='block_1_43' title="bbox 222 2599 1840 2672">
    <p class='ocr_par' dir='ltr' id='par_1_43' title="bbox 222 2599 1840 2672">
     <span class='ocr_line' id='line_1_43' title="bbox 222 2599 1840 2672; baseline 0 -18"><span class='ocrx_word' id='word_1_273' title='bbox 222 2600 320 2655; x_wconf 88' lang='lat' dir='ltr'><strong>ﬁat</strong></span> <span class='ocrx_word' id='word_1_274' title='bbox 339 2600 614 2672; x_wconf 90' lang='lat' dir='ltr'><strong>particeps</strong></span> <span class='ocrx_word' id='word_1_275' title='bbox 637 2607 692 2656; x_wconf 91' lang='lat' dir='ltr'><strong>et</strong></span> <span class='ocrx_word' id='word_1_276' title='bbox 720 2599 1136 2670; x_wconf 86' lang='lat' dir='ltr'><strong>c00peratorius</strong></span> <span class='ocrx_word' id='word_1_277' title='bbox 1161 2607 1660 2667; x_wconf 88' lang='lat' dir='ltr'><strong>sacrosanctorum,</strong></span> <span class='ocrx_word' id='word_1_278' title='bbox 1709 2600 1840 2655; x_wconf 92' lang='lat' dir='ltr'><strong>dum</strong></span> 
     </span>
    </p>
   </div>
   <div class='ocr_carea' id='block_1_44' title="bbox 222 2687 1840 2761">
    <p class='ocr_par' dir='ltr' id='par_1_44' title="bbox 222 2687 1840 2761">
     <span class='ocr_line' id='line_1_44' title="bbox 222 2687 1840 2761; baseline -0.001 -17"><span class='ocrx_word' id='word_1_279' title='bbox 222 2690 281 2744; x_wconf 91' lang='lat' dir='ltr'><strong>in</strong></span> <span class='ocrx_word' id='word_1_280' title='bbox 338 2705 569 2761; x_wconf 87' lang='lat' dir='ltr'><strong>corpore</strong></span> <span class='ocrx_word' id='word_1_281' title='bbox 623 2687 876 2744; x_wconf 65' lang='lat' dir='ltr'><strong>Ecclesiae</strong></span> <span class='ocrx_word' id='word_1_282' title='bbox 933 2688 1182 2743; x_wconf 74' lang='lat' dir='ltr'><strong>adhzeret</strong></span> <span class='ocrx_word' id='word_1_283' title='bbox 1237 2687 1427 2759; x_wconf 88' lang='lat' dir='ltr'><strong>capiti,</strong></span> <span class='ocrx_word' id='word_1_284' title='bbox 1489 2688 1643 2744; x_wconf 91' lang='lat' dir='ltr'><strong>velut</strong></span> <span class='ocrx_word' id='word_1_285' title='bbox 1705 2687 1840 2743; x_wconf 90' lang='lat' dir='ltr'><strong>utile</strong></span> 
     </span>
    </p>
   </div>
   <div class='ocr_carea' id='block_1_45' title="bbox 224 2776 1838 2848">
    <p class='ocr_par' dir='ltr' id='par_1_45' title="bbox 224 2776 1838 2848">
     <span class='ocr_line' id='line_1_45' title="bbox 224 2776 1838 2848; baseline 0 -16"><span class='ocrx_word' id='word_1_286' title='bbox 224 2779 556 2833; x_wconf 89' lang='lat' dir='ltr'><strong>membrum.</strong></span> <span class='ocrx_word' id='word_1_287' title='bbox 599 2777 908 2833; x_wconf 89' lang='lat' dir='ltr'><strong>Secundum</strong></span> <span class='ocrx_word' id='word_1_288' title='bbox 941 2793 1104 2848; x_wconf 87' lang='lat' dir='ltr'><strong>quem</strong></span> <span class='ocrx_word' id='word_1_289' title='bbox 1153 2791 1400 2843; x_wconf 89' lang='lat' dir='ltr'><strong>sensum,</strong></span> <span class='ocrx_word' id='word_1_290' title='bbox 1451 2777 1505 2831; x_wconf 93' lang='lat' dir='ltr'><strong>in</strong></span> <span class='ocrx_word' id='word_1_291' title='bbox 1552 2777 1660 2832; x_wconf 90' lang='lat' dir='ltr'><strong>hoc</strong></span> <span class='ocrx_word' id='word_1_292' title='bbox 1716 2776 1838 2832; x_wconf 90' lang='lat' dir='ltr'><strong>loco</strong></span> 
     </span>
    </p>
   </div>
   <div class='ocr_carea' id='block_1_46' title="bbox 226 2865 1836 2940">
    <p class='ocr_par' dir='ltr' id='par_1_46' title="bbox 226 2865 1836 2940">
     <span class='ocr_line' id='line_1_46' title="bbox 226 2865 1836 2940; baseline -0.002 -15"><span class='ocrx_word' id='word_1_293' title='bbox 226 2871 682 2925; x_wconf 88' lang='lat' dir='ltr'><strong>circumastantes</strong></span> <span class='ocrx_word' id='word_1_294' title='bbox 725 2868 1076 2940; x_wconf 88' lang='lat' dir='ltr'><strong>accipiuntur</strong></span> <span class='ocrx_word' id='word_1_295' title='bbox 1121 2883 1317 2924; x_wconf 89' lang='lat' dir='ltr'><strong>omnes</strong></span> <span class='ocrx_word' id='word_1_296' title='bbox 1373 2867 1582 2940; x_wconf 90' lang='lat' dir='ltr'><strong>ubique</strong></span> <span class='ocrx_word' id='word_1_297' title='bbox 1621 2865 1836 2934; x_wconf 88' lang='lat' dir='ltr'><strong>ﬁdeles,</strong></span> 
     </span>
    </p>
   </div>
   <div class='ocr_carea' id='block_1_47' title="bbox 1939 1772 3550 1856">
    <p class='ocr_par' dir='ltr' id='par_1_47' title="bbox 1939 1772 3550 1856">
     <span class='ocr_line' id='line_1_47' title="bbox 1939 1772 3550 1856; baseline 0.007 -29"><span class='ocrx_word' id='word_1_298' title='bbox 1939 1772 2114 1828; x_wconf 89' lang='lat' dir='ltr'><strong>solum</strong></span> <span class='ocrx_word' id='word_1_299' title='bbox 2165 1780 2248 1828; x_wconf 91' lang='lat' dir='ltr'><strong>est</strong></span> <span class='ocrx_word' id='word_1_300' title='bbox 2298 1775 2627 1831; x_wconf 87' lang='lat' dir='ltr'><strong>sacriﬁcium</strong></span> <span class='ocrx_word' id='word_1_301' title='bbox 2669 1795 2778 1850; x_wconf 91' lang='lat' dir='ltr'><strong>quo</strong></span> <span class='ocrx_word' id='word_1_302' title='bbox 2810 1779 3006 1834; x_wconf 89' lang='lat' dir='ltr'><strong>redimi</strong></span> <span class='ocrx_word' id='word_1_303' title='bbox 3043 1782 3344 1850; x_wconf 90' lang='lat' dir='ltr'><strong>potuimus,</strong></span> <span class='ocrx_word' id='word_1_304' title='bbox 3393 1785 3550 1856; x_wconf 88' lang='lat' dir='ltr'><strong>cujus</strong></span> 
     </span>
    </p>
   </div>
   <div class='ocr_carea' id='block_1_48' title="bbox 1940 1865 3548 1948">
    <p class='ocr_par' dir='ltr' id='par_1_48' title="bbox 1940 1865 3548 1948">
     <span class='ocr_line' id='line_1_48' title="bbox 1940 1865 3548 1948; baseline 0.01 -30"><span class='ocrx_word' id='word_1_305' title='bbox 1940 1865 2145 1920; x_wconf 92' lang='lat' dir='ltr'><strong>bonum</strong></span> <span class='ocrx_word' id='word_1_306' title='bbox 2199 1865 2404 1923; x_wconf 89' lang='lat' dir='ltr'><strong>sufﬁcit</strong></span> <span class='ocrx_word' id='word_1_307' title='bbox 2445 1879 2634 1925; x_wconf 88' lang='lat' dir='ltr'><strong>contra</strong></span> <span class='ocrx_word' id='word_1_308' title='bbox 2674 1879 2919 1926; x_wconf 90' lang='lat' dir='ltr'><strong>nostrum</strong></span> <span class='ocrx_word' id='word_1_309' title='bbox 2968 1875 3194 1942; x_wconf 90' lang='lat' dir='ltr'><strong>malum,</strong></span> <span class='ocrx_word' id='word_1_310' title='bbox 3254 1879 3402 1948; x_wconf 90' lang='lat' dir='ltr'><strong>quod</strong></span> <span class='ocrx_word' id='word_1_311' title='bbox 3436 1895 3548 1934; x_wconf 91' lang='lat' dir='ltr'><strong>ma-</strong></span> 
     </span>
    </p>
   </div>
   <div class='ocr_carea' id='block_1_49' title="bbox 1939 1953 3550 2039">
    <p class='ocr_par' dir='ltr' id='par_1_49' title="bbox 1939 1953 3550 2039">
     <span class='ocr_line' id='line_1_49' title="bbox 1939 1953 3550 2039; baseline 0.012 -34"><span class='ocrx_word' id='word_1_312' title='bbox 1939 1953 2025 2026; x_wconf 80' lang='lat' dir='ltr'><strong>gis</strong></span> <span class='ocrx_word' id='word_1_313' title='bbox 2049 1963 2133 2008; x_wconf 90' lang='lat' dir='ltr'><strong>est</strong></span> <span class='ocrx_word' id='word_1_314' title='bbox 2148 1954 2376 2022; x_wconf 89' lang='lat' dir='ltr'><strong>bonum,</strong></span> <span class='ocrx_word' id='word_1_315' title='bbox 2407 1971 2570 2028; x_wconf 91' lang='lat' dir='ltr'><strong>quam</strong></span> <span class='ocrx_word' id='word_1_316' title='bbox 2593 1966 2876 2028; x_wconf 87' lang='lat' dir='ltr'><strong>peccatum</strong></span> <span class='ocrx_word' id='word_1_317' title='bbox 2932 1970 3178 2018; x_wconf 91' lang='lat' dir='ltr'><strong>nostrum</strong></span> <span class='ocrx_word' id='word_1_318' title='bbox 3223 1967 3294 2021; x_wconf 88' lang='lat' dir='ltr'><strong>sit</strong></span> <span class='ocrx_word' id='word_1_319' title='bbox 3323 1968 3550 2039; x_wconf 89' lang='lat' dir='ltr'><strong>malum,</strong></span> 
     </span>
    </p>
   </div>
   <div class='ocr_carea' id='block_1_50' title="bbox 1941 2043 3442 2117">
    <p class='ocr_par' dir='ltr' id='par_1_50' title="bbox 1941 2043 3442 2117">
     <span class='ocr_line' id='line_1_50' title="bbox 1941 2043 3442 2117; baseline 0.011 -22"><span class='ocrx_word' id='word_1_320' title='bbox 1941 2048 1996 2096; x_wconf 91' lang='lat' dir='ltr'><strong>et</strong></span> <span class='ocrx_word' id='word_1_321' title='bbox 2025 2043 2153 2100; x_wconf 80' lang='lat' dir='ltr'><strong>ideo</strong></span> <span class='ocrx_word' id='word_1_322' title='bbox 2180 2045 2375 2114; x_wconf 90' lang='lat' dir='ltr'><strong>majori</strong></span> <span class='ocrx_word' id='word_1_323' title='bbox 2408 2047 2585 2117; x_wconf 65' lang='lat' dir='ltr'><strong>pretio</strong></span> <span class='ocrx_word' id='word_1_324' title='bbox 2615 2049 2838 2104; x_wconf 90' lang='lat' dir='ltr'><strong>redimit</strong></span> <span class='ocrx_word' id='word_1_325' title='bbox 2867 2065 2970 2105; x_wconf 89' lang='lat' dir='ltr'><strong>nos</strong></span> <span class='ocrx_word' id='word_1_326' title='bbox 2999 2068 3031 2105; x_wconf 89' lang='lat' dir='ltr'><strong>a</strong></span> <span class='ocrx_word' id='word_1_327' title='bbox 3061 2060 3248 2109; x_wconf 91' lang='lat' dir='ltr'><strong>nostro</strong></span> <span class='ocrx_word' id='word_1_328' title='bbox 3279 2056 3442 2112; x_wconf 90' lang='lat' dir='ltr'><strong>malo.</strong></span> 
     </span>
    </p>
   </div>
   <div class='ocr_carea' id='block_1_51' title="bbox 2012 2134 3554 2204">
    <p class='ocr_par' dir='ltr' id='par_1_51' title="bbox 2012 2134 3554 2204">
     <span class='ocr_line' id='line_1_51' title="bbox 2012 2134 3554 2204; baseline 0.01 -17"><span class='ocrx_word' id='word_1_329' title='bbox 2012 2134 2115 2188; x_wconf 87' lang='lat' dir='ltr'><strong>Pro</strong></span> <span class='ocrx_word' id='word_1_330' title='bbox 2162 2149 2256 2204; x_wconf 89' lang='lat' dir='ltr'><strong>spe</strong></span> <span class='ocrx_word' id='word_1_331' title='bbox 2283 2137 2499 2204; x_wconf 86' lang='lat' dir='ltr'><strong>salutis,</strong></span> <span class='ocrx_word' id='word_1_332' title='bbox 2531 2141 2581 2191; x_wconf 90' lang='lat' dir='ltr'><strong>et</strong></span> <span class='ocrx_word' id='word_1_333' title='bbox 2608 2139 3000 2196; x_wconf 71' lang='lat' dir='ltr'><strong>incolumitatis</strong></span> <span class='ocrx_word' id='word_1_334' title='bbox 3037 2157 3163 2197; x_wconf 71' lang='lat' dir='ltr'><strong>sua.</strong></span> <span class='ocrx_word' id='word_1_335' title='bbox 3208 2143 3320 2200; x_wconf 82' lang='lat' dir='ltr'><strong>Hoc</strong></span> <span class='ocrx_word' id='word_1_336' title='bbox 3361 2161 3554 2202; x_wconf 90' lang='lat' dir='ltr'><strong>sacro-</strong></span> 
     </span>
    </p>
   </div>
   <div class='ocr_carea' id='block_1_52' title="bbox 1941 2223 3554 2301">
    <p class='ocr_par' dir='ltr' id='par_1_52' title="bbox 1941 2223 3554 2301">
     <span class='ocr_line' id='line_1_52' title="bbox 1941 2223 3554 2301; baseline 0.009 -25"><span class='ocrx_word' id='word_1_337' title='bbox 1941 2228 2192 2277; x_wconf 87' lang='lat' dir='ltr'><strong>sanctum</strong></span> <span class='ocrx_word' id='word_1_338' title='bbox 2234 2223 2592 2294; x_wconf 89' lang='lat' dir='ltr'><strong>sacriﬁcium,</strong></span> <span class='ocrx_word' id='word_1_339' title='bbox 2621 2241 2731 2282; x_wconf 92' lang='lat' dir='ltr'><strong>non</strong></span> <span class='ocrx_word' id='word_1_340' title='bbox 2763 2228 2943 2284; x_wconf 91' lang='lat' dir='ltr'><strong>solum</strong></span> <span class='ocrx_word' id='word_1_341' title='bbox 2965 2229 3164 2286; x_wconf 88' lang='lat' dir='ltr'><strong>liberat</strong></span> <span class='ocrx_word' id='word_1_342' title='bbox 3191 2248 3292 2288; x_wconf 91' lang='lat' dir='ltr'><strong>nos</strong></span> <span class='ocrx_word' id='word_1_343' title='bbox 3319 2249 3352 2288; x_wconf 86' lang='lat' dir='ltr'><strong>a</strong></span> <span class='ocrx_word' id='word_1_344' title='bbox 3371 2236 3554 2301; x_wconf 89' lang='lat' dir='ltr'><strong>malis,</strong></span> 
     </span>
    </p>
   </div>
   <div class='ocr_carea' id='block_1_53' title="bbox 1943 2313 3558 2388">
    <p class='ocr_par' dir='ltr' id='par_1_53' title="bbox 1943 2313 3558 2388">
     <span class='ocr_line' id='line_1_53' title="bbox 1943 2313 3558 2388; baseline 0.009 -20"><span class='ocrx_word' id='word_1_345' title='bbox 1943 2313 2040 2368; x_wconf 91' lang='lat' dir='ltr'><strong>sed</strong></span> <span class='ocrx_word' id='word_1_346' title='bbox 2070 2314 2234 2369; x_wconf 89' lang='lat' dir='ltr'><strong>etiam</strong></span> <span class='ocrx_word' id='word_1_347' title='bbox 2261 2317 2574 2372; x_wconf 89' lang='lat' dir='ltr'><strong>accumulat</strong></span> <span class='ocrx_word' id='word_1_348' title='bbox 2609 2333 2712 2374; x_wconf 91' lang='lat' dir='ltr'><strong>nos</strong></span> <span class='ocrx_word' id='word_1_349' title='bbox 2739 2319 2934 2388; x_wconf 89' lang='lat' dir='ltr'><strong>bonis;</strong></span> <span class='ocrx_word' id='word_1_350' title='bbox 2967 2337 3078 2377; x_wconf 92' lang='lat' dir='ltr'><strong>non</strong></span> <span class='ocrx_word' id='word_1_351' title='bbox 3119 2323 3296 2379; x_wconf 91' lang='lat' dir='ltr'><strong>solum</strong></span> <span class='ocrx_word' id='word_1_352' title='bbox 3323 2342 3428 2382; x_wconf 91' lang='lat' dir='ltr'><strong>nos</strong></span> <span class='ocrx_word' id='word_1_353' title='bbox 3448 2328 3558 2382; x_wconf 90' lang='lat' dir='ltr'><strong>eri-</strong></span> 
     </span>
    </p>
   </div>
   <div class='ocr_carea' id='block_1_54' title="bbox 1943 2402 3560 2484">
    <p class='ocr_par' dir='ltr' id='par_1_54' title="bbox 1943 2402 3560 2484">
     <span class='ocr_line' id='line_1_54' title="bbox 1943 2402 3560 2484; baseline 0.01 -28"><span class='ocrx_word' id='word_1_354' title='bbox 1943 2402 2025 2473; x_wconf 93' lang='lat' dir='ltr'><strong>pit</strong></span> <span class='ocrx_word' id='word_1_355' title='bbox 2052 2418 2084 2456; x_wconf 90' lang='lat' dir='ltr'><strong>a</strong></span> <span class='ocrx_word' id='word_1_356' title='bbox 2113 2403 2312 2472; x_wconf 73' lang='lat' dir='ltr'><strong>poenis.</strong></span> <span class='ocrx_word' id='word_1_357' title='bbox 2343 2405 2442 2460; x_wconf 92' lang='lat' dir='ltr'><strong>sed</strong></span> <span class='ocrx_word' id='word_1_358' title='bbox 2481 2405 2648 2461; x_wconf 89' lang='lat' dir='ltr'><strong>etiam</strong></span> <span class='ocrx_word' id='word_1_359' title='bbox 2705 2416 2870 2482; x_wconf 79' lang='lat' dir='ltr'><strong>auget</strong></span> <span class='ocrx_word' id='word_1_360' title='bbox 2919 2411 3120 2484; x_wconf 82' lang='lat' dir='ltr'><strong>gaudia</strong></span> <span class='ocrx_word' id='word_1_361' title='bbox 3152 2413 3345 2469; x_wconf 87' lang='lat' dir='ltr'><strong>salutis</strong></span> <span class='ocrx_word' id='word_1_362' title='bbox 3387 2423 3442 2471; x_wconf 89' lang='lat' dir='ltr'><strong>et</strong></span> <span class='ocrx_word' id='word_1_363' title='bbox 3479 2417 3560 2471; x_wconf 90' lang='lat' dir='ltr'><strong>in-</strong></span> 
     </span>
    </p>
   </div>
   <div class='ocr_carea' id='block_1_55' title="bbox 1943 2497 3558 2580">
    <p class='ocr_par' dir='ltr' id='par_1_55' title="bbox 1943 2497 3558 2580">
     <span class='ocr_line' id='line_1_55' title="bbox 1943 2497 3558 2580; baseline 0.009 -27"><span class='ocrx_word' id='word_1_364' title='bbox 1943 2497 2298 2554; x_wconf 90' lang='lat' dir='ltr'><strong>columitatis.</strong></span> <span class='ocrx_word' id='word_1_365' title='bbox 2357 2499 2580 2570; x_wconf 90' lang='lat' dir='ltr'><strong>Salutis,</strong></span> <span class='ocrx_word' id='word_1_366' title='bbox 2645 2501 2870 2574; x_wconf 91' lang='lat' dir='ltr'><strong>inquam</strong></span> <span class='ocrx_word' id='word_1_367' title='bbox 2954 2511 3175 2563; x_wconf 67' lang='lat' dir='ltr'><strong>internae</strong></span> <span class='ocrx_word' id='word_1_368' title='bbox 3225 2509 3558 2580; x_wconf 88' lang='lat' dir='ltr'><strong>animarum,</strong></span> 
     </span>
    </p>
   </div>
   <div class='ocr_carea' id='block_1_56' title="bbox 1943 2591 3558 2673">
    <p class='ocr_par' dir='ltr' id='par_1_56' title="bbox 1943 2591 3558 2673">
     <span class='ocr_line' id='line_1_56' title="bbox 1943 2591 3558 2673; baseline 0.01 -28"><span class='ocrx_word' id='word_1_369' title='bbox 1943 2591 2360 2662; x_wconf 87' lang='lat' dir='ltr'><strong>incolumitatis,</strong></span> <span class='ocrx_word' id='word_1_370' title='bbox 2389 2594 2442 2649; x_wconf 92' lang='lat' dir='ltr'><strong>id</strong></span> <span class='ocrx_word' id='word_1_371' title='bbox 2497 2602 2580 2650; x_wconf 90' lang='lat' dir='ltr'><strong>est</strong></span> <span class='ocrx_word' id='word_1_372' title='bbox 2613 2596 3048 2668; x_wconf 88' lang='lat' dir='ltr'><strong>incorruptionis</strong></span> <span class='ocrx_word' id='word_1_373' title='bbox 3091 2609 3375 2673; x_wconf 70' lang='lat' dir='ltr'><strong>perpetuae</strong></span> <span class='ocrx_word' id='word_1_374' title='bbox 3433 2621 3558 2660; x_wconf 86' lang='lat' dir='ltr'><strong>cor-</strong></span> 
     </span>
    </p>
   </div>
   <div class='ocr_carea' id='block_1_57' title="bbox 1943 2683 3556 2763">
    <p class='ocr_par' dir='ltr' id='par_1_57' title="bbox 1943 2683 3556 2763">
     <span class='ocr_line' id='line_1_57' title="bbox 1943 2683 3556 2763; baseline 0.01 -28"><span class='ocrx_word' id='word_1_375' title='bbox 1943 2695 2158 2751; x_wconf 90' lang='lat' dir='ltr'><strong>porum,</strong></span> <span class='ocrx_word' id='word_1_376' title='bbox 2193 2690 2248 2738; x_wconf 90' lang='lat' dir='ltr'><strong>et</strong></span> <span class='ocrx_word' id='word_1_377' title='bbox 2289 2683 2392 2738; x_wconf 89' lang='lat' dir='ltr'><strong>hoc</strong></span> <span class='ocrx_word' id='word_1_378' title='bbox 2414 2691 2496 2739; x_wconf 92' lang='lat' dir='ltr'><strong>est</strong></span> <span class='ocrx_word' id='word_1_379' title='bbox 2551 2700 2649 2756; x_wconf 88' lang='lat' dir='ltr'><strong>pro</strong></span> <span class='ocrx_word' id='word_1_380' title='bbox 2691 2700 2801 2756; x_wconf 91' lang='lat' dir='ltr'><strong>quo</strong></span> <span class='ocrx_word' id='word_1_381' title='bbox 2851 2685 3135 2744; x_wconf 79' lang='lat' dir='ltr'><strong>oﬁerimus</strong></span> <span class='ocrx_word' id='word_1_382' title='bbox 3192 2697 3300 2746; x_wconf 88' lang='lat' dir='ltr'><strong>tam</strong></span> <span class='ocrx_word' id='word_1_383' title='bbox 3351 2694 3556 2763; x_wconf 83' lang='lat' dir='ltr'><strong>pretio-</strong></span> 
     </span>
    </p>
   </div>
   <div class='ocr_carea' id='block_1_58' title="bbox 1938 2790 2308 2832">
    <p class='ocr_par' dir='ltr' id='par_1_58' title="bbox 1938 2790 2308 2832">
     <span class='ocr_line' id='line_1_58' title="bbox 1938 2790 2308 2832; baseline 0.008 -3"><span class='ocrx_word' id='word_1_384' title='bbox 1938 2790 2060 2830; x_wconf 84' lang='lat' dir='ltr'><strong>sum</strong></span> <span class='ocrx_word' id='word_1_385' title='bbox 2083 2792 2308 2832; x_wconf 89' lang='lat' dir='ltr'><strong>munus.</strong></span> 
     </span>
    </p>
   </div>
   <div class='ocr_carea' id='block_1_59' title="bbox 2013 2868 3556 2938">
    <p class='ocr_par' dir='ltr' id='par_1_59' title="bbox 2013 2868 3556 2938">
     <span class='ocr_line' id='line_1_59' title="bbox 2013 2868 3556 2938; baseline 0.008 -16"><span class='ocrx_word' id='word_1_386' title='bbox 2013 2868 2240 2938; x_wconf 86' lang='lat' dir='ltr'><strong>Tibique</strong></span> <span class='ocrx_word' id='word_1_387' title='bbox 2282 2869 2515 2926; x_wconf 82' lang='lat' dir='ltr'><strong>reddunt</strong></span> <span class='ocrx_word' id='word_1_388' title='bbox 2557 2876 2681 2927; x_wconf 86' lang='lat' dir='ltr'><strong>vota</strong></span> <span class='ocrx_word' id='word_1_389' title='bbox 2729 2888 2847 2928; x_wconf 87' lang='lat' dir='ltr'><strong>sua.</strong></span> <span class='ocrx_word' id='word_1_390' title='bbox 2883 2872 3179 2932; x_wconf 85' lang='lat' dir='ltr'><strong>Offerendo</strong></span> <span class='ocrx_word' id='word_1_391' title='bbox 3226 2876 3556 2934; x_wconf 89' lang='lat' dir='ltr'><strong>sacriﬁcium</strong></span> 
     </span>
    </p>
   </div>
   <div class='ocr_carea' id='block_1_60' title="bbox 226 2958 3558 3076">
    <p class='ocr_par' dir='ltr' id='par_1_60' title="bbox 226 2958 3558 3076">
     <span class='ocr_line' id='line_1_60' title="bbox 226 2958 3558 3076; baseline 0.004 -63"><span class='ocrx_word' id='word_1_392' title='bbox 226 2967 322 3040; x_wconf 80' lang='lat' dir='ltr'><strong>qui</strong></span> <span class='ocrx_word' id='word_1_393' title='bbox 371 2967 428 3021; x_wconf 78' lang='lat' dir='ltr'><strong>in</strong></span> <span class='ocrx_word' id='word_1_394' title='bbox 469 2967 678 3022; x_wconf 66' lang='lat' dir='ltr'><strong>unitate</strong></span> <span class='ocrx_word' id='word_1_395' title='bbox 733 2966 902 3022; x_wconf 67' lang='lat' dir='ltr'><strong>totius</strong></span> <span class='ocrx_word' id='word_1_396' title='bbox 953 2967 1225 3038; x_wconf 72' lang='lat' dir='ltr'><strong>corporis,</strong></span> <span class='ocrx_word' id='word_1_397' title='bbox 1283 2972 1338 3022; x_wconf 76' lang='lat' dir='ltr'><strong>et</strong></span> <span class='ocrx_word' id='word_1_398' title='bbox 1388 2965 1495 3020; x_wconf 81' lang='lat' dir='ltr'><strong>sibi</strong></span> <span class='ocrx_word' id='word_1_399' title='bbox 1552 2964 1840 3020; x_wconf 61' lang='lat' dir='ltr'><strong>adhaerent</strong></span> <span class='ocrx_word' id='word_1_400' title='bbox 1861 2958 2138 3076; x_wconf 85' lang='lat' dir='ltr'><strong>Cllaudis,</strong></span> <span class='ocrx_word' id='word_1_401' title='bbox 2172 2961 2412 3018; x_wconf 89' lang='lat' dir='ltr'><strong>reddunt</strong></span> <span class='ocrx_word' id='word_1_402' title='bbox 2457 2963 2556 3018; x_wconf 90' lang='lat' dir='ltr'><strong>tibi</strong></span> <span class='ocrx_word' id='word_1_403' title='bbox 2608 2973 2734 3020; x_wconf 90' lang='lat' dir='ltr'><strong>vota</strong></span> <span class='ocrx_word' id='word_1_404' title='bbox 2763 2981 2884 3020; x_wconf 91' lang='lat' dir='ltr'><strong>sua.</strong></span> <span class='ocrx_word' id='word_1_405' title='bbox 2927 2967 3095 3023; x_wconf 84' lang='lat' dir='ltr'><strong>Aliter</strong></span> <span class='ocrx_word' id='word_1_406' title='bbox 3145 2967 3375 3024; x_wconf 88' lang='lat' dir='ltr'><strong>forsitan</strong></span> <span class='ocrx_word' id='word_1_407' title='bbox 3433 2977 3558 3027; x_wconf 90' lang='lat' dir='ltr'><strong>vota</strong></span> 
     </span>
     <span class='ocr_line' id='line_1_61' title="bbox 227 3052 3531 3076; baseline 0 0"><span class='ocrx_word' id='word_1_408' title='bbox 227 3061 240 3072; x_wconf 71' lang='grc' dir='ltr'><strong><em>ο</em></strong></span> <span class='ocrx_word' id='word_1_409' title='bbox 325 3060 360 3076; x_wconf 37' lang='grc' dir='ltr'><strong>ον</strong></span> <span class='ocrx_word' id='word_1_410' title='bbox 390 3075 394 3076; x_wconf 66' lang='lat'><strong><em>,</em></strong></span> <span class='ocrx_word' id='word_1_411' title='bbox 429 3075 455 3076; x_wconf 45' lang='grc' dir='ltr'>η</span> <span class='ocrx_word' id='word_1_412' title='bbox 532 3065 571 3076; x_wconf 35' lang='grc' dir='ltr'><strong>γ.</strong></span> <span class='ocrx_word' id='word_1_413' title='bbox 601 3075 651 3076; x_wconf 58' lang='lat'><strong>,,,</strong></span> <span class='ocrx_word' id='word_1_414' title='bbox 682 3075 703 3076; x_wconf 47' lang='grc' dir='ltr'>η</span> <span class='ocrx_word' id='word_1_415' title='bbox 786 3073 800 3076; x_wconf 46' lang='grc' dir='ltr'><strong>ᾼ</strong></span> <span class='ocrx_word' id='word_1_416' title='bbox 850 3075 893 3076; x_wconf 32' lang='grc' dir='ltr'><strong>κγ</strong></span> <span class='ocrx_word' id='word_1_417' title='bbox 946 3058 999 3076; x_wconf 59' lang='grc' dir='ltr'><strong>’.ς</strong></span> <span class='ocrx_word' id='word_1_418' title='bbox 1085 3064 1139 3076; x_wconf 55' lang='grc' dir='ltr'><strong>ηι</strong></span> <span class='ocrx_word' id='word_1_419' title='bbox 1182 3057 1441 3076; x_wconf 32' lang='grc' dir='ltr'><strong>ηηεκὶηκμς)</strong></span> <span class='ocrx_word' id='word_1_420' title='bbox 1475 3057 1602 3076; x_wconf 37' lang='grc' dir='ltr'><strong>ι-ᾉε</strong></span> <span class='ocrx_word' id='word_1_421' title='bbox 1638 3055 1729 3076; x_wconf 69' lang='grc' dir='ltr'><strong>ιε-ι</strong></span> <span class='ocrx_word' id='word_1_422' title='bbox 1778 3056 1829 3076; x_wconf 75' lang='lat'><strong>2__</strong></span> <span class='ocrx_word' id='word_1_423' title='bbox 1938 3064 2034 3076; x_wconf 57' lang='lat' dir='ltr'><strong>an-</strong></span> <span class='ocrx_word' id='word_1_424' title='bbox 2085 3066 2192 3076; x_wconf 70' lang='grc' dir='ltr'><strong>...Α-</strong></span> <span class='ocrx_word' id='word_1_425' title='bbox 2243 3052 2536 3076; x_wconf 63' lang='grc' dir='ltr'><strong>--ΔΔΑ--..ι</strong></span> <span class='ocrx_word' id='word_1_426' title='bbox 2603 3053 2704 3076; x_wconf 72' lang='grc' dir='ltr'><strong>..Ξ-Ξ</strong></span> <span class='ocrx_word' id='word_1_427' title='bbox 2749 3054 2853 3076; x_wconf 69' lang='grc' dir='ltr'><strong>ι-ι-</strong></span> <span class='ocrx_word' id='word_1_428' title='bbox 2900 3055 3220 3076; x_wconf 56' lang='lat' dir='ltr'><strong>__-_ec_s,-,,_</strong></span> <span class='ocrx_word' id='word_1_429' title='bbox 3282 3057 3354 3076; x_wconf 41' lang='lat' dir='ltr'><strong>Am</strong></span> <span class='ocrx_word' id='word_1_430' title='bbox 3520 3068 3531 3076; x_wconf 85' lang='grc'><em>.</em></span> 
     </span>
    </p>
   </div>
   <div class='ocr_carea' id='block_1_61' title="bbox 226 3055 1834 3130">
    <p class='ocr_par' dir='ltr' id='par_1_61' title="bbox 226 3055 1834 3130">
     <span class='ocr_line' id='line_1_62' title="bbox 226 3055 1834 3130; baseline -0.002 -16"><span class='ocrx_word' id='word_1_431' title='bbox 226 3060 490 3124; x_wconf 88' lang='lat' dir='ltr'><strong>invicem,</strong></span> <span class='ocrx_word' id='word_1_432' title='bbox 522 3065 810 3114; x_wconf 90' lang='lat' dir='ltr'><strong>etsummo</strong></span> <span class='ocrx_word' id='word_1_433' title='bbox 839 3058 1024 3130; x_wconf 86' lang='lat' dir='ltr'><strong>capiti,</strong></span> <span class='ocrx_word' id='word_1_434' title='bbox 1083 3064 1144 3112; x_wconf 91' lang='lat' dir='ltr'><strong>ut</strong></span> <span class='ocrx_word' id='word_1_435' title='bbox 1171 3057 1444 3130; x_wconf 90' lang='lat' dir='ltr'><strong>quidquid</strong></span> <span class='ocrx_word' id='word_1_436' title='bbox 1475 3057 1606 3113; x_wconf 90' lang='lat' dir='ltr'><strong>boni</strong></span> <span class='ocrx_word' id='word_1_437' title='bbox 1637 3055 1732 3112; x_wconf 87' lang='lat' dir='ltr'><strong>ﬁat</strong></span> <span class='ocrx_word' id='word_1_438' title='bbox 1778 3056 1834 3110; x_wconf 94' lang='lat' dir='ltr'><strong>in</strong></span> 
     </span>
    </p>
   </div>
   <div class='ocr_carea' id='block_1_62' title="bbox 229 3147 1839 3219">
    <p class='ocr_par' dir='ltr' id='par_1_62' title="bbox 229 3147 1839 3219">
     <span class='ocr_line' id='line_1_63' title="bbox 229 3147 1839 3219; baseline -0.002 -15"><span class='ocrx_word' id='word_1_439' title='bbox 229 3158 340 3206; x_wconf 92' lang='lat' dir='ltr'><strong>toto</strong></span> <span class='ocrx_word' id='word_1_440' title='bbox 370 3165 622 3219; x_wconf 88' lang='lat' dir='ltr'><strong>corpore,</strong></span> <span class='ocrx_word' id='word_1_441' title='bbox 647 3148 714 3202; x_wconf 89' lang='lat' dir='ltr'><strong>ab</strong></span> <span class='ocrx_word' id='word_1_442' title='bbox 751 3163 819 3204; x_wconf 87' lang='lat' dir='ltr'><strong>eo</strong></span> <span class='ocrx_word' id='word_1_443' title='bbox 849 3148 998 3204; x_wconf 91' lang='lat' dir='ltr'><strong>nullo</strong></span> <span class='ocrx_word' id='word_1_444' title='bbox 1029 3149 1194 3203; x_wconf 90' lang='lat' dir='ltr'><strong>modo</strong></span> <span class='ocrx_word' id='word_1_445' title='bbox 1224 3148 1296 3202; x_wconf 91' lang='lat' dir='ltr'><strong>sit</strong></span> <span class='ocrx_word' id='word_1_446' title='bbox 1320 3147 1558 3214; x_wconf 86' lang='lat' dir='ltr'><strong>alienus,</strong></span> <span class='ocrx_word' id='word_1_447' title='bbox 1587 3147 1839 3218; x_wconf 88' lang='lat' dir='ltr'><strong>quisquis</strong></span> 
     </span>
    </p>
   </div>
   <div class='ocr_carea' id='block_1_63' title="bbox 229 3237 1835 3310">
    <p class='ocr_par' dir='ltr' id='par_1_63' title="bbox 229 3237 1835 3310">
     <span class='ocr_line' id='line_1_64' title="bbox 229 3237 1835 3310; baseline -0.004 -15"><span class='ocrx_word' id='word_1_448' title='bbox 229 3240 299 3295; x_wconf 87' lang='lat' dir='ltr'><strong>ab</strong></span> <span class='ocrx_word' id='word_1_449' title='bbox 339 3239 460 3310; x_wconf 90' lang='lat' dir='ltr'><strong>ipso</strong></span> <span class='ocrx_word' id='word_1_450' title='bbox 499 3253 734 3310; x_wconf 87' lang='lat' dir='ltr'><strong>corpore</strong></span> <span class='ocrx_word' id='word_1_451' title='bbox 763 3253 875 3294; x_wconf 90' lang='lat' dir='ltr'><strong>non</strong></span> <span class='ocrx_word' id='word_1_452' title='bbox 907 3245 992 3293; x_wconf 89' lang='lat' dir='ltr'><strong>est</strong></span> <span class='ocrx_word' id='word_1_453' title='bbox 1018 3238 1251 3302; x_wconf 88' lang='lat' dir='ltr'><strong>divisus,</strong></span> <span class='ocrx_word' id='word_1_454' title='bbox 1281 3239 1380 3293; x_wconf 92' lang='lat' dir='ltr'><strong>sed</strong></span> <span class='ocrx_word' id='word_1_455' title='bbox 1420 3252 1586 3292; x_wconf 92' lang='lat' dir='ltr'><strong>omne</strong></span> <span class='ocrx_word' id='word_1_456' title='bbox 1627 3237 1835 3292; x_wconf 90' lang='lat' dir='ltr'><strong>bonum</strong></span> 
     </span>
    </p>
   </div>
   <div class='ocr_carea' id='block_1_64' title="bbox 231 3327 1838 3394">
    <p class='ocr_par' dir='ltr' id='par_1_64' title="bbox 231 3327 1838 3394">
     <span class='ocr_line' id='line_1_65' title="bbox 231 3327 1838 3394; baseline -0.003 -9"><span class='ocrx_word' id='word_1_457' title='bbox 231 3329 460 3385; x_wconf 89' lang='lat' dir='ltr'><strong>cuilibet</strong></span> <span class='ocrx_word' id='word_1_458' title='bbox 516 3327 766 3382; x_wconf 89' lang='lat' dir='ltr'><strong>membro</strong></span> <span class='ocrx_word' id='word_1_459' title='bbox 799 3328 851 3380; x_wconf 90' lang='lat' dir='ltr'><strong>in</strong></span> <span class='ocrx_word' id='word_1_460' title='bbox 907 3327 1183 3382; x_wconf 85' lang='lat' dir='ltr'><strong>salubrem</strong></span> <span class='ocrx_word' id='word_1_461' title='bbox 1211 3343 1434 3382; x_wconf 89' lang='lat' dir='ltr'><strong>succum</strong></span> <span class='ocrx_word' id='word_1_462' title='bbox 1475 3327 1838 3394; x_wconf 90' lang='lat' dir='ltr'><strong>ministretur,</strong></span> 
     </span>
    </p>
   </div>
   <div class='ocr_carea' id='block_1_65' title="bbox 232 3415 1848 3493">
    <p class='ocr_par' dir='ltr' id='par_1_65' title="bbox 232 3415 1848 3493">
     <span class='ocr_line' id='line_1_66' title="bbox 232 3415 1848 3493; baseline -0.004 -17"><span class='ocrx_word' id='word_1_463' title='bbox 232 3429 294 3476; x_wconf 92' lang='lat' dir='ltr'><strong>ut</strong></span> <span class='ocrx_word' id='word_1_464' title='bbox 319 3427 490 3476; x_wconf 90' lang='lat' dir='ltr'><strong>totum</strong></span> <span class='ocrx_word' id='word_1_465' title='bbox 535 3434 736 3489; x_wconf 89' lang='lat' dir='ltr'><strong>corpus</strong></span> <span class='ocrx_word' id='word_1_466' title='bbox 775 3424 1060 3493; x_wconf 76' lang='lat' dir='ltr'><strong>vegetetur</strong></span> <span class='ocrx_word' id='word_1_467' title='bbox 1114 3434 1144 3472; x_wconf 90' lang='lat' dir='ltr'><strong>a</strong></span> <span class='ocrx_word' id='word_1_468' title='bbox 1197 3415 1400 3488; x_wconf 90' lang='lat' dir='ltr'><strong>Spiritu</strong></span> <span class='ocrx_word' id='word_1_469' title='bbox 1440 3416 1555 3471; x_wconf 90' lang='lat' dir='ltr'><strong>Dei.</strong></span> <span class='ocrx_word' id='word_1_470' title='bbox 1627 3415 1691 3470; x_wconf 88' lang='lat' dir='ltr'><strong>Et</strong></span> <span class='ocrx_word' id='word_1_471' title='bbox 1740 3417 1848 3471; x_wconf 90' lang='lat' dir='ltr'><strong>hoc</strong></span> 
     </span>
    </p>
   </div>
   <div class='ocr_carea' id='block_1_66' title="bbox 234 3505 1848 3580">
    <p class='ocr_par' dir='ltr' id='par_1_66' title="bbox 234 3505 1848 3580">
     <span class='ocr_line' id='line_1_67' title="bbox 234 3505 1848 3580; baseline -0.002 -16"><span class='ocrx_word' id='word_1_472' title='bbox 234 3510 396 3566; x_wconf 89' lang='lat' dir='ltr'><strong>modo</strong></span> <span class='ocrx_word' id='word_1_473' title='bbox 453 3509 722 3580; x_wconf 87' lang='lat' dir='ltr'><strong>repetitur</strong></span> <span class='ocrx_word' id='word_1_474' title='bbox 771 3507 968 3576; x_wconf 89' lang='lat' dir='ltr'><strong>oratio,</strong></span> <span class='ocrx_word' id='word_1_475' title='bbox 1022 3523 1147 3578; x_wconf 83' lang='lat' dir='ltr'><strong>quae</strong></span> <span class='ocrx_word' id='word_1_476' title='bbox 1195 3506 1348 3576; x_wconf 92' lang='lat' dir='ltr'><strong>prius</strong></span> <span class='ocrx_word' id='word_1_477' title='bbox 1405 3505 1546 3561; x_wconf 89' lang='lat' dir='ltr'><strong>facta</strong></span> <span class='ocrx_word' id='word_1_478' title='bbox 1599 3514 1685 3560; x_wconf 91' lang='lat' dir='ltr'><strong>est</strong></span> <span class='ocrx_word' id='word_1_479' title='bbox 1748 3519 1848 3576; x_wconf 92' lang='lat' dir='ltr'><strong>pro</strong></span> 
     </span>
    </p>
   </div>
   <div class='ocr_carea' id='block_1_67' title="bbox 235 3597 1850 3658">
    <p class='ocr_par' dir='ltr' id='par_1_67' title="bbox 235 3597 1850 3658">
     <span class='ocr_line' id='line_1_68' title="bbox 235 3597 1850 3658; baseline -0.003 -1"><span class='ocrx_word' id='word_1_480' title='bbox 235 3602 492 3658; x_wconf 88' lang='lat' dir='ltr'><strong>omnibus</strong></span> <span class='ocrx_word' id='word_1_481' title='bbox 519 3601 802 3657; x_wconf 73' lang='lat' dir='ltr'><strong>catholicae</strong></span> <span class='ocrx_word' id='word_1_482' title='bbox 822 3599 952 3655; x_wconf 87' lang='lat' dir='ltr'><strong>ﬁdei</strong></span> <span class='ocrx_word' id='word_1_483' title='bbox 975 3599 1280 3655; x_wconf 90' lang='lat' dir='ltr'><strong>cultoribus</strong></span> <span class='ocrx_word' id='word_1_484' title='bbox 1303 3614 1334 3653; x_wconf 90' lang='lat' dir='ltr'><strong>a</strong></span> <span class='ocrx_word' id='word_1_485' title='bbox 1363 3597 1625 3654; x_wconf 88' lang='lat' dir='ltr'><strong>solitariis</strong></span> <span class='ocrx_word' id='word_1_486' title='bbox 1651 3597 1850 3652; x_wconf 90' lang='lat' dir='ltr'><strong>dicen-</strong></span> 
     </span>
    </p>
   </div>
   <div class='ocr_carea' id='block_1_68' title="bbox 239 3687 1856 3764">
    <p class='ocr_par' dir='ltr' id='par_1_68' title="bbox 239 3687 1856 3764">
     <span class='ocr_line' id='line_1_69' title="bbox 239 3687 1856 3764; baseline -0.004 -16"><span class='ocrx_word' id='word_1_487' title='bbox 239 3693 384 3748; x_wconf 87' lang='lat' dir='ltr'><strong>tibus</strong></span> <span class='ocrx_word' id='word_1_488' title='bbox 441 3692 760 3764; x_wconf 86' lang='lat' dir='ltr'><strong>frequenter</strong></span> <span class='ocrx_word' id='word_1_489' title='bbox 810 3689 1092 3746; x_wconf 88' lang='lat' dir='ltr'><strong>iterandas</strong></span> <span class='ocrx_word' id='word_1_490' title='bbox 1145 3687 1444 3752; x_wconf 87' lang='lat' dir='ltr'><strong>orationes,</strong></span> <span class='ocrx_word' id='word_1_491' title='bbox 1525 3697 1585 3743; x_wconf 91' lang='lat' dir='ltr'><strong>ut</strong></span> <span class='ocrx_word' id='word_1_492' title='bbox 1663 3688 1856 3743; x_wconf 89' lang='lat' dir='ltr'><strong>saltem</strong></span> 
     </span>
    </p>
   </div>
   <div class='ocr_carea' id='block_1_69' title="bbox 236 3782 1127 3857">
    <p class='ocr_par' dir='ltr' id='par_1_69' title="bbox 236 3782 1127 3857">
     <span class='ocr_line' id='line_1_70' title="bbox 236 3782 1127 3857; baseline -0.004 -17"><span class='ocrx_word' id='word_1_493' title='bbox 236 3784 650 3857; x_wconf 87' lang='lat' dir='ltr'><strong>importunitate</strong></span> <span class='ocrx_word' id='word_1_494' title='bbox 677 3783 928 3838; x_wconf 85' lang='lat' dir='ltr'><strong>vincatur</strong></span> <span class='ocrx_word' id='word_1_495' title='bbox 958 3782 1127 3838; x_wconf 83' lang='lat' dir='ltr'><strong>Deus.</strong></span> 
     </span>
    </p>
   </div>
   <div class='ocr_carea' id='block_1_70' title="bbox 311 3871 1854 3946">
    <p class='ocr_par' dir='ltr' id='par_1_70' title="bbox 311 3871 1854 3946">
     <span class='ocr_line' id='line_1_71' title="bbox 311 3871 1854 3946; baseline -0.006 -12"><span class='ocrx_word' id='word_1_496' title='bbox 311 3879 547 3946; x_wconf 86' lang='lat' dir='ltr'><strong>Quorum</strong></span> <span class='ocrx_word' id='word_1_497' title='bbox 579 3878 680 3932; x_wconf 87' lang='lat' dir='ltr'><strong>tibi</strong></span> <span class='ocrx_word' id='word_1_498' title='bbox 700 3877 834 3946; x_wconf 83' lang='lat' dir='ltr'><strong>ﬁdes</strong></span> <span class='ocrx_word' id='word_1_499' title='bbox 862 3877 1080 3944; x_wconf 86' lang='lat' dir='ltr'><strong>cognita</strong></span> <span class='ocrx_word' id='word_1_500' title='bbox 1109 3878 1207 3941; x_wconf 87' lang='lat' dir='ltr'><strong>est,</strong></span> <span class='ocrx_word' id='word_1_501' title='bbox 1233 3872 1290 3928; x_wconf 91' lang='lat' dir='ltr'><strong>id</strong></span> <span class='ocrx_word' id='word_1_502' title='bbox 1323 3880 1408 3928; x_wconf 90' lang='lat' dir='ltr'><strong>est</strong></span> <span class='ocrx_word' id='word_1_503' title='bbox 1425 3871 1576 3940; x_wconf 92' lang='lat' dir='ltr'><strong>ideo,</strong></span> <span class='ocrx_word' id='word_1_504' title='bbox 1602 3871 1854 3939; x_wconf 91' lang='lat' dir='ltr'><strong>Domine,</strong></span> 
     </span>
    </p>
   </div>
   <div class='ocr_carea' id='block_1_71' title="bbox 242 3961 1854 4032">
    <p class='ocr_par' dir='ltr' id='par_1_71' title="bbox 242 3961 1854 4032">
     <span class='ocr_line' id='line_1_72' title="bbox 242 3961 1854 4032; baseline -0.004 -10"><span class='ocrx_word' id='word_1_505' title='bbox 242 3976 515 4024; x_wconf 89' lang='lat' dir='ltr'><strong>memento</strong></span> <span class='ocrx_word' id='word_1_506' title='bbox 563 3968 812 4024; x_wconf 90' lang='lat' dir='ltr'><strong>omnium</strong></span> <span class='ocrx_word' id='word_1_507' title='bbox 885 3964 1386 4032; x_wconf 87' lang='lat' dir='ltr'><strong>circumstantium,</strong></span> <span class='ocrx_word' id='word_1_508' title='bbox 1439 3963 1686 4019; x_wconf 91' lang='lat' dir='ltr'><strong>omnium</strong></span> <span class='ocrx_word' id='word_1_509' title='bbox 1743 3961 1854 4018; x_wconf 90' lang='lat' dir='ltr'><strong>sci-</strong></span> 
     </span>
    </p>
   </div>
   <div class='ocr_carea' id='block_1_72' title="bbox 240 4054 1850 4132">
    <p class='ocr_par' dir='ltr' id='par_1_72' title="bbox 240 4054 1850 4132">
     <span class='ocr_line' id='line_1_73' title="bbox 240 4054 1850 4132; baseline -0.002 -19"><span class='ocrx_word' id='word_1_510' title='bbox 240 4057 369 4116; x_wconf 84' lang='lat' dir='ltr'><strong>licet</strong></span> <span class='ocrx_word' id='word_1_511' title='bbox 415 4060 684 4126; x_wconf 89' lang='lat' dir='ltr'><strong>ﬁdelium,</strong></span> <span class='ocrx_word' id='word_1_512' title='bbox 735 4059 864 4132; x_wconf 90' lang='lat' dir='ltr'><strong>quia</strong></span> <span class='ocrx_word' id='word_1_513' title='bbox 920 4074 1110 4114; x_wconf 90' lang='lat' dir='ltr'><strong>eorum</strong></span> <span class='ocrx_word' id='word_1_514' title='bbox 1159 4057 1256 4115; x_wconf 89' lang='lat' dir='ltr'><strong>tibi</strong></span> <span class='ocrx_word' id='word_1_515' title='bbox 1313 4055 1451 4112; x_wconf 87' lang='lat' dir='ltr'><strong>ﬁdes</strong></span> <span class='ocrx_word' id='word_1_516' title='bbox 1497 4054 1718 4130; x_wconf 79' lang='lat' dir='ltr'><strong>cOgnita</strong></span> <span class='ocrx_word' id='word_1_517' title='bbox 1765 4062 1850 4110; x_wconf 92' lang='lat' dir='ltr'><strong>est</strong></span> 
     </span>
    </p>
   </div>
   <div class='ocr_carea' id='block_1_73' title="bbox 246 4146 1850 4208">
    <p class='ocr_par' dir='ltr' id='par_1_73' title="bbox 246 4146 1850 4208">
     <span class='ocr_line' id='line_1_74' title="bbox 246 4146 1850 4208; baseline -0.003 -3"><span class='ocrx_word' id='word_1_518' title='bbox 246 4158 297 4206; x_wconf 90' lang='lat' dir='ltr'><strong>et</strong></span> <span class='ocrx_word' id='word_1_519' title='bbox 342 4158 469 4208; x_wconf 88' lang='lat' dir='ltr'><strong>nota</strong></span> <span class='ocrx_word' id='word_1_520' title='bbox 507 4150 745 4206; x_wconf 86' lang='lat' dir='ltr'><strong>devotio.</strong></span> <span class='ocrx_word' id='word_1_521' title='bbox 807 4149 896 4206; x_wconf 89' lang='lat' dir='ltr'><strong>Sic</strong></span> <span class='ocrx_word' id='word_1_522' title='bbox 952 4148 1180 4206; x_wconf 86' lang='lat' dir='ltr'><strong>solitarii</strong></span> <span class='ocrx_word' id='word_1_523' title='bbox 1229 4149 1376 4203; x_wconf 91' lang='lat' dir='ltr'><strong>hunc</strong></span> <span class='ocrx_word' id='word_1_524' title='bbox 1415 4147 1598 4203; x_wconf 89' lang='lat' dir='ltr'><strong>locum</strong></span> <span class='ocrx_word' id='word_1_525' title='bbox 1647 4146 1850 4202; x_wconf 90' lang='lat' dir='ltr'><strong>intelli-</strong></span> 
     </span>
    </p>
   </div>
   <div class='ocr_carea' id='block_1_74' title="bbox 249 4247 399 4313">
    <p class='ocr_par' dir='ltr' id='par_1_74' title="bbox 249 4247 399 4313">
     <span class='ocr_line' id='line_1_75' title="bbox 249 4247 399 4313; baseline -0.013 -19"><span class='ocrx_word' id='word_1_526' title='bbox 249 4247 399 4313; x_wconf 73' lang='lat' dir='ltr'><strong>gunL</strong></span> 
     </span>
    </p>
   </div>
   <div class='ocr_carea' id='block_1_75' title="bbox 1938 3052 3558 3118">
    <p class='ocr_par' dir='ltr' id='par_1_75' title="bbox 1938 3052 3558 3118">
     <span class='ocr_line' id='line_1_76' title="bbox 1938 3052 3558 3118; baseline 0.007 -15"><span class='ocrx_word' id='word_1_527' title='bbox 1938 3064 2037 3104; x_wconf 88' lang='lat' dir='ltr'><strong>sua</strong></span> <span class='ocrx_word' id='word_1_528' title='bbox 2085 3066 2194 3106; x_wconf 92' lang='lat' dir='ltr'><strong>non</strong></span> <span class='ocrx_word' id='word_1_529' title='bbox 2243 3052 2560 3118; x_wconf 88' lang='lat' dir='ltr'><strong>redderent,</strong></span> <span class='ocrx_word' id='word_1_530' title='bbox 2603 3053 2706 3109; x_wconf 89' lang='lat' dir='ltr'><strong>nisi</strong></span> <span class='ocrx_word' id='word_1_531' title='bbox 2749 3054 2857 3109; x_wconf 89' lang='lat' dir='ltr'><strong>tale</strong></span> <span class='ocrx_word' id='word_1_532' title='bbox 2898 3055 3228 3112; x_wconf 88' lang='lat' dir='ltr'><strong>sacriﬁcium</strong></span> <span class='ocrx_word' id='word_1_533' title='bbox 3273 3057 3558 3116; x_wconf 75' lang='lat' dir='ltr'><strong>offerrent.</strong></span> 
     </span>
    </p>
   </div>
   <div class='ocr_carea' id='block_1_76' title="bbox 1937 3140 3559 3220">
    <p class='ocr_par' dir='ltr' id='par_1_76' title="bbox 1937 3140 3559 3220">
     <span class='ocr_line' id='line_1_77' title="bbox 1937 3140 3559 3220; baseline 0.008 -26"><span class='ocrx_word' id='word_1_534' title='bbox 1937 3140 2278 3210; x_wconf 77' lang='lat' dir='ltr'><strong>Adjuvantur</strong></span> <span class='ocrx_word' id='word_1_535' title='bbox 2305 3142 2559 3199; x_wconf 88' lang='lat' dir='ltr'><strong>sacriﬁcii</strong></span> <span class='ocrx_word' id='word_1_536' title='bbox 2589 3145 2810 3212; x_wconf 90' lang='lat' dir='ltr'><strong>virtute,</strong></span> <span class='ocrx_word' id='word_1_537' title='bbox 2843 3153 3041 3202; x_wconf 89' lang='lat' dir='ltr'><strong>utvota</strong></span> <span class='ocrx_word' id='word_1_538' title='bbox 3071 3155 3276 3220; x_wconf 90' lang='lat' dir='ltr'><strong>queant</strong></span> <span class='ocrx_word' id='word_1_539' title='bbox 3305 3151 3559 3208; x_wconf 87' lang='lat' dir='ltr'><strong>reddere.</strong></span> 
     </span>
    </p>
   </div>
   <div class='ocr_carea' id='block_1_77' title="bbox 1941 3229 3563 3304">
    <p class='ocr_par' dir='ltr' id='par_1_77' title="bbox 1941 3229 3563 3304">
     <span class='ocr_line' id='line_1_78' title="bbox 1941 3229 3563 3304; baseline 0.009 -21"><span class='ocrx_word' id='word_1_540' title='bbox 1941 3229 2172 3286; x_wconf 88' lang='lat' dir='ltr'><strong>Difﬁcile</strong></span> <span class='ocrx_word' id='word_1_541' title='bbox 2198 3242 2284 3287; x_wconf 90' lang='lat' dir='ltr'><strong>est</strong></span> <span class='ocrx_word' id='word_1_542' title='bbox 2303 3235 2674 3304; x_wconf 87' lang='lat' dir='ltr'><strong>comprimere</strong></span> <span class='ocrx_word' id='word_1_543' title='bbox 2730 3236 2882 3303; x_wconf 91' lang='lat' dir='ltr'><strong>vitia,</strong></span> <span class='ocrx_word' id='word_1_544' title='bbox 2937 3237 3168 3293; x_wconf 90' lang='lat' dir='ltr'><strong>virtutes</strong></span> <span class='ocrx_word' id='word_1_545' title='bbox 3221 3239 3279 3293; x_wconf 90' lang='lat' dir='ltr'><strong>in</strong></span> <span class='ocrx_word' id='word_1_546' title='bbox 3316 3241 3563 3298; x_wconf 90' lang='lat' dir='ltr'><strong>habitum</strong></span> 
     </span>
    </p>
   </div>
   <div class='ocr_carea' id='block_1_78' title="bbox 1941 3321 3565 3400">
    <p class='ocr_par' dir='ltr' id='par_1_78' title="bbox 1941 3321 3565 3400">
     <span class='ocr_line' id='line_1_79' title="bbox 1941 3321 3565 3400; baseline 0.008 -26"><span class='ocrx_word' id='word_1_547' title='bbox 1941 3321 2174 3378; x_wconf 87' lang='lat' dir='ltr'><strong>trahere.</strong></span> <span class='ocrx_word' id='word_1_548' title='bbox 2221 3322 2330 3378; x_wconf 90' lang='lat' dir='ltr'><strong>Sed</strong></span> <span class='ocrx_word' id='word_1_549' title='bbox 2361 3331 2421 3378; x_wconf 92' lang='lat' dir='ltr'><strong>ut</strong></span> <span class='ocrx_word' id='word_1_550' title='bbox 2465 3325 2580 3378; x_wconf 65' lang='lat' dir='ltr'><strong>haec</strong></span> <span class='ocrx_word' id='word_1_551' title='bbox 2607 3333 2732 3380; x_wconf 89' lang='lat' dir='ltr'><strong>vota</strong></span> <span class='ocrx_word' id='word_1_552' title='bbox 2786 3335 2994 3396; x_wconf 87' lang='lat' dir='ltr'><strong>queant</strong></span> <span class='ocrx_word' id='word_1_553' title='bbox 3047 3327 3278 3382; x_wconf 87' lang='lat' dir='ltr'><strong>reddere</strong></span> <span class='ocrx_word' id='word_1_554' title='bbox 3299 3332 3498 3400; x_wconf 87' lang='lat' dir='ltr'><strong>sancti,</strong></span> <span class='ocrx_word' id='word_1_555' title='bbox 3535 3350 3565 3387; x_wconf 90' lang='lat' dir='ltr'><strong>a</strong></span> 
     </span>
    </p>
   </div>
   <div class='ocr_carea' id='block_1_79' title="bbox 1948 3411 2848 3472">
    <p class='ocr_par' dir='ltr' id='par_1_79' title="bbox 1948 3411 2848 3472">
     <span class='ocr_line' id='line_1_80' title="bbox 1948 3411 2848 3472; baseline 0.004 -5"><span class='ocrx_word' id='word_1_556' title='bbox 1948 3411 2060 3468; x_wconf 91' lang='lat' dir='ltr'><strong>Deo</strong></span> <span class='ocrx_word' id='word_1_557' title='bbox 2086 3428 2315 3469; x_wconf 89' lang='lat' dir='ltr'><strong>necesse</strong></span> <span class='ocrx_word' id='word_1_558' title='bbox 2346 3414 2552 3469; x_wconf 90' lang='lat' dir='ltr'><strong>habent</strong></span> <span class='ocrx_word' id='word_1_559' title='bbox 2578 3415 2848 3472; x_wconf 89' lang='lat' dir='ltr'><strong>roborari.</strong></span> 
     </span>
    </p>
   </div>
   <div class='ocr_carea' id='block_1_80' title="bbox 2019 3507 3567 3573">
    <p class='ocr_par' dir='ltr' id='par_1_80' title="bbox 2019 3507 3567 3573">
     <span class='ocr_line' id='line_1_81' title="bbox 2019 3507 3567 3573; baseline 0.008 -14"><span class='ocrx_word' id='word_1_560' title='bbox 2019 3507 2237 3560; x_wconf 67' lang='lat' dir='ltr'><strong>Etet-no</strong></span> <span class='ocrx_word' id='word_1_561' title='bbox 2265 3509 2394 3573; x_wconf 88' lang='lat' dir='ltr'><strong>Deo,</strong></span> <span class='ocrx_word' id='word_1_562' title='bbox 2419 3508 2541 3560; x_wconf 77' lang='lat' dir='ltr'><strong>vivo</strong></span> <span class='ocrx_word' id='word_1_563' title='bbox 2568 3513 2615 3560; x_wconf 86' lang='lat' dir='ltr'><strong>et</strong></span> <span class='ocrx_word' id='word_1_564' title='bbox 2663 3523 2808 3562; x_wconf 81' lang='lat' dir='ltr'><strong>vero.</strong></span> <span class='ocrx_word' id='word_1_565' title='bbox 2862 3509 2940 3562; x_wconf 85' lang='lat' dir='ltr'><strong>Ad</strong></span> <span class='ocrx_word' id='word_1_566' title='bbox 2980 3510 3346 3568; x_wconf 75' lang='lat' dir='ltr'><strong>differentiam</strong></span> <span class='ocrx_word' id='word_1_567' title='bbox 3399 3514 3567 3572; x_wconf 83' lang='lat' dir='ltr'><strong>falso-</strong></span> 
     </span>
    </p>
   </div>
   <div class='ocr_carea' id='block_1_81' title="bbox 1951 3597 3567 3679">
    <p class='ocr_par' dir='ltr' id='par_1_81' title="bbox 1951 3597 3567 3679">
     <span class='ocr_line' id='line_1_82' title="bbox 1951 3597 3567 3679; baseline 0.006 -28"><span class='ocrx_word' id='word_1_568' title='bbox 1951 3611 2070 3650; x_wconf 89' lang='lat' dir='ltr'><strong>rum</strong></span> <span class='ocrx_word' id='word_1_569' title='bbox 2103 3597 2334 3652; x_wconf 91' lang='lat' dir='ltr'><strong>deorum</strong></span> <span class='ocrx_word' id='word_1_570' title='bbox 2355 3604 2410 3652; x_wconf 92' lang='lat' dir='ltr'><strong>et</strong></span> <span class='ocrx_word' id='word_1_571' title='bbox 2438 3597 2876 3666; x_wconf 91' lang='lat' dir='ltr'><strong>insensibilium,</strong></span> <span class='ocrx_word' id='word_1_572' title='bbox 2911 3602 3114 3672; x_wconf 88' lang='lat' dir='ltr'><strong>quibus</strong></span> <span class='ocrx_word' id='word_1_573' title='bbox 3143 3612 3342 3679; x_wconf 82' lang='lat' dir='ltr'><strong>gentes</strong></span> <span class='ocrx_word' id='word_1_574' title='bbox 3366 3605 3567 3662; x_wconf 84' lang='lat' dir='ltr'><strong>frustra</strong></span> 
     </span>
    </p>
   </div>
   <div class='ocr_carea' id='block_1_82' title="bbox 1957 3690 3566 3761">
    <p class='ocr_par' dir='ltr' id='par_1_82' title="bbox 1957 3690 3566 3761">
     <span class='ocr_line' id='line_1_83' title="bbox 1957 3690 3566 3761; baseline 0.007 -17"><span class='ocrx_word' id='word_1_575' title='bbox 1957 3690 2267 3748; x_wconf 63' lang='lat' dir='ltr'><strong>solvebant.</strong></span> <span class='ocrx_word' id='word_1_576' title='bbox 2301 3691 2804 3761; x_wconf 90' lang='lat' dir='ltr'><strong>Communicantes,</strong></span> <span class='ocrx_word' id='word_1_577' title='bbox 2829 3694 2928 3750; x_wconf 87' lang='lat' dir='ltr'><strong>tibi</strong></span> <span class='ocrx_word' id='word_1_578' title='bbox 2965 3695 3205 3753; x_wconf 73' lang='lat' dir='ltr'><strong>offerunt</strong></span> <span class='ocrx_word' id='word_1_579' title='bbox 3234 3699 3566 3756; x_wconf 84' lang='lat' dir='ltr'><strong>sacriﬁcium</strong></span> 
     </span>
    </p>
   </div>
   <div class='ocr_carea' id='block_1_83' title="bbox 1959 3779 2928 3853">
    <p class='ocr_par' dir='ltr' id='par_1_83' title="bbox 1959 3779 2928 3853">
     <span class='ocr_line' id='line_1_84' title="bbox 1959 3779 2928 3853; baseline 0.006 -20"><span class='ocrx_word' id='word_1_580' title='bbox 1959 3779 2158 3848; x_wconf 88' lang='lat' dir='ltr'><strong>laudis,</strong></span> <span class='ocrx_word' id='word_1_581' title='bbox 2172 3780 2386 3853; x_wconf 90' lang='lat' dir='ltr'><strong>tibique</strong></span> <span class='ocrx_word' id='word_1_582' title='bbox 2406 3781 2646 3838; x_wconf 90' lang='lat' dir='ltr'><strong>reddunt</strong></span> <span class='ocrx_word' id='word_1_583' title='bbox 2660 3789 2788 3838; x_wconf 88' lang='lat' dir='ltr'><strong>vota</strong></span> <span class='ocrx_word' id='word_1_584' title='bbox 2809 3799 2928 3839; x_wconf 90' lang='lat' dir='ltr'><strong>sua.</strong></span> 
     </span>
    </p>
   </div>
   <div class='ocr_carea' id='block_1_84' title="bbox 2033 3868 3570 3951">
    <p class='ocr_par' dir='ltr' id='par_1_84' title="bbox 2033 3868 3570 3951">
     <span class='ocr_line' id='line_1_85' title="bbox 2033 3868 3570 3951; baseline 0.008 -29"><span class='ocrx_word' id='word_1_585' title='bbox 2033 3868 2510 3927; x_wconf 81' lang='lat' dir='ltr'><strong>Communicantes.</strong></span> <span class='ocrx_word' id='word_1_586' title='bbox 2589 3871 2752 3927; x_wconf 86' lang='lat' dir='ltr'><strong>Extra</strong></span> <span class='ocrx_word' id='word_1_587' title='bbox 2821 3875 3267 3931; x_wconf 90' lang='lat' dir='ltr'><strong>communionem</strong></span> <span class='ocrx_word' id='word_1_588' title='bbox 3331 3893 3570 3951; x_wconf 88' lang='lat' dir='ltr'><strong>namque</strong></span> 
     </span>
    </p>
   </div>
   <div class='ocr_carea' id='block_1_85' title="bbox 1958 3957 3572 4025">
    <p class='ocr_par' dir='ltr' id='par_1_85' title="bbox 1958 3957 3572 4025">
     <span class='ocr_line' id='line_1_86' title="bbox 1958 3957 3572 4025; baseline 0.008 -13"><span class='ocrx_word' id='word_1_589' title='bbox 1958 3973 2069 4014; x_wconf 90' lang='lat' dir='ltr'><strong>non</strong></span> <span class='ocrx_word' id='word_1_590' title='bbox 2101 3965 2184 4014; x_wconf 91' lang='lat' dir='ltr'><strong>est</strong></span> <span class='ocrx_word' id='word_1_591' title='bbox 2212 3958 2366 4016; x_wconf 89' lang='lat' dir='ltr'><strong>locus</strong></span> <span class='ocrx_word' id='word_1_592' title='bbox 2394 3957 2664 4016; x_wconf 77' lang='lat' dir='ltr'><strong>oﬁ’ereudi</strong></span> <span class='ocrx_word' id='word_1_593' title='bbox 2706 3961 2818 4018; x_wconf 89' lang='lat' dir='ltr'><strong>Deo</strong></span> <span class='ocrx_word' id='word_1_594' title='bbox 2865 3962 2978 4018; x_wconf 88' lang='lat' dir='ltr'><strong>veri</strong></span> <span class='ocrx_word' id='word_1_595' title='bbox 3033 3963 3287 4020; x_wconf 88' lang='lat' dir='ltr'><strong>sacriﬁcii</strong></span> <span class='ocrx_word' id='word_1_596' title='bbox 3316 3967 3403 4022; x_wconf 89' lang='lat' dir='ltr'><strong>vel</strong></span> <span class='ocrx_word' id='word_1_597' title='bbox 3444 3975 3572 4025; x_wconf 83' lang='lat' dir='ltr'><strong>vota</strong></span> 
     </span>
    </p>
   </div>
   <div class='ocr_carea' id='block_1_86' title="bbox 1953 4049 2224 4104">
    <p class='ocr_par' dir='ltr' id='par_1_86' title="bbox 1953 4049 2224 4104">
     <span class='ocr_line' id='line_1_87' title="bbox 1953 4049 2224 4104; baseline 0.007 -2"><span class='ocrx_word' id='word_1_598' title='bbox 1953 4049 2184 4104; x_wconf 90' lang='lat' dir='ltr'><strong>solvend</strong></span> <span class='ocrx_word' id='word_1_599' title='bbox 2213 4089 2224 4104; x_wconf 94' lang='lat'><strong>.</strong></span> 
     </span>
    </p>
   </div>
   <div class='ocr_carea' id='block_1_87' title="bbox 2028 4146 3570 4220">
    <p class='ocr_par' dir='ltr' id='par_1_87' title="bbox 2028 4146 3570 4220">
     <span class='ocr_line' id='line_1_88' title="bbox 2028 4146 3570 4220; baseline 0.003 -21"><span class='ocrx_word' id='word_1_600' title='bbox 2028 4146 2098 4199; x_wconf 87' lang='lat' dir='ltr'><strong>Et</strong></span> <span class='ocrx_word' id='word_1_601' title='bbox 2124 4146 2438 4199; x_wconf 78' lang='lat' dir='ltr'><strong>memoriam</strong></span> <span class='ocrx_word' id='word_1_602' title='bbox 2488 4148 2822 4199; x_wconf 78' lang='lat' dir='ltr'><strong>venerantes.</strong></span> <span class='ocrx_word' id='word_1_603' title='bbox 2855 4146 3022 4200; x_wconf 84' lang='lat' dir='ltr'><strong>Aliter</strong></span> <span class='ocrx_word' id='word_1_604' title='bbox 3049 4146 3159 4202; x_wconf 92' lang='lat' dir='ltr'><strong>Deo</strong></span> <span class='ocrx_word' id='word_1_605' title='bbox 3197 4155 3410 4220; x_wconf 77' lang='lat' dir='ltr'><strong>gratum</strong></span> <span class='ocrx_word' id='word_1_606' title='bbox 3462 4165 3570 4204; x_wconf 93' lang='lat' dir='ltr'><strong>non</strong></span> 
     </span>
    </p>
   </div>
   <div class='ocr_carea' id='block_1_88' title="bbox 1955 4234 3570 4302">
    <p class='ocr_par' dir='ltr' id='par_1_88' title="bbox 1955 4234 3570 4302">
     <span class='ocr_line' id='line_1_89' title="bbox 1955 4234 3570 4302; baseline 0.003 -12"><span class='ocrx_word' id='word_1_607' title='bbox 1955 4234 2240 4290; x_wconf 73' lang='lat' dir='ltr'><strong>offerimus</strong></span> <span class='ocrx_word' id='word_1_608' title='bbox 2293 4237 2650 4302; x_wconf 88' lang='lat' dir='ltr'><strong>sacriﬁcium,</strong></span> <span class='ocrx_word' id='word_1_609' title='bbox 2713 4236 2874 4290; x_wconf 89' lang='lat' dir='ltr'><strong>aliter</strong></span> <span class='ocrx_word' id='word_1_610' title='bbox 2913 4237 3024 4293; x_wconf 89' lang='lat' dir='ltr'><strong>Deo</strong></span> <span class='ocrx_word' id='word_1_611' title='bbox 3073 4239 3282 4292; x_wconf 84' lang='lat' dir='ltr'><strong>utiliter</strong></span> <span class='ocrx_word' id='word_1_612' title='bbox 3309 4247 3433 4294; x_wconf 90' lang='lat' dir='ltr'><strong>vota</strong></span> <span class='ocrx_word' id='word_1_613' title='bbox 3463 4255 3570 4295; x_wconf 93' lang='lat' dir='ltr'><strong>non</strong></span> 
     </span>
    </p>
   </div>
   <div class='ocr_carea' id='block_1_89' title="bbox 314 4324 3568 4402">
    <p class='ocr_par' dir='ltr' id='par_1_89' title="bbox 314 4324 3568 4402">
     <span class='ocr_line' id='line_1_90' title="bbox 314 4324 3568 4402; baseline -0.001 -16"><span class='ocrx_word' id='word_1_614' title='bbox 314 4334 417 4386; x_wconf 86' lang='lat' dir='ltr'><strong>Pro</strong></span> <span class='ocrx_word' id='word_1_615' title='bbox 456 4333 650 4402; x_wconf 81' lang='lat' dir='ltr'><strong>quibus</strong></span> <span class='ocrx_word' id='word_1_616' title='bbox 675 4333 776 4387; x_wconf 82' lang='lat' dir='ltr'><strong>tibi</strong></span> <span class='ocrx_word' id='word_1_617' title='bbox 817 4330 1115 4400; x_wconf 65' lang='lat' dir='ltr'><strong>offerimus,</strong></span> <span class='ocrx_word' id='word_1_618' title='bbox 1153 4331 1237 4383; x_wconf 83' lang='lat' dir='ltr'><strong>uel</strong></span> <span class='ocrx_word' id='word_1_619' title='bbox 1284 4332 1383 4398; x_wconf 85' lang='lat' dir='ltr'><strong>qui</strong></span> <span class='ocrx_word' id='word_1_620' title='bbox 1443 4329 1545 4384; x_wconf 76' lang='lat' dir='ltr'><strong>tibi</strong></span> <span class='ocrx_word' id='word_1_621' title='bbox 1599 4325 2240 4398; x_wconf 73' lang='lat' dir='ltr'><strong>offerunt.[)solvimus,</strong></span> <span class='ocrx_word' id='word_1_622' title='bbox 2309 4324 2412 4379; x_wconf 86' lang='lat' dir='ltr'><strong>nisi</strong></span> <span class='ocrx_word' id='word_1_623' title='bbox 2479 4325 2798 4379; x_wconf 85' lang='lat' dir='ltr'><strong>memoriam</strong></span> <span class='ocrx_word' id='word_1_624' title='bbox 2851 4333 3164 4380; x_wconf 89' lang='lat' dir='ltr'><strong>sanctorum</strong></span> <span class='ocrx_word' id='word_1_625' title='bbox 3227 4342 3568 4384; x_wconf 81' lang='lat' dir='ltr'><strong>veneremur.</strong></span> 
     </span>
    </p>
   </div>
   <div class='ocr_carea' id='block_1_90' title="bbox 250 4417 1851 4489">
    <p class='ocr_par' dir='ltr' id='par_1_90' title="bbox 250 4417 1851 4489">
     <span class='ocr_line' id='line_1_91' title="bbox 250 4417 1851 4489; baseline -0.002 -15"><span class='ocrx_word' id='word_1_626' title='bbox 250 4419 360 4474; x_wconf 84' lang='lat' dir='ltr'><strong>Non</strong></span> <span class='ocrx_word' id='word_1_627' title='bbox 431 4421 605 4476; x_wconf 88' lang='lat' dir='ltr'><strong>solum</strong></span> <span class='ocrx_word' id='word_1_628' title='bbox 655 4421 968 4476; x_wconf 86' lang='lat' dir='ltr'><strong>sacerdotes</strong></span> <span class='ocrx_word' id='word_1_629' title='bbox 1011 4429 1064 4474; x_wconf 91' lang='lat' dir='ltr'><strong>et</strong></span> <span class='ocrx_word' id='word_1_630' title='bbox 1113 4419 1315 4481; x_wconf 90' lang='lat' dir='ltr'><strong>clerus,</strong></span> <span class='ocrx_word' id='word_1_631' title='bbox 1382 4417 1495 4489; x_wconf 81' lang='lat' dir='ltr'><strong>(qui</strong></span> <span class='ocrx_word' id='word_1_632' title='bbox 1546 4417 1851 4473; x_wconf 88' lang='lat' dir='ltr'><strong>secundum</strong></span> 
     </span>
    </p>
   </div>
   <div class='ocr_carea' id='block_1_91' title="bbox 253 4511 1856 4589">
    <p class='ocr_par' dir='ltr' id='par_1_91' title="bbox 253 4511 1856 4589">
     <span class='ocr_line' id='line_1_92' title="bbox 253 4511 1856 4589; baseline -0.001 -21"><span class='ocrx_word' id='word_1_633' title='bbox 253 4514 491 4570; x_wconf 89' lang='lat' dir='ltr'><strong>diversos</strong></span> <span class='ocrx_word' id='word_1_634' title='bbox 533 4515 738 4589; x_wconf 79' lang='lat' dir='ltr'><strong>gradus</strong></span> <span class='ocrx_word' id='word_1_635' title='bbox 785 4514 989 4569; x_wconf 83' lang='lat' dir='ltr'><strong>divinis</strong></span> <span class='ocrx_word' id='word_1_636' title='bbox 1033 4518 1378 4583; x_wconf 90' lang='lat' dir='ltr'><strong>occupantur</strong></span> <span class='ocrx_word' id='word_1_637' title='bbox 1434 4511 1659 4580; x_wconf 86' lang='lat' dir='ltr'><strong>divitiis)</strong></span> <span class='ocrx_word' id='word_1_638' title='bbox 1719 4511 1856 4566; x_wconf 78' lang='lat' dir='ltr'><strong>offe-</strong></span> 
     </span>
    </p>
   </div>
   <div class='ocr_carea' id='block_1_92' title="bbox 255 4607 1861 4679">
    <p class='ocr_par' dir='ltr' id='par_1_92' title="bbox 255 4607 1861 4679">
     <span class='ocr_line' id='line_1_93' title="bbox 255 4607 1861 4679; baseline -0.001 -17"><span class='ocrx_word' id='word_1_639' title='bbox 255 4617 394 4674; x_wconf 91' lang='lat' dir='ltr'><strong>runt,</strong></span> <span class='ocrx_word' id='word_1_640' title='bbox 428 4609 526 4663; x_wconf 90' lang='lat' dir='ltr'><strong>sed</strong></span> <span class='ocrx_word' id='word_1_641' title='bbox 573 4609 740 4664; x_wconf 84' lang='lat' dir='ltr'><strong>etiam</strong></span> <span class='ocrx_word' id='word_1_642' title='bbox 796 4610 1108 4676; x_wconf 88' lang='lat' dir='ltr'><strong>audientes,</strong></span> <span class='ocrx_word' id='word_1_643' title='bbox 1155 4607 1250 4679; x_wconf 91' lang='lat' dir='ltr'><strong>qui</strong></span> <span class='ocrx_word' id='word_1_644' title='bbox 1286 4607 1430 4664; x_wconf 84' lang='lat' dir='ltr'><strong>votis</strong></span> <span class='ocrx_word' id='word_1_645' title='bbox 1485 4616 1540 4662; x_wconf 89' lang='lat' dir='ltr'><strong>et</strong></span> <span class='ocrx_word' id='word_1_646' title='bbox 1596 4607 1861 4662; x_wconf 85' lang='lat' dir='ltr'><strong>orationi-</strong></span> 
     </span>
    </p>
   </div>
   <div class='ocr_carea' id='block_1_93' title="bbox 255 4697 1859 4769">
    <p class='ocr_par' dir='ltr' id='par_1_93' title="bbox 255 4697 1859 4769">
     <span class='ocr_line' id='line_1_94' title="bbox 255 4697 1859 4769; baseline -0.002 -15"><span class='ocrx_word' id='word_1_647' title='bbox 255 4699 352 4754; x_wconf 75' lang='lat' dir='ltr'><strong>bus</strong></span> <span class='ocrx_word' id='word_1_648' title='bbox 373 4700 642 4754; x_wconf 88' lang='lat' dir='ltr'><strong>assistunt</strong></span> <span class='ocrx_word' id='word_1_649' title='bbox 667 4705 1052 4769; x_wconf 89' lang='lat' dir='ltr'><strong>c00perantes,</strong></span> <span class='ocrx_word' id='word_1_650' title='bbox 1101 4706 1156 4753; x_wconf 91' lang='lat' dir='ltr'><strong>et</strong></span> <span class='ocrx_word' id='word_1_651' title='bbox 1203 4697 1396 4754; x_wconf 90' lang='lat' dir='ltr'><strong>osculo</strong></span> <span class='ocrx_word' id='word_1_652' title='bbox 1427 4697 1579 4768; x_wconf 90' lang='lat' dir='ltr'><strong>pacis</strong></span> <span class='ocrx_word' id='word_1_653' title='bbox 1599 4705 1859 4768; x_wconf 89' lang='lat' dir='ltr'><strong>tanquam</strong></span> 
     </span>
    </p>
   </div>
   <div class='ocr_carea' id='block_1_94' title="bbox 256 4787 1608 4861">
    <p class='ocr_par' dir='ltr' id='par_1_94' title="bbox 256 4787 1608 4861">
     <span class='ocr_line' id='line_1_95' title="bbox 256 4787 1608 4861; baseline -0.003 -15"><span class='ocrx_word' id='word_1_654' title='bbox 256 4790 682 4855; x_wconf 89' lang='lat' dir='ltr'><strong>communicant,</strong></span> <span class='ocrx_word' id='word_1_655' title='bbox 711 4787 1102 4846; x_wconf 89' lang='lat' dir='ltr'><strong>conﬁrmantes</strong></span> <span class='ocrx_word' id='word_1_656' title='bbox 1122 4790 1268 4861; x_wconf 91' lang='lat' dir='ltr'><strong>quod</strong></span> <span class='ocrx_word' id='word_1_657' title='bbox 1299 4797 1477 4844; x_wconf 88' lang='lat' dir='ltr'><strong>actum</strong></span> <span class='ocrx_word' id='word_1_658' title='bbox 1509 4797 1608 4843; x_wconf 89' lang='lat' dir='ltr'><strong>est.</strong></span> 
     </span>
    </p>
   </div>
   <div class='ocr_carea' id='block_1_95' title="bbox 327 4876 1865 4948">
    <p class='ocr_par' dir='ltr' id='par_1_95' title="bbox 327 4876 1865 4948">
     <span class='ocr_line' id='line_1_96' title="bbox 327 4876 1865 4948; baseline -0.002 -13"><span class='ocrx_word' id='word_1_659' title='bbox 327 4881 390 4935; x_wconf 94' lang='lat' dir='ltr'><strong>Ut</strong></span> <span class='ocrx_word' id='word_1_660' title='bbox 415 4881 747 4948; x_wconf 77' lang='lat' dir='ltr'><strong>sacriﬁcium</strong></span> <span class='ocrx_word' id='word_1_661' title='bbox 789 4878 996 4944; x_wconf 84' lang='lat' dir='ltr'><strong>laudis,</strong></span> <span class='ocrx_word' id='word_1_662' title='bbox 1041 4894 1174 4934; x_wconf 88' lang='lat' dir='ltr'><strong>vere</strong></span> <span class='ocrx_word' id='word_1_663' title='bbox 1202 4877 1385 4932; x_wconf 88' lang='lat' dir='ltr'><strong>laudis</strong></span> <span class='ocrx_word' id='word_1_664' title='bbox 1425 4885 1510 4933; x_wconf 91' lang='lat' dir='ltr'><strong>est</strong></span> <span class='ocrx_word' id='word_1_665' title='bbox 1528 4876 1729 4931; x_wconf 72' lang='lat' dir='ltr'><strong>divinae</strong></span> <span class='ocrx_word' id='word_1_666' title='bbox 1761 4877 1865 4932; x_wconf 91' lang='lat' dir='ltr'><strong>hoc</strong></span> 
     </span>
    </p>
   </div>
   <div class='ocr_carea' id='block_1_96' title="bbox 258 4969 1869 5038">
    <p class='ocr_par' dir='ltr' id='par_1_96' title="bbox 258 4969 1869 5038">
     <span class='ocr_line' id='line_1_97' title="bbox 258 4969 1869 5038; baseline -0.001 -12"><span class='ocrx_word' id='word_1_667' title='bbox 258 4969 603 5038; x_wconf 87' lang='lat' dir='ltr'><strong>sacriﬁcium,</strong></span> <span class='ocrx_word' id='word_1_668' title='bbox 651 4971 794 5026; x_wconf 90' lang='lat' dir='ltr'><strong>sicut</strong></span> <span class='ocrx_word' id='word_1_669' title='bbox 823 4971 883 5024; x_wconf 88' lang='lat' dir='ltr'><strong>in</strong></span> <span class='ocrx_word' id='word_1_670' title='bbox 917 4970 1020 5026; x_wconf 88' lang='lat' dir='ltr'><strong>hoc</strong></span> <span class='ocrx_word' id='word_1_671' title='bbox 1071 4969 1259 5026; x_wconf 90' lang='lat' dir='ltr'><strong>ofﬁcio</strong></span> <span class='ocrx_word' id='word_1_672' title='bbox 1291 4970 1473 5026; x_wconf 89' lang='lat' dir='ltr'><strong>testati</strong></span> <span class='ocrx_word' id='word_1_673' title='bbox 1509 4986 1732 5025; x_wconf 89' lang='lat' dir='ltr'><strong>sumus:</strong></span> <span class='ocrx_word' id='word_1_674' title='bbox 1783 4969 1869 5024; x_wconf 91' lang='lat' dir='ltr'><strong>di-</strong></span> 
     </span>
    </p>
   </div>
   <div class='ocr_carea' id='block_1_97' title="bbox 259 5059 1868 5136">
    <p class='ocr_par' dir='ltr' id='par_1_97' title="bbox 259 5059 1868 5136">
     <span class='ocr_line' id='line_1_98' title="bbox 259 5059 1868 5136; baseline 0 -20"><span class='ocrx_word' id='word_1_675' title='bbox 259 5079 418 5136; x_wconf 83' lang='lat' dir='ltr'><strong>gnum</strong></span> <span class='ocrx_word' id='word_1_676' title='bbox 461 5068 517 5116; x_wconf 92' lang='lat' dir='ltr'><strong>et</strong></span> <span class='ocrx_word' id='word_1_677' title='bbox 548 5061 755 5130; x_wconf 89' lang='lat' dir='ltr'><strong>justum</strong></span> <span class='ocrx_word' id='word_1_678' title='bbox 811 5067 918 5127; x_wconf 89' lang='lat' dir='ltr'><strong>est,</strong></span> <span class='ocrx_word' id='word_1_679' title='bbox 967 5075 1188 5132; x_wconf 68' lang='lat' dir='ltr'><strong>aequum</strong></span> <span class='ocrx_word' id='word_1_680' title='bbox 1215 5069 1270 5115; x_wconf 92' lang='lat' dir='ltr'><strong>et</strong></span> <span class='ocrx_word' id='word_1_681' title='bbox 1298 5061 1540 5116; x_wconf 88' lang='lat' dir='ltr'><strong>salutare</strong></span> <span class='ocrx_word' id='word_1_682' title='bbox 1563 5061 1676 5116; x_wconf 90' lang='lat' dir='ltr'><strong>Deo</strong></span> <span class='ocrx_word' id='word_1_683' title='bbox 1728 5059 1868 5116; x_wconf 89' lang='lat' dir='ltr'><strong>Patri</strong></span> 
     </span>
    </p>
   </div>
   <div class='ocr_carea' id='block_1_98' title="bbox 259 5148 1864 5225">
    <p class='ocr_par' dir='ltr' id='par_1_98' title="bbox 259 5148 1864 5225">
     <span class='ocr_line' id='line_1_99' title="bbox 259 5148 1864 5225; baseline -0.003 -19"><span class='ocrx_word' id='word_1_684' title='bbox 259 5152 450 5225; x_wconf 84' lang='lat' dir='ltr'><strong>gratias</strong></span> <span class='ocrx_word' id='word_1_685' title='bbox 487 5166 671 5223; x_wconf 79' lang='lat' dir='ltr'><strong>agere,</strong></span> <span class='ocrx_word' id='word_1_686' title='bbox 733 5159 788 5204; x_wconf 92' lang='lat' dir='ltr'><strong>et</strong></span> <span class='ocrx_word' id='word_1_687' title='bbox 839 5165 962 5206; x_wconf 92' lang='lat' dir='ltr'><strong>cum</strong></span> <span class='ocrx_word' id='word_1_688' title='bbox 1034 5149 1292 5204; x_wconf 88' lang='lat' dir='ltr'><strong>laudibus</strong></span> <span class='ocrx_word' id='word_1_689' title='bbox 1339 5150 1607 5224; x_wconf 81' lang='lat' dir='ltr'><strong>angelicis</strong></span> <span class='ocrx_word' id='word_1_690' title='bbox 1657 5148 1864 5221; x_wconf 88' lang='lat' dir='ltr'><strong>precati</strong></span> 
     </span>
    </p>
   </div>
   <div class='ocr_carea' id='block_1_99' title="bbox 261 5241 1162 5299">
    <p class='ocr_par' dir='ltr' id='par_1_99' title="bbox 261 5241 1162 5299">
     <span class='ocr_line' id='line_1_100' title="bbox 261 5241 1162 5299; baseline 0 -3"><span class='ocrx_word' id='word_1_691' title='bbox 261 5259 440 5297; x_wconf 86' lang='lat' dir='ltr'><strong>sumus</strong></span> <span class='ocrx_word' id='word_1_692' title='bbox 465 5249 682 5298; x_wconf 88' lang='lat' dir='ltr'><strong>nostras</strong></span> <span class='ocrx_word' id='word_1_693' title='bbox 719 5257 888 5299; x_wconf 89' lang='lat' dir='ltr'><strong>voces</strong></span> <span class='ocrx_word' id='word_1_694' title='bbox 925 5241 1162 5297; x_wconf 89' lang='lat' dir='ltr'><strong>admitti.</strong></span> 
     </span>
    </p>
   </div>
   <div class='ocr_carea' id='block_1_100' title="bbox 325 5327 1864 5401">
    <p class='ocr_par' dir='ltr' id='par_1_100' title="bbox 325 5327 1864 5401">
     <span class='ocr_line' id='line_1_101' title="bbox 325 5327 1864 5401; baseline -0.002 -15"><span class='ocrx_word' id='word_1_695' title='bbox 325 5333 428 5386; x_wconf 82' lang='lat' dir='ltr'><strong>Pro</strong></span> <span class='ocrx_word' id='word_1_696' title='bbox 479 5347 535 5386; x_wconf 88' lang='lat' dir='ltr'><strong>se</strong></span> <span class='ocrx_word' id='word_1_697' title='bbox 590 5334 810 5401; x_wconf 80' lang='lat' dir='ltr'><strong>suisque</strong></span> <span class='ocrx_word' id='word_1_698' title='bbox 859 5331 1134 5396; x_wconf 85' lang='lat' dir='ltr'><strong>omnibus;</strong></span> <span class='ocrx_word' id='word_1_699' title='bbox 1185 5343 1284 5400; x_wconf 93' lang='lat' dir='ltr'><strong>pro</strong></span> <span class='ocrx_word' id='word_1_700' title='bbox 1346 5328 1511 5384; x_wconf 91' lang='lat' dir='ltr'><strong>nobis</strong></span> <span class='ocrx_word' id='word_1_701' title='bbox 1562 5327 1864 5394; x_wconf 78' lang='lat' dir='ltr'><strong>offerimus,</strong></span> 
     </span>
    </p>
   </div>
   <div class='ocr_carea' id='block_1_101' title="bbox 263 5417 1867 5493">
    <p class='ocr_par' dir='ltr' id='par_1_101' title="bbox 263 5417 1867 5493">
     <span class='ocr_line' id='line_1_102' title="bbox 263 5417 1867 5493; baseline -0.002 -18"><span class='ocrx_word' id='word_1_702' title='bbox 263 5419 474 5493; x_wconf 90' lang='lat' dir='ltr'><strong>quando</strong></span> <span class='ocrx_word' id='word_1_703' title='bbox 520 5419 792 5474; x_wconf 88' lang='lat' dir='ltr'><strong>sacrificio</strong></span> <span class='ocrx_word' id='word_1_704' title='bbox 844 5419 1122 5488; x_wconf 90' lang='lat' dir='ltr'><strong>poscimus</strong></span> <span class='ocrx_word' id='word_1_705' title='bbox 1167 5419 1336 5473; x_wconf 91' lang='lat' dir='ltr'><strong>Deum</strong></span> <span class='ocrx_word' id='word_1_706' title='bbox 1395 5417 1618 5484; x_wconf 88' lang='lat' dir='ltr'><strong>habere,</strong></span> <span class='ocrx_word' id='word_1_707' title='bbox 1679 5425 1735 5472; x_wconf 91' lang='lat' dir='ltr'><strong>et</strong></span> <span class='ocrx_word' id='word_1_708' title='bbox 1775 5425 1867 5473; x_wconf 90' lang='lat' dir='ltr'><strong>tu-</strong></span> 
     </span>
    </p>
   </div>
   <div class='ocr_carea' id='block_1_102' title="bbox 263 5505 1869 5578">
    <p class='ocr_par' dir='ltr' id='par_1_102' title="bbox 263 5505 1869 5578">
     <span class='ocr_line' id='line_1_103' title="bbox 263 5505 1869 5578; baseline -0.002 -13"><span class='ocrx_word' id='word_1_709' title='bbox 263 5515 425 5565; x_wconf 91' lang='lat' dir='ltr'><strong>torem</strong></span> <span class='ocrx_word' id='word_1_710' title='bbox 464 5516 656 5564; x_wconf 89' lang='lat' dir='ltr'><strong>contra</strong></span> <span class='ocrx_word' id='word_1_711' title='bbox 686 5507 934 5578; x_wconf 85' lang='lat' dir='ltr'><strong>pericula</strong></span> <span class='ocrx_word' id='word_1_712' title='bbox 964 5507 1216 5578; x_wconf 87' lang='lat' dir='ltr'><strong>corporis</strong></span> <span class='ocrx_word' id='word_1_713' title='bbox 1271 5513 1328 5562; x_wconf 89' lang='lat' dir='ltr'><strong>et</strong></span> <span class='ocrx_word' id='word_1_714' title='bbox 1378 5505 1596 5573; x_wconf 80' lang='lat' dir='ltr'><strong>animae,</strong></span> <span class='ocrx_word' id='word_1_715' title='bbox 1629 5513 1685 5561; x_wconf 91' lang='lat' dir='ltr'><strong>et</strong></span> <span class='ocrx_word' id='word_1_716' title='bbox 1739 5521 1869 5576; x_wconf 91' lang='lat' dir='ltr'><strong>pro-</strong></span> 
     </span>
    </p>
   </div>
   <div class='ocr_carea' id='block_1_103' title="bbox 267 5593 1870 5669">
    <p class='ocr_par' dir='ltr' id='par_1_103' title="bbox 267 5593 1870 5669">
     <span class='ocr_line' id='line_1_104' title="bbox 267 5593 1870 5669; baseline -0.002 -15"><span class='ocrx_word' id='word_1_717' title='bbox 267 5599 448 5669; x_wconf 88' lang='lat' dir='ltr'><strong>pitium</strong></span> <span class='ocrx_word' id='word_1_718' title='bbox 504 5596 574 5652; x_wconf 90' lang='lat' dir='ltr'><strong>ad</strong></span> <span class='ocrx_word' id='word_1_719' title='bbox 623 5595 960 5654; x_wconf 87' lang='lat' dir='ltr'><strong>obtinendos</strong></span> <span class='ocrx_word' id='word_1_720' title='bbox 1031 5611 1324 5652; x_wconf 85' lang='lat' dir='ltr'><strong>successus</strong></span> <span class='ocrx_word' id='word_1_721' title='bbox 1387 5595 1566 5651; x_wconf 87' lang='lat' dir='ltr'><strong>bonos</strong></span> <span class='ocrx_word' id='word_1_722' title='bbox 1631 5593 1686 5648; x_wconf 91' lang='lat' dir='ltr'><strong>in</strong></span> <span class='ocrx_word' id='word_1_723' title='bbox 1749 5600 1870 5650; x_wconf 89' lang='lat' dir='ltr'><strong>utra</strong></span> 
     </span>
    </p>
   </div>
   <div class='ocr_carea' id='block_1_104' title="bbox 1957 4411 3572 4484">
    <p class='ocr_par' dir='ltr' id='par_1_104' title="bbox 1957 4411 3572 4484">
     <span class='ocr_line' id='line_1_105' title="bbox 1957 4411 3572 4484; baseline 0.001 -13"><span class='ocrx_word' id='word_1_724' title='bbox 1957 4416 2056 4484; x_wconf 86' lang='lat' dir='ltr'><strong>Qui</strong></span> <span class='ocrx_word' id='word_1_725' title='bbox 2095 4414 2244 4470; x_wconf 90' lang='lat' dir='ltr'><strong>enim</strong></span> <span class='ocrx_word' id='word_1_726' title='bbox 2292 4411 2541 4468; x_wconf 89' lang='lat' dir='ltr'><strong>membra</strong></span> <span class='ocrx_word' id='word_1_727' title='bbox 2573 4411 2766 4466; x_wconf 87' lang='lat' dir='ltr'><strong>Christi</strong></span> <span class='ocrx_word' id='word_1_728' title='bbox 2823 4427 2930 4467; x_wconf 90' lang='lat' dir='ltr'><strong>non</strong></span> <span class='ocrx_word' id='word_1_729' title='bbox 2985 4414 3238 4480; x_wconf 89' lang='lat' dir='ltr'><strong>honorat,</strong></span> <span class='ocrx_word' id='word_1_730' title='bbox 3282 4415 3385 4472; x_wconf 77' lang='lat' dir='ltr'><strong>nec</strong></span> <span class='ocrx_word' id='word_1_731' title='bbox 3421 4415 3572 4472; x_wconf 88' lang='lat' dir='ltr'><strong>Chri-</strong></span> 
     </span>
    </p>
   </div>
   <div class='ocr_carea' id='block_1_105' title="bbox 1959 4500 3574 4576">
    <p class='ocr_par' dir='ltr' id='par_1_105' title="bbox 1959 4500 3574 4576">
     <span class='ocr_line' id='line_1_106' title="bbox 1959 4500 3574 4576; baseline 0.002 -20"><span class='ocrx_word' id='word_1_732' title='bbox 1959 4507 2125 4564; x_wconf 89' lang='lat' dir='ltr'><strong>stum,</strong></span> <span class='ocrx_word' id='word_1_733' title='bbox 2159 4500 2255 4572; x_wconf 88' lang='lat' dir='ltr'><strong>qui</strong></span> <span class='ocrx_word' id='word_1_734' title='bbox 2295 4508 2461 4571; x_wconf 89' lang='lat' dir='ltr'><strong>caput</strong></span> <span class='ocrx_word' id='word_1_735' title='bbox 2506 4507 2611 4566; x_wconf 89' lang='lat' dir='ltr'><strong>est,</strong></span> <span class='ocrx_word' id='word_1_736' title='bbox 2655 4501 2930 4556; x_wconf 89' lang='lat' dir='ltr'><strong>honorare</strong></span> <span class='ocrx_word' id='word_1_737' title='bbox 2984 4510 3188 4573; x_wconf 88' lang='lat' dir='ltr'><strong>potest.</strong></span> <span class='ocrx_word' id='word_1_738' title='bbox 3232 4505 3295 4560; x_wconf 82' lang='lat' dir='ltr'><strong>Et</strong></span> <span class='ocrx_word' id='word_1_739' title='bbox 3325 4507 3419 4576; x_wconf 90' lang='lat' dir='ltr'><strong>qui</strong></span> <span class='ocrx_word' id='word_1_740' title='bbox 3463 4521 3574 4562; x_wconf 91' lang='lat' dir='ltr'><strong>non</strong></span> 
     </span>
    </p>
   </div>
   <div class='ocr_carea' id='block_1_106' title="bbox 1962 4588 3572 4662">
    <p class='ocr_par' dir='ltr' id='par_1_106' title="bbox 1962 4588 3572 4662">
     <span class='ocr_line' id='line_1_107' title="bbox 1962 4588 3572 4662; baseline 0.004 -18"><span class='ocrx_word' id='word_1_741' title='bbox 1962 4591 2192 4647; x_wconf 89' lang='lat' dir='ltr'><strong>honorat</strong></span> <span class='ocrx_word' id='word_1_742' title='bbox 2213 4588 2434 4654; x_wconf 87' lang='lat' dir='ltr'><strong>Filium,</strong></span> <span class='ocrx_word' id='word_1_743' title='bbox 2462 4603 2574 4644; x_wconf 92' lang='lat' dir='ltr'><strong>non</strong></span> <span class='ocrx_word' id='word_1_744' title='bbox 2622 4588 2855 4644; x_wconf 90' lang='lat' dir='ltr'><strong>honorat</strong></span> <span class='ocrx_word' id='word_1_745' title='bbox 2895 4589 3048 4644; x_wconf 91' lang='lat' dir='ltr'><strong>illum</strong></span> <span class='ocrx_word' id='word_1_746' title='bbox 3081 4591 3174 4662; x_wconf 91' lang='lat' dir='ltr'><strong>qui</strong></span> <span class='ocrx_word' id='word_1_747' title='bbox 3217 4591 3367 4648; x_wconf 84' lang='lat' dir='ltr'><strong>misit</strong></span> <span class='ocrx_word' id='word_1_748' title='bbox 3397 4594 3572 4650; x_wconf 89' lang='lat' dir='ltr'><strong>illum.</strong></span> 
     </span>
    </p>
   </div>
   <div class='ocr_carea' id='block_1_107' title="bbox 1961 4677 3579 4752">
    <p class='ocr_par' dir='ltr' id='par_1_107' title="bbox 1961 4677 3579 4752">
     <span class='ocr_line' id='line_1_108' title="bbox 1961 4677 3579 4752; baseline 0.002 -18"><span class='ocrx_word' id='word_1_749' title='bbox 1961 4679 2304 4736; x_wconf 82' lang='lat' dir='ltr'><strong>Honoremus</strong></span> <span class='ocrx_word' id='word_1_750' title='bbox 2331 4693 2463 4752; x_wconf 81' lang='lat' dir='ltr'><strong>ergo</strong></span> <span class='ocrx_word' id='word_1_751' title='bbox 2494 4687 2659 4748; x_wconf 90' lang='lat' dir='ltr'><strong>caput</strong></span> <span class='ocrx_word' id='word_1_752' title='bbox 2687 4677 2745 4731; x_wconf 91' lang='lat' dir='ltr'><strong>in</strong></span> <span class='ocrx_word' id='word_1_753' title='bbox 2771 4677 3056 4739; x_wconf 86' lang='lat' dir='ltr'><strong>membris,</strong></span> <span class='ocrx_word' id='word_1_754' title='bbox 3087 4679 3256 4735; x_wconf 91' lang='lat' dir='ltr'><strong>Deum</strong></span> <span class='ocrx_word' id='word_1_755' title='bbox 3289 4681 3346 4735; x_wconf 91' lang='lat' dir='ltr'><strong>in</strong></span> <span class='ocrx_word' id='word_1_756' title='bbox 3375 4683 3579 4739; x_wconf 87' lang='lat' dir='ltr'><strong>sanctis</strong></span> 
     </span>
    </p>
   </div>
   <div class='ocr_carea' id='block_1_108' title="bbox 1962 4769 3578 4842">
    <p class='ocr_par' dir='ltr' id='par_1_108' title="bbox 1962 4769 3578 4842">
     <span class='ocr_line' id='line_1_109' title="bbox 1962 4769 3578 4842; baseline 0.002 -16"><span class='ocrx_word' id='word_1_757' title='bbox 1962 4772 2097 4838; x_wconf 91' lang='lat' dir='ltr'><strong>suis,</strong></span> <span class='ocrx_word' id='word_1_758' title='bbox 2149 4779 2208 4826; x_wconf 91' lang='lat' dir='ltr'><strong>ut</strong></span> <span class='ocrx_word' id='word_1_759' title='bbox 2262 4784 2453 4825; x_wconf 88' lang='lat' dir='ltr'><strong>eorum</strong></span> <span class='ocrx_word' id='word_1_760' title='bbox 2508 4769 2718 4824; x_wconf 89' lang='lat' dir='ltr'><strong>meritis</strong></span> <span class='ocrx_word' id='word_1_761' title='bbox 2758 4769 3148 4842; x_wconf 84' lang='lat' dir='ltr'><strong>precibusque,</strong></span> <span class='ocrx_word' id='word_1_762' title='bbox 3219 4773 3274 4826; x_wconf 91' lang='lat' dir='ltr'><strong>in</strong></span> <span class='ocrx_word' id='word_1_763' title='bbox 3319 4774 3578 4829; x_wconf 91' lang='lat' dir='ltr'><strong>omnibus</strong></span> 
     </span>
    </p>
   </div>
   <div class='ocr_carea' id='block_1_109' title="bbox 1964 4860 3144 4934">
    <p class='ocr_par' dir='ltr' id='par_1_109' title="bbox 1964 4860 3144 4934">
     <span class='ocr_line' id='line_1_110' title="bbox 1964 4860 3144 4934; baseline 0.001 -17"><span class='ocrx_word' id='word_1_764' title='bbox 1964 4861 2323 4934; x_wconf 88' lang='lat' dir='ltr'><strong>protectionis</strong></span> <span class='ocrx_word' id='word_1_765' title='bbox 2347 4860 2551 4916; x_wconf 70' lang='lat' dir='ltr'><strong>divinae</strong></span> <span class='ocrx_word' id='word_1_766' title='bbox 2577 4861 2892 4916; x_wconf 89' lang='lat' dir='ltr'><strong>muniamur</strong></span> <span class='ocrx_word' id='word_1_767' title='bbox 2921 4862 3144 4918; x_wconf 83' lang='lat' dir='ltr'><strong>auxilio.</strong></span> 
     </span>
    </p>
   </div>
   <div class='ocr_carea' id='block_1_110' title="bbox 2038 4956 3580 5030">
    <p class='ocr_par' dir='ltr' id='par_1_110' title="bbox 2038 4956 3580 5030">
     <span class='ocr_line' id='line_1_111' title="bbox 2038 4956 3580 5030; baseline 0.005 -21"><span class='ocrx_word' id='word_1_768' title='bbox 2038 4957 2102 5010; x_wconf 86' lang='lat' dir='ltr'><strong>In</strong></span> <span class='ocrx_word' id='word_1_769' title='bbox 2109 4957 2307 5026; x_wconf 85' lang='lat' dir='ltr'><strong>primis</strong></span> <span class='ocrx_word' id='word_1_770' title='bbox 2319 4956 2584 5022; x_wconf 68' lang='lat' dir='ltr'><strong>gloriosa,</strong></span> <span class='ocrx_word' id='word_1_771' title='bbox 2599 4961 2699 5009; x_wconf 92' lang='lat' dir='ltr'><strong>etc.</strong></span> <span class='ocrx_word' id='word_1_772' title='bbox 2711 4997 2728 5019; x_wconf 89' lang='lat'><strong>,</strong></span> <span class='ocrx_word' id='word_1_773' title='bbox 2745 4970 2918 5026; x_wconf 90' lang='lat' dir='ltr'><strong>usque</strong></span> <span class='ocrx_word' id='word_1_774' title='bbox 2929 4958 3246 5012; x_wconf 81' lang='lat' dir='ltr'><strong>Muniamur</strong></span> <span class='ocrx_word' id='word_1_775' title='bbox 3261 4959 3474 5014; x_wconf 74' lang='lat' dir='ltr'><strong>aumilio</strong></span> <span class='ocrx_word' id='word_1_776' title='bbox 3483 4976 3580 5030; x_wconf 84' lang='lat' dir='ltr'><strong>per</strong></span> 
     </span>
    </p>
   </div>
   <div class='ocr_carea' id='block_1_111' title="bbox 1969 5043 3580 5108">
    <p class='ocr_par' dir='ltr' id='par_1_111' title="bbox 1969 5043 3580 5108">
     <span class='ocr_line' id='line_1_112' title="bbox 1969 5043 3580 5108; baseline 0.006 -9"><span class='ocrx_word' id='word_1_777' title='bbox 1969 5045 2214 5100; x_wconf 84' lang='lat' dir='ltr'><strong>eumdem</strong></span> <span class='ocrx_word' id='word_1_778' title='bbox 2233 5043 2508 5099; x_wconf 83' lang='lat' dir='ltr'><strong>Christum</strong></span> <span class='ocrx_word' id='word_1_779' title='bbox 2538 5047 2827 5099; x_wconf 82' lang='lat' dir='ltr'><strong>Dominum</strong></span> <span class='ocrx_word' id='word_1_780' title='bbox 2853 5050 3113 5100; x_wconf 85' lang='lat' dir='ltr'><strong>nostrum.</strong></span> <span class='ocrx_word' id='word_1_781' title='bbox 3147 5047 3209 5100; x_wconf 92' lang='lat' dir='ltr'><strong>ln</strong></span> <span class='ocrx_word' id='word_1_782' title='bbox 3224 5049 3580 5108; x_wconf 87' lang='lat' dir='ltr'><strong>veneratione</strong></span> 
     </span>
    </p>
   </div>
   <div class='ocr_carea' id='block_1_112' title="bbox 1969 5131 3582 5204">
    <p class='ocr_par' dir='ltr' id='par_1_112' title="bbox 1969 5131 3582 5204">
     <span class='ocr_line' id='line_1_113' title="bbox 1969 5131 3582 5204; baseline 0 -16"><span class='ocrx_word' id='word_1_783' title='bbox 1969 5141 2281 5188; x_wconf 89' lang='lat' dir='ltr'><strong>sanctorum</strong></span> <span class='ocrx_word' id='word_1_784' title='bbox 2325 5132 2445 5188; x_wconf 60' lang='lat' dir='ltr'><strong>haec</strong></span> <span class='ocrx_word' id='word_1_785' title='bbox 2475 5132 2612 5187; x_wconf 90' lang='lat' dir='ltr'><strong>ratio</strong></span> <span class='ocrx_word' id='word_1_786' title='bbox 2637 5131 2999 5188; x_wconf 89' lang='lat' dir='ltr'><strong>custodienda</strong></span> <span class='ocrx_word' id='word_1_787' title='bbox 3029 5142 3132 5197; x_wconf 89' lang='lat' dir='ltr'><strong>est,</strong></span> <span class='ocrx_word' id='word_1_788' title='bbox 3173 5141 3233 5188; x_wconf 90' lang='lat' dir='ltr'><strong>ut</strong></span> <span class='ocrx_word' id='word_1_789' title='bbox 3261 5135 3494 5204; x_wconf 89' lang='lat' dir='ltr'><strong>primum</strong></span> <span class='ocrx_word' id='word_1_790' title='bbox 3527 5141 3582 5188; x_wconf 91' lang='lat' dir='ltr'><strong>et</strong></span> 
     </span>
    </p>
   </div>
   <div class='ocr_carea' id='block_1_113' title="bbox 1969 5221 3581 5293">
    <p class='ocr_par' dir='ltr' id='par_1_113' title="bbox 1969 5221 3581 5293">
     <span class='ocr_line' id='line_1_114' title="bbox 1969 5221 3581 5293; baseline 0 -17"><span class='ocrx_word' id='word_1_791' title='bbox 1969 5238 2140 5293; x_wconf 89' lang='lat' dir='ltr'><strong>super</strong></span> <span class='ocrx_word' id='word_1_792' title='bbox 2167 5237 2364 5278; x_wconf 88' lang='lat' dir='ltr'><strong>omnes</strong></span> <span class='ocrx_word' id='word_1_793' title='bbox 2395 5221 2553 5276; x_wconf 87' lang='lat' dir='ltr'><strong>beata</strong></span> <span class='ocrx_word' id='word_1_794' title='bbox 2581 5221 2678 5276; x_wconf 91' lang='lat' dir='ltr'><strong>Dei</strong></span> <span class='ocrx_word' id='word_1_795' title='bbox 2705 5221 2950 5276; x_wconf 78' lang='lat' dir='ltr'><strong>Genitrix</strong></span> <span class='ocrx_word' id='word_1_796' title='bbox 2981 5223 3301 5284; x_wconf 87' lang='lat' dir='ltr'><strong>honoretur,</strong></span> <span class='ocrx_word' id='word_1_797' title='bbox 3335 5223 3581 5279; x_wconf 90' lang='lat' dir='ltr'><strong>secundo</strong></span> 
     </span>
    </p>
   </div>
   <div class='ocr_carea' id='block_1_114' title="bbox 1969 5313 3580 5386">
    <p class='ocr_par' dir='ltr' id='par_1_114' title="bbox 1969 5313 3580 5386">
     <span class='ocr_line' id='line_1_115' title="bbox 1969 5313 3580 5386; baseline -0.001 -17"><span class='ocrx_word' id='word_1_798' title='bbox 1969 5313 2226 5386; x_wconf 88' lang='lat' dir='ltr'><strong>apostoli,</strong></span> <span class='ocrx_word' id='word_1_799' title='bbox 2285 5313 2446 5369; x_wconf 88' lang='lat' dir='ltr'><strong>tertio</strong></span> <span class='ocrx_word' id='word_1_800' title='bbox 2511 5313 2686 5368; x_wconf 90' lang='lat' dir='ltr'><strong>sancti</strong></span> <span class='ocrx_word' id='word_1_801' title='bbox 2745 5321 3032 5386; x_wconf 90' lang='lat' dir='ltr'><strong>martyres,</strong></span> <span class='ocrx_word' id='word_1_802' title='bbox 3083 5314 3214 5370; x_wconf 91' lang='lat' dir='ltr'><strong>inde</strong></span> <span class='ocrx_word' id='word_1_803' title='bbox 3269 5315 3360 5368; x_wconf 91' lang='lat' dir='ltr'><strong>alii</strong></span> <span class='ocrx_word' id='word_1_804' title='bbox 3407 5315 3580 5370; x_wconf 86' lang='lat' dir='ltr'><strong>sancti</strong></span> 
     </span>
    </p>
   </div>
   <div class='ocr_carea' id='block_1_115' title="bbox 1969 5422 2182 5463">
    <p class='ocr_par' dir='ltr' id='par_1_115' title="bbox 1969 5422 2182 5463">
     <span class='ocr_line' id='line_1_116' title="bbox 1969 5422 2182 5463; baseline -0.028 0"><span class='ocrx_word' id='word_1_805' title='bbox 1969 5422 2182 5463; x_wconf 89' lang='lat' dir='ltr'><strong>omnes.</strong></span> 
     </span>
    </p>
   </div>
   <div class='ocr_carea' id='block_1_116' title="bbox 2039 5496 3580 5565">
    <p class='ocr_par' dir='ltr' id='par_1_116' title="bbox 2039 5496 3580 5565">
     <span class='ocr_line' id='line_1_117' title="bbox 2039 5496 3580 5565; baseline 0 -13"><span class='ocrx_word' id='word_1_806' title='bbox 2039 5500 2196 5552; x_wconf 85' lang='lat' dir='ltr'><strong>Hanc</strong></span> <span class='ocrx_word' id='word_1_807' title='bbox 2221 5499 2395 5565; x_wconf 81' lang='lat' dir='ltr'><strong>igitur</strong></span> <span class='ocrx_word' id='word_1_808' title='bbox 2420 5497 2760 5552; x_wconf 80' lang='lat' dir='ltr'><strong>oblationem.</strong></span> <span class='ocrx_word' id='word_1_809' title='bbox 2805 5496 2944 5560; x_wconf 83' lang='lat' dir='ltr'><strong>Quia</strong></span> <span class='ocrx_word' id='word_1_810' title='bbox 2982 5497 3087 5552; x_wconf 87' lang='lat' dir='ltr'><strong>hoc</strong></span> <span class='ocrx_word' id='word_1_811' title='bbox 3112 5497 3438 5554; x_wconf 88' lang='lat' dir='ltr'><strong>sacriﬁcium</strong></span> <span class='ocrx_word' id='word_1_812' title='bbox 3480 5497 3580 5554; x_wconf 90' lang='lat' dir='ltr'><strong>tibi</strong></span> 
     </span>
    </p>
   </div>
   <div class='ocr_carea' id='block_1_117' title="bbox 1968 5589 3585 5662">
    <p class='ocr_par' dir='ltr' id='par_1_117' title="bbox 1968 5589 3585 5662">
     <span class='ocr_line' id='line_1_118' title="bbox 1968 5589 3585 5662; baseline -0.003 -11"><span class='ocrx_word' id='word_1_813' title='bbox 1968 5593 2250 5652; x_wconf 70' lang='lat' dir='ltr'><strong>offerimus</strong></span> <span class='ocrx_word' id='word_1_814' title='bbox 2277 5592 2336 5646; x_wconf 89' lang='lat' dir='ltr'><strong>in</strong></span> <span class='ocrx_word' id='word_1_815' title='bbox 2392 5604 2626 5661; x_wconf 89' lang='lat' dir='ltr'><strong>corpore</strong></span> <span class='ocrx_word' id='word_1_816' title='bbox 2677 5589 2932 5647; x_wconf 63' lang='lat' dir='ltr'><strong>Ecclesia:</strong></span> <span class='ocrx_word' id='word_1_817' title='bbox 2992 5592 3478 5662; x_wconf 87' lang='lat' dir='ltr'><strong>communicando,</strong></span> <span class='ocrx_word' id='word_1_818' title='bbox 3528 5601 3585 5648; x_wconf 91' lang='lat' dir='ltr'><strong>et</strong></span> 
     </span>
    </p>
   </div>
  </div>
