3912 6044
395 247 536 303 1059
1655 234 1690 285 Β
1754 227 1989 284 ODONIS

2122 226 2271 281 “ER.
2316 226 2516 282 EPlSC.

401 373 723 429 memoriam
778 374 1093 424 sanctorum
1125 362 1463 420 venerando.
1498 362 1667 433 Igitur
1709 361 1848 415 hanc
1868 357 2015 414 obla—
2042 364 2091 428 Α
2113 352 2439 421 subluceat,
2479 368 2591 409 non
2622 361 2752 409 sunt
2791 360 2974 408 tamen
3030 355 3217 410 omnia
3252 354 3358 410 nisi
3392 372 3569 410 unum
3598 364 3663 411 et
3710 356 3759 407 id

401 466 631 530 tionem,
667 477 973 533 precamur,
1019 467 1079 513 ut
1106 459 1355 528 placatus
1381 457 1655 525 accipias:
1712 459 1770 506 ut
1806 450 2016 505 scilicet
2117 440 2295 533 ipsum
2340 441 2601 533 verbum;
2657 450 2712 498 et
2738 442 2990 514 quamvis
3016 442 3091 497 ibi
3137 451 3371 499 estvera
3401 451 3457 500 ct
3480 443 3765 516 periecla-

3614 229 3767 283 meo

400 556 444 611 si
477 554 720 625 peccatis
752 551 954 607 nostris
976 548 1368 621 prmpedimur,
1399 544 1786 601 communione
1825 543 2015 598 saltem

403 650 605 698 sanctae
619 641 873 697 Ecclesiae
890 647 945 695 et
961 645 1273 694 sanctorum
1294 642 1513 691 tuorum
1535 633 1892 690 veneratione
1912 634 2022 703 pla-

403 734 624 791 cerisad
647 732 1031 805 accipiendum
1064 732 1213 803 quod
1244 730 1345 785 tibi
1372 728 1657 785 oﬁ‘erimus
1672 727 2021 784 sacriﬁcium.

481 824 790 889 Servitutis,
844 821 898 875 id
939 829 1023 876 est
1058 819 1212 884 cleri,
1268 818 1364 872 tibi
1423 818 1537 889 (qui
1596 816 1898 873 secundum
1932 831 2024 871 ac-

404 919 599 984 ceptos
628 910 832 984 gradus
864 910 919 964 in
952 910 1055 963 hac
1082 907 1365 964 oblatione
1397 905 1652 961 sacriﬁcii
1701 904 2020 971 servimus).

477 1001 583 1057 Sed
621 1004 671 1054 et
702 1003 908 1054 cuncta
935 998 1165 1065 familice
1194 1001 1321 1057 tuae,
1353 994 1406 1048 id
1439 1001 1523 1048 est
1560 993 1729 1049 totius
1758 993 2019 1047 assisten-

406 1092 478 1146 tis
509 1089 774 1145 collectae.
832 1086 1070 1142 Solitarii
1116 1086 1195 1140 sic
1233 1084 1551 1156 intelligunt
1600 1081 1880 1137 servitutis
1921 1095 2021 1136 no-

408 1189 557 1246 strae,
590 1179 644 1232 id
666 1185 748 1233 est
796 1192 882 1232 me
912 1192 1033 1231 cum
1066 1190 1187 1229 meo
1248 1174 1521 1229 ministro.
1577 1171 1685 1227 Sed
1724 1178 1775 1225 et
1806 1177 2019 1226 cunctae

404 1271 631 1327 familia:
663 1280 790 1335 tute,
824 1269 880 1323 id
908 1276 990 1323 est
1013 1274 1225 1323 cuncta
1246 1265 1521 1321 Ecclesiae.

475 1364 808 1430 Quaesumus,
832 1363 1071 1427 Domine,
1091 1367 1220 1427 etc.,
1247 1374 1424 1430 usque
1454 1357 1530 1411 ibi
1552 1371 1708 1425 grege
1736 1359 2021 1411 munerari

399 1472 502 1526 per
544 1456 817 1511 Christum
839 1456 1119 1508 Dominum
1149 1455 1409 1507 nostrum.

473 1547 702 1613 Diesque
747 1547 957 1597 nostros
984 1544 1045 1595 in
1084 1544 1175 1595 tua
1214 1555 1345 1609 pace
1403 1539 1680 1608 disponas.
1726 1536 2017 1611 Signanter

400 1644 494 1690 tua
523 1635 723 1706 posuit.
784 1633 873 1687 Est
916 1632 1062 1687 enim
1108 1648 1212 1702 pax
1268 1631 1482 1698 mundi,
1514 1638 1597 1684 est
1628 1636 1683 1683 et
1734 1644 1835 1698 pax
1894 1627 2009 1681 Dei.
2040 1672 2089 1740 Β

403 1728 508 1781 Pax
538 1725 728 1780 mundi
776 1723 1004 1785 inutilis,
1047 1739 1150 1793 pax
1197 1722 1290 1777 Dei
1321 1721 1575 1777 salubris.
1636 1720 1830 1774 Pacem
1877 1733 2013 1773 con-

400 1818 577 1873 stituit
616 1816 878 1881 mundus,
938 1822 997 1869 ut
1049 1814 1224 1869 libere
1262 1814 1425 1869 liceat
1477 1814 1554 1868 uti
1615 1813 2010 1883 voluptatibus.

402 1908 593 1963 Pacem
617 1908 710 1961 dat
747 1905 950 1960 sanctis
978 1905 1144 1967 Deus,
1179 1910 1239 1959 ut
1277 1903 1553 1958 mandatis
1584 1903 1780 1958 intenti
1814 1902 2015 1957 divinis

399 2010 611 2058 secreta
641 2002 898 2058 studeant
926 2000 1248 2056 virtutibus.

887 2092 1139 2147 TEXTUS
1199 2090 1504 2146 CANONIS.

928 2197 1219 2237 DISTINCTIO
1264 2198 1472 2235 TERTIA.

466 2272 637 2339 Quam
674 2272 989 2326 oblationem
1010 2275 1091 2338 tu,
1112 2274 1269 2338 Deus,
1304 2273 1360 2326 in
1387 2271 1661 2338 omnibus,
1686 2286 2009 2343 qumsumus.

398 2364 724 2430 benedictus,
764 2366 1079 2433 ascriptum,
1119 2367 1317 2429 ratam,
1352 2366 1733 2420 rationabilem
1762 2370 2012 2435 accepta-

402 2457 659 2528 bilcmque
695 2458 877 2524 facere
903 2457 1142 2524 digneris
1166 2474 1180 2522 ;
1211 2461 1272 2511 ut
1296 2458 1450 2512 nobis
1478 2472 1672 2527 corpus
1711 2462 1760 2513 et
1789 2459 2017 2526 sanguis

402 2551 502 2617 ﬁat
538 2550 875 2604 dilectissimi
893 2549 1019 2603 Filii
1047 2551 1147 2615 tui,
1182 2551 1398 2604 Domini
1424 2551 1599 2604 nostri
1625 2552 1751 2604 Jesu
1794 2549 2013 2604 Christi.

828 2654 1105 2694 EXPOSITIO
1152 2655 1341 2694 DONINI
1374 2654 1588 2695 ODONIS.

475 2730 532 2783 ln
557 2728 937 2800 superioribus
969 2729 1234 2799 periodis,
1257 2730 1432 2800 prima
1447 2729 1729 2785 seilicetet
1747 2730 2011 2793 secunda,

393 2820 674 2876 oravimus
731 2836 829 2891 pro
883 2820 1141 2884 Ecclesia,
1190 2835 1287 2890 pro
1348 2818 1476 2874 ﬁdei
1529 2820 1859 2887 cultoribus,
1912 2836 2011 2892 pro

392 2918 604 2967 astante
632 2911 882 2967 collecta.
929 2910 1051 2965 Haec
1079 2910 1241 2965 tertia
1280 2911 1542 2980 periodus
1573 2927 1738 2982 quam
1764 2911 2013 2986 ingredi-

2118 532 2320 597 unitas,
2354 531 2432 586 ibi
2492 540 2697 600 tamen,
2747 533 3049 589 secundum
3104 544 3315 590 creatas
3344 551 3433 591 res
3475 536 3751 608 quaedam

2123 627 2357 691 apparet
2386 620 2713 689 diversitas;
2746 622 2887 677 sicut
2914 638 3037 677 cum
3070 624 3226 678 semel
3251 624 3458 678 locutus
3486 628 3574 679 est
3615 627 3762 678 Deus

2125 712 2181 765 in
2206 711 2417 782 psalmo
2459 714 2620 783 (Psal.
2654 713 2784 783 mu),
2816 714 3090 785 Propheta
3112 714 3223 770 duo
3248 715 3514 788 intelligit
3547 716 3604 770 in
3636 730 3758 769 uno

2123 803 2311 859 verbo.
2352 804 2505 859 Unde
2533 805 2796 877 scriptum
2827 813 2910 861 est
2984 806 3138 873 Quod
3170 808 3378 873 factum
3397 811 3496 874 est,
3544 810 3604 861 in
3630 812 3758 878 ipso

2121 894 2238 947 vita
2263 896 2380 947 erat
2411 893 2590 963 (Joan.
2626 894 2686 964 ι).
2715 894 2935 950 Factum
2962 901 3048 950 est
3087 895 3157 950 de
3188 896 3385 963 nihilo,
3408 904 3530 952 erat
3560 903 3753 951 tamen

2125 984 2178 1037 in
2218 983 2418 1040 verbo:
2470 985 2684 1041 Factum
2741 992 2825 1042 est
2874 986 3154 1056 crealiter,
3207 998 3325 1043 erat
3379 988 3755 1043 aeternaliter.

2123 1072 2249 1126 Erat
2275 1072 2330 1127 in
2382 1089 2595 1129 summa
2631 1082 2769 1143 arte,
2804 1074 3003 1131 factum
3062 1083 3146 1133 est
3200 1077 3257 1131 in
3296 1092 3373 1133 re.
3426 1078 3663 1133 Vivebat
3697 1078 3753 1131 in

2121 1164 2336 1220 ratione
2366 1164 2592 1221 artiﬁcis
2623 1166 2947 1236 formaliter,
2984 1168 3186 1225 factum
3245 1176 3331 1225 est
3380 1170 3435 1225 in
3493 1170 3758 1225 realitate

2121 1257 2459 1314 subsistendi
2490 1261 2944 1318 substantialiter.
2969 1264 3043 1318 De
3076 1262 3248 1320 nihilo
3276 1264 3503 1336 prodiit,
3524 1265 3753 1320 utsub-

2119 1351 2449 1407 stantialiter
2472 1359 2618 1408 esset
2657 1354 2804 1425 quod
2836 1354 3035 1410 factum
3070 1363 3174 1411 est.
3207 1356 3264 1410 In
3289 1356 3460 1412 verbo
3496 1354 3750 1418 vivebat,

2118 1452 2178 1500 ut
2208 1445 2515 1504 formaliter
2553 1455 2700 1503 esset
2756 1454 3049 1522 antequam
3102 1449 3536 1507 substantialiter
3570 1459 3745 1507 esset.

2118 1538 2335 1595 Factum
2369 1548 2453 1597 est
2480 1542 2791 1613 multiplex,
2816 1543 3051 1598 Verbum
3083 1550 3165 1600 est
3184 1544 3439 1616 simplex.
3473 1546 3534 1600 ln
3560 1546 3743 1600 verbo

2116 1628 2346 1697 simplex
2369 1637 2505 1697 erat,
2538 1630 2687 1702 quod
2725 1630 3108 1702 multipliciter
3133 1631 3334 1688 factum
3377 1640 3479 1689 est.
3513 1633 3747 1688 Mirabi-

2116 1717 2243 1772 liter
2270 1718 2488 1775 videtur
2519 1720 2574 1774 in
2605 1735 2716 1776 uno
2750 1720 3053 1791 pluralitas,
3101 1721 3155 1776 in
3186 1723 3423 1793 simplici
3460 1723 3750 1793 multiplio

2117 1810 2283 1878 citas;
2318 1812 2534 1867 videtur
2564 1822 2617 1869 et
2643 1829 2754 1869 non
2784 1815 3292 1885 comprehenditur.
3327 1816 3511 1872 Potest
3537 1815 3747 1880 videri,

2117 1902 2309 1973 nequit
2336 1904 2622 1974 explicari,
2645 1906 2926 1977 quomodo
2948 1922 3121 1962 unum
3142 1908 3368 1962 verbum
3405 1906 3742 1978 inscriptum

2115 1992 2185 2046 sit
2223 1993 2483 2049 omnibus
2510 1994 2703 2051 formis
2741 1996 2988 2052 omnium
3019 2014 3222 2065 rerum,
3246 1997 3388 2053 sicut
3417 1998 3552 2053 alibi
3595 1998 3741 2053 scri-

2113 2090 2264 2154 ptum
2295 2092 2411 2140 est:
2445 2087 2699 2143 Calamus
2729 2089 2913 2143 scribae
2948 2089 3193 2143 velociter
3242 2088 3526 2143 scribentis
3563 2089 3727 2154 (Psal

2112 2175 2274 2245 xuv).
2322 2176 2482 2231 Pater
2536 2185 2618 2232 est
2666 2178 2848 2233 scriba
2880 2178 2972 2251 qui
3010 2178 3183 2235 verbo
3213 2194 3313 2235 suo
3344 2178 3606 2234 velociter
3649 2178 3746 2232 in-

2114 2266 2307 2321 scribit
2337 2269 2542 2324 omnia.
2572 2269 2849 2326 Velociter
2895 2270 3111 2337 scribit,
3159 2271 3288 2343 quia
3327 2271 3559 2327 alterum
3623 2286 3743 2326 non

2115 2364 2361 2410 moratur
2418 2373 2517 2428 pro
2571 2356 2764 2414 altero.
2826 2359 3102 2416 Velociter
3158 2360 3373 2428 scribit,
3419 2361 3549 2433 quia
3616 2362 3749 2416 sine

2117 2458 2273 2499 mora
2301 2445 2515 2513 scribit,
2569 2447 2775 2501 omnia.
2823 2447 2912 2502 Est
2944 2462 3075 2519 ergo
3134 2448 3301 2503 Filius
3352 2447 3472 2515 Dei,
3512 2448 3751 2503 verbum

2119 2534 2405 2606 scriptum.
2447 2536 2555 2591 Sed
2617 2546 2673 2592 et
2716 2554 2917 2609 corpus
2945 2545 3309 2611 assumptum,
3358 2547 3505 2595 recte
3537 2540 3748 2595 dicitur

2118 2626 2404 2697 scriptum.
2448 2628 2599 2684 Sicut
2647 2630 2794 2685 enim
2849 2646 2951 2687 vox
2996 2632 3314 2687 transitoria
3361 2632 3643 2698 scribitur,
3686 2642 3746 2687 ut

2120 2734 2243 2789 quae
2276 2735 2377 2790 per
2406 2736 2468 2775 se
2495 2720 2659 2795 fugit,
2711 2722 2918 2792 scripto
2950 2731 3297 2793 permaneat;
3331 2722 3413 2777 sic
3461 2723 3747 2793 corrupti-

2114 2812 2229 2869 bile
2268 2815 2482 2887 aliquid
2511 2816 2785 2883 scribitur,
2838 2833 2959 2872 cum
3016 2818 3073 2872 iu
3107 2818 3483 2888 incorruptum
3523 2818 3748 2885 transit,
3788 2842 3801 2855 ι

2113 2910 2172 2957 ιιι
2191 2903 2337 2975 quod
2363 2905 2719 2976 corruptione
2750 2906 3126 2961 transitorium
3155 2905 3518 2977 erat,scripto
3545 2905 3744 2961 incor-

402 3022 526 3061 mur
575 3003 812 3059 maxime
857 3010 1158 3073 occupatur
1213 3003 1357 3057 circa
1417 3000 1771 3070 sacriﬁcium,
1827 3010 1886 3058 ut
1928 3002 2022 3058 ﬁat
2050 3019 2100 3089 C
2121 2998 2397 3069 ruptionis
2431 3006 2773 3070 permaneat.
2808 3000 2898 3056 Sic
2930 3016 3064 3075 ergo
3093 3016 3293 3072 corpus
3321 3000 3518 3057 Christi
3548 3000 3739 3072 quod-

401 3096 732 3169 perfectum,
766 3102 820 3149 et
850 3096 906 3148 in
938 3094 1099 3149 aliam
1133 3100 1377 3149 mutetur
1406 3094 1764 3149 substantiam
1796 3094 2019 3152 immor-

402 3185 566 3240 talem
602 3194 654 3239 et
697 3184 1092 3254 incorruptam.
1143 3184 1317 3249 Quam
1353 3184 1674 3239 oblationem
1725 3193 1780 3241 et
1800 3192 2016 3253 caetera,

403 3291 617 3347 usque:
653 3275 1154 3346 Acceptabilemque
1176 3277 1356 3343 facere
1380 3276 1640 3344 digneris.
1663 3277 1722 3331 1n
1755 3277 2019 3333 omnibus

408 3366 758 3422 benedictam
790 3366 985 3439 gloria,
1020 3373 1079 3422 ut
1109 3367 1347 3441 gloriosa
1377 3366 1489 3433 ﬁat,
1531 3368 1877 3425 benedictam
1916 3370 2022 3424 im-

408 3458 761 3527 mortalitate,
802 3469 863 3514 ut
900 3460 995 3515 ﬁat
1033 3459 1393 3526 immortalis;
1448 3461 1793 3517 benedictam
1834 3462 2019 3518 incor-

404 3548 688 3619 ruptione,
718 3558 778 3605 ut
809 3549 1125 3621 incorrupta
1144 3548 1287 3620 jﬁat;
1332 3550 1675 3606 benedictam
1708 3550 2015 3615 divinitate,

405 3644 465 3692 ut
505 3638 650 3693 Deus
693 3636 805 3693 ﬁat.
846 3639 1060 3693 Transit
1087 3639 1155 3694 ad
1200 3647 1390 3711 partes
1446 3657 1477 3696 a
1523 3650 1657 3709 toto,
1699 3650 1759 3697 ut
1796 3641 2022 3697 univer-

404 3731 537 3785 salis
592 3731 999 3787 benedictionis
1048 3739 1231 3803 partes
1283 3734 1619 3805 imprecetur
1674 3736 1884 3805 hostiae,
1930 3737 2019 3792 cui

408 3823 722 3879 universam
757 3824 1205 3880 benedictionem
1237 3824 1416 3882 fuerat
1436 3826 1786 3898 imprecatus,
1810 3834 1871 3884 ut
1894 3845 2018 3885 cum

408 3913 562 3983 prius
585 3913 834 3982 posuerit
866 3914 920 3967 in
949 3915 1212 3970 omnibus
1236 3916 1585 3973 benedictam
1616 3919 2020 3990 particulariter

405 4000 724 4074 subjungat,
767 4003 1085 4072 ascriptam,
1121 4012 1176 4058 et
1204 4010 1398 4073 ratam,
1424 4014 1479 4060 et
1528 4006 1931 4075 rationabilem,
1964 4017 2020 4065 et

406 4090 826 4161 acceptabilem,
857 4108 978 4163 quae
1016 4100 1144 4147 sunt
1184 4102 1367 4164 partes
1421 4097 1754 4154 omnimodae
1788 4100 2017 4157 benedi-

404 4181 622 4237 ctionis.

476 4271 807 4340 Ascriptam.
862 4270 1076 4327 Scimus
1128 4272 1257 4344 quia
1310 4272 1365 4327 in
1408 4273 1670 4332 Trinitate
1701 4295 1822 4350 quae
1870 4280 2013 4337 Deus

2120 3090 2245 3145 dam
2278 3091 2542 3162 scriptum
2600 3097 2703 3160 est,
2737 3093 2884 3165 quod
2924 3093 2993 3149 de
3041 3092 3291 3164 passibili
3322 3108 3487 3148 carne
3524 3092 3741 3164 impas-

2119 3181 2285 3238 sibile
2317 3182 2515 3239 factum
2550 3191 2633 3239 est
2664 3184 2719 3239 in
2762 3185 3188 3253 resurrectione,
3247 3192 3302 3240 et
3331 3185 3400 3240 de
3442 3200 3588 3256 pane
3622 3192 3747 3240 ter-

2121 3292 2255 3333 reno
2284 3278 2530 3349 quotidie
2582 3278 2643 3335 ﬁt
2672 3279 2935 3347 caelestis,
2970 3296 3137 3352 super
3163 3280 3354 3336 altare.
3384 3279 3476 3335 Sic
3520 3295 3652 3353 ergo
3680 3281 3741 3335 in

2123 3365 2354 3431 Christo.
2379 3374 2433 3423 et
2469 3369 2695 3425 verbum
2728 3368 2933 3425 dicitur
2959 3369 3248 3440 scriptum,
3269 3377 3324 3425 et
3343 3384 3545 3440 corpus
3569 3369 3740 3424 etiam

2123 3455 2485 3512 nihilominus
2512 3457 2715 3513 dicitur
2742 3457 3032 3529 scriptum.
3063 3458 3205 3523 Quid
3236 3465 3417 3513 autem
3458 3464 3543 3513 est
3570 3459 3747 3513 ascri-

2122 3551 2300 3615 ptum,
2353 3545 2457 3601 nisi
2510 3547 2715 3617 scripto
2758 3546 3070 3618 appositum
3123 3545 3435 3618 scriptum?
3484 3554 3567 3601 est
3607 3563 3748 3620 ergo

2122 3652 2322 3709 corpus
2339 3637 2536 3694 Christi
2570 3653 2680 3695 non
2711 3637 2888 3694 solum
2921 3638 3208 3709 scriptum,
3241 3638 3338 3693 sed
3368 3637 3534 3693 etiam
3564 3638 3743 3693 ascri-

2122 3738 2298 3801 ptum,
2354 3730 2409 3785 id
2462 3738 2544 3786 est
2599 3732 2804 3802 scripto
2849 3730 3162 3803 appositum
3212 3730 3496 3801 scriptum,
3551 3731 3607 3785 id
3650 3738 3787 3833 θεηΝ

2121 3818 2288 3875 verbo
2313 3835 2512 3892 corpus
2541 3821 2881 3891 adjunctum.
2931 3820 3159 3885 Quando
3188 3820 3356 3894 igitur
3381 3835 3603 3875 oramus
3634 3820 3740 3875 ho-

2120 3912 2278 3967 stiam
2325 3911 2444 3968 ﬁeri
2485 3912 2797 3984 ascriptam,
2851 3911 2985 3984 quid
3034 3911 3183 3967 aliud
3214 3919 3469 3984 Optamus
3512 3910 3621 3965 nisi
3674 3918 3737 3964 ut

2118 4016 2241 4072 quae
2283 4000 2464 4057 adhuc
2503 4008 2587 4057 est
2625 4001 2783 4071 panis
2834 4000 3229 4072 corruptibilis,
3279 3999 3372 4055 ﬁat
3420 3998 3731 4054 substantia

2118 4093 2475 4166 incorrupta?
2498 4093 2553 4148 id
2587 4100 2671 4149 est
2700 4092 2769 4148 de
2801 4106 2934 4149 voce
2977 4089 3070 4147 ﬁat
3100 4092 3364 4163 scriptum
3407 4091 3639 4162 scripto,
3676 4091 3730 4145 id

2114 4192 2199 4242 est
2225 4188 2416 4256 verbo,
2471 4187 2808 4255 adjunctum.
2853 4186 2957 4242 Fac
2996 4200 3149 4259 ergo,
3190 4185 3441 4252 Domine,
3482 4192 3725 4239 nostram

2113 4274 2453 4333 oblationem
2492 4276 2805 4347 ascriptam,
2863 4274 2917 4328 id
2975 4280 3057 4330 est
3085 4274 3348 4345 scriptum
3394 4272 3599 4342 scripto
3630 4272 3729 4325 ad-

404 4368 507 4431 est,
541 4363 709 4418 Filius
735 4365 808 4417 sit
825 4365 1077 4434 splendor
1090 4371 1332 4436 paterna;
1356 4369 1563 4436 gloriae,
1604 4375 1654 4425 et
1680 4374 1861 4439 ﬁgura
1886 4375 2089 4464 διώ-Ι)
2108 4366 2382 4437 junctum,
2412 4372 2471 4421 ut
2491 4365 2795 4437 pretiosum
2837 4364 3033 4421 Christi
3062 4380 3263 4436 corpus
3290 4362 3404 4430 ﬁat,
3430 4362 3601 4418 verbo
3632 4362 3729 4417 Dei

406 4459 622 4512 stantia:
650 4457 785 4527 ejus.
822 4456 922 4521 Qui
960 4474 1092 4531 ergo
1139 4458 1315 4532 ﬁgura
1367 4468 1422 4516 et
1476 4461 1656 4535 imago
1696 4473 1779 4519 est
1820 4466 2008 4535 patris,

402 4551 615 4617 patrem
648 4546 982 4619 imaginatur
1011 4554 1067 4603 et
1089 4547 1363 4624 efﬁgurat,
1394 4551 1550 4623 quasi
1567 4553 1846 4624 sculptura
1870 4571 2021 4626 quae-

401 4634 527 4689 dam
562 4635 703 4703 ejus,
749 4635 835 4690 vel
887 4636 1159 4707 scriptura
1195 4638 1250 4692 in
1281 4655 1390 4710 qua
1428 4649 1582 4711 pater
1628 4641 1914 4712 splendet;
1957 4644 2011 4698 id

402 4731 489 4777 est
526 4722 671 4778 bene
728 4731 958 4795 apparet
994 4734 1053 4780 ut
1092 4734 1240 4783 recte
1276 4726 1425 4783 ﬁlius
1478 4728 1692 4785 dicatur
1750 4731 2014 4803 splendor

401 4810 540 4881 ejus.
568 4811 656 4865 Est
678 4827 810 4886 ergo
834 4819 990 4883 pater
1020 4813 1329 4886 insculptas
1353 4824 1520 4889 atque
1552 4819 1849 4891 inscriptus
1873 4819 2010 4888 tilio,

398 4900 557 4969 cujus
595 4898 770 4975 ﬁgura
816 4901 963 4957 ﬁlius
1003 4910 1091 4959 est
1119 4911 1174 4959 et
1236 4905 1439 4981 imago,
1500 4915 1559 4963 ut
1598 4906 1746 4964 ﬁlius
1776 4910 1848 4965 sit
1892 4912 2013 4980 ejus

397 4990 684 5061 scriptum,
717 5008 880 5064 quem
912 4992 1017 5047 sibi
1052 4994 1217 5050 habet
1262 4996 1607 5068 inscriptum.
1641 4999 1810 5055 Aliter
1860 4998 2008 5056 ﬁlius

397 5079 599 5136 dicitur
627 5081 913 5153 scriptum,
946 5082 1076 5154 quia
1110 5084 1274 5139 habet
1303 5085 1359 5139 in
1387 5101 1445 5141 se
1490 5086 1720 5142 formam
1753 5089 2006 5144 omnium

397 5187 599 5227 rerum.
632 5171 721 5227 Sic
746 5172 895 5226 enim
927 5173 1113 5228 omnia
1162 5182 1347 5230 creata
1371 5184 1520 5243 sunt,
1552 5184 1612 5232 ut
1650 5178 1824 5233 divini
1854 5178 2007 5234 verbi

399 5262 587 5319 tormae
619 5263 1010 5338 digesserunt;
1043 5282 1147 5322 nec
1172 5266 1334 5322 aliter
1375 5268 1426 5322 in
1455 5269 1751 5324 essentiam
1784 5271 2011 5342 prodie-

399 5360 544 5418 runt,
575 5368 739 5423 quam
798 5355 855 5408 in
903 5354 1073 5411 verbo
1136 5372 1350 5413 summo
1407 5357 1597 5414 forma
1644 5359 2007 5417 dictaverunt.

398 5438 517 5496 Non
531 5451 658 5499 sunt
689 5444 761 5499 ibi
792 5445 942 5501 aliud
976 5446 1185 5519 formae,
1218 5449 1369 5504 aliud
1400 5449 1578 5521 ipsum
1610 5451 1862 5517 verbum,
1912 5453 2008 5507 ubi

400 5531 538 5587 nihil
566 5542 649 5589 est
694 5536 842 5592 aliud
891 5546 946 5593 et
975 5540 1147 5607 aliud,
1205 5542 1300 5595 sed
1334 5542 1518 5597 omnia
1562 5553 1690 5597 sunt
1736 5544 2007 5614 idipsum:

400 5632 459 5703 ut
487 5631 741 5697 quamvis
791 5632 1082 5689 formarum
1142 5636 1431 5692 diversitas
1468 5636 1888 5709 intelligibiliter
1934 5639 2009 5693 ibi

379 5878 402 5929 Γ

2122 4462 2381 4525 adunata,
2409 4468 2460 4517 et
2480 4462 2537 4517 in
2560 4461 2770 4518 unitate
2795 4477 3047 4535 persona:
3067 4461 3384 4530 conjuncta.

2192 4552 2410 4607 Ratam.
2459 4551 2653 4608 Ratum
2693 4552 2949 4619 dicimus,
3007 4551 3157 4624 quod
3193 4558 3403 4607 certum
3451 4556 3506 4606 et
3558 4549 3729 4604 ﬁxum

2121 4638 2409 4695 habemus.
2443 4640 2559 4696 Fiat
2584 4656 2716 4714 ergo
2772 4648 2908 4710 rata,
2966 4641 3022 4697 id
3055 4648 3140 4697 est.
3183 4656 3295 4697 non
3324 4646 3607 4696 remaneat
3638 4640 3733 4693 in-

2113 4732 2329 4788 stabilis
2356 4740 2411 4790 et
2440 4732 2782 4789 mutabunda
2823 4734 3213 4805 corruptione;
3245 4731 3342 4788 sed
3392 4745 3735 4803 permanens

2114 4830 2167 4878 et
2205 4821 2313 4879 ﬁxa
2341 4823 2434 4879 ﬁat
2464 4824 2904 4897 incorruptione,
2937 4832 2992 4881 et
3022 4825 3146 4881 ideo
3166 4833 3335 4880 certa.

2185 4921 2597 4976 Rationabilem.
2652 4921 2888 4995 Sanguis
2950 4927 3229 4977 taurorum
3279 4924 3373 4974 aut
3428 4915 3733 4975 vitulorum

2110 5025 2222 5066 non
2260 5010 2463 5067 sufﬁcit
2520 5028 2828 5084 expurgare
2872 5028 2973 5067 nos
3037 5028 3069 5066 a
3117 5010 3358 5081 peccatis
3408 5009 3591 5078 (Hebr.
3648 5008 3731 5078 ι).

2107 5103 2286 5159 Minor
2314 5111 2397 5160 est
2420 5105 2569 5160 enim
2600 5106 2668 5160 ad
2716 5106 3017 5161 hominem.
3065 5105 3167 5160 Pro
3219 5102 3446 5159 homine
3476 5116 3608 5175 ergo
3639 5116 3735 5154 ra-

2112 5191 2326 5258 tionali,
2369 5192 2657 5248 rationalis
2687 5192 2866 5248 hostia
2891 5190 3095 5248 sufﬁcit
3124 5190 3262 5247 sola.
3296 5189 3413 5244 Fiat
3451 5204 3581 5263 ergo
3624 5204 3732 5243 no-

2110 5286 2223 5335 stra
2242 5279 2423 5335 hostia
2452 5280 2767 5336 rationalis:
2826 5279 3102 5351 siquidem
3134 5280 3303 5333 homo
3349 5285 3666 5347 assumptus
3695 5292 3730 5330 a

2110 5372 2300 5438 verbo,
2334 5388 2397 5428 ex
2442 5373 2625 5427 anima
2656 5372 2909 5429 rationali
2952 5378 3009 5428 et
3036 5372 3278 5427 humana
3323 5385 3490 5425 carne
3539 5366 3729 5423 subsi—

2110 5461 2224 5517 stit.
2271 5461 2386 5515 Fiat
2412 5461 2592 5517 hostia
2622 5467 2807 5517 nostra
2831 5461 3139 5529 rationalis,
3200 5468 3260 5515 ut
3299 5458 3581 5515 hominem
3634 5471 3729 5511 ve-

2111 5567 2229 5606 rum
2273 5566 2371 5621 pro
2408 5551 2729 5606 hominibus
2760 5550 3080 5619 offeramus,
3141 5557 3195 5606 et
3230 5550 3285 5604 iu
3338 5548 3517 5605 hostia
3557 5546 3728 5602 ratio-

2113 5639 2222 5694 nali
2264 5639 2405 5694 Deus
2436 5640 2767 5711 prepitietur
2810 5640 3156 5697 hominibus.
3206 5639 3319 5693 Fiat
3363 5635 3729 5703 rationabilis,
